  <div class='ocr_page' id='page_1' title='image "/cluster/home/n/w/nwhite01/storage/ocr_20150623/31/uva.x000826569/481.png"; bbox 0 0 4028 6332; ppageno 0'>
   <div class='ocr_carea' id='block_1_1' title="bbox 476 309 582 370">
    <p class='ocr_par' dir='ltr' id='par_1_1' title="bbox 476 309 582 370">
     <span class='ocr_line' id='line_1_1' title="bbox 476 309 582 370; baseline -0.057 0"><span class='ocrx_word' id='word_1_1' title='bbox 476 309 582 370; x_wconf 65' lang='grc'><strong>917</strong></span> 
     </span>
    </p>
   </div>
   <div class='ocr_carea' id='block_1_2' title="bbox 1874 289 2345 352">
    <p class='ocr_par' dir='ltr' id='par_1_2' title="bbox 1874 289 2345 352">
     <span class='ocr_line' id='line_1_2' title="bbox 1874 289 2345 352; baseline -0.015 0"><span class='ocrx_word' id='word_1_2' title='bbox 1874 293 2077 352; x_wconf 82' lang='lat' dir='ltr'><strong>PAULI</strong></span> <span class='ocrx_word' id='word_1_3' title='bbox 2115 289 2345 349; x_wconf 87' lang='lat' dir='ltr'><strong>OROSll</strong></span> 
     </span>
    </p>
   </div>
   <div class='ocr_carea' id='block_1_3' title="bbox 3581 280 3804 345">
    <p class='ocr_par' dir='ltr' id='par_1_3' title="bbox 3581 280 3804 345">
     <span class='ocr_line' id='line_1_3' title="bbox 3581 280 3804 345; baseline 0.009 -2"><span class='ocrx_word' id='word_1_4' title='bbox 3581 280 3585 283; x_wconf 69' lang='grc'><em>’</em></span> <span class='ocrx_word' id='word_1_5' title='bbox 3678 286 3804 345; x_wconf 66' lang='lat' dir='ltr'><strong>9L8</strong></span> 
     </span>
    </p>
   </div>
   <div class='ocr_carea' id='block_1_4' title="bbox 475 400 3795 499">
    <p class='ocr_par' dir='ltr' id='par_1_4' title="bbox 475 400 3795 499">
     <span class='ocr_line' id='line_1_4' title="bbox 475 400 3795 499; baseline -0.009 -15"><span class='ocrx_word' id='word_1_6' title='bbox 475 427 564 484; x_wconf 91' lang='lat' dir='ltr'><strong>nis</strong></span> <span class='ocrx_word' id='word_1_7' title='bbox 596 440 787 499; x_wconf 87' lang='lat' dir='ltr'><strong>parum</strong></span> <span class='ocrx_word' id='word_1_8' title='bbox 819 439 942 484; x_wconf 84' lang='lat' dir='ltr'><strong>esse</strong></span> <span class='ocrx_word' id='word_1_9' title='bbox 972 423 1324 495; x_wconf 92' lang='lat' dir='ltr'><strong>intelligeret,</strong></span> <span class='ocrx_word' id='word_1_10' title='bbox 1366 422 1530 477; x_wconf 87' lang='lat' dir='ltr'><strong>alium</strong></span> <span class='ocrx_word' id='word_1_11' title='bbox 1558 416 1854 489; x_wconf 78' lang='lat' dir='ltr'><strong>compactis</strong></span> <span class='ocrx_word' id='word_1_12' title='bbox 1885 415 2062 470; x_wconf 88' lang='lat' dir='ltr'><strong>lintri-</strong></span> <span class='ocrx_word' id='word_1_13' title='bbox 2088 418 2142 474; x_wconf 80' lang='grc' dir='ltr'>Α</span> <span class='ocrx_word' id='word_1_14' title='bbox 2167 408 2402 477; x_wconf 72' lang='lat' dir='ltr'><strong>Micipsa:</strong></span> <span class='ocrx_word' id='word_1_15' title='bbox 2446 403 2837 499; x_wconf 60' lang='lat' dir='ltr'><strong>Numidarum_</strong></span> <span class='ocrx_word' id='word_1_16' title='bbox 2850 403 3000 499; x_wconf 78' lang='lat' dir='ltr'><strong>regis</strong></span> <span class='ocrx_word' id='word_1_17' title='bbox 3053 401 3362 499; x_wconf 77' lang='lat' dir='ltr'><strong>adoptivus,</strong></span> <span class='ocrx_word' id='word_1_18' title='bbox 3423 402 3446 433; x_wconf 84' lang='grc'>⁸</span> <span class='ocrx_word' id='word_1_19' title='bbox 3488 400 3795 499; x_wconf 52' lang='lat' dir='ltr'><strong>hiemsque</strong></span> 
     </span>
    </p>
   </div>
   <div class='ocr_carea' id='block_1_5' title="bbox 478 507 2077 586">
    <p class='ocr_par' dir='ltr' id='par_1_5' title="bbox 478 507 2077 586">
     <span class='ocr_line' id='line_1_5' title="bbox 478 507 2077 586; baseline -0.01 -10"><span class='ocrx_word' id='word_1_20' title='bbox 478 519 582 576; x_wconf 89' lang='lat' dir='ltr'><strong>bus</strong></span> <span class='ocrx_word' id='word_1_21' title='bbox 626 518 948 586; x_wconf 84' lang='lat' dir='ltr'><strong>catenisque</strong></span> <span class='ocrx_word' id='word_1_22' title='bbox 992 529 1326 581; x_wconf 82' lang='lat' dir='ltr'><strong>connexum,</strong></span> <span class='ocrx_word' id='word_1_23' title='bbox 1366 514 1388 546; x_wconf 86' lang='grc'>⁸</span> <span class='ocrx_word' id='word_1_24' title='bbox 1415 510 1770 582; x_wconf 78' lang='lat' dir='ltr'><strong>superstratis</strong></span> <span class='ocrx_word' id='word_1_25' title='bbox 1819 507 2077 564; x_wconf 81' lang='lat' dir='ltr'><strong>conﬁxis-</strong></span> 
     </span>
    </p>
   </div>
   <div class='ocr_carea' id='block_1_6' title="bbox 478 599 2073 677">
    <p class='ocr_par' dir='ltr' id='par_1_6' title="bbox 478 599 2073 677">
     <span class='ocr_line' id='line_1_6' title="bbox 478 599 2073 677; baseline -0.007 -14"><span class='ocrx_word' id='word_1_26' title='bbox 478 626 584 677; x_wconf 89' lang='lat' dir='ltr'><strong>que</strong></span> <span class='ocrx_word' id='word_1_27' title='bbox 635 610 833 665; x_wconf 88' lang='lat' dir='ltr'><strong>tabulis</strong></span> <span class='ocrx_word' id='word_1_28' title='bbox 878 607 899 638; x_wconf 84' lang='grc'><strong>⁸</strong></span> <span class='ocrx_word' id='word_1_29' title='bbox 929 607 1204 662; x_wconf 78' lang='lat' dir='ltr'><strong>instruxit.</strong></span> <span class='ocrx_word' id='word_1_30' title='bbox 1248 607 1267 635; x_wconf 90' lang='grc'><strong>⁷</strong></span> <span class='ocrx_word' id='word_1_31' title='bbox 1307 605 1574 660; x_wconf 88' lang='lat' dir='ltr'><strong>Conserta</strong></span> <span class='ocrx_word' id='word_1_32' title='bbox 1628 616 1831 671; x_wconf 86' lang='lat' dir='ltr'><strong>pugna,</strong></span> <span class='ocrx_word' id='word_1_33' title='bbox 1878 609 1932 654; x_wconf 91' lang='lat' dir='ltr'><strong>et</strong></span> <span class='ocrx_word' id='word_1_34' title='bbox 1982 599 2073 652; x_wconf 87' lang='lat' dir='ltr'><strong>ditt</strong></span> 
     </span>
    </p>
   </div>
   <div class='ocr_carea' id='block_1_7' title="bbox 477 693 2072 772">
    <p class='ocr_par' dir='ltr' id='par_1_7' title="bbox 477 693 2072 772">
     <span class='ocr_line' id='line_1_7' title="bbox 477 693 2072 772; baseline -0.009 -16"><span class='ocrx_word' id='word_1_35' title='bbox 477 702 716 772; x_wconf 89' lang='lat' dir='ltr'><strong>graviter</strong></span> <span class='ocrx_word' id='word_1_36' title='bbox 745 701 969 770; x_wconf 87' lang='lat' dir='ltr'><strong>agitata,</strong></span> <span class='ocrx_word' id='word_1_37' title='bbox 1003 699 1135 753; x_wconf 83' lang='lat' dir='ltr'><strong>victi</strong></span> <span class='ocrx_word' id='word_1_38' title='bbox 1179 697 1343 762; x_wconf 89' lang='lat' dir='ltr'><strong>Galli,</strong></span> <span class='ocrx_word' id='word_1_39' title='bbox 1390 696 1756 762; x_wconf 86' lang='lat' dir='ltr'><strong>conversique</strong></span> <span class='ocrx_word' id='word_1_40' title='bbox 1783 693 1834 746; x_wconf 89' lang='lat' dir='ltr'><strong>in</strong></span> <span class='ocrx_word' id='word_1_41' title='bbox 1871 694 2072 760; x_wconf 90' lang='lat' dir='ltr'><strong>fugam,</strong></span> 
     </span>
    </p>
   </div>
   <div class='ocr_carea' id='block_1_8' title="bbox 478 782 2073 863">
    <p class='ocr_par' dir='ltr' id='par_1_8' title="bbox 478 782 2073 863">
     <span class='ocr_line' id='line_1_8' title="bbox 478 782 2073 863; baseline -0.008 -15"><span class='ocrx_word' id='word_1_42' title='bbox 478 792 607 848; x_wconf 89' lang='lat' dir='ltr'><strong>dum</strong></span> <span class='ocrx_word' id='word_1_43' title='bbox 638 793 872 863; x_wconf 84' lang='lat' dir='ltr'><strong>quisque</strong></span> <span class='ocrx_word' id='word_1_44' title='bbox 908 791 1014 848; x_wconf 83' lang='lat' dir='ltr'><strong>sibi</strong></span> <span class='ocrx_word' id='word_1_45' title='bbox 1046 792 1222 855; x_wconf 90' lang='lat' dir='ltr'><strong>timet,</strong></span> <span class='ocrx_word' id='word_1_46' title='bbox 1268 788 1612 844; x_wconf 78' lang='lat' dir='ltr'><strong>coacervatis</strong></span> <span class='ocrx_word' id='word_1_47' title='bbox 1645 782 1952 841; x_wconf 89' lang='lat' dir='ltr'><strong>inconsulte</strong></span> <span class='ocrx_word' id='word_1_48' title='bbox 1975 796 2073 851; x_wconf 88' lang='lat' dir='ltr'><strong>ag-</strong></span> 
     </span>
    </p>
   </div>
   <div class='ocr_carea' id='block_1_9' title="bbox 477 876 2076 954">
    <p class='ocr_par' dir='ltr' id='par_1_9' title="bbox 477 876 2076 954">
     <span class='ocr_line' id='line_1_9' title="bbox 477 876 2076 954; baseline -0.006 -15"><span class='ocrx_word' id='word_1_49' title='bbox 477 883 740 950; x_wconf 89' lang='lat' dir='ltr'><strong>minibus,</strong></span> <span class='ocrx_word' id='word_1_50' title='bbox 759 881 780 912; x_wconf 86' lang='grc'>⁸</span> <span class='ocrx_word' id='word_1_51' title='bbox 801 891 858 938; x_wconf 89' lang='lat' dir='ltr'><strong>et</strong></span> <span class='ocrx_word' id='word_1_52' title='bbox 888 896 1241 954; x_wconf 73' lang='lat' dir='ltr'><strong>prrcpropero</strong></span> <span class='ocrx_word' id='word_1_53' title='bbox 1270 880 1499 936; x_wconf 81' lang='lat' dir='ltr'><strong>transitu</strong></span> <span class='ocrx_word' id='word_1_54' title='bbox 1534 878 1713 948; x_wconf 79' lang='lat' dir='ltr'><strong>pontis</strong></span> <span class='ocrx_word' id='word_1_55' title='bbox 1744 876 1957 931; x_wconf 89' lang='lat' dir='ltr'><strong>vincula</strong></span> <span class='ocrx_word' id='word_1_56' title='bbox 1987 889 2076 929; x_wconf 89' lang='lat' dir='ltr'><strong>ru-</strong></span> 
     </span>
    </p>
   </div>
   <div class='ocr_carea' id='block_1_10' title="bbox 481 965 2076 1046">
    <p class='ocr_par' dir='ltr' id='par_1_10' title="bbox 481 965 2076 1046">
     <span class='ocr_line' id='line_1_10' title="bbox 481 965 2076 1046; baseline -0.008 -14"><span class='ocrx_word' id='word_1_57' title='bbox 481 983 703 1046; x_wconf 84' lang='lat' dir='ltr'><strong>perunt,</strong></span> <span class='ocrx_word' id='word_1_58' title='bbox 732 989 797 1030; x_wconf 87' lang='lat' dir='ltr'><strong>ac</strong></span> <span class='ocrx_word' id='word_1_59' title='bbox 827 989 952 1029; x_wconf 89' lang='lat' dir='ltr'><strong>mox</strong></span> <span class='ocrx_word' id='word_1_60' title='bbox 976 988 1098 1029; x_wconf 88' lang='lat' dir='ltr'><strong>cum</strong></span> <span class='ocrx_word' id='word_1_61' title='bbox 1129 973 1264 1043; x_wconf 90' lang='lat' dir='ltr'><strong>ipsis</strong></span> <span class='ocrx_word' id='word_1_62' title='bbox 1288 971 1542 1027; x_wconf 84' lang='lat' dir='ltr'><strong>lintribus</strong></span> <span class='ocrx_word' id='word_1_63' title='bbox 1564 967 1731 1026; x_wconf 88' lang='lat' dir='ltr'><strong>mersi</strong></span> <span class='ocrx_word' id='word_1_64' title='bbox 1757 977 1904 1023; x_wconf 90' lang='lat' dir='ltr'><strong>sunt.</strong></span> <span class='ocrx_word' id='word_1_65' title='bbox 1935 965 2076 1022; x_wconf 84' lang='lat' dir='ltr'><strong>Cen-</strong></span> 
     </span>
    </p>
   </div>
   <div class='ocr_carea' id='block_1_11' title="bbox 481 1056 2074 1134">
    <p class='ocr_par' dir='ltr' id='par_1_11' title="bbox 481 1056 2074 1134">
     <span class='ocr_line' id='line_1_11' title="bbox 481 1056 2074 1134; baseline -0.006 -13"><span class='ocrx_word' id='word_1_66' title='bbox 481 1075 595 1122; x_wconf 91' lang='lat' dir='ltr'><strong>tum</strong></span> <span class='ocrx_word' id='word_1_67' title='bbox 623 1065 903 1134; x_wconf 77' lang='lat' dir='ltr'><strong>octoginta</strong></span> <span class='ocrx_word' id='word_1_68' title='bbox 932 1064 1104 1120; x_wconf 89' lang='lat' dir='ltr'><strong>millia</strong></span> <span class='ocrx_word' id='word_1_69' title='bbox 1141 1072 1476 1118; x_wconf 86' lang='lat' dir='ltr'><strong>armatorum</strong></span> <span class='ocrx_word' id='word_1_70' title='bbox 1518 1062 1570 1116; x_wconf 93' lang='lat' dir='ltr'><strong>in</strong></span> <span class='ocrx_word' id='word_1_71' title='bbox 1602 1059 1848 1116; x_wconf 79' lang='lat' dir='ltr'><strong>exercitu</strong></span> <span class='ocrx_word' id='word_1_72' title='bbox 1891 1056 2074 1112; x_wconf 85' lang='lat' dir='ltr'><strong>Bituiti</strong></span> 
     </span>
    </p>
   </div>
   <div class='ocr_carea' id='block_1_12' title="bbox 473 1148 2075 1226">
    <p class='ocr_par' dir='ltr' id='par_1_12' title="bbox 473 1148 2075 1226">
     <span class='ocr_line' id='line_1_12' title="bbox 473 1148 2075 1226; baseline -0.006 -14"><span class='ocrx_word' id='word_1_73' title='bbox 473 1157 654 1212; x_wconf 80' lang='lat' dir='ltr'><strong>fuisse</strong></span> <span class='ocrx_word' id='word_1_74' title='bbox 691 1157 1002 1222; x_wconf 88' lang='lat' dir='ltr'><strong>traduntur,</strong></span> <span class='ocrx_word' id='word_1_75' title='bbox 1041 1169 1111 1211; x_wconf 89' lang='lat' dir='ltr'><strong>ex</strong></span> <span class='ocrx_word' id='word_1_76' title='bbox 1149 1153 1387 1226; x_wconf 82' lang='lat' dir='ltr'><strong>quibus&#39;</strong></span> <span class='ocrx_word' id='word_1_77' title='bbox 1411 1163 1638 1208; x_wconf 84' lang='lat' dir='ltr'><strong>centum</strong></span> <span class='ocrx_word' id='word_1_78' title='bbox 1684 1148 2075 1222; x_wconf 86' lang='lat' dir='ltr'><strong>quinquaginta</strong></span> 
     </span>
    </p>
   </div>
   <div class='ocr_carea' id='block_1_13' title="bbox 478 1244 2073 1313">
    <p class='ocr_par' dir='ltr' id='par_1_13' title="bbox 478 1244 2073 1313">
     <span class='ocr_line' id='line_1_13' title="bbox 478 1244 2073 1313; baseline -0.005 -8"><span class='ocrx_word' id='word_1_79' title='bbox 478 1249 655 1305; x_wconf 89' lang='lat' dir='ltr'><strong>millia</strong></span> <span class='ocrx_word' id='word_1_80' title='bbox 689 1249 777 1304; x_wconf 88' lang='lat' dir='ltr'><strong>vel</strong></span> <span class='ocrx_word' id='word_1_81' title='bbox 807 1263 950 1304; x_wconf 72' lang='lat' dir='ltr'><strong>caesa</strong></span> <span class='ocrx_word' id='word_1_82' title='bbox 982 1247 1068 1302; x_wconf 91' lang='lat' dir='ltr'><strong>vel</strong></span> <span class='ocrx_word' id='word_1_83' title='bbox 1101 1261 1278 1302; x_wconf 89' lang='lat' dir='ltr'><strong>mersa</strong></span> <span class='ocrx_word' id='word_1_84' title='bbox 1313 1254 1458 1302; x_wconf 79' lang='lat' dir='ltr'><strong>sunt.</strong></span> <span class='ocrx_word' id='word_1_85' title='bbox 1494 1245 1537 1276; x_wconf 81' lang='grc'><strong>¹⁰</strong></span> <span class='ocrx_word' id='word_1_86' title='bbox 1566 1245 1632 1313; x_wconf 84' lang='lat' dir='ltr'><strong>Q.</strong></span> <span class='ocrx_word' id='word_1_87' title='bbox 1663 1244 1897 1300; x_wconf 78' lang='lat' dir='ltr'><strong>Marcius</strong></span> <span class='ocrx_word' id='word_1_88' title='bbox 1938 1258 2073 1298; x_wconf 67' lang='lat' dir='ltr'><strong>cono&#39;</strong></span> 
     </span>
    </p>
   </div>
   <div class='ocr_carea' id='block_1_14' title="bbox 481 1339 2071 1412">
    <p class='ocr_par' dir='ltr' id='par_1_14' title="bbox 481 1339 2071 1412">
     <span class='ocr_line' id='line_1_14' title="bbox 481 1339 2071 1412; baseline -0.003 -15"><span class='ocrx_word' id='word_1_89' title='bbox 481 1342 568 1397; x_wconf 92' lang='lat' dir='ltr'><strong>sul</strong></span> <span class='ocrx_word' id='word_1_90' title='bbox 600 1342 882 1397; x_wconf 86' lang='lat' dir='ltr'><strong>Gallorum</strong></span> <span class='ocrx_word' id='word_1_91' title='bbox 923 1349 1144 1412; x_wconf 88' lang='lat' dir='ltr'><strong>gentem</strong></span> <span class='ocrx_word' id='word_1_92' title='bbox 1178 1341 1218 1372; x_wconf 85' lang='lat'>“</span> <span class='ocrx_word' id='word_1_93' title='bbox 1249 1341 1352 1395; x_wconf 85' lang='lat' dir='ltr'><strong>sub</strong></span> <span class='ocrx_word' id='word_1_94' title='bbox 1401 1339 1585 1394; x_wconf 89' lang='lat' dir='ltr'><strong>radice</strong></span> <span class='ocrx_word' id='word_1_95' title='bbox 1617 1339 1836 1408; x_wconf 85' lang='lat' dir='ltr'><strong>Alpium</strong></span> <span class='ocrx_word' id='word_1_96' title='bbox 1882 1339 2071 1404; x_wconf 85' lang='lat' dir='ltr'><strong>sitam,</strong></span> 
     </span>
    </p>
   </div>
   <div class='ocr_carea' id='block_1_15' title="bbox 485 1429 2074 1503">
    <p class='ocr_par' dir='ltr' id='par_1_15' title="bbox 485 1429 2074 1503">
     <span class='ocr_line' id='line_1_15' title="bbox 485 1429 2074 1503; baseline -0.001 -17"><span class='ocrx_word' id='word_1_97' title='bbox 485 1432 630 1488; x_wconf 90' lang='lat' dir='ltr'><strong>bello</strong></span> <span class='ocrx_word' id='word_1_98' title='bbox 676 1447 969 1503; x_wconf 70' lang='lat' dir='ltr'><strong>aggressus</strong></span> <span class='ocrx_word' id='word_1_99' title='bbox 1014 1440 1101 1486; x_wconf 74' lang='lat' dir='ltr'><strong>est</strong></span> <span class='ocrx_word' id='word_1_100' title='bbox 1135 1449 1146 1485; x_wconf 91' lang='lat'>:</span> <span class='ocrx_word' id='word_1_101' title='bbox 1178 1432 1268 1501; x_wconf 89' lang='lat' dir='ltr'><strong>qui</strong></span> <span class='ocrx_word' id='word_1_102' title='bbox 1318 1447 1442 1486; x_wconf 92' lang='lat' dir='ltr'><strong>cum</strong></span> <span class='ocrx_word' id='word_1_103' title='bbox 1494 1445 1554 1486; x_wconf 87' lang='lat' dir='ltr'><strong>se</strong></span> <span class='ocrx_word' id='word_1_104' title='bbox 1600 1429 1856 1484; x_wconf 82' lang='lat' dir='ltr'><strong>Romanis</strong></span> <span class='ocrx_word' id='word_1_105' title='bbox 1899 1429 2074 1499; x_wconf 85' lang='lat' dir='ltr'><strong>copiis</strong></span> 
     </span>
    </p>
   </div>
   <div class='ocr_carea' id='block_1_16' title="bbox 489 1521 2073 1594">
    <p class='ocr_par' dir='ltr' id='par_1_16' title="bbox 489 1521 2073 1594">
     <span class='ocr_line' id='line_1_16' title="bbox 489 1521 2073 1594; baseline -0.003 -14"><span class='ocrx_word' id='word_1_106' title='bbox 489 1526 882 1594; x_wconf 83' lang='lat' dir='ltr'><strong>circumseptus</strong></span> <span class='ocrx_word' id='word_1_107' title='bbox 911 1523 1178 1588; x_wconf 74' lang='lat' dir='ltr'><strong>viderent,</strong></span> <span class='ocrx_word' id='word_1_108' title='bbox 1211 1523 1466 1592; x_wconf 89' lang='lat' dir='ltr'><strong>belloque</strong></span> <span class='ocrx_word' id='word_1_109' title='bbox 1507 1521 1742 1591; x_wconf 88' lang='lat' dir='ltr'><strong>impares</strong></span> <span class='ocrx_word' id='word_1_110' title='bbox 1772 1521 1887 1576; x_wconf 91' lang='lat' dir='ltr'><strong>fore</strong></span> <span class='ocrx_word' id='word_1_111' title='bbox 1908 1521 2073 1579; x_wconf 86' lang='lat' dir='ltr'><strong>intel-</strong></span> 
     </span>
    </p>
   </div>
   <div class='ocr_carea' id='block_1_17' title="bbox 483 1609 2074 1684">
    <p class='ocr_par' dir='ltr' id='par_1_17' title="bbox 483 1609 2074 1684">
     <span class='ocr_line' id='line_1_17' title="bbox 483 1609 2074 1684; baseline -0.001 -15"><span class='ocrx_word' id='word_1_112' title='bbox 483 1615 738 1684; x_wconf 86' lang='lat' dir='ltr'><strong>ligerent,</strong></span> <span class='ocrx_word' id='word_1_113' title='bbox 781 1613 984 1669; x_wconf 89' lang='lat' dir='ltr'><strong>occisis</strong></span> <span class='ocrx_word' id='word_1_114' title='bbox 1021 1612 1345 1682; x_wconf 86' lang='lat' dir='ltr'><strong>conjugibus</strong></span> <span class='ocrx_word' id='word_1_115' title='bbox 1389 1627 1454 1668; x_wconf 92' lang='lat' dir='ltr'><strong>ac</strong></span> <span class='ocrx_word' id='word_1_116' title='bbox 1483 1611 1694 1674; x_wconf 91' lang='lat' dir='ltr'><strong>liberis,</strong></span> <span class='ocrx_word' id='word_1_117' title='bbox 1744 1610 1798 1665; x_wconf 90' lang='lat' dir='ltr'><strong>in</strong></span> <span class='ocrx_word' id='word_1_118' title='bbox 1828 1609 2074 1667; x_wconf 84' lang='lat' dir='ltr'><strong>ﬂammas</strong></span> 
     </span>
    </p>
   </div>
   <div class='ocr_carea' id='block_1_18' title="bbox 483 1703 2076 1776">
    <p class='ocr_par' dir='ltr' id='par_1_18' title="bbox 483 1703 2076 1776">
     <span class='ocr_line' id='line_1_18' title="bbox 483 1703 2076 1776; baseline -0.003 -15"><span class='ocrx_word' id='word_1_119' title='bbox 483 1720 608 1762; x_wconf 84' lang='lat' dir='ltr'><strong>sese</strong></span> <span class='ocrx_word' id='word_1_120' title='bbox 638 1705 1010 1776; x_wconf 83' lang='lat' dir='ltr'><strong>proiecerunt.</strong></span> <span class='ocrx_word' id='word_1_121' title='bbox 1043 1705 1148 1772; x_wconf 84' lang='lat' dir='ltr'><strong>Qui</strong></span> <span class='ocrx_word' id='word_1_122' title='bbox 1175 1718 1304 1760; x_wconf 89' lang='lat' dir='ltr'><strong>vero</strong></span> <span class='ocrx_word' id='word_1_123' title='bbox 1335 1703 1847 1775; x_wconf 69' lang='lat' dir='ltr'><strong>przeoccupanlibus</strong></span> <span class='ocrx_word' id='word_1_124' title='bbox 1873 1703 2076 1757; x_wconf 83' lang='lat' dir='ltr'><strong>Roma-</strong></span> 
     </span>
    </p>
   </div>
   <div class='ocr_carea' id='block_1_19' title="bbox 2178 493 3794 567">
    <p class='ocr_par' dir='ltr' id='par_1_19' title="bbox 2178 493 3794 567">
     <span class='ocr_line' id='line_1_19' title="bbox 2178 493 3794 567; baseline -0.004 -11"><span class='ocrx_word' id='word_1_125' title='bbox 2178 504 2320 556; x_wconf 90' lang='lat' dir='ltr'><strong>inter</strong></span> <span class='ocrx_word' id='word_1_126' title='bbox 2349 499 2626 554; x_wconf 90' lang='lat' dir='ltr'><strong>naturales</strong></span> <span class='ocrx_word' id='word_1_127' title='bbox 2648 497 2764 567; x_wconf 86' lang='lat' dir='ltr'><strong>ejus</strong></span> <span class='ocrx_word' id='word_1_128' title='bbox 2789 496 2928 560; x_wconf 79' lang='lat' dir='ltr'><strong>ﬁlios</strong></span> <span class='ocrx_word' id='word_1_129' title='bbox 2959 495 3163 562; x_wconf 88' lang='lat' dir='ltr'><strong>factus,</strong></span> <span class='ocrx_word' id='word_1_130' title='bbox 3197 497 3431 566; x_wconf 91' lang='lat' dir='ltr'><strong>primum</strong></span> <span class='ocrx_word' id='word_1_131' title='bbox 3461 493 3794 550; x_wconf 73' lang='lat' dir='ltr'><strong>cohmredes</strong></span> 
     </span>
    </p>
   </div>
   <div class='ocr_carea' id='block_1_20' title="bbox 2176 589 3796 661">
    <p class='ocr_par' dir='ltr' id='par_1_20' title="bbox 2176 589 3796 661">
     <span class='ocr_line' id='line_1_20' title="bbox 2176 589 3796 661; baseline -0.006 -12"><span class='ocrx_word' id='word_1_132' title='bbox 2176 609 2337 661; x_wconf 91' lang='lat' dir='ltr'><strong>suos,</strong></span> <span class='ocrx_word' id='word_1_133' title='bbox 2384 594 2436 648; x_wconf 90' lang='lat' dir='ltr'><strong>id</strong></span> <span class='ocrx_word' id='word_1_134' title='bbox 2484 602 2599 658; x_wconf 87' lang='lat' dir='ltr'><strong>est,</strong></span> <span class='ocrx_word' id='word_1_135' title='bbox 2637 591 3005 660; x_wconf 79' lang='lat' dir='ltr'><strong>Hiempsalem</strong></span> <span class='ocrx_word' id='word_1_136' title='bbox 3053 590 3287 653; x_wconf 88' lang='lat' dir='ltr'><strong>occidit,</strong></span> <span class='ocrx_word' id='word_1_137' title='bbox 3326 589 3346 620; x_wconf 67' lang='grc'>⁸</span> <span class='ocrx_word' id='word_1_138' title='bbox 3389 589 3796 654; x_wconf 77' lang='lat' dir='ltr'><strong>Adherbalem,</strong></span> 
     </span>
    </p>
   </div>
   <div class='ocr_carea' id='block_1_21' title="bbox 2176 682 3796 752">
    <p class='ocr_par' dir='ltr' id='par_1_21' title="bbox 2176 682 3796 752">
     <span class='ocr_line' id='line_1_21' title="bbox 2176 682 3796 752; baseline -0.002 -11"><span class='ocrx_word' id='word_1_139' title='bbox 2176 686 2322 741; x_wconf 88' lang='lat' dir='ltr'><strong>bello</strong></span> <span class='ocrx_word' id='word_1_140' title='bbox 2367 687 2610 748; x_wconf 89' lang='lat' dir='ltr'><strong>victum,</strong></span> <span class='ocrx_word' id='word_1_141' title='bbox 2661 682 2845 738; x_wconf 85' lang='lat' dir='ltr'><strong>Africa</strong></span> <span class='ocrx_word' id='word_1_142' title='bbox 2895 684 3124 752; x_wconf 87' lang='lat' dir='ltr'><strong>expulit.</strong></span> <span class='ocrx_word' id='word_1_143' title='bbox 3176 683 3526 752; x_wconf 74' lang='lat' dir='ltr'><strong>Calpurnium</strong></span> <span class='ocrx_word' id='word_1_144' title='bbox 3586 682 3796 738; x_wconf 86' lang='lat' dir='ltr'><strong>deinde</strong></span> 
     </span>
    </p>
   </div>
   <div class='ocr_carea' id='block_1_22' title="bbox 2175 777 3789 846">
    <p class='ocr_par' dir='ltr' id='par_1_22' title="bbox 2175 777 3789 846">
     <span class='ocr_line' id='line_1_22' title="bbox 2175 777 3789 846; baseline -0.002 -12"><span class='ocrx_word' id='word_1_145' title='bbox 2175 781 2458 835; x_wconf 90' lang='lat' dir='ltr'><strong>consulem</strong></span> <span class='ocrx_word' id='word_1_146' title='bbox 2489 777 2780 832; x_wconf 90' lang='lat' dir='ltr'><strong>adversum</strong></span> <span class='ocrx_word' id='word_1_147' title='bbox 2826 792 2888 832; x_wconf 87' lang='lat' dir='ltr'><strong>se</strong></span> <span class='ocrx_word' id='word_1_148' title='bbox 2928 778 3178 840; x_wconf 88' lang='lat' dir='ltr'><strong>missum,</strong></span> <span class='ocrx_word' id='word_1_149' title='bbox 3225 777 3453 846; x_wconf 87' lang='lat' dir='ltr'><strong>pecunia</strong></span> <span class='ocrx_word' id='word_1_150' title='bbox 3493 777 3748 845; x_wconf 78' lang='lat' dir='ltr'><strong>eorrupit</strong></span> <span class='ocrx_word' id='word_1_151' title='bbox 3772 821 3789 845; x_wconf 91' lang='lat'><strong>,</strong></span> 
     </span>
    </p>
   </div>
   <div class='ocr_carea' id='block_1_23' title="bbox 2177 868 3788 942">
    <p class='ocr_par' dir='ltr' id='par_1_23' title="bbox 2177 868 3788 942">
     <span class='ocr_line' id='line_1_23' title="bbox 2177 868 3788 942; baseline -0.001 -17"><span class='ocrx_word' id='word_1_152' title='bbox 2177 880 2338 942; x_wconf 88' lang='lat' dir='ltr'><strong>atque</strong></span> <span class='ocrx_word' id='word_1_153' title='bbox 2359 871 2425 925; x_wconf 93' lang='lat' dir='ltr'><strong>ad</strong></span> <span class='ocrx_word' id='word_1_154' title='bbox 2452 871 2796 939; x_wconf 88' lang='lat' dir='ltr'><strong>turpissimas</strong></span> <span class='ocrx_word' id='word_1_155' title='bbox 2818 870 3161 924; x_wconf 88' lang='lat' dir='ltr'><strong>conditiones</strong></span> <span class='ocrx_word' id='word_1_156' title='bbox 3185 869 3333 939; x_wconf 85' lang='lat' dir='ltr'><strong>pacis</strong></span> <span class='ocrx_word' id='word_1_157' title='bbox 3356 868 3603 924; x_wconf 86' lang='lat' dir='ltr'><strong>adduxit.</strong></span> <span class='ocrx_word' id='word_1_158' title='bbox 3631 869 3788 924; x_wconf 63' lang='lat' dir='ltr'><strong>Prin-</strong></span> 
     </span>
    </p>
   </div>
   <div class='ocr_carea' id='block_1_24' title="bbox 2179 963 3782 1033">
    <p class='ocr_par' dir='ltr' id='par_1_24' title="bbox 2179 963 3782 1033">
     <span class='ocr_line' id='line_1_24' title="bbox 2179 963 3782 1033; baseline 0 -15"><span class='ocrx_word' id='word_1_159' title='bbox 2179 973 2325 1020; x_wconf 89' lang='lat' dir='ltr'><strong>terea</strong></span> <span class='ocrx_word' id='word_1_160' title='bbox 2355 979 2476 1019; x_wconf 88' lang='lat' dir='ltr'><strong>eum</strong></span> <span class='ocrx_word' id='word_1_161' title='bbox 2509 963 2735 1018; x_wconf 85' lang='lat' dir='ltr'><strong>Romam</strong></span> <span class='ocrx_word' id='word_1_162' title='bbox 2766 964 2880 1033; x_wconf 89' lang='lat' dir='ltr'><strong>ipse</strong></span> <span class='ocrx_word' id='word_1_163' title='bbox 2918 965 2938 994; x_wconf 76' lang='grc'>⁸</span> <span class='ocrx_word' id='word_1_164' title='bbox 2970 964 3229 1030; x_wconf 81' lang='lat' dir='ltr'><strong>venisset,</strong></span> <span class='ocrx_word' id='word_1_165' title='bbox 3259 963 3514 1018; x_wconf 85' lang='lat' dir='ltr'><strong>omnibus</strong></span> <span class='ocrx_word' id='word_1_166' title='bbox 3542 964 3782 1032; x_wconf 82' lang='lat' dir='ltr'><strong>pecunia</strong></span> 
     </span>
    </p>
   </div>
   <div class='ocr_carea' id='block_1_25' title="bbox 2175 1055 3796 1126">
    <p class='ocr_par' dir='ltr' id='par_1_25' title="bbox 2175 1055 3796 1126">
     <span class='ocr_line' id='line_1_25' title="bbox 2175 1055 3796 1126; baseline -0.001 -15"><span class='ocrx_word' id='word_1_167' title='bbox 2175 1067 2269 1111; x_wconf 88' lang='lat' dir='ltr'><strong>aut</strong></span> <span class='ocrx_word' id='word_1_168' title='bbox 2314 1058 2615 1126; x_wconf 90' lang='lat' dir='ltr'><strong>corruptis,</strong></span> <span class='ocrx_word' id='word_1_169' title='bbox 2649 1065 2743 1111; x_wconf 91' lang='lat' dir='ltr'><strong>aut</strong></span> <span class='ocrx_word' id='word_1_170' title='bbox 2785 1056 3087 1124; x_wconf 82' lang='lat' dir='ltr'><strong>attentatis,</strong></span> <span class='ocrx_word' id='word_1_171' title='bbox 3133 1055 3433 1111; x_wconf 88' lang='lat' dir='ltr'><strong>seditiones</strong></span> <span class='ocrx_word' id='word_1_172' title='bbox 3476 1055 3796 1110; x_wconf 88' lang='lat' dir='ltr'><strong>dissensio-</strong></span> 
     </span>
    </p>
   </div>
   <div class='ocr_carea' id='block_1_26' title="bbox 2178 1147 3788 1220">
    <p class='ocr_par' dir='ltr' id='par_1_26' title="bbox 2178 1147 3788 1220">
     <span class='ocr_line' id='line_1_26' title="bbox 2178 1147 3788 1220; baseline -0.001 -16"><span class='ocrx_word' id='word_1_173' title='bbox 2178 1164 2383 1220; x_wconf 89' lang='lat' dir='ltr'><strong>nesque</strong></span> <span class='ocrx_word' id='word_1_174' title='bbox 2408 1148 2763 1219; x_wconf 85' lang='lat' dir='ltr'><strong>permiscuit:</strong></span> <span class='ocrx_word' id='word_1_175' title='bbox 2789 1149 2810 1180; x_wconf 78' lang='lat'><strong>&#39;</strong></span> <span class='ocrx_word' id='word_1_176' title='bbox 2837 1163 2996 1219; x_wconf 83' lang='lat' dir='ltr'><strong>quam</strong></span> <span class='ocrx_word' id='word_1_177' title='bbox 3020 1163 3143 1204; x_wconf 91' lang='lat' dir='ltr'><strong>cum</strong></span> <span class='ocrx_word' id='word_1_178' title='bbox 3175 1147 3554 1218; x_wconf 81' lang='lat' dir='ltr'><strong>egrederetur,</strong></span> <span class='ocrx_word' id='word_1_179' title='bbox 3589 1147 3788 1203; x_wconf 82' lang='lat' dir='ltr'><strong>infami</strong></span> 
     </span>
    </p>
   </div>
   <div class='ocr_carea' id='block_1_27' title="bbox 2178 1240 3796 1312">
    <p class='ocr_par' dir='ltr' id='par_1_27' title="bbox 2178 1240 3796 1312">
     <span class='ocr_line' id='line_1_27' title="bbox 2178 1240 3796 1312; baseline -0.002 -14"><span class='ocrx_word' id='word_1_180' title='bbox 2178 1243 2312 1298; x_wconf 84' lang='lat' dir='ltr'><strong>satis</strong></span> <span class='ocrx_word' id='word_1_181' title='bbox 2361 1243 2567 1297; x_wconf 91' lang='lat' dir='ltr'><strong>notavit</strong></span> <span class='ocrx_word' id='word_1_182' title='bbox 2609 1242 2826 1312; x_wconf 86' lang='lat' dir='ltr'><strong>elogio,</strong></span> <span class='ocrx_word' id='word_1_183' title='bbox 2880 1241 3106 1297; x_wconf 89' lang='lat' dir='ltr'><strong>dicens:</strong></span> <span class='ocrx_word' id='word_1_184' title='bbox 3138 1242 3183 1294; x_wconf 86' lang='lat'><em>0</em></span> <span class='ocrx_word' id='word_1_185' title='bbox 3231 1242 3410 1296; x_wconf 87' lang='lat' dir='ltr'><strong>urbem</strong></span> <span class='ocrx_word' id='word_1_186' title='bbox 3455 1240 3691 1296; x_wconf 64' lang='lat' dir='ltr'><strong>venalem</strong></span> <span class='ocrx_word' id='word_1_187' title='bbox 3737 1251 3796 1296; x_wconf 85' lang='lat' dir='ltr'><strong>et</strong></span> 
     </span>
    </p>
   </div>
   <div class='ocr_carea' id='block_1_28' title="bbox 2179 1332 3793 1406">
    <p class='ocr_par' dir='ltr' id='par_1_28' title="bbox 2179 1332 3793 1406">
     <span class='ocr_line' id='line_1_28' title="bbox 2179 1332 3793 1406; baseline -0.001 -18"><span class='ocrx_word' id='word_1_188' title='bbox 2179 1346 2382 1389; x_wconf 87' lang='lat' dir='ltr'><strong>mature</strong></span> <span class='ocrx_word' id='word_1_189' title='bbox 2419 1335 2729 1406; x_wconf 79' lang='lat' dir='ltr'><strong>perituram,</strong></span> <span class='ocrx_word' id='word_1_190' title='bbox 2763 1334 2809 1388; x_wconf 93' lang='lat' dir='ltr'><strong>si</strong></span> <span class='ocrx_word' id='word_1_191' title='bbox 2839 1343 3121 1404; x_wconf 83' lang='lat' dir='ltr'><strong>emptorem</strong></span> <span class='ocrx_word' id='word_1_192' title='bbox 3151 1333 3400 1387; x_wconf 81' lang='lat' dir='ltr'><strong>invenerit</strong></span> <span class='ocrx_word' id='word_1_193' title='bbox 3422 1334 3444 1386; x_wconf 67' lang='grc' dir='ltr'><em>,ν</em></span> <span class='ocrx_word' id='word_1_194' title='bbox 3473 1332 3793 1402; x_wconf 86' lang='lat' dir='ltr'><strong>Insequenti</strong></span> 
     </span>
    </p>
   </div>
   <div class='ocr_carea' id='block_1_29' title="bbox 2177 1425 3790 1492">
    <p class='ocr_par' dir='ltr' id='par_1_29' title="bbox 2177 1425 3790 1492">
     <span class='ocr_line' id='line_1_29' title="bbox 2177 1425 3790 1492; baseline -0.003 -12"><span class='ocrx_word' id='word_1_195' title='bbox 2177 1439 2326 1480; x_wconf 90' lang='lat' dir='ltr'><strong>anno</strong></span> <span class='ocrx_word' id='word_1_196' title='bbox 2371 1426 2437 1480; x_wconf 84' lang='lat' dir='ltr'><strong>A.</strong></span> <span class='ocrx_word' id='word_1_197' title='bbox 2486 1425 2856 1492; x_wconf 89' lang='lat' dir='ltr'><strong>Postumium,</strong></span> <span class='ocrx_word' id='word_1_198' title='bbox 2909 1425 3172 1479; x_wconf 88' lang='lat' dir='ltr'><strong>Postttmii</strong></span> <span class='ocrx_word' id='word_1_199' title='bbox 3228 1425 3474 1480; x_wconf 86' lang='lat' dir='ltr'><strong>consulis</strong></span> <span class='ocrx_word' id='word_1_200' title='bbox 3521 1425 3790 1487; x_wconf 80' lang='lat' dir='ltr'><strong>fratrem,</strong></span> 
     </span>
    </p>
   </div>
   <div class='ocr_carea' id='block_1_30' title="bbox 2177 1517 3792 1587">
    <p class='ocr_par' dir='ltr' id='par_1_30' title="bbox 2177 1517 3792 1587">
     <span class='ocr_line' id='line_1_30' title="bbox 2177 1517 3792 1587; baseline 0.001 -16"><span class='ocrx_word' id='word_1_201' title='bbox 2177 1532 2340 1587; x_wconf 87' lang='lat' dir='ltr'><strong>quem</strong></span> <span class='ocrx_word' id='word_1_202' title='bbox 2368 1517 2413 1572; x_wconf 90' lang='lat' dir='ltr'><strong>is</strong></span> <span class='ocrx_word' id='word_1_203' title='bbox 2444 1518 2464 1548; x_wconf 84' lang='grc'>⁷</span> <span class='ocrx_word' id='word_1_204' title='bbox 2497 1517 2854 1587; x_wconf 80' lang='lat' dir='ltr'><strong>quadraginta</strong></span> <span class='ocrx_word' id='word_1_205' title='bbox 2885 1517 3115 1571; x_wconf 91' lang='lat' dir='ltr'><strong>tnillinm</strong></span> <span class='ocrx_word' id='word_1_206' title='bbox 3141 1526 3486 1572; x_wconf 87' lang='lat' dir='ltr'><strong>armatorum</strong></span> <span class='ocrx_word' id='word_1_207' title='bbox 3514 1517 3792 1572; x_wconf 82' lang='lat' dir='ltr'><strong>exercitui</strong></span> 
     </span>
    </p>
   </div>
   <div class='ocr_carea' id='block_1_31' title="bbox 2175 1607 3792 1680">
    <p class='ocr_par' dir='ltr' id='par_1_31' title="bbox 2175 1607 3792 1680">
     <span class='ocr_line' id='line_1_31' title="bbox 2175 1607 3792 1680; baseline 0.001 -17"><span class='ocrx_word' id='word_1_208' title='bbox 2175 1607 2524 1678; x_wconf 73' lang='lat' dir='ltr'><strong>przefecerat,</strong></span> <span class='ocrx_word' id='word_1_209' title='bbox 2552 1609 2695 1678; x_wconf 90' lang='lat' dir='ltr'><strong>apud</strong></span> <span class='ocrx_word' id='word_1_210' title='bbox 2725 1609 3003 1664; x_wconf 83' lang='lat' dir='ltr'><strong>Calamam</strong></span> <span class='ocrx_word' id='word_1_211' title='bbox 3034 1650 3049 1673; x_wconf 93' lang='lat'><strong>,</strong></span> <span class='ocrx_word' id='word_1_212' title='bbox 3083 1608 3273 1663; x_wconf 89' lang='lat' dir='ltr'><strong>urbem</strong></span> <span class='ocrx_word' id='word_1_213' title='bbox 3308 1608 3581 1664; x_wconf 89' lang='lat' dir='ltr'><strong>thesauris</strong></span> <span class='ocrx_word' id='word_1_214' title='bbox 3620 1611 3792 1680; x_wconf 82' lang='lat' dir='ltr'><strong>regiis</strong></span> 
     </span>
    </p>
   </div>
   <div class='ocr_carea' id='block_1_32' title="bbox 2179 1702 3788 1775">
    <p class='ocr_par' dir='ltr' id='par_1_32' title="bbox 2179 1702 3788 1775">
     <span class='ocr_line' id='line_1_32' title="bbox 2179 1702 3788 1775; baseline 0 -17"><span class='ocrx_word' id='word_1_215' title='bbox 2179 1703 2343 1775; x_wconf 71' lang='lat'><strong>322</strong></span> <span class='ocrx_word' id='word_1_216' title='bbox 2373 1703 2608 1758; x_wconf 87' lang='lat' dir='ltr'><strong>conditis</strong></span> <span class='ocrx_word' id='word_1_217' title='bbox 2657 1702 2957 1757; x_wconf 84' lang='lat' dir='ltr'><strong>inhiantem</strong></span> <span class='ocrx_word' id='word_1_218' title='bbox 2990 1702 3133 1758; x_wconf 87' lang='lat' dir='ltr'><strong>bello</strong></span> <span class='ocrx_word' id='word_1_219' title='bbox 3180 1703 3494 1771; x_wconf 85' lang='lat' dir='ltr'><strong>oppressit:</strong></span> <span class='ocrx_word' id='word_1_220' title='bbox 3529 1705 3552 1736; x_wconf 79' lang='grc'>⁸</span> <span class='ocrx_word' id='word_1_221' title='bbox 3589 1704 3788 1772; x_wconf 75' lang='lat' dir='ltr'><strong>cuique</strong></span> 
     </span>
    </p>
   </div>
   <div class='ocr_carea' id='block_1_33' title="bbox 488 1791 3783 1870">
    <p class='ocr_par' dir='ltr' id='par_1_33' title="bbox 488 1791 3783 1870">
     <span class='ocr_line' id='line_1_33' title="bbox 488 1791 3783 1870; baseline -0.001 -17"><span class='ocrx_word' id='word_1_222' title='bbox 488 1799 572 1854; x_wconf 89' lang='lat' dir='ltr'><strong>nis</strong></span> <span class='ocrx_word' id='word_1_223' title='bbox 600 1797 924 1870; x_wconf 64' lang='lat' dir='ltr'><strong>peragendae</strong></span> <span class='ocrx_word' id='word_1_224' title='bbox 957 1806 1085 1852; x_wconf 90' lang='lat' dir='ltr'><strong>tunc</strong></span> <span class='ocrx_word' id='word_1_225' title='bbox 1117 1797 1307 1852; x_wconf 90' lang='lat' dir='ltr'><strong>mortis</strong></span> <span class='ocrx_word' id='word_1_226' title='bbox 1337 1811 1450 1851; x_wconf 72' lang='lat' dir='ltr'><strong>sua:</strong></span> <span class='ocrx_word' id='word_1_227' title='bbox 1477 1795 1690 1865; x_wconf 87' lang='lat' dir='ltr'><strong>copiam</strong></span> <span class='ocrx_word' id='word_1_228' title='bbox 1736 1811 1842 1850; x_wconf 91' lang='lat' dir='ltr'><strong>non</strong></span> <span class='ocrx_word' id='word_1_229' title='bbox 1875 1795 2081 1850; x_wconf 87' lang='lat' dir='ltr'><strong>habue—</strong></span> <span class='ocrx_word' id='word_1_230' title='bbox 2113 1791 2155 1853; x_wconf 89' lang='grc' dir='ltr'><strong>Β</strong></span> <span class='ocrx_word' id='word_1_231' title='bbox 2185 1798 2327 1852; x_wconf 90' lang='lat' dir='ltr'><strong>victo</strong></span> <span class='ocrx_word' id='word_1_232' title='bbox 2355 1796 2931 1867; x_wconf 89' lang='lat' dir='ltr'><strong>ignominiosissimum</strong></span> <span class='ocrx_word' id='word_1_233' title='bbox 2964 1796 3139 1852; x_wconf 76' lang='lat' dir='ltr'><strong>ftedus</strong></span> <span class='ocrx_word' id='word_1_234' title='bbox 3169 1799 3189 1830; x_wconf 79' lang='lat'><strong><em>°</em></strong></span> <span class='ocrx_word' id='word_1_235' title='bbox 3217 1795 3431 1866; x_wconf 82' lang='lat' dir='ltr'><strong>exegit,</strong></span> <span class='ocrx_word' id='word_1_236' title='bbox 3465 1797 3783 1852; x_wconf 83' lang='lat' dir='ltr'><strong>universam</strong></span> 
     </span>
    </p>
   </div>
   <div class='ocr_carea' id='block_1_34' title="bbox 489 1887 2075 1960">
    <p class='ocr_par' dir='ltr' id='par_1_34' title="bbox 489 1887 2075 1960">
     <span class='ocr_line' id='line_1_34' title="bbox 489 1887 2075 1960; baseline -0.003 -14"><span class='ocrx_word' id='word_1_237' title='bbox 489 1901 636 1956; x_wconf 88' lang='lat' dir='ltr'><strong>rant,</strong></span> <span class='ocrx_word' id='word_1_238' title='bbox 661 1891 914 1960; x_wconf 90' lang='lat' dir='ltr'><strong>captique</strong></span> <span class='ocrx_word' id='word_1_239' title='bbox 936 1888 1177 1957; x_wconf 81' lang='lat' dir='ltr'><strong>fuerant,</strong></span> <span class='ocrx_word' id='word_1_240' title='bbox 1199 1889 1290 1942; x_wconf 85' lang='lat' dir='ltr'><strong>alii</strong></span> <span class='ocrx_word' id='word_1_241' title='bbox 1314 1888 1483 1953; x_wconf 88' lang='lat' dir='ltr'><strong>ferro,</strong></span> <span class='ocrx_word' id='word_1_242' title='bbox 1513 1887 1606 1942; x_wconf 89' lang='lat' dir='ltr'><strong>alii</strong></span> <span class='ocrx_word' id='word_1_243' title='bbox 1635 1887 1954 1956; x_wconf 69' lang='lat' dir='ltr'><strong>suspendio,</strong></span> <span class='ocrx_word' id='word_1_244' title='bbox 1983 1887 2075 1942; x_wconf 87' lang='lat' dir='ltr'><strong>alii</strong></span> 
     </span>
    </p>
   </div>
   <div class='ocr_carea' id='block_1_35' title="bbox 482 1980 2074 2053">
    <p class='ocr_par' dir='ltr' id='par_1_35' title="bbox 482 1980 2074 2053">
     <span class='ocr_line' id='line_1_35' title="bbox 482 1980 2074 2053; baseline -0.003 -16"><span class='ocrx_word' id='word_1_245' title='bbox 482 1983 752 2053; x_wconf 86' lang='lat' dir='ltr'><strong>abnegalo</strong></span> <span class='ocrx_word' id='word_1_246' title='bbox 779 1981 900 2038; x_wconf 90' lang='lat' dir='ltr'><strong>cibo</strong></span> <span class='ocrx_word' id='word_1_247' title='bbox 927 1995 1055 2036; x_wconf 88' lang='lat' dir='ltr'><strong>sese</strong></span> <span class='ocrx_word' id='word_1_248' title='bbox 1093 1987 1556 2051; x_wconf 88' lang='lat' dir='ltr'><strong>consumpserunt</strong></span> <span class='ocrx_word' id='word_1_249' title='bbox 1580 1997 1592 2033; x_wconf 92' lang='lat'>:</span> <span class='ocrx_word' id='word_1_250' title='bbox 1639 1980 1932 2049; x_wconf 88' lang='lat' dir='ltr'><strong>nullusque</strong></span> <span class='ocrx_word' id='word_1_251' title='bbox 1957 1993 2074 2033; x_wconf 91' lang='lat' dir='ltr'><strong>om-</strong></span> 
     </span>
    </p>
   </div>
   <div class='ocr_carea' id='block_1_36' title="bbox 481 2069 2075 2143">
    <p class='ocr_par' dir='ltr' id='par_1_36' title="bbox 481 2069 2075 2143">
     <span class='ocr_line' id='line_1_36' title="bbox 481 2069 2075 2143; baseline 0 -17"><span class='ocrx_word' id='word_1_252' title='bbox 481 2073 609 2126; x_wconf 87' lang='lat' dir='ltr'><strong>nino</strong></span> <span class='ocrx_word' id='word_1_253' title='bbox 633 2072 716 2127; x_wconf 90' lang='lat' dir='ltr'><strong>vel</strong></span> <span class='ocrx_word' id='word_1_254' title='bbox 748 2071 1013 2143; x_wconf 86' lang='lat' dir='ltr'><strong>parvulus</strong></span> <span class='ocrx_word' id='word_1_255' title='bbox 1034 2071 1327 2142; x_wconf 81' lang='lat' dir='ltr'><strong>superfuit,</strong></span> <span class='ocrx_word' id='word_1_256' title='bbox 1363 2070 1406 2102; x_wconf 82' lang='lat'>“</span> <span class='ocrx_word' id='word_1_257' title='bbox 1435 2070 1528 2142; x_wconf 91' lang='lat' dir='ltr'><strong>qui</strong></span> <span class='ocrx_word' id='word_1_258' title='bbox 1569 2070 1850 2126; x_wconf 69' lang='lat' dir='ltr'><strong>servitutis</strong></span> <span class='ocrx_word' id='word_1_259' title='bbox 1887 2069 2075 2126; x_wconf 83' lang='lat' dir='ltr'><strong>condi-</strong></span> 
     </span>
    </p>
   </div>
   <div class='ocr_carea' id='block_1_37' title="bbox 482 2163 1374 2221">
    <p class='ocr_par' dir='ltr' id='par_1_37' title="bbox 482 2163 1374 2221">
     <span class='ocr_line' id='line_1_37' title="bbox 482 2163 1374 2221; baseline -0.002 -2"><span class='ocrx_word' id='word_1_260' title='bbox 482 2164 688 2221; x_wconf 87' lang='lat' dir='ltr'><strong>tionem</strong></span> <span class='ocrx_word' id='word_1_261' title='bbox 717 2164 843 2220; x_wconf 67' lang='lat' dir='ltr'><strong>vitae</strong></span> <span class='ocrx_word' id='word_1_262' title='bbox 867 2177 1056 2219; x_wconf 90' lang='lat' dir='ltr'><strong>amore</strong></span> <span class='ocrx_word' id='word_1_263' title='bbox 1089 2163 1374 2218; x_wconf 89' lang='lat' dir='ltr'><strong>toleraret.</strong></span> 
     </span>
    </p>
   </div>
   <div class='ocr_carea' id='block_1_38' title="bbox 981 2295 1562 2371">
    <p class='ocr_par' dir='ltr' id='par_1_38' title="bbox 981 2295 1562 2371">
     <span class='ocr_line' id='line_1_38' title="bbox 981 2295 1562 2371; baseline -0.002 -18"><span class='ocrx_word' id='word_1_264' title='bbox 981 2298 1141 2371; x_wconf 76' lang='lat'><strong>321</strong></span> <span class='ocrx_word' id='word_1_265' title='bbox 1175 2296 1402 2355; x_wconf 83' lang='lat' dir='ltr'><strong>CAPUT</strong></span> <span class='ocrx_word' id='word_1_266' title='bbox 1441 2295 1562 2353; x_wconf 85' lang='lat' dir='ltr'><strong>xv.</strong></span> 
     </span>
    </p>
   </div>
   <div class='ocr_carea' id='block_1_39' title="bbox 476 2407 2075 2483">
    <p class='ocr_par' dir='ltr' id='par_1_39' title="bbox 476 2407 2075 2483">
     <span class='ocr_line' id='line_1_39' title="bbox 476 2407 2075 2483; baseline -0.002 -16"><span class='ocrx_word' id='word_1_267' title='bbox 476 2411 556 2467; x_wconf 88' lang='lat' dir='ltr'><strong>De</strong></span> <span class='ocrx_word' id='word_1_268' title='bbox 585 2411 720 2467; x_wconf 75' lang='lat' dir='ltr'><strong>bello</strong></span> <span class='ocrx_word' id='word_1_269' title='bbox 742 2410 1165 2483; x_wconf 76' lang='lat' dir='ltr'><strong>Jugurtltino,_iu</strong></span> <span class='ocrx_word' id='word_1_270' title='bbox 1195 2428 1294 2483; x_wconf 84' lang='lat' dir='ltr'><strong>quo</strong></span> <span class='ocrx_word' id='word_1_271' title='bbox 1327 2411 1550 2464; x_wconf 85' lang='lat' dir='ltr'><strong>Romani</strong></span> <span class='ocrx_word' id='word_1_272' title='bbox 1575 2411 1712 2464; x_wconf 79' lang='lat' dir='ltr'><strong>varie</strong></span> <span class='ocrx_word' id='word_1_273' title='bbox 1737 2426 1852 2465; x_wconf 89' lang='lat' dir='ltr'><strong>cum</strong></span> <span class='ocrx_word' id='word_1_274' title='bbox 1877 2407 2075 2483; x_wconf 81' lang='lat' dir='ltr'><strong>Jugur-</strong></span> 
     </span>
    </p>
   </div>
   <div class='ocr_carea' id='block_1_40' title="bbox 782 2481 1767 2555">
    <p class='ocr_par' dir='ltr' id='par_1_40' title="bbox 782 2481 1767 2555">
     <span class='ocr_line' id='line_1_40' title="bbox 782 2481 1767 2555; baseline -0.001 -20"><span class='ocrx_word' id='word_1_275' title='bbox 782 2481 872 2535; x_wconf 74' lang='lat' dir='ltr'><strong>tlta</strong></span> <span class='ocrx_word' id='word_1_276' title='bbox 904 2497 1023 2555; x_wconf 78' lang='lat' dir='ltr'><strong>rege</strong></span> <span class='ocrx_word' id='word_1_277' title='bbox 1060 2481 1412 2536; x_wconf 82' lang='lat' dir='ltr'><strong>Numidarum</strong></span> <span class='ocrx_word' id='word_1_278' title='bbox 1444 2490 1767 2553; x_wconf 85' lang='lat' dir='ltr'><strong>pugnarunt.</strong></span> 
     </span>
    </p>
   </div>
   <div class='ocr_carea' id='block_1_41' title="bbox 553 2617 2074 2689">
    <p class='ocr_par' dir='ltr' id='par_1_41' title="bbox 553 2617 2074 2689">
     <span class='ocr_line' id='line_1_41' title="bbox 553 2617 2074 2689; baseline 0.001 -14"><span class='ocrx_word' id='word_1_279' title='bbox 553 2621 570 2651; x_wconf 75' lang='grc' dir='ltr'>ί</span> <span class='ocrx_word' id='word_1_280' title='bbox 600 2619 759 2675; x_wconf 80' lang='lat' dir='ltr'><strong>Anno</strong></span> <span class='ocrx_word' id='word_1_281' title='bbox 806 2619 876 2675; x_wconf 90' lang='lat' dir='ltr'><strong>ab</strong></span> <span class='ocrx_word' id='word_1_282' title='bbox 925 2617 1071 2676; x_wconf 89' lang='lat' dir='ltr'><strong>Urbe</strong></span> <span class='ocrx_word' id='word_1_283' title='bbox 1126 2619 1338 2675; x_wconf 85' lang='lat' dir='ltr'><strong>condita</strong></span> <span class='ocrx_word' id='word_1_284' title='bbox 1391 2633 1652 2685; x_wconf 78' lang='lat' dir='ltr'><strong>ncxxxrx,</strong></span> <span class='ocrx_word' id='word_1_285' title='bbox 1710 2619 1770 2675; x_wconf 88' lang='lat' dir='ltr'><strong>P.</strong></span> <span class='ocrx_word' id='word_1_286' title='bbox 1818 2617 2074 2689; x_wconf 87' lang='lat' dir='ltr'><strong>Scipione</strong></span> 
     </span>
    </p>
   </div>
   <div class='ocr_carea' id='block_1_42' title="bbox 479 2711 2073 2784">
    <p class='ocr_par' dir='ltr' id='par_1_42' title="bbox 479 2711 2073 2784">
     <span class='ocr_line' id='line_1_42' title="bbox 479 2711 2073 2784; baseline 0.001 -15"><span class='ocrx_word' id='word_1_287' title='bbox 479 2711 674 2769; x_wconf 81' lang='lat' dir='ltr'><strong>Nasica</strong></span> <span class='ocrx_word' id='word_1_288' title='bbox 699 2721 753 2768; x_wconf 81' lang='lat' dir='ltr'><strong>et</strong></span> <span class='ocrx_word' id='word_1_289' title='bbox 778 2713 840 2769; x_wconf 88' lang='lat' dir='ltr'><strong>L.</strong></span> <span class='ocrx_word' id='word_1_290' title='bbox 865 2713 1167 2784; x_wconf 88' lang='lat' dir='ltr'><strong>Calpurnio</strong></span> <span class='ocrx_word' id='word_1_291' title='bbox 1201 2711 1381 2769; x_wconf 86' lang='lat' dir='ltr'><strong>Bestia</strong></span> <span class='ocrx_word' id='word_1_292' title='bbox 1422 2712 1758 2783; x_wconf 87' lang='lat' dir='ltr'><strong>consulibus,</strong></span> <span class='ocrx_word' id='word_1_293' title='bbox 1794 2713 2073 2784; x_wconf 70' lang='lat' dir='ltr'><strong>Jugurtha:</strong></span> 
     </span>
    </p>
   </div>
   <div class='ocr_carea' id='block_1_43' title="bbox 472 2806 2075 2878">
    <p class='ocr_par' dir='ltr' id='par_1_43' title="bbox 472 2806 2075 2878">
     <span class='ocr_line' id='line_1_43' title="bbox 472 2806 2075 2878; baseline 0.001 -16"><span class='ocrx_word' id='word_1_294' title='bbox 472 2806 830 2862; x_wconf 85' lang='lat' dir='ltr'><strong>Numidarum</strong></span> <span class='ocrx_word' id='word_1_295' title='bbox 853 2806 968 2878; x_wconf 89' lang='lat' dir='ltr'><strong>regi</strong></span> <span class='ocrx_word' id='word_1_296' title='bbox 997 2807 1203 2863; x_wconf 90' lang='lat' dir='ltr'><strong>bellum</strong></span> <span class='ocrx_word' id='word_1_297' title='bbox 1230 2822 1498 2863; x_wconf 88' lang='lat' dir='ltr'><strong>consensu</strong></span> <span class='ocrx_word' id='word_1_298' title='bbox 1524 2807 1706 2878; x_wconf 90' lang='lat' dir='ltr'><strong>populi</strong></span> <span class='ocrx_word' id='word_1_299' title='bbox 1730 2807 1956 2863; x_wconf 86' lang='lat' dir='ltr'><strong>Romani</strong></span> <span class='ocrx_word' id='word_1_300' title='bbox 1989 2823 2075 2863; x_wconf 89' lang='lat' dir='ltr'><strong>se-</strong></span> 
     </span>
    </p>
   </div>
   <div class='ocr_carea' id='block_1_44' title="bbox 475 2898 2074 2971">
    <p class='ocr_par' dir='ltr' id='par_1_44' title="bbox 475 2898 2074 2971">
     <span class='ocr_line' id='line_1_44' title="bbox 475 2898 2074 2971; baseline 0.002 -18"><span class='ocrx_word' id='word_1_301' title='bbox 475 2908 635 2954; x_wconf 89' lang='lat' dir='ltr'><strong>natus</strong></span> <span class='ocrx_word' id='word_1_302' title='bbox 662 2898 875 2954; x_wconf 86' lang='lat' dir='ltr'><strong>indixit.</strong></span> <span class='ocrx_word' id='word_1_303' title='bbox 893 2899 1002 2954; x_wconf 92' lang='lat' dir='ltr'><strong>Sed</strong></span> <span class='ocrx_word' id='word_1_304' title='bbox 1025 2913 1126 2970; x_wconf 87' lang='lat' dir='ltr'><strong>ego</strong></span> <span class='ocrx_word' id='word_1_305' title='bbox 1153 2899 1221 2955; x_wconf 94' lang='lat' dir='ltr'><strong>de</strong></span> <span class='ocrx_word' id='word_1_306' title='bbox 1243 2899 1507 2971; x_wconf 81' lang='lat' dir='ltr'><strong>Jugurtha</strong></span> <span class='ocrx_word' id='word_1_307' title='bbox 1529 2899 1740 2956; x_wconf 88' lang='lat' dir='ltr'><strong>ordinis</strong></span> <span class='ocrx_word' id='word_1_308' title='bbox 1763 2909 1972 2955; x_wconf 89' lang='lat' dir='ltr'><strong>tantum</strong></span> <span class='ocrx_word' id='word_1_309' title='bbox 1993 2901 2074 2956; x_wconf 80' lang='lat' dir='ltr'><strong>lo-</strong></span> 
     </span>
    </p>
   </div>
   <div class='ocr_carea' id='block_1_45' title="bbox 475 2991 2074 3062">
    <p class='ocr_par' dir='ltr' id='par_1_45' title="bbox 475 2991 2074 3062">
     <span class='ocr_line' id='line_1_45' title="bbox 475 2991 2074 3062; baseline 0.001 -16"><span class='ocrx_word' id='word_1_310' title='bbox 475 3005 564 3058; x_wconf 86' lang='lat' dir='ltr'><strong>eo,</strong></span> <span class='ocrx_word' id='word_1_311' title='bbox 594 2999 650 3045; x_wconf 91' lang='lat' dir='ltr'><strong>et</strong></span> <span class='ocrx_word' id='word_1_312' title='bbox 683 3004 843 3046; x_wconf 88' lang='lat' dir='ltr'><strong>causa</strong></span> <span class='ocrx_word' id='word_1_313' title='bbox 872 2991 1439 3059; x_wconf 89' lang='lat' dir='ltr'><strong>commemorationis,</strong></span> <span class='ocrx_word' id='word_1_314' title='bbox 1470 2991 1710 3047; x_wconf 89' lang='lat' dir='ltr'><strong>breviter</strong></span> <span class='ocrx_word' id='word_1_315' title='bbox 1739 2993 2074 3062; x_wconf 86' lang='lat' dir='ltr'><strong>perstrinxe-</strong></span> 
     </span>
    </p>
   </div>
   <div class='ocr_carea' id='block_1_46' title="bbox 476 3082 2074 3155">
    <p class='ocr_par' dir='ltr' id='par_1_46' title="bbox 476 3082 2074 3155">
     <span class='ocr_line' id='line_1_46' title="bbox 476 3082 2074 3155; baseline 0.001 -17"><span class='ocrx_word' id='word_1_316' title='bbox 476 3082 579 3138; x_wconf 89' lang='lat' dir='ltr'><strong>rim</strong></span> <span class='ocrx_word' id='word_1_317' title='bbox 613 3124 628 3149; x_wconf 94' lang='lat'><strong>,</strong></span> <span class='ocrx_word' id='word_1_318' title='bbox 686 3084 806 3153; x_wconf 91' lang='lat' dir='ltr'><strong>quia</strong></span> <span class='ocrx_word' id='word_1_319' title='bbox 839 3093 896 3138; x_wconf 90' lang='lat' dir='ltr'><strong>ut</strong></span> <span class='ocrx_word' id='word_1_320' title='bbox 943 3083 1011 3140; x_wconf 93' lang='lat' dir='ltr'><strong>de</strong></span> <span class='ocrx_word' id='word_1_321' title='bbox 1049 3093 1238 3140; x_wconf 88' lang='lat' dir='ltr'><strong>natura</strong></span> <span class='ocrx_word' id='word_1_322' title='bbox 1273 3085 1392 3155; x_wconf 89' lang='lat' dir='ltr'><strong>ejus</strong></span> <span class='ocrx_word' id='word_1_323' title='bbox 1434 3085 1584 3138; x_wconf 85' lang='lat' dir='ltr'><strong>varia</strong></span> <span class='ocrx_word' id='word_1_324' title='bbox 1625 3095 1786 3154; x_wconf 87' lang='lat' dir='ltr'><strong>atque</strong></span> <span class='ocrx_word' id='word_1_325' title='bbox 1816 3084 2074 3154; x_wconf 76' lang='lat' dir='ltr'><strong>intolera-</strong></span> 
     </span>
    </p>
   </div>
   <div class='ocr_carea' id='block_1_47' title="bbox 2178 1888 3788 1960">
    <p class='ocr_par' dir='ltr' id='par_1_47' title="bbox 2178 1888 3788 1960">
     <span class='ocr_line' id='line_1_47' title="bbox 2178 1888 3788 1960; baseline -0.001 -16"><span class='ocrx_word' id='word_1_326' title='bbox 2178 1899 2320 1960; x_wconf 84' lang='lat' dir='ltr'><strong>pene</strong></span> <span class='ocrx_word' id='word_1_327' title='bbox 2348 1889 2588 1944; x_wconf 86' lang='lat' dir='ltr'><strong>Africam</strong></span> <span class='ocrx_word' id='word_1_328' title='bbox 2618 1904 2648 1944; x_wconf 89' lang='lat' dir='ltr'><strong>a</strong></span> <span class='ocrx_word' id='word_1_329' title='bbox 2677 1888 2936 1944; x_wconf 84' lang='lat' dir='ltr'><strong>Romanis</strong></span> <span class='ocrx_word' id='word_1_330' title='bbox 2977 1889 3346 1955; x_wconf 82' lang='lat' dir='ltr'><strong>deﬁcientem,</strong></span> <span class='ocrx_word' id='word_1_331' title='bbox 3388 1890 3430 1920; x_wconf 79' lang='grc'><strong>⁸⁸</strong></span> <span class='ocrx_word' id='word_1_332' title='bbox 3470 1904 3646 1958; x_wconf 90' lang='lat' dir='ltr'><strong>regno</strong></span> <span class='ocrx_word' id='word_1_333' title='bbox 3684 1904 3788 1944; x_wconf 89' lang='lat' dir='ltr'><strong>suo</strong></span> 
     </span>
    </p>
   </div>
   <div class='ocr_carea' id='block_1_48' title="bbox 2173 1979 3790 2050">
    <p class='ocr_par' dir='ltr' id='par_1_48' title="bbox 2173 1979 3790 2050">
     <span class='ocr_line' id='line_1_48' title="bbox 2173 1979 3790 2050; baseline 0.001 -16"><span class='ocrx_word' id='word_1_334' title='bbox 2173 1981 2373 2050; x_wconf 88' lang='lat' dir='ltr'><strong>junxit.</strong></span> <span class='ocrx_word' id='word_1_335' title='bbox 2421 1981 2612 2037; x_wconf 85' lang='lat' dir='ltr'><strong>Postea</strong></span> <span class='ocrx_word' id='word_1_336' title='bbox 2658 1989 2839 2038; x_wconf 90' lang='lat' dir='ltr'><strong>tamen</strong></span> <span class='ocrx_word' id='word_1_337' title='bbox 2869 1979 3070 2036; x_wconf 77' lang='lat' dir='ltr'><strong>Metelli</strong></span> <span class='ocrx_word' id='word_1_338' title='bbox 3101 1981 3340 2035; x_wconf 87' lang='lat' dir='ltr'><strong>consulis</strong></span> <span class='ocrx_word' id='word_1_339' title='bbox 3369 1979 3701 2050; x_wconf 79' lang='lat' dir='ltr'><strong>integritate</strong></span> <span class='ocrx_word' id='word_1_340' title='bbox 3731 1989 3790 2035; x_wconf 89' lang='lat' dir='ltr'><strong>ct</strong></span> 
     </span>
    </p>
   </div>
   <div class='ocr_carea' id='block_1_49' title="bbox 2177 2071 3787 2142">
    <p class='ocr_par' dir='ltr' id='par_1_49' title="bbox 2177 2071 3787 2142">
     <span class='ocr_line' id='line_1_49' title="bbox 2177 2071 3787 2142; baseline -0.001 -16"><span class='ocrx_word' id='word_1_341' title='bbox 2177 2071 2467 2142; x_wconf 88' lang='lat' dir='ltr'><strong>disciplina</strong></span> <span class='ocrx_word' id='word_1_342' title='bbox 2511 2073 2810 2135; x_wconf 89' lang='lat' dir='ltr'><strong>coercitus,</strong></span> <span class='ocrx_word' id='word_1_343' title='bbox 2857 2071 3072 2126; x_wconf 90' lang='lat' dir='ltr'><strong>duobus</strong></span> <span class='ocrx_word' id='word_1_344' title='bbox 3119 2071 3280 2126; x_wconf 91' lang='lat' dir='ltr'><strong>etiam</strong></span> <span class='ocrx_word' id='word_1_345' title='bbox 3325 2071 3532 2140; x_wconf 70' lang='lat' dir='ltr'><strong>ptmliis</strong></span> <span class='ocrx_word' id='word_1_346' title='bbox 3587 2073 3787 2132; x_wconf 86' lang='lat' dir='ltr'><strong>victus,</strong></span> 
     </span>
    </p>
   </div>
   <div class='ocr_carea' id='block_1_50' title="bbox 2176 2161 3773 2233">
    <p class='ocr_par' dir='ltr' id='par_1_50' title="bbox 2176 2161 3773 2233">
     <span class='ocr_line' id='line_1_50' title="bbox 2176 2161 3773 2233; baseline -0.001 -15"><span class='ocrx_word' id='word_1_347' title='bbox 2176 2163 2309 2218; x_wconf 89' lang='lat' dir='ltr'><strong>vidit</strong></span> <span class='ocrx_word' id='word_1_348' title='bbox 2341 2173 2608 2233; x_wconf 73' lang='lat' dir='ltr'><strong>przcsente</strong></span> <span class='ocrx_word' id='word_1_349' title='bbox 2627 2178 2688 2219; x_wconf 90' lang='lat' dir='ltr'><strong>se</strong></span> <span class='ocrx_word' id='word_1_350' title='bbox 2716 2173 2771 2218; x_wconf 90' lang='lat' dir='ltr'><strong>et</strong></span> <span class='ocrx_word' id='word_1_351' title='bbox 2799 2162 3004 2218; x_wconf 85' lang='lat' dir='ltr'><strong>vastari</strong></span> <span class='ocrx_word' id='word_1_352' title='bbox 3048 2161 3353 2217; x_wconf 86' lang='lat' dir='ltr'><strong>Numidiam</strong></span> <span class='ocrx_word' id='word_1_353' title='bbox 3401 2176 3557 2216; x_wconf 89' lang='lat' dir='ltr'><strong>suam</strong></span> <span class='ocrx_word' id='word_1_354' title='bbox 3586 2171 3638 2216; x_wconf 89' lang='lat' dir='ltr'><strong>et</strong></span> <span class='ocrx_word' id='word_1_355' title='bbox 3661 2177 3773 2216; x_wconf 58' lang='lat' dir='ltr'><strong>nun</strong></span> 
     </span>
    </p>
   </div>
   <div class='ocr_carea' id='block_1_51' title="bbox 2175 2253 3774 2331">
    <p class='ocr_par' dir='ltr' id='par_1_51' title="bbox 2175 2253 3774 2331">
     <span class='ocr_line' id='line_1_51' title="bbox 2175 2253 3774 2331; baseline -0.002 -21"><span class='ocrx_word' id='word_1_356' title='bbox 2175 2269 2340 2324; x_wconf 86' lang='lat' dir='ltr'><strong>posse</strong></span> <span class='ocrx_word' id='word_1_357' title='bbox 2369 2254 2582 2310; x_wconf 85' lang='lat' dir='ltr'><strong>defendi</strong></span> <span class='ocrx_word' id='word_1_358' title='bbox 2613 2273 2624 2308; x_wconf 96' lang='lat'>:</span> <span class='ocrx_word' id='word_1_359' title='bbox 2659 2270 2685 2308; x_wconf 90' lang='lat' dir='ltr'><strong>a</strong></span> <span class='ocrx_word' id='word_1_360' title='bbox 2718 2269 2826 2325; x_wconf 93' lang='lat' dir='ltr'><strong>quo</strong></span> <span class='ocrx_word' id='word_1_361' title='bbox 2847 2253 2914 2308; x_wconf 90' lang='lat' dir='ltr'><strong>ad</strong></span> <span class='ocrx_word' id='word_1_362' title='bbox 2938 2254 3268 2309; x_wconf 87' lang='lat' dir='ltr'><strong>deditionem</strong></span> <span class='ocrx_word' id='word_1_363' title='bbox 3295 2262 3536 2318; x_wconf 69' lang='lat' dir='ltr'><strong>coactus,</strong></span> <span class='ocrx_word' id='word_1_364' title='bbox 3555 2262 3774 2331; x_wconf 75' lang='lat' dir='ltr'><strong>trecen-</strong></span> 
     </span>
    </p>
   </div>
   <div class='ocr_carea' id='block_1_52' title="bbox 2177 2344 3776 2416">
    <p class='ocr_par' dir='ltr' id='par_1_52' title="bbox 2177 2344 3776 2416">
     <span class='ocr_line' id='line_1_52' title="bbox 2177 2344 3776 2416; baseline -0.003 -14"><span class='ocrx_word' id='word_1_365' title='bbox 2177 2356 2260 2402; x_wconf 90' lang='lat' dir='ltr'><strong>tos</strong></span> <span class='ocrx_word' id='word_1_366' title='bbox 2283 2346 2503 2403; x_wconf 86' lang='lat' dir='ltr'><strong>obsides</strong></span> <span class='ocrx_word' id='word_1_367' title='bbox 2528 2346 2698 2412; x_wconf 89' lang='lat' dir='ltr'><strong>dedit,</strong></span> <span class='ocrx_word' id='word_1_368' title='bbox 2753 2346 3084 2402; x_wconf 81' lang='lat' dir='ltr'><strong>frumentum</strong></span> <span class='ocrx_word' id='word_1_369' title='bbox 3114 2355 3279 2416; x_wconf 90' lang='lat' dir='ltr'><strong>atque</strong></span> <span class='ocrx_word' id='word_1_370' title='bbox 3323 2344 3457 2399; x_wconf 81' lang='lat' dir='ltr'><strong>alios</strong></span> <span class='ocrx_word' id='word_1_371' title='bbox 3503 2358 3776 2400; x_wconf 81' lang='lat' dir='ltr'><strong>commea-</strong></span> 
     </span>
    </p>
   </div>
   <div class='ocr_carea' id='block_1_53' title="bbox 2177 2437 3781 2510">
    <p class='ocr_par' dir='ltr' id='par_1_53' title="bbox 2177 2437 3781 2510">
     <span class='ocr_line' id='line_1_53' title="bbox 2177 2437 3781 2510; baseline -0.003 -16"><span class='ocrx_word' id='word_1_372' title='bbox 2177 2449 2262 2495; x_wconf 89' lang='lat' dir='ltr'><strong>tus</strong></span> <span class='ocrx_word' id='word_1_373' title='bbox 2319 2439 2731 2510; x_wconf 84' lang='lat' dir='ltr'><strong>persoluturum</strong></span> <span class='ocrx_word' id='word_1_374' title='bbox 2774 2455 2898 2496; x_wconf 86' lang='lat' dir='ltr'><strong>sese</strong></span> <span class='ocrx_word' id='word_1_375' title='bbox 2940 2440 3264 2510; x_wconf 82' lang='lat' dir='ltr'><strong>5p0pondit,</strong></span> <span class='ocrx_word' id='word_1_376' title='bbox 3299 2439 3337 2469; x_wconf 81' lang='grc'>¹¹</span> <span class='ocrx_word' id='word_1_377' title='bbox 3376 2438 3476 2492; x_wconf 85' lang='lat' dir='ltr'><strong>tria</strong></span> <span class='ocrx_word' id='word_1_378' title='bbox 3517 2437 3781 2507; x_wconf 81' lang='lat' dir='ltr'><strong>perfuga-</strong></span> 
     </span>
    </p>
   </div>
   <div class='ocr_carea' id='block_1_54' title="bbox 2176 2530 3776 2604">
    <p class='ocr_par' dir='ltr' id='par_1_54' title="bbox 2176 2530 3776 2604">
     <span class='ocr_line' id='line_1_54' title="bbox 2176 2530 3776 2604; baseline -0.005 -16"><span class='ocrx_word' id='word_1_379' title='bbox 2176 2547 2299 2588; x_wconf 84' lang='lat' dir='ltr'><strong>rum</strong></span> <span class='ocrx_word' id='word_1_380' title='bbox 2339 2533 2572 2604; x_wconf 81' lang='lat' dir='ltr'><strong>amplius</strong></span> <span class='ocrx_word' id='word_1_381' title='bbox 2602 2531 2768 2587; x_wconf 84' lang='lat' dir='ltr'><strong>millia</strong></span> <span class='ocrx_word' id='word_1_382' title='bbox 2798 2531 3052 2587; x_wconf 86' lang='lat' dir='ltr'><strong>reddidit.</strong></span> <span class='ocrx_word' id='word_1_383' title='bbox 3109 2530 3246 2584; x_wconf 83' lang='lat' dir='ltr'><strong>Exin</strong></span> <span class='ocrx_word' id='word_1_384' title='bbox 3277 2545 3399 2584; x_wconf 90' lang='lat' dir='ltr'><strong>cum</strong></span> <span class='ocrx_word' id='word_1_385' title='bbox 3450 2531 3493 2560; x_wconf 68' lang='grc' dir='ltr'><strong>ι’</strong></span> <span class='ocrx_word' id='word_1_386' title='bbox 3535 2531 3776 2584; x_wconf 67' lang='lat' dir='ltr'><strong>incertus</strong></span> 
     </span>
    </p>
   </div>
   <div class='ocr_carea' id='block_1_55' title="bbox 2190 2620 3779 2695">
    <p class='ocr_par' dir='ltr' id='par_1_55' title="bbox 2190 2620 3779 2695">
     <span class='ocr_line' id='line_1_55' title="bbox 2190 2620 3779 2695; baseline -0.003 -16"><span class='ocrx_word' id='word_1_387' title='bbox 2190 2624 2244 2679; x_wconf 92' lang='lat' dir='ltr'><strong>in</strong></span> <span class='ocrx_word' id='word_1_388' title='bbox 2279 2638 2410 2695; x_wconf 86' lang='lat' dir='ltr'><strong>pace</strong></span> <span class='ocrx_word' id='word_1_389' title='bbox 2440 2623 2717 2694; x_wconf 84' lang='lat' dir='ltr'><strong>improbos</strong></span> <span class='ocrx_word' id='word_1_390' title='bbox 2741 2638 2846 2678; x_wconf 93' lang='lat' dir='ltr'><strong>non</strong></span> <span class='ocrx_word' id='word_1_391' title='bbox 2871 2622 2914 2654; x_wconf 86' lang='grc'><strong>¹³</strong></span> <span class='ocrx_word' id='word_1_392' title='bbox 2934 2622 3211 2676; x_wconf 86' lang='lat' dir='ltr'><strong>cohiberet</strong></span> <span class='ocrx_word' id='word_1_393' title='bbox 3232 2635 3516 2685; x_wconf 73' lang='lat' dir='ltr'><strong>excursus,</strong></span> <span class='ocrx_word' id='word_1_394' title='bbox 3543 2621 3604 2675; x_wconf 86' lang='lat' dir='ltr'><strong>C.</strong></span> <span class='ocrx_word' id='word_1_395' title='bbox 3625 2620 3779 2675; x_wconf 78' lang='lat' dir='ltr'><strong>Marii</strong></span> 
     </span>
    </p>
   </div>
   <div class='ocr_carea' id='block_1_56' title="bbox 2176 2713 3782 2786">
    <p class='ocr_par' dir='ltr' id='par_1_56' title="bbox 2176 2713 3782 2786">
     <span class='ocr_line' id='line_1_56' title="bbox 2176 2713 3782 2786; baseline -0.004 -14"><span class='ocrx_word' id='word_1_396' title='bbox 2176 2718 2447 2783; x_wconf 88' lang='lat' dir='ltr'><strong>consulis,</strong></span> <span class='ocrx_word' id='word_1_397' title='bbox 2480 2733 2586 2772; x_wconf 91' lang='lat' dir='ltr'><strong>non</strong></span> <span class='ocrx_word' id='word_1_398' title='bbox 2623 2716 2831 2771; x_wconf 90' lang='lat' dir='ltr'><strong>minore</strong></span> <span class='ocrx_word' id='word_1_399' title='bbox 2862 2730 2999 2786; x_wconf 85' lang='lat' dir='ltr'><strong>pene</strong></span> <span class='ocrx_word' id='word_1_400' title='bbox 3025 2731 3188 2786; x_wconf 76' lang='lat' dir='ltr'><strong>quam</strong></span> <span class='ocrx_word' id='word_1_401' title='bbox 3221 2715 3336 2784; x_wconf 86' lang='lat' dir='ltr'><strong>ipse</strong></span> <span class='ocrx_word' id='word_1_402' title='bbox 3369 2713 3636 2783; x_wconf 68' lang='lat' dir='ltr'><strong>praeditus</strong></span> <span class='ocrx_word' id='word_1_403' title='bbox 3663 2724 3782 2768; x_wconf 88' lang='lat' dir='ltr'><strong>erat</strong></span> 
     </span>
    </p>
   </div>
   <div class='ocr_carea' id='block_1_57' title="bbox 2175 2806 3782 2879">
    <p class='ocr_par' dir='ltr' id='par_1_57' title="bbox 2175 2806 3782 2879">
     <span class='ocr_line' id='line_1_57' title="bbox 2175 2806 3782 2879; baseline -0.002 -15"><span class='ocrx_word' id='word_1_404' title='bbox 2175 2811 2394 2874; x_wconf 87' lang='lat' dir='ltr'><strong>astutia,</strong></span> <span class='ocrx_word' id='word_1_405' title='bbox 2438 2809 2809 2879; x_wconf 84' lang='lat' dir='ltr'><strong>Romanisque</strong></span> <span class='ocrx_word' id='word_1_406' title='bbox 2847 2807 3059 2862; x_wconf 87' lang='lat' dir='ltr'><strong>viribus</strong></span> <span class='ocrx_word' id='word_1_407' title='bbox 3105 2806 3310 2862; x_wconf 90' lang='lat' dir='ltr'><strong>fractus</strong></span> <span class='ocrx_word' id='word_1_408' title='bbox 3354 2816 3439 2860; x_wconf 90' lang='lat' dir='ltr'><strong>est</strong></span> <span class='ocrx_word' id='word_1_409' title='bbox 3483 2821 3499 2859; x_wconf 87' lang='lat'><strong>:</strong></span> <span class='ocrx_word' id='word_1_410' title='bbox 3543 2807 3782 2861; x_wconf 76' lang='lat' dir='ltr'><strong>maxime</strong></span> 
     </span>
    </p>
   </div>
   <div class='ocr_carea' id='block_1_58' title="bbox 2177 2898 3782 2974">
    <p class='ocr_par' dir='ltr' id='par_1_58' title="bbox 2177 2898 3782 2974">
     <span class='ocr_line' id='line_1_58' title="bbox 2177 2898 3782 2974; baseline -0.002 -18"><span class='ocrx_word' id='word_1_411' title='bbox 2177 2913 2460 2974; x_wconf 90' lang='lat' dir='ltr'><strong>postquam</strong></span> <span class='ocrx_word' id='word_1_412' title='bbox 2517 2902 2718 2956; x_wconf 75' lang='lat' dir='ltr'><strong>Marius</strong></span> <span class='ocrx_word' id='word_1_413' title='bbox 2766 2900 2956 2956; x_wconf 86' lang='lat' dir='ltr'><strong>urbem</strong></span> <span class='ocrx_word' id='word_1_414' title='bbox 3007 2899 3050 2931; x_wconf 66' lang='grc' dir='ltr'>ιδ</span> <span class='ocrx_word' id='word_1_415' title='bbox 3099 2900 3362 2969; x_wconf 81' lang='lat' dir='ltr'><strong>Capsam.</strong></span> <span class='ocrx_word' id='word_1_416' title='bbox 3425 2898 3495 2953; x_wconf 88' lang='lat' dir='ltr'><strong>ab</strong></span> <span class='ocrx_word' id='word_1_417' title='bbox 3549 2899 3782 2954; x_wconf 86' lang='lat' dir='ltr'><strong>llercule</strong></span> 
     </span>
    </p>
   </div>
   <div class='ocr_carea' id='block_1_59' title="bbox 2177 2985 3780 3067">
    <p class='ocr_par' dir='ltr' id='par_1_59' title="bbox 2177 2985 3780 3067">
     <span class='ocr_line' id='line_1_59' title="bbox 2177 2985 3780 3067; baseline -0.002 -17"><span class='ocrx_word' id='word_1_418' title='bbox 2177 2994 2434 3052; x_wconf 67' lang='lat' dir='ltr'><strong>Phoenice</strong></span> <span class='ocrx_word' id='word_1_419' title='bbox 2460 2994 2542 3067; x_wconf 90' lang='lat' dir='ltr'><strong>(ut</strong></span> <span class='ocrx_word' id='word_1_420' title='bbox 2563 2993 2770 3066; x_wconf 90' lang='lat' dir='ltr'><strong>ferunt)</strong></span> <span class='ocrx_word' id='word_1_421' title='bbox 2797 2992 3090 3058; x_wconf 88' lang='lat' dir='ltr'><strong>conditam,</strong></span> <span class='ocrx_word' id='word_1_422' title='bbox 3111 2991 3274 3062; x_wconf 90' lang='lat' dir='ltr'><strong>regiis</strong></span> <span class='ocrx_word' id='word_1_423' title='bbox 3296 2990 3339 3023; x_wconf 78' lang='lat'>”</span> <span class='ocrx_word' id='word_1_424' title='bbox 3361 2999 3489 3046; x_wconf 90' lang='lat' dir='ltr'><strong>tunc</strong></span> <span class='ocrx_word' id='word_1_425' title='bbox 3509 2985 3780 3046; x_wconf 84' lang='lat' dir='ltr'><strong>thesauris</strong></span> 
     </span>
    </p>
   </div>
   <div class='ocr_carea' id='block_1_60' title="bbox 2177 3084 3778 3155">
    <p class='ocr_par' dir='ltr' id='par_1_60' title="bbox 2177 3084 3778 3155">
     <span class='ocr_line' id='line_1_60' title="bbox 2177 3084 3778 3155; baseline -0.002 -12"><span class='ocrx_word' id='word_1_426' title='bbox 2177 3086 2662 3155; x_wconf 88' lang='lat' dir='ltr'><strong>confertissimam,</strong></span> <span class='ocrx_word' id='word_1_427' title='bbox 2687 3085 2814 3140; x_wconf 90' lang='lat' dir='ltr'><strong>dolo</strong></span> <span class='ocrx_word' id='word_1_428' title='bbox 2844 3084 3206 3140; x_wconf 78' lang='lat' dir='ltr'><strong>circumvenit</strong></span> <span class='ocrx_word' id='word_1_429' title='bbox 3230 3093 3286 3140; x_wconf 90' lang='lat' dir='ltr'><strong>et</strong></span> <span class='ocrx_word' id='word_1_430' title='bbox 3312 3084 3473 3154; x_wconf 89' lang='lat' dir='ltr'><strong>cepit.</strong></span> <span class='ocrx_word' id='word_1_431' title='bbox 3511 3084 3778 3140; x_wconf 85' lang='lat' dir='ltr'><strong>Diffidens</strong></span> 
     </span>
    </p>
   </div>
   <div class='ocr_carea' id='block_1_61' title="bbox 478 3174 3780 3250">
    <p class='ocr_par' dir='ltr' id='par_1_61' title="bbox 478 3174 3780 3250">
     <span class='ocr_line' id='line_1_61' title="bbox 478 3174 3780 3250; baseline 0.001 -20"><span class='ocrx_word' id='word_1_432' title='bbox 478 3175 595 3244; x_wconf 89' lang='lat' dir='ltr'><strong>bili,</strong></span> <span class='ocrx_word' id='word_1_433' title='bbox 619 3174 694 3230; x_wconf 87' lang='lat' dir='ltr'><strong>ita</strong></span> <span class='ocrx_word' id='word_1_434' title='bbox 718 3185 774 3231; x_wconf 90' lang='lat' dir='ltr'><strong>et</strong></span> <span class='ocrx_word' id='word_1_435' title='bbox 797 3174 867 3231; x_wconf 91' lang='lat' dir='ltr'><strong>de</strong></span> <span class='ocrx_word' id='word_1_436' title='bbox 893 3177 1056 3231; x_wconf 90' lang='lat' dir='ltr'><strong>rebus</strong></span> <span class='ocrx_word' id='word_1_437' title='bbox 1075 3185 1184 3231; x_wconf 91' lang='lat' dir='ltr'><strong>tam</strong></span> <span class='ocrx_word' id='word_1_438' title='bbox 1206 3175 1414 3243; x_wconf 87' lang='lat' dir='ltr'><strong>dolose,</strong></span> <span class='ocrx_word' id='word_1_439' title='bbox 1439 3191 1599 3247; x_wconf 78' lang='lat' dir='ltr'><strong>quam</strong></span> <span class='ocrx_word' id='word_1_440' title='bbox 1624 3186 1845 3233; x_wconf 92' lang='lat' dir='ltr'><strong>strenue</strong></span> <span class='ocrx_word' id='word_1_441' title='bbox 1871 3179 2062 3249; x_wconf 81' lang='lat' dir='ltr'><strong>ge5tis,</strong></span> <span class='ocrx_word' id='word_1_442' title='bbox 2094 3176 2142 3242; x_wconf 88' lang='lat' dir='ltr'>C</span> <span class='ocrx_word' id='word_1_443' title='bbox 2171 3179 2367 3236; x_wconf 88' lang='lat' dir='ltr'><strong>deinde</strong></span> <span class='ocrx_word' id='word_1_444' title='bbox 2386 3180 2430 3212; x_wconf 83' lang='grc'>¹⁶</span> <span class='ocrx_word' id='word_1_445' title='bbox 2453 3179 2686 3250; x_wconf 89' lang='lat' dir='ltr'><strong>propriis</strong></span> <span class='ocrx_word' id='word_1_446' title='bbox 2717 3180 2878 3235; x_wconf 90' lang='lat' dir='ltr'><strong>rebus</strong></span> <span class='ocrx_word' id='word_1_447' title='bbox 2893 3187 2948 3234; x_wconf 90' lang='lat' dir='ltr'><strong>et</strong></span> <span class='ocrx_word' id='word_1_448' title='bbox 2969 3179 3176 3234; x_wconf 88' lang='lat' dir='ltr'><strong>viribus</strong></span> <span class='ocrx_word' id='word_1_449' title='bbox 3197 3177 3458 3247; x_wconf 81' lang='lat' dir='ltr'><strong>Jugurtha</strong></span> <span class='ocrx_word' id='word_1_450' title='bbox 3483 3220 3497 3244; x_wconf 94' lang='lat'><strong>,</strong></span> <span class='ocrx_word' id='word_1_451' title='bbox 3540 3179 3780 3233; x_wconf 85' lang='lat' dir='ltr'><strong>societa-</strong></span> 
     </span>
    </p>
   </div>
   <div class='ocr_carea' id='block_1_62' title="bbox 479 3267 2069 3340">
    <p class='ocr_par' dir='ltr' id='par_1_62' title="bbox 479 3267 2069 3340">
     <span class='ocr_line' id='line_1_62' title="bbox 479 3267 2069 3340; baseline 0.001 -16"><span class='ocrx_word' id='word_1_452' title='bbox 479 3279 703 3340; x_wconf 91' lang='lat' dir='ltr'><strong>propter</strong></span> <span class='ocrx_word' id='word_1_453' title='bbox 724 3269 964 3340; x_wconf 80' lang='lat' dir='ltr'><strong>Opimam</strong></span> <span class='ocrx_word' id='word_1_454' title='bbox 995 3270 1324 3340; x_wconf 88' lang='lat' dir='ltr'><strong>scriptorum</strong></span> <span class='ocrx_word' id='word_1_455' title='bbox 1357 3267 1708 3327; x_wconf 87' lang='lat' dir='ltr'><strong>luculentiam</strong></span> <span class='ocrx_word' id='word_1_456' title='bbox 1741 3271 1761 3302; x_wconf 81' lang='grc'>¹</span> <span class='ocrx_word' id='word_1_457' title='bbox 1793 3271 1926 3326; x_wconf 89' lang='lat' dir='ltr'><strong>satis</strong></span> <span class='ocrx_word' id='word_1_458' title='bbox 1952 3270 2069 3326; x_wconf 89' lang='lat' dir='ltr'><strong>suf-</strong></span> 
     </span>
    </p>
   </div>
   <div class='ocr_carea' id='block_1_63' title="bbox 477 3360 2064 3433">
    <p class='ocr_par' dir='ltr' id='par_1_63' title="bbox 477 3360 2064 3433">
     <span class='ocr_line' id='line_1_63' title="bbox 477 3360 2064 3433; baseline 0.001 -18"><span class='ocrx_word' id='word_1_459' title='bbox 477 3360 671 3417; x_wconf 82' lang='lat' dir='ltr'><strong>ﬁciens</strong></span> <span class='ocrx_word' id='word_1_460' title='bbox 719 3360 864 3430; x_wconf 87' lang='lat' dir='ltr'><strong>apud</strong></span> <span class='ocrx_word' id='word_1_461' title='bbox 909 3375 1100 3420; x_wconf 88' lang='lat' dir='ltr'><strong>omnes</strong></span> <span class='ocrx_word' id='word_1_462' title='bbox 1150 3361 1341 3420; x_wconf 90' lang='lat' dir='ltr'><strong>notitia</strong></span> <span class='ocrx_word' id='word_1_463' title='bbox 1391 3370 1494 3418; x_wconf 87' lang='lat' dir='ltr'><strong>est.</strong></span> <span class='ocrx_word' id='word_1_464' title='bbox 1549 3361 1717 3432; x_wconf 86' lang='lat' dir='ltr'><strong>Igitur</strong></span> <span class='ocrx_word' id='word_1_465' title='bbox 1773 3363 2064 3433; x_wconf 81' lang='lat' dir='ltr'><strong>Jugurtha,</strong></span> 
     </span>
    </p>
   </div>
   <div class='ocr_carea' id='block_1_64' title="bbox 2177 3267 3780 3340">
    <p class='ocr_par' dir='ltr' id='par_1_64' title="bbox 2177 3267 3780 3340">
     <span class='ocr_line' id='line_1_64' title="bbox 2177 3267 3780 3340; baseline -0.001 -13"><span class='ocrx_word' id='word_1_466' title='bbox 2177 3281 2283 3327; x_wconf 92' lang='lat' dir='ltr'><strong>tem</strong></span> <span class='ocrx_word' id='word_1_467' title='bbox 2305 3286 2426 3327; x_wconf 92' lang='lat' dir='ltr'><strong>cum</strong></span> <span class='ocrx_word' id='word_1_468' title='bbox 2458 3270 2673 3326; x_wconf 88' lang='lat' dir='ltr'><strong>Boccho</strong></span> <span class='ocrx_word' id='word_1_469' title='bbox 2695 3271 3002 3326; x_wconf 84' lang='lat' dir='ltr'><strong>Maurorum</strong></span> <span class='ocrx_word' id='word_1_470' title='bbox 3028 3285 3155 3338; x_wconf 84' lang='lat' dir='ltr'><strong>rege</strong></span> <span class='ocrx_word' id='word_1_471' title='bbox 3189 3267 3508 3338; x_wconf 81' lang='lat' dir='ltr'><strong>fecit,cujus</strong></span> <span class='ocrx_word' id='word_1_472' title='bbox 3531 3271 3780 3340; x_wconf 86' lang='lat' dir='ltr'><strong>equitatu</strong></span> 
     </span>
    </p>
   </div>
   <div class='ocr_carea' id='block_1_65' title="bbox 2173 3363 3783 3434">
    <p class='ocr_par' dir='ltr' id='par_1_65' title="bbox 2173 3363 3783 3434">
     <span class='ocr_line' id='line_1_65' title="bbox 2173 3363 3783 3434; baseline 0 -13"><span class='ocrx_word' id='word_1_473' title='bbox 2173 3365 2228 3421; x_wconf 90' lang='lat' dir='ltr'><strong>in</strong></span> <span class='ocrx_word' id='word_1_474' title='bbox 2240 3366 2564 3422; x_wconf 89' lang='lat' dir='ltr'><strong>immensum</strong></span> <span class='ocrx_word' id='word_1_475' title='bbox 2582 3374 2792 3434; x_wconf 88' lang='lat' dir='ltr'><strong>auctus,</strong></span> <span class='ocrx_word' id='word_1_476' title='bbox 2811 3363 3108 3421; x_wconf 79' lang='lat' dir='ltr'><strong>Marianum</strong></span> <span class='ocrx_word' id='word_1_477' title='bbox 3121 3363 3413 3420; x_wconf 80' lang='lat' dir='ltr'><strong>exercitum</strong></span> <span class='ocrx_word' id='word_1_478' title='bbox 3430 3364 3783 3421; x_wconf 85' lang='lat' dir='ltr'><strong>creberrimis</strong></span> 
     </span>
    </p>
   </div>
   <div class='ocr_carea' id='block_1_66' title="bbox 1770 3475 2497 3536">
    <p class='ocr_par' dir='ltr' id='par_1_66' title="bbox 1770 3475 2497 3536">
     <span class='ocr_line' id='line_1_66' title="bbox 1770 3475 2497 3536; baseline 0.003 -4"><span class='ocrx_word' id='word_1_479' title='bbox 1770 3475 2224 3535; x_wconf 75' lang='lat' dir='ltr'><strong>llAVERCAMPl</strong></span> <span class='ocrx_word' id='word_1_480' title='bbox 2264 3479 2497 3536; x_wconf 70' lang='grc' dir='ltr'><strong>ΝΟΤᾸΕ.</strong></span> 
     </span>
    </p>
   </div>
   <div class='ocr_carea' id='block_1_67' title="bbox 548 3591 1598 3664">
    <p class='ocr_par' dir='ltr' id='par_1_67' title="bbox 548 3591 1598 3664">
     <span class='ocr_line' id='line_1_67' title="bbox 548 3591 1598 3664; baseline 0.001 -20"><span class='ocrx_word' id='word_1_481' title='bbox 548 3593 606 3664; x_wconf 72' lang='lat'><strong>5.</strong></span> <span class='ocrx_word' id='word_1_482' title='bbox 649 3591 1018 3664; x_wconf 72' lang='lat' dir='ltr'><strong>Superstratis.</strong></span> <span class='ocrx_word' id='word_1_483' title='bbox 1043 3592 1214 3658; x_wconf 86' lang='lat' dir='ltr'><strong>Meus,</strong></span> <span class='ocrx_word' id='word_1_484' title='bbox 1251 3592 1598 3664; x_wconf 84' lang='lat' dir='ltr'><strong>superductis.</strong></span> 
     </span>
    </p>
   </div>
   <div class='ocr_carea' id='block_1_68' title="bbox 549 3661 2064 3725">
    <p class='ocr_par' dir='ltr' id='par_1_68' title="bbox 549 3661 2064 3725">
     <span class='ocr_line' id='line_1_68' title="bbox 549 3661 2064 3725; baseline 0.002 -7"><span class='ocrx_word' id='word_1_485' title='bbox 549 3663 606 3718; x_wconf 86' lang='lat'><strong>6.</strong></span> <span class='ocrx_word' id='word_1_486' title='bbox 649 3661 927 3718; x_wconf 70' lang='lat' dir='ltr'><strong>Instruxit.</strong></span> <span class='ocrx_word' id='word_1_487' title='bbox 971 3663 1138 3725; x_wconf 85' lang='lat' dir='ltr'><strong>Meus,</strong></span> <span class='ocrx_word' id='word_1_488' title='bbox 1193 3661 1505 3718; x_wconf 69' lang='lat' dir='ltr'><strong>construxit.</strong></span> <span class='ocrx_word' id='word_1_489' title='bbox 1552 3663 1805 3719; x_wconf 86' lang='lat' dir='ltr'><strong>Perizon.</strong></span> <span class='ocrx_word' id='word_1_490' title='bbox 1860 3673 1915 3719; x_wconf 90' lang='lat' dir='ltr'><strong>et</strong></span> <span class='ocrx_word' id='word_1_491' title='bbox 1954 3665 2064 3722; x_wconf 90' lang='lat' dir='ltr'><strong>duo</strong></span> 
     </span>
    </p>
   </div>
   <div class='ocr_carea' id='block_1_69' title="bbox 478 3734 1750 3799">
    <p class='ocr_par' dir='ltr' id='par_1_69' title="bbox 478 3734 1750 3799">
     <span class='ocr_line' id='line_1_69' title="bbox 478 3734 1750 3799; baseline -0.003 -9"><span class='ocrx_word' id='word_1_492' title='bbox 478 3735 773 3794; x_wconf 87' lang='lat' dir='ltr'><strong>Florentt.,</strong></span> <span class='ocrx_word' id='word_1_493' title='bbox 802 3735 1007 3788; x_wconf 62' lang='lat' dir='ltr'><strong>struatit.</strong></span> <span class='ocrx_word' id='word_1_494' title='bbox 1046 3734 1151 3789; x_wconf 87' lang='lat' dir='ltr'><strong>Sed</strong></span> <span class='ocrx_word' id='word_1_495' title='bbox 1182 3734 1449 3799; x_wconf 69' lang='lat' dir='ltr'><strong>Langob.,</strong></span> <span class='ocrx_word' id='word_1_496' title='bbox 1483 3735 1750 3788; x_wconf 74' lang='lat' dir='ltr'><strong>instruxit.</strong></span> 
     </span>
    </p>
   </div>
   <div class='ocr_carea' id='block_1_70' title="bbox 549 3805 2065 3874">
    <p class='ocr_par' dir='ltr' id='par_1_70' title="bbox 549 3805 2065 3874">
     <span class='ocr_line' id='line_1_70' title="bbox 549 3805 2065 3874; baseline 0.003 -16"><span class='ocrx_word' id='word_1_497' title='bbox 549 3805 603 3859; x_wconf 92' lang='lat'><strong>7.</strong></span> <span class='ocrx_word' id='word_1_498' title='bbox 643 3805 896 3858; x_wconf 79' lang='lat' dir='ltr'><strong>Conserta</strong></span> <span class='ocrx_word' id='word_1_499' title='bbox 917 3821 1112 3874; x_wconf 82' lang='lat' dir='ltr'><strong>pugna.</strong></span> <span class='ocrx_word' id='word_1_500' title='bbox 1139 3806 1440 3872; x_wconf 82' lang='lat' dir='ltr'><strong>Pugnatum</strong></span> <span class='ocrx_word' id='word_1_501' title='bbox 1463 3816 1544 3857; x_wconf 69' lang='lat' dir='ltr'><strong>est</strong></span> <span class='ocrx_word' id='word_1_502' title='bbox 1567 3809 1704 3873; x_wconf 84' lang='lat' dir='ltr'><strong>apud</strong></span> <span class='ocrx_word' id='word_1_503' title='bbox 1730 3805 1926 3860; x_wconf 79' lang='lat' dir='ltr'><strong>flumen</strong></span> <span class='ocrx_word' id='word_1_504' title='bbox 1955 3807 2065 3862; x_wconf 47' lang='lat' dir='ltr'><strong>Isa-</strong></span> 
     </span>
    </p>
   </div>
   <div class='ocr_carea' id='block_1_71' title="bbox 477 3875 2070 3946">
    <p class='ocr_par' dir='ltr' id='par_1_71' title="bbox 477 3875 2070 3946">
     <span class='ocr_line' id='line_1_71' title="bbox 477 3875 2070 3946; baseline 0.001 -15"><span class='ocrx_word' id='word_1_505' title='bbox 477 3891 592 3931; x_wconf 87' lang='lat' dir='ltr'><strong>r.un</strong></span> <span class='ocrx_word' id='word_1_506' title='bbox 615 3875 916 3946; x_wconf 53' lang='lat' dir='ltr'><strong>antediem</strong></span> <span class='ocrx_word' id='word_1_507' title='bbox 951 3890 1002 3930; x_wconf 82' lang='lat' dir='ltr'><strong>v1</strong></span> <span class='ocrx_word' id='word_1_508' title='bbox 1046 3876 1119 3931; x_wconf 88' lang='lat' dir='ltr'><strong>id.</strong></span> <span class='ocrx_word' id='word_1_509' title='bbox 1162 3877 1389 3946; x_wconf 78' lang='lat' dir='ltr'><strong>August.</strong></span> <span class='ocrx_word' id='word_1_510' title='bbox 1435 3876 1642 3932; x_wconf 90' lang='lat' dir='ltr'><strong>Plinius</strong></span> <span class='ocrx_word' id='word_1_511' title='bbox 1673 3876 1814 3934; x_wconf 87' lang='lat' dir='ltr'><strong>libro</strong></span> <span class='ocrx_word' id='word_1_512' title='bbox 1848 3895 1946 3946; x_wconf 86' lang='lat' dir='ltr'><strong>vn,</strong></span> <span class='ocrx_word' id='word_1_513' title='bbox 1980 3894 2070 3934; x_wconf 87' lang='lat' dir='ltr'><strong>ca-</strong></span> 
     </span>
    </p>
   </div>
   <div class='ocr_carea' id='block_1_72' title="bbox 475 3944 891 4018">
    <p class='ocr_par' dir='ltr' id='par_1_72' title="bbox 475 3944 891 4018">
     <span class='ocr_line' id='line_1_72' title="bbox 475 3944 891 4018; baseline -0.002 -17"><span class='ocrx_word' id='word_1_514' title='bbox 475 3947 588 4018; x_wconf 86' lang='lat' dir='ltr'><strong>pite</strong></span> <span class='ocrx_word' id='word_1_515' title='bbox 609 3945 700 4018; x_wconf 63' lang='grc' dir='ltr'><strong>ὄρ.</strong></span> <span class='ocrx_word' id='word_1_516' title='bbox 721 3944 891 4001; x_wconf 74' lang='lat' dir='ltr'><strong>FABR.</strong></span> 
     </span>
    </p>
   </div>
   <div class='ocr_carea' id='block_1_73' title="bbox 546 4015 2056 4090">
    <p class='ocr_par' dir='ltr' id='par_1_73' title="bbox 546 4015 2056 4090">
     <span class='ocr_line' id='line_1_73' title="bbox 546 4015 2056 4090; baseline 0.001 -17"><span class='ocrx_word' id='word_1_517' title='bbox 546 4018 600 4073; x_wconf 87' lang='grc'><strong>8.</strong></span> <span class='ocrx_word' id='word_1_518' title='bbox 643 4015 712 4071; x_wconf 83' lang='lat' dir='ltr'><strong>Et</strong></span> <span class='ocrx_word' id='word_1_519' title='bbox 743 4033 1075 4087; x_wconf 79' lang='lat' dir='ltr'><strong>prtepropero</strong></span> <span class='ocrx_word' id='word_1_520' title='bbox 1115 4018 1362 4090; x_wconf 77' lang='lat' dir='ltr'><strong>transitu.</strong></span> <span class='ocrx_word' id='word_1_521' title='bbox 1388 4017 1550 4090; x_wconf 82' lang='lat' dir='ltr'><strong>Deest</strong></span> <span class='ocrx_word' id='word_1_522' title='bbox 1576 4019 1887 4090; x_wconf 74' lang='lat' dir='ltr'><strong>coniunctio</strong></span> <span class='ocrx_word' id='word_1_523' title='bbox 1925 4030 1972 4074; x_wconf 73' lang='lat' dir='ltr'><strong>et</strong></span> <span class='ocrx_word' id='word_1_524' title='bbox 2001 4021 2056 4075; x_wconf 91' lang='lat' dir='ltr'><strong>in</strong></span> 
     </span>
    </p>
   </div>
   <div class='ocr_carea' id='block_1_74' title="bbox 475 4088 2055 4159">
    <p class='ocr_par' dir='ltr' id='par_1_74' title="bbox 475 4088 2055 4159">
     <span class='ocr_line' id='line_1_74' title="bbox 475 4088 2055 4159; baseline -0.001 -14"><span class='ocrx_word' id='word_1_525' title='bbox 475 4088 565 4146; x_wconf 90' lang='lat' dir='ltr'><strong>ed.</strong></span> <span class='ocrx_word' id='word_1_526' title='bbox 597 4090 733 4159; x_wconf 74' lang='lat' dir='ltr'><strong>Attg.</strong></span> <span class='ocrx_word' id='word_1_527' title='bbox 769 4103 864 4156; x_wconf 88' lang='lat' dir='ltr'><strong>pro</strong></span> <span class='ocrx_word' id='word_1_528' title='bbox 905 4091 1146 4144; x_wconf 80' lang='lat' dir='ltr'><strong>transitu.</strong></span> <span class='ocrx_word' id='word_1_529' title='bbox 1172 4089 1346 4159; x_wconf 86' lang='lat' dir='ltr'><strong>Lugd.</strong></span> <span class='ocrx_word' id='word_1_530' title='bbox 1378 4089 1495 4142; x_wconf 89' lang='lat' dir='ltr'><strong>Bat.</strong></span> <span class='ocrx_word' id='word_1_531' title='bbox 1539 4105 1625 4159; x_wconf 88' lang='lat' dir='ltr'><strong>pr.</strong></span> <span class='ocrx_word' id='word_1_532' title='bbox 1658 4088 1848 4146; x_wconf 84' lang='lat' dir='ltr'><strong>scribit</strong></span> <span class='ocrx_word' id='word_1_533' title='bbox 1878 4109 2055 4145; x_wconf 82' lang='lat' dir='ltr'><strong>censu.</strong></span> 
     </span>
    </p>
   </div>
   <div class='ocr_carea' id='block_1_75' title="bbox 545 4157 2060 4217">
    <p class='ocr_par' dir='ltr' id='par_1_75' title="bbox 545 4157 2060 4217">
     <span class='ocr_line' id='line_1_75' title="bbox 545 4157 2060 4217; baseline 0.003 -5"><span class='ocrx_word' id='word_1_534' title='bbox 545 4160 600 4212; x_wconf 83' lang='lat'><strong>9.</strong></span> <span class='ocrx_word' id='word_1_535' title='bbox 640 4157 857 4213; x_wconf 85' lang='lat' dir='ltr'><strong>Centum</strong></span> <span class='ocrx_word' id='word_1_536' title='bbox 887 4177 918 4215; x_wconf 79' lang='grc' dir='ltr'><strong>ι.</strong></span> <span class='ocrx_word' id='word_1_537' title='bbox 957 4161 1144 4216; x_wconf 87' lang='lat' dir='ltr'><strong>millia.</strong></span> <span class='ocrx_word' id='word_1_538' title='bbox 1193 4157 1289 4214; x_wconf 84' lang='lat' dir='ltr'><strong>Hic</strong></span> <span class='ocrx_word' id='word_1_539' title='bbox 1333 4157 1598 4216; x_wconf 83' lang='lat' dir='ltr'><strong>numerus</strong></span> <span class='ocrx_word' id='word_1_540' title='bbox 1638 4171 1724 4216; x_wconf 83' lang='lat' dir='ltr'><strong>est</strong></span> <span class='ocrx_word' id='word_1_541' title='bbox 1765 4165 1818 4217; x_wconf 91' lang='lat' dir='ltr'><strong>in</strong></span> <span class='ocrx_word' id='word_1_542' title='bbox 1851 4164 2060 4217; x_wconf 86' lang='lat' dir='ltr'><strong>nostris</strong></span> 
     </span>
    </p>
   </div>
   <div class='ocr_carea' id='block_1_76' title="bbox 478 4231 2059 4298">
    <p class='ocr_par' dir='ltr' id='par_1_76' title="bbox 478 4231 2059 4298">
     <span class='ocr_line' id='line_1_76' title="bbox 478 4231 2059 4298; baseline -0.001 -12"><span class='ocrx_word' id='word_1_543' title='bbox 478 4231 859 4298; x_wconf 84' lang='lat' dir='ltr'><strong>Manuscriptis</strong></span> <span class='ocrx_word' id='word_1_544' title='bbox 883 4231 1158 4286; x_wconf 86' lang='lat' dir='ltr'><strong>omnibus.</strong></span> <span class='ocrx_word' id='word_1_545' title='bbox 1191 4232 1378 4286; x_wconf 85' lang='lat' dir='ltr'><strong>Livius</strong></span> <span class='ocrx_word' id='word_1_546' title='bbox 1399 4232 1477 4285; x_wconf 89' lang='lat' dir='ltr'><strong>ait</strong></span> <span class='ocrx_word' id='word_1_547' title='bbox 1501 4247 1564 4285; x_wconf 85' lang='lat' dir='ltr'><strong>ex</strong></span> <span class='ocrx_word' id='word_1_548' title='bbox 1593 4232 1775 4288; x_wconf 87' lang='lat' dir='ltr'><strong>Bitttiti</strong></span> <span class='ocrx_word' id='word_1_549' title='bbox 1810 4233 2059 4288; x_wconf 80' lang='lat' dir='ltr'><strong>exercitu</strong></span> 
     </span>
    </p>
   </div>
   <div class='ocr_carea' id='block_1_77' title="bbox 479 4301 2062 4376">
    <p class='ocr_par' dir='ltr' id='par_1_77' title="bbox 479 4301 2062 4376">
     <span class='ocr_line' id='line_1_77' title="bbox 479 4301 2062 4376; baseline 0.004 -22"><span class='ocrx_word' id='word_1_550' title='bbox 479 4315 629 4376; x_wconf 63' lang='lat' dir='ltr'><strong>cassa</strong></span> <span class='ocrx_word' id='word_1_551' title='bbox 645 4301 1131 4376; x_wconf 32' lang='lat' dir='ltr'><strong>Amilliauhominum</strong></span> <span class='ocrx_word' id='word_1_552' title='bbox 1156 4317 1282 4358; x_wconf 86' lang='lat' dir='ltr'><strong>cxx.</strong></span> <span class='ocrx_word' id='word_1_553' title='bbox 1314 4303 1594 4373; x_wconf 85' lang='lat' dir='ltr'><strong>Appianus</strong></span> <span class='ocrx_word' id='word_1_554' title='bbox 1623 4320 1841 4376; x_wconf 88' lang='lat' dir='ltr'><strong>quoque</strong></span> <span class='ocrx_word' id='word_1_555' title='bbox 1868 4303 2062 4360; x_wconf 78' lang='grc' dir='ltr'>δώδεκα</span> 
     </span>
    </p>
   </div>
   <div class='ocr_carea' id='block_1_78' title="bbox 477 4369 1090 4448">
    <p class='ocr_par' dir='ltr' id='par_1_78' title="bbox 477 4369 1090 4448">
     <span class='ocr_line' id='line_1_78' title="bbox 477 4369 1090 4448; baseline 0.002 -23"><span class='ocrx_word' id='word_1_556' title='bbox 477 4369 734 4448; x_wconf 50' lang='lat' dir='ltr'><strong>{stuprator/5</strong></span> <span class='ocrx_word' id='word_1_557' title='bbox 761 4371 891 4448; x_wconf 73' lang='lat' dir='ltr'><strong>edit.</strong></span> <span class='ocrx_word' id='word_1_558' title='bbox 922 4373 1090 4448; x_wconf 70' lang='lat' dir='ltr'><strong>Eum.</strong></span> 
     </span>
    </p>
   </div>
   <div class='ocr_carea' id='block_1_79' title="bbox 2237 3597 3344 3670">
    <p class='ocr_par' dir='ltr' id='par_1_79' title="bbox 2237 3597 3344 3670">
     <span class='ocr_line' id='line_1_79' title="bbox 2237 3597 3344 3670; baseline 0.004 -18"><span class='ocrx_word' id='word_1_559' title='bbox 2237 3598 2291 3652; x_wconf 80' lang='grc'><strong>5.</strong></span> <span class='ocrx_word' id='word_1_560' title='bbox 2344 3597 2596 3654; x_wconf 80' lang='lat' dir='ltr'><strong>Vcnisset.</strong></span> <span class='ocrx_word' id='word_1_561' title='bbox 2632 3600 2758 3654; x_wconf 77' lang='lat' dir='ltr'><strong>Mss.</strong></span> <span class='ocrx_word' id='word_1_562' title='bbox 2791 3600 2979 3668; x_wconf 87' lang='lat' dir='ltr'><strong>iidem,</strong></span> <span class='ocrx_word' id='word_1_563' title='bbox 3011 3602 3344 3670; x_wconf 78' lang='lat' dir='ltr'><strong>pervenisset.</strong></span> 
     </span>
    </p>
   </div>
   <div class='ocr_carea' id='block_1_80' title="bbox 2239 3671 3598 3743">
    <p class='ocr_par' dir='ltr' id='par_1_80' title="bbox 2239 3671 3598 3743">
     <span class='ocr_line' id='line_1_80' title="bbox 2239 3671 3598 3743; baseline 0.004 -21"><span class='ocrx_word' id='word_1_564' title='bbox 2239 3672 2292 3743; x_wconf 72' lang='lat' dir='ltr'><strong>fi.</strong></span> <span class='ocrx_word' id='word_1_565' title='bbox 2340 3671 2526 3743; x_wconf 80' lang='lat' dir='ltr'><strong>Quam.</strong></span> <span class='ocrx_word' id='word_1_566' title='bbox 2563 3671 2664 3724; x_wconf 90' lang='lat' dir='ltr'><strong>Ed.</strong></span> <span class='ocrx_word' id='word_1_567' title='bbox 2699 3671 2956 3743; x_wconf 81' lang='lat' dir='ltr'><strong>August.,</strong></span> <span class='ocrx_word' id='word_1_568' title='bbox 2979 3688 3081 3743; x_wconf 84' lang='lat' dir='ltr'><strong>qua</strong></span> <span class='ocrx_word' id='word_1_569' title='bbox 3102 3688 3225 3726; x_wconf 86' lang='lat' dir='ltr'><strong>cum</strong></span> <span class='ocrx_word' id='word_1_570' title='bbox 3245 3673 3598 3743; x_wconf 76' lang='lat' dir='ltr'><strong>egrederetur.</strong></span> 
     </span>
    </p>
   </div>
   <div class='ocr_carea' id='block_1_81' title="bbox 2243 3740 3776 3812">
    <p class='ocr_par' dir='ltr' id='par_1_81' title="bbox 2243 3740 3776 3812">
     <span class='ocr_line' id='line_1_81' title="bbox 2243 3740 3776 3812; baseline 0.005 -19"><span class='ocrx_word' id='word_1_571' title='bbox 2243 3741 2304 3812; x_wconf 14' lang='lat'><strong>7.,</strong></span> <span class='ocrx_word' id='word_1_572' title='bbox 2328 3740 2691 3807; x_wconf 69' lang='lat' dir='ltr'><strong>Quadraginta</strong></span> <span class='ocrx_word' id='word_1_573' title='bbox 2716 3741 2964 3796; x_wconf 83' lang='lat' dir='ltr'><strong>millium.</strong></span> <span class='ocrx_word' id='word_1_574' title='bbox 2998 3742 3089 3798; x_wconf 89' lang='lat' dir='ltr'><strong>Sic</strong></span> <span class='ocrx_word' id='word_1_575' title='bbox 3113 3740 3327 3812; x_wconf 81' lang='lat' dir='ltr'><strong>reposui</strong></span> <span class='ocrx_word' id='word_1_576' title='bbox 3353 3759 3421 3798; x_wconf 81' lang='lat' dir='ltr'><strong>ex</strong></span> <span class='ocrx_word' id='word_1_577' title='bbox 3452 3757 3620 3798; x_wconf 90' lang='lat' dir='ltr'><strong>mss.:</strong></span> <span class='ocrx_word' id='word_1_578' title='bbox 3647 3761 3776 3800; x_wconf 89' lang='lat' dir='ltr'><strong>nam</strong></span> 
     </span>
    </p>
   </div>
   <div class='ocr_carea' id='block_1_82' title="bbox 2169 3811 3779 3882">
    <p class='ocr_par' dir='ltr' id='par_1_82' title="bbox 2169 3811 3779 3882">
     <span class='ocr_line' id='line_1_82' title="bbox 2169 3811 3779 3882; baseline 0.006 -19"><span class='ocrx_word' id='word_1_579' title='bbox 2169 3811 2309 3880; x_wconf 88' lang='lat' dir='ltr'><strong>quod</strong></span> <span class='ocrx_word' id='word_1_580' title='bbox 2337 3815 2386 3864; x_wconf 88' lang='lat' dir='ltr'><strong>in</strong></span> <span class='ocrx_word' id='word_1_581' title='bbox 2430 3812 2606 3881; x_wconf 82' lang='lat' dir='ltr'><strong>vulgg.</strong></span> <span class='ocrx_word' id='word_1_582' title='bbox 2633 3821 2738 3877; x_wconf 84' lang='lat' dir='ltr'><strong>est,</strong></span> <span class='ocrx_word' id='word_1_583' title='bbox 2761 3813 3114 3882; x_wconf 80' lang='lat' dir='ltr'><strong>quadraginta</strong></span> <span class='ocrx_word' id='word_1_584' title='bbox 3141 3815 3391 3877; x_wconf 77' lang='lat' dir='ltr'><strong>millibus,</strong></span> <span class='ocrx_word' id='word_1_585' title='bbox 3424 3815 3648 3868; x_wconf 84' lang='lat' dir='ltr'><strong>tolerari</strong></span> <span class='ocrx_word' id='word_1_586' title='bbox 3679 3834 3779 3872; x_wconf 82' lang='lat' dir='ltr'><strong>uc-</strong></span> 
     </span>
    </p>
   </div>
   <div class='ocr_carea' id='block_1_83' title="bbox 2169 3883 3712 3955">
    <p class='ocr_par' dir='ltr' id='par_1_83' title="bbox 2169 3883 3712 3955">
     <span class='ocr_line' id='line_1_83' title="bbox 2169 3883 3712 3955; baseline 0.004 -21"><span class='ocrx_word' id='word_1_587' title='bbox 2169 3884 2282 3955; x_wconf 74' lang='lat' dir='ltr'><strong>quit</strong></span> <span class='ocrx_word' id='word_1_588' title='bbox 2312 3890 2535 3955; x_wconf 65' lang='lat' dir='ltr'><strong>propter</strong></span> <span class='ocrx_word' id='word_1_589' title='bbox 2557 3883 2789 3955; x_wconf 85' lang='lat' dir='ltr'><strong>similem</strong></span> <span class='ocrx_word' id='word_1_590' title='bbox 2817 3898 3026 3945; x_wconf 89' lang='lat' dir='ltr'><strong>casum,</strong></span> <span class='ocrx_word' id='word_1_591' title='bbox 3049 3885 3141 3952; x_wconf 89' lang='lat' dir='ltr'><strong>qui</strong></span> <span class='ocrx_word' id='word_1_592' title='bbox 3165 3887 3411 3955; x_wconf 85' lang='lat' dir='ltr'><strong>sequitur</strong></span> <span class='ocrx_word' id='word_1_593' title='bbox 3435 3887 3712 3939; x_wconf 78' lang='lat' dir='ltr'><strong>exercitui.</strong></span> 
     </span>
    </p>
   </div>
   <div class='ocr_carea' id='block_1_84' title="bbox 2244 3950 3774 4024">
    <p class='ocr_par' dir='ltr' id='par_1_84' title="bbox 2244 3950 3774 4024">
     <span class='ocr_line' id='line_1_84' title="bbox 2244 3950 3774 4024; baseline 0.002 -17"><span class='ocrx_word' id='word_1_594' title='bbox 2244 3950 2529 4020; x_wconf 23' lang='lat' dir='ltr'><strong>8.’Cuique</strong></span> <span class='ocrx_word' id='word_1_595' title='bbox 2555 3955 2711 4008; x_wconf 85' lang='lat' dir='ltr'><strong>victo.</strong></span> <span class='ocrx_word' id='word_1_596' title='bbox 2741 3954 2880 4009; x_wconf 86' lang='lat' dir='ltr'><strong>Puto</strong></span> <span class='ocrx_word' id='word_1_597' title='bbox 2910 3969 3033 4010; x_wconf 84' lang='lat' dir='ltr'><strong>esse</strong></span> <span class='ocrx_word' id='word_1_598' title='bbox 3055 3950 3404 4009; x_wconf 71' lang='lat' dir='ltr'><strong>scribendum</strong></span> <span class='ocrx_word' id='word_1_599' title='bbox 3441 3957 3587 4024; x_wconf 65' lang='lat' dir='ltr'><strong>eique</strong></span> <span class='ocrx_word' id='word_1_600' title='bbox 3613 3958 3774 4018; x_wconf 73' lang='lat' dir='ltr'><strong>vieto,</strong></span> 
     </span>
    </p>
   </div>
   <div class='ocr_carea' id='block_1_85' title="bbox 2169 4024 3776 4092">
    <p class='ocr_par' dir='ltr' id='par_1_85' title="bbox 2169 4024 3776 4092">
     <span class='ocr_line' id='line_1_85' title="bbox 2169 4024 3776 4092; baseline 0.004 -16"><span class='ocrx_word' id='word_1_601' title='bbox 2169 4024 2253 4076; x_wconf 86' lang='lat' dir='ltr'><strong>vel</strong></span> <span class='ocrx_word' id='word_1_602' title='bbox 2283 4024 2369 4076; x_wconf 82' lang='lat' dir='ltr'><strong>cui</strong></span> <span class='ocrx_word' id='word_1_603' title='bbox 2397 4040 2596 4090; x_wconf 78' lang='lat' dir='ltr'><strong>quoque</strong></span> <span class='ocrx_word' id='word_1_604' title='bbox 2621 4027 2773 4077; x_wconf 84' lang='lat' dir='ltr'><strong>ricta.</strong></span> <span class='ocrx_word' id='word_1_605' title='bbox 2793 4025 2977 4080; x_wconf 87' lang='lat' dir='ltr'><strong>Deleta</strong></span> <span class='ocrx_word' id='word_1_606' title='bbox 3009 4025 3222 4092; x_wconf 73' lang='lat' dir='ltr'><strong>cenula.</strong></span> <span class='ocrx_word' id='word_1_607' title='bbox 3246 4027 3466 4081; x_wconf 73' lang='lat' dir='ltr'><strong>Veneta:</strong></span> <span class='ocrx_word' id='word_1_608' title='bbox 3499 4027 3623 4080; x_wconf 82' lang='lat' dir='ltr'><strong>edd.</strong></span> <span class='ocrx_word' id='word_1_609' title='bbox 3649 4046 3776 4083; x_wconf 78' lang='lat' dir='ltr'><strong>cum</strong></span> 
     </span>
    </p>
   </div>
   <div class='ocr_carea' id='block_1_86' title="bbox 2162 4095 3770 4169">
    <p class='ocr_par' dir='ltr' id='par_1_86' title="bbox 2162 4095 3770 4169">
     <span class='ocr_line' id='line_1_86' title="bbox 2162 4095 3770 4169; baseline 0.005 -22"><span class='ocrx_word' id='word_1_610' title='bbox 2162 4095 2332 4169; x_wconf 54' lang='lat' dir='ltr'><strong>prima</strong></span> <span class='ocrx_word' id='word_1_611' title='bbox 2378 4095 2610 4169; x_wconf 67' lang='lat' dir='ltr'><strong>malunt,</strong></span> <span class='ocrx_word' id='word_1_612' title='bbox 2645 4098 2728 4149; x_wconf 85' lang='lat' dir='ltr'><strong>eui</strong></span> <span class='ocrx_word' id='word_1_613' title='bbox 2754 4097 3049 4169; x_wconf 30' lang='lat' dir='ltr'><strong>t~icto.‘l’ro</strong></span> <span class='ocrx_word' id='word_1_614' title='bbox 3091 4099 3370 4169; x_wconf 67' lang='lat' dir='ltr'><strong>oppressit,</strong></span> <span class='ocrx_word' id='word_1_615' title='bbox 3405 4098 3496 4151; x_wconf 88' lang='lat' dir='ltr'><strong>ed.</strong></span> <span class='ocrx_word' id='word_1_616' title='bbox 3529 4098 3770 4166; x_wconf 73' lang='lat' dir='ltr'><strong>August.</strong></span> 
     </span>
    </p>
   </div>
   <div class='ocr_carea' id='block_1_87' title="bbox 2161 4164 3701 4236">
    <p class='ocr_par' dir='ltr' id='par_1_87' title="bbox 2161 4164 3701 4236">
     <span class='ocr_line' id='line_1_87' title="bbox 2161 4164 3701 4236; baseline 0.003 -17"><span class='ocrx_word' id='word_1_617' title='bbox 2161 4175 2214 4219; x_wconf 90' lang='lat' dir='ltr'><strong>et</strong></span> <span class='ocrx_word' id='word_1_618' title='bbox 2243 4164 2412 4236; x_wconf 50' lang='lat' dir='ltr'><strong>Lugtl.</strong></span> <span class='ocrx_word' id='word_1_619' title='bbox 2438 4164 2554 4218; x_wconf 78' lang='lat' dir='ltr'><strong>Bzit.</strong></span> <span class='ocrx_word' id='word_1_620' title='bbox 2583 4174 2730 4230; x_wconf 90' lang='lat' dir='ltr'><strong>tert.,</strong></span> <span class='ocrx_word' id='word_1_621' title='bbox 2760 4182 2884 4220; x_wconf 91' lang='lat' dir='ltr'><strong>cum</strong></span> <span class='ocrx_word' id='word_1_622' title='bbox 2907 4164 3045 4220; x_wconf 92' lang='lat' dir='ltr'><strong>Coll.</strong></span> <span class='ocrx_word' id='word_1_623' title='bbox 3077 4164 3347 4235; x_wconf 75' lang='lat' dir='ltr'><strong>Grenov.,</strong></span> <span class='ocrx_word' id='word_1_624' title='bbox 3373 4164 3701 4236; x_wconf 80' lang='lat' dir='ltr'><strong>compressit.</strong></span> 
     </span>
    </p>
   </div>
   <div class='ocr_carea' id='block_1_88' title="bbox 2236 4234 3124 4305">
    <p class='ocr_par' dir='ltr' id='par_1_88' title="bbox 2236 4234 3124 4305">
     <span class='ocr_line' id='line_1_88' title="bbox 2236 4234 3124 4305; baseline -0.001 -15"><span class='ocrx_word' id='word_1_625' title='bbox 2236 4237 2291 4290; x_wconf 85' lang='lat'><strong>9.</strong></span> <span class='ocrx_word' id='word_1_626' title='bbox 2335 4234 2544 4305; x_wconf 71' lang='lat' dir='ltr'><strong>Exegit.</strong></span> <span class='ocrx_word' id='word_1_627' title='bbox 2579 4237 2853 4302; x_wconf 80' lang='lat' dir='ltr'><strong>Perizoo.,</strong></span> <span class='ocrx_word' id='word_1_628' title='bbox 2884 4239 3124 4290; x_wconf 72' lang='lat' dir='ltr'><strong>extorsit.</strong></span> 
     </span>
    </p>
   </div>
   <div class='ocr_carea' id='block_1_89' title="bbox 2237 4305 3739 4380">
    <p class='ocr_par' dir='ltr' id='par_1_89' title="bbox 2237 4305 3739 4380">
     <span class='ocr_line' id='line_1_89' title="bbox 2237 4305 3739 4380; baseline 0.004 -21"><span class='ocrx_word' id='word_1_629' title='bbox 2237 4306 2326 4380; x_wconf 63' lang='lat' dir='ltr'><strong>il).</strong></span> <span class='ocrx_word' id='word_1_630' title='bbox 2370 4305 2550 4380; x_wconf 55' lang='lat' dir='ltr'><strong>Regna</strong></span> <span class='ocrx_word' id='word_1_631' title='bbox 2577 4323 2672 4361; x_wconf 90' lang='lat' dir='ltr'><strong>suo</strong></span> <span class='ocrx_word' id='word_1_632' title='bbox 2702 4310 2891 4377; x_wconf 77' lang='lat' dir='ltr'><strong>iunxit.</strong></span> <span class='ocrx_word' id='word_1_633' title='bbox 2924 4309 3222 4380; x_wconf 45' lang='lat' dir='ltr'><strong>EtLAug”</strong></span> <span class='ocrx_word' id='word_1_634' title='bbox 3246 4325 3406 4380; x_wconf 86' lang='lat' dir='ltr'><strong>regno</strong></span> <span class='ocrx_word' id='word_1_635' title='bbox 3437 4309 3739 4379; x_wconf 70' lang='lat' dir='ltr'><strong>subjuuxit.</strong></span> 
     </span>
    </p>
   </div>
   <div class='ocr_carea' id='block_1_90' title="bbox 2239 4375 3768 4450">
    <p class='ocr_par' dir='ltr' id='par_1_90' title="bbox 2239 4375 3768 4450">
     <span class='ocr_line' id='line_1_90' title="bbox 2239 4375 3768 4450; baseline 0.001 -18"><span class='ocrx_word' id='word_1_636' title='bbox 2239 4377 2339 4450; x_wconf 60' lang='lat' dir='ltr'><strong>fil.</strong></span> <span class='ocrx_word' id='word_1_637' title='bbox 2370 4375 2506 4450; x_wconf 68' lang='lat' dir='ltr'><strong>Tria</strong></span> <span class='ocrx_word' id='word_1_638' title='bbox 2525 4375 2859 4450; x_wconf 77' lang='lat' dir='ltr'><strong>perfugarum</strong></span> <span class='ocrx_word' id='word_1_639' title='bbox 2889 4379 3110 4450; x_wconf 84' lang='lat' dir='ltr'><strong>amplius</strong></span> <span class='ocrx_word' id='word_1_640' title='bbox 3139 4375 3326 4432; x_wconf 59' lang='lat' dir='ltr'><strong>millia:</strong></span> <span class='ocrx_word' id='word_1_641' title='bbox 3365 4381 3436 4432; x_wconf 83' lang='lat' dir='ltr'><strong>Ila</strong></span> <span class='ocrx_word' id='word_1_642' title='bbox 3469 4375 3593 4432; x_wconf 73' lang='lat' dir='ltr'><strong>cdzl.</strong></span> <span class='ocrx_word' id='word_1_643' title='bbox 3627 4381 3768 4437; x_wconf 63' lang='lat' dir='ltr'><strong>Lon.</strong></span> 
     </span>
    </p>
   </div>
   <div class='ocr_carea' id='block_1_91' title="bbox 550 4441 3771 4518">
    <p class='ocr_par' dir='ltr' id='par_1_91' title="bbox 550 4441 3771 4518">
     <span class='ocr_line' id='line_1_91' title="bbox 550 4441 3771 4518; baseline 0.003 -22"><span class='ocrx_word' id='word_1_644' title='bbox 550 4441 777 4518; x_wconf 72' lang='lat' dir='ltr'><strong>&#39;10.__Q._</strong></span> <span class='ocrx_word' id='word_1_645' title='bbox 798 4441 1030 4518; x_wconf 70' lang='lat' dir='ltr'><strong>Marcius</strong></span> <span class='ocrx_word' id='word_1_646' title='bbox 1068 4443 1285 4518; x_wconf 51' lang='lat' dir='ltr'><strong>consul.</strong></span> <span class='ocrx_word' id='word_1_647' title='bbox 1315 4443 1381 4509; x_wconf 86' lang='lat' dir='ltr'><strong>Q.</strong></span> <span class='ocrx_word' id='word_1_648' title='bbox 1432 4442 1670 4500; x_wconf 80' lang='lat' dir='ltr'><strong>Marcius</strong></span> <span class='ocrx_word' id='word_1_649' title='bbox 1716 4445 1832 4518; x_wconf 61' lang='lat' dir='ltr'><strong>Rea;</strong></span> <span class='ocrx_word' id='word_1_650' title='bbox 1872 4445 2059 4499; x_wconf 90' lang='lat' dir='ltr'><strong>consul</strong></span> <span class='ocrx_word' id='word_1_651' title='bbox 2089 4451 2141 4510; x_wconf 78' lang='grc' dir='ltr'><strong>Ι)</strong></span> <span class='ocrx_word' id='word_1_652' title='bbox 2166 4447 2292 4518; x_wconf 79' lang='lat' dir='ltr'><strong>gub.</strong></span> <span class='ocrx_word' id='word_1_653' title='bbox 2321 4447 2428 4518; x_wconf 75' lang='lat' dir='ltr'><strong>sed</strong></span> <span class='ocrx_word' id='word_1_654' title='bbox 2459 4441 2550 4501; x_wconf 87' lang='lat' dir='ltr'><strong>alii</strong></span> <span class='ocrx_word' id='word_1_655' title='bbox 2582 4441 2695 4501; x_wconf 66' lang='lat' dir='ltr'><strong>an;</strong></span> <span class='ocrx_word' id='word_1_656' title='bbox 2716 4449 2940 4518; x_wconf 83' lang='lat' dir='ltr'><strong>amplius</strong></span> <span class='ocrx_word' id='word_1_657' title='bbox 2976 4441 3152 4503; x_wconf 70' lang='lat' dir='ltr'><strong>millia</strong></span> <span class='ocrx_word' id='word_1_658' title='bbox 3192 4451 3273 4504; x_wconf 89' lang='lat' dir='ltr'><strong>vel</strong></span> <span class='ocrx_word' id='word_1_659' title='bbox 3305 4452 3407 4504; x_wconf 85' lang='lat' dir='ltr'><strong>tria</strong></span> <span class='ocrx_word' id='word_1_660' title='bbox 3438 4449 3602 4504; x_wconf 82' lang='lat' dir='ltr'><strong>millia</strong></span> <span class='ocrx_word' id='word_1_661' title='bbox 3649 4470 3771 4507; x_wconf 76' lang='lat' dir='ltr'><strong>ain-</strong></span> 
     </span>
    </p>
   </div>
   <div class='ocr_carea' id='block_1_92' title="bbox 476 4512 2059 4574">
    <p class='ocr_par' dir='ltr' id='par_1_92' title="bbox 476 4512 2059 4574">
     <span class='ocr_line' id='line_1_92' title="bbox 476 4512 2059 4574; baseline 0.005 -12"><span class='ocrx_word' id='word_1_662' title='bbox 476 4527 600 4566; x_wconf 92' lang='lat' dir='ltr'><strong>cum</strong></span> <span class='ocrx_word' id='word_1_663' title='bbox 640 4512 710 4566; x_wconf 76' lang='lat' dir='ltr'><strong>bl.</strong></span> <span class='ocrx_word' id='word_1_664' title='bbox 744 4513 938 4568; x_wconf 88' lang='lat' dir='ltr'><strong>Porcio</strong></span> <span class='ocrx_word' id='word_1_665' title='bbox 967 4515 1176 4569; x_wconf 86' lang='lat' dir='ltr'><strong>Catone</strong></span> <span class='ocrx_word' id='word_1_666' title='bbox 1213 4514 1315 4568; x_wconf 88' lang='lat' dir='ltr'><strong>fuit</strong></span> <span class='ocrx_word' id='word_1_667' title='bbox 1357 4531 1501 4570; x_wconf 90' lang='lat' dir='ltr'><strong>anno</strong></span> <span class='ocrx_word' id='word_1_668' title='bbox 1529 4529 1758 4574; x_wconf 78' lang='lat' dir='ltr'><strong>ccxxxv.</strong></span> <span class='ocrx_word' id='word_1_669' title='bbox 1815 4517 1892 4572; x_wconf 83' lang='lat' dir='ltr'><strong>De</strong></span> <span class='ocrx_word' id='word_1_670' title='bbox 1931 4531 1991 4572; x_wconf 83' lang='lat' dir='ltr'><strong>re</strong></span> <span class='ocrx_word' id='word_1_671' title='bbox 2028 4529 2059 4570; x_wconf 70' lang='grc' dir='ltr'>ι</span> 
     </span>
    </p>
   </div>
   <div class='ocr_carea' id='block_1_93' title="bbox 479 4581 1572 4654">
    <p class='ocr_par' dir='ltr' id='par_1_93' title="bbox 479 4581 1572 4654">
     <span class='ocr_line' id='line_1_93' title="bbox 479 4581 1572 4654; baseline 0.004 -18"><span class='ocrx_word' id='word_1_672' title='bbox 479 4581 683 4637; x_wconf 80' lang='lat' dir='ltr'><strong>Marcio</strong></span> <span class='ocrx_word' id='word_1_673' title='bbox 709 4595 874 4654; x_wconf 86' lang='lat' dir='ltr'><strong>gesta,</strong></span> <span class='ocrx_word' id='word_1_674' title='bbox 903 4584 1087 4639; x_wconf 84' lang='lat' dir='ltr'><strong>Livius</strong></span> <span class='ocrx_word' id='word_1_675' title='bbox 1117 4585 1214 4641; x_wconf 85' lang='lat' dir='ltr'><strong>lib.</strong></span> <span class='ocrx_word' id='word_1_676' title='bbox 1248 4601 1375 4639; x_wconf 75' lang='lat' dir='ltr'><strong>an.</strong></span> <span class='ocrx_word' id='word_1_677' title='bbox 1410 4586 1572 4640; x_wconf 68' lang='lat' dir='ltr'><strong>Fusa.</strong></span> 
     </span>
    </p>
   </div>
   <div class='ocr_carea' id='block_1_94' title="bbox 549 4654 1642 4720">
    <p class='ocr_par' dir='ltr' id='par_1_94' title="bbox 549 4654 1642 4720">
     <span class='ocr_line' id='line_1_94' title="bbox 549 4654 1642 4720; baseline 0.007 -14"><span class='ocrx_word' id='word_1_678' title='bbox 549 4655 637 4707; x_wconf 84' lang='grc' dir='ltr'><strong>Η.</strong></span> <span class='ocrx_word' id='word_1_679' title='bbox 681 4654 792 4709; x_wconf 85' lang='lat' dir='ltr'><strong>Sub</strong></span> <span class='ocrx_word' id='word_1_680' title='bbox 812 4656 1013 4710; x_wconf 86' lang='lat' dir='ltr'><strong>radice.</strong></span> <span class='ocrx_word' id='word_1_681' title='bbox 1040 4655 1207 4720; x_wconf 81' lang='lat' dir='ltr'><strong>Meus,</strong></span> <span class='ocrx_word' id='word_1_682' title='bbox 1241 4657 1334 4710; x_wconf 86' lang='lat' dir='ltr'><strong>sub</strong></span> <span class='ocrx_word' id='word_1_683' title='bbox 1357 4657 1642 4714; x_wconf 75' lang='lat' dir='ltr'><strong>radicibus.</strong></span> 
     </span>
    </p>
   </div>
   <div class='ocr_carea' id='block_1_95' title="bbox 548 4723 2061 4800">
    <p class='ocr_par' dir='ltr' id='par_1_95' title="bbox 548 4723 2061 4800">
     <span class='ocr_line' id='line_1_95' title="bbox 548 4723 2061 4800; baseline 0.003 -22"><span class='ocrx_word' id='word_1_684' title='bbox 548 4723 636 4800; x_wconf 58' lang='lat'><strong>1‘2.</strong></span> <span class='ocrx_word' id='word_1_685' title='bbox 664 4723 783 4800; x_wconf 68' lang='lat' dir='ltr'><strong>Qui</strong></span> <span class='ocrx_word' id='word_1_686' title='bbox 829 4727 1114 4800; x_wconf 73' lang='lat' dir='ltr'><strong>servitutis,</strong></span> <span class='ocrx_word' id='word_1_687' title='bbox 1158 4738 1282 4800; x_wconf 48' lang='lat' dir='ltr'><strong>etc.</strong></span> <span class='ocrx_word' id='word_1_688' title='bbox 1319 4727 1611 4800; x_wconf 87' lang='lat' dir='ltr'><strong>Perizon.,</strong></span> <span class='ocrx_word' id='word_1_689' title='bbox 1657 4729 1750 4800; x_wconf 89' lang='lat' dir='ltr'><strong>qui</strong></span> <span class='ocrx_word' id='word_1_690' title='bbox 1797 4728 2061 4784; x_wconf 80' lang='lat' dir='ltr'><strong>servitutis</strong></span> 
     </span>
    </p>
   </div>
   <div class='ocr_carea' id='block_1_96' title="bbox 477 4794 1484 4854">
    <p class='ocr_par' dir='ltr' id='par_1_96' title="bbox 477 4794 1484 4854">
     <span class='ocr_line' id='line_1_96' title="bbox 477 4794 1484 4854; baseline 0.005 -6"><span class='ocrx_word' id='word_1_691' title='bbox 477 4794 776 4849; x_wconf 84' lang='lat' dir='ltr'><strong>conditione</strong></span> <span class='ocrx_word' id='word_1_692' title='bbox 799 4798 955 4851; x_wconf 82' lang='lat' dir='ltr'><strong>vitam</strong></span> <span class='ocrx_word' id='word_1_693' title='bbox 977 4815 1008 4852; x_wconf 92' lang='lat' dir='ltr'><strong>a</strong></span> <span class='ocrx_word' id='word_1_694' title='bbox 1031 4808 1194 4852; x_wconf 86' lang='lat' dir='ltr'><strong>morte</strong></span> <span class='ocrx_word' id='word_1_695' title='bbox 1222 4797 1484 4854; x_wconf 80' lang='lat' dir='ltr'><strong>liberavit.</strong></span> 
     </span>
    </p>
   </div>
   <div class='ocr_carea' id='block_1_97' title="bbox 545 4865 2064 4926">
    <p class='ocr_par' dir='ltr' id='par_1_97' title="bbox 545 4865 2064 4926">
     <span class='ocr_line' id='line_1_97' title="bbox 545 4865 2064 4926; baseline 0.004 -7"><span class='ocrx_word' id='word_1_696' title='bbox 545 4865 676 4919; x_wconf 77' lang='lat' dir='ltr'><strong>CAP.</strong></span> <span class='ocrx_word' id='word_1_697' title='bbox 708 4865 900 4922; x_wconf 49' lang='grc' dir='ltr'><strong>ΧΨ-</strong></span> <span class='ocrx_word' id='word_1_698' title='bbox 921 4871 973 4924; x_wconf 75' lang='grc'><strong>1.</strong></span> <span class='ocrx_word' id='word_1_699' title='bbox 1002 4869 1155 4922; x_wconf 79' lang='lat' dir='ltr'><strong>Anno</strong></span> <span class='ocrx_word' id='word_1_700' title='bbox 1182 4868 1244 4922; x_wconf 88' lang='lat' dir='ltr'><strong>ab</strong></span> <span class='ocrx_word' id='word_1_701' title='bbox 1285 4867 1412 4924; x_wconf 87' lang='lat' dir='ltr'><strong>Urb.</strong></span> <span class='ocrx_word' id='word_1_702' title='bbox 1442 4869 1596 4923; x_wconf 84' lang='lat' dir='ltr'><strong>cond.</strong></span> <span class='ocrx_word' id='word_1_703' title='bbox 1640 4884 1897 4926; x_wconf 69' lang='lat' dir='ltr'><strong>ncxxxm.</strong></span> <span class='ocrx_word' id='word_1_704' title='bbox 1925 4869 2064 4925; x_wconf 81' lang='lat' dir='ltr'><strong>Aliis</strong></span> 
     </span>
    </p>
   </div>
   <div class='ocr_carea' id='block_1_98' title="bbox 468 4937 2062 5011">
    <p class='ocr_par' dir='ltr' id='par_1_98' title="bbox 468 4937 2062 5011">
     <span class='ocr_line' id='line_1_98' title="bbox 468 4937 2062 5011; baseline 0.003 -19"><span class='ocrx_word' id='word_1_705' title='bbox 468 4944 554 5011; x_wconf 79' lang='lat' dir='ltr'><strong>est</strong></span> <span class='ocrx_word' id='word_1_706' title='bbox 583 4951 758 4990; x_wconf 87' lang='lat' dir='ltr'><strong>annus</strong></span> <span class='ocrx_word' id='word_1_707' title='bbox 785 4937 872 4994; x_wconf 90' lang='lat' dir='ltr'><strong>hic</strong></span> <span class='ocrx_word' id='word_1_708' title='bbox 899 4955 1097 4996; x_wconf 73' lang='lat' dir='ltr'><strong>neutr.</strong></span> <span class='ocrx_word' id='word_1_709' title='bbox 1129 4938 1336 4996; x_wconf 87' lang='lat' dir='ltr'><strong>Bellum</strong></span> <span class='ocrx_word' id='word_1_710' title='bbox 1355 4939 1760 5011; x_wconf 87' lang='lat' dir='ltr'><strong>Jugurthinum,</strong></span> <span class='ocrx_word' id='word_1_711' title='bbox 1793 4956 1857 4994; x_wconf 81' lang='lat' dir='ltr'><strong>ex</strong></span> <span class='ocrx_word' id='word_1_712' title='bbox 1885 4941 2062 4997; x_wconf 88' lang='lat' dir='ltr'><strong>Sallu-</strong></span> 
     </span>
    </p>
   </div>
   <div class='ocr_carea' id='block_1_99' title="bbox 472 5007 2061 5082">
    <p class='ocr_par' dir='ltr' id='par_1_99' title="bbox 472 5007 2061 5082">
     <span class='ocr_line' id='line_1_99' title="bbox 472 5007 2061 5082; baseline 0.003 -21"><span class='ocrx_word' id='word_1_713' title='bbox 472 5007 578 5062; x_wconf 92' lang='lat' dir='ltr'><strong>stio</strong></span> <span class='ocrx_word' id='word_1_714' title='bbox 604 5017 792 5062; x_wconf 90' lang='lat' dir='ltr'><strong>notum</strong></span> <span class='ocrx_word' id='word_1_715' title='bbox 821 5023 926 5082; x_wconf 84' lang='lat' dir='ltr'><strong>est.</strong></span> <span class='ocrx_word' id='word_1_716' title='bbox 968 5011 1218 5082; x_wconf 80' lang='lat' dir='ltr'><strong>Legenda</strong></span> <span class='ocrx_word' id='word_1_717' title='bbox 1248 5007 1492 5082; x_wconf 77' lang='lat' dir='ltr'><strong>Epitoma</strong></span> <span class='ocrx_word' id='word_1_718' title='bbox 1539 5011 1759 5082; x_wconf 80' lang='lat' dir='ltr'><strong>Liviana</strong></span> <span class='ocrx_word' id='word_1_719' title='bbox 1805 5026 1926 5066; x_wconf 75' lang='lat' dir='ltr'><strong>LXIV</strong></span> <span class='ocrx_word' id='word_1_720' title='bbox 1958 5027 2061 5066; x_wconf 90' lang='lat' dir='ltr'><strong>una</strong></span> 
     </span>
    </p>
   </div>
   <div class='ocr_carea' id='block_1_100' title="bbox 472 5081 2061 5151">
    <p class='ocr_par' dir='ltr' id='par_1_100' title="bbox 472 5081 2061 5151">
     <span class='ocr_line' id='line_1_100' title="bbox 472 5081 2061 5151; baseline 0.004 -21"><span class='ocrx_word' id='word_1_721' title='bbox 472 5091 594 5151; x_wconf 82' lang='lat' dir='ltr'><strong>eum</strong></span> <span class='ocrx_word' id='word_1_722' title='bbox 616 5081 987 5146; x_wconf 90' lang='lat' dir='ltr'><strong>sequentibus.</strong></span> <span class='ocrx_word' id='word_1_723' title='bbox 1015 5081 1070 5136; x_wconf 83' lang='lat' dir='ltr'><strong>lu</strong></span> <span class='ocrx_word' id='word_1_724' title='bbox 1103 5081 1298 5137; x_wconf 90' lang='lat' dir='ltr'><strong>Orosio</strong></span> <span class='ocrx_word' id='word_1_725' title='bbox 1327 5081 1573 5136; x_wconf 89' lang='lat' dir='ltr'><strong>invenies</strong></span> <span class='ocrx_word' id='word_1_726' title='bbox 1602 5081 1848 5151; x_wconf 67' lang='lat' dir='ltr'><strong>quaedam</strong></span> <span class='ocrx_word' id='word_1_727' title='bbox 1875 5099 1906 5136; x_wconf 93' lang='lat' dir='ltr'><strong>a</strong></span> <span class='ocrx_word' id='word_1_728' title='bbox 1937 5083 2061 5138; x_wconf 86' lang='lat' dir='ltr'><strong>Sal-</strong></span> 
     </span>
    </p>
   </div>
   <div class='ocr_carea' id='block_1_101' title="bbox 468 5148 2060 5222">
    <p class='ocr_par' dir='ltr' id='par_1_101' title="bbox 468 5148 2060 5222">
     <span class='ocr_line' id='line_1_101' title="bbox 468 5148 2060 5222; baseline 0.003 -21"><span class='ocrx_word' id='word_1_729' title='bbox 468 5148 632 5204; x_wconf 87' lang='lat' dir='ltr'><strong>lustio</strong></span> <span class='ocrx_word' id='word_1_730' title='bbox 659 5165 766 5222; x_wconf 83' lang='lat' dir='ltr'><strong>non</strong></span> <span class='ocrx_word' id='word_1_731' title='bbox 805 5151 876 5206; x_wconf 87' lang='lat' dir='ltr'><strong>ita</strong></span> <span class='ocrx_word' id='word_1_732' title='bbox 921 5167 1200 5222; x_wconf 84' lang='lat' dir='ltr'><strong>expressa.</strong></span> <span class='ocrx_word' id='word_1_733' title='bbox 1236 5151 1400 5208; x_wconf 57' lang='lat' dir='ltr'><strong>Fusa.</strong></span> <span class='ocrx_word' id='word_1_734' title='bbox 1428 5181 1498 5192; x_wconf 89' lang='lat'><strong>—</strong></span> <span class='ocrx_word' id='word_1_735' title='bbox 1520 5151 1576 5208; x_wconf 90' lang='lat' dir='ltr'><strong>ln</strong></span> <span class='ocrx_word' id='word_1_736' title='bbox 1615 5148 1788 5222; x_wconf 82' lang='lat' dir='ltr'><strong>Lugd.</strong></span> <span class='ocrx_word' id='word_1_737' title='bbox 1823 5153 1962 5208; x_wconf 86' lang='lat' dir='ltr'><strong>Batt.</strong></span> <span class='ocrx_word' id='word_1_738' title='bbox 2007 5152 2060 5207; x_wconf 87' lang='lat' dir='ltr'><strong>in</strong></span> 
     </span>
    </p>
   </div>
   <div class='ocr_carea' id='block_1_102' title="bbox 474 5221 2058 5295">
    <p class='ocr_par' dir='ltr' id='par_1_102' title="bbox 474 5221 2058 5295">
     <span class='ocr_line' id='line_1_102' title="bbox 474 5221 2058 5295; baseline 0.003 -22"><span class='ocrx_word' id='word_1_739' title='bbox 474 5229 599 5295; x_wconf 80' lang='lat' dir='ltr'><strong>tert.</strong></span> <span class='ocrx_word' id='word_1_740' title='bbox 631 5221 873 5290; x_wconf 88' lang='lat' dir='ltr'><strong>quidem,</strong></span> <span class='ocrx_word' id='word_1_741' title='bbox 907 5234 966 5280; x_wconf 94' lang='lat' dir='ltr'><strong>ut</strong></span> <span class='ocrx_word' id='word_1_742' title='bbox 993 5221 1048 5280; x_wconf 87' lang='lat' dir='ltr'><strong>et</strong></span> <span class='ocrx_word' id='word_1_743' title='bbox 1075 5223 1216 5279; x_wconf 85' lang='lat' dir='ltr'><strong>Coll.</strong></span> <span class='ocrx_word' id='word_1_744' title='bbox 1252 5222 1516 5290; x_wconf 89' lang='lat' dir='ltr'><strong>Gronov.,</strong></span> <span class='ocrx_word' id='word_1_745' title='bbox 1564 5240 1786 5280; x_wconf 85' lang='lat' dir='ltr'><strong>ncxxxn</strong></span> <span class='ocrx_word' id='word_1_746' title='bbox 1829 5224 2058 5295; x_wconf 87' lang='lat' dir='ltr'><strong>legitur;</strong></span> 
     </span>
    </p>
   </div>
   <div class='ocr_carea' id='block_1_103' title="bbox 473 5291 1763 5364">
    <p class='ocr_par' dir='ltr' id='par_1_103' title="bbox 473 5291 1763 5364">
     <span class='ocr_line' id='line_1_103' title="bbox 473 5291 1763 5364; baseline 0.003 -19"><span class='ocrx_word' id='word_1_747' title='bbox 473 5301 528 5345; x_wconf 84' lang='lat' dir='ltr'><strong>at</strong></span> <span class='ocrx_word' id='word_1_748' title='bbox 553 5291 608 5364; x_wconf 79' lang='lat' dir='ltr'><strong>in</strong></span> <span class='ocrx_word' id='word_1_749' title='bbox 640 5307 751 5364; x_wconf 72' lang='lat' dir='ltr'><strong>see.</strong></span> <span class='ocrx_word' id='word_1_750' title='bbox 785 5306 998 5364; x_wconf 87' lang='lat' dir='ltr'><strong>quarto,</strong></span> <span class='ocrx_word' id='word_1_751' title='bbox 1034 5295 1278 5350; x_wconf 88' lang='lat' dir='ltr'><strong>Perizon.</strong></span> <span class='ocrx_word' id='word_1_752' title='bbox 1311 5303 1367 5349; x_wconf 88' lang='lat' dir='ltr'><strong>et</strong></span> <span class='ocrx_word' id='word_1_753' title='bbox 1392 5295 1535 5363; x_wconf 81' lang='lat' dir='ltr'><strong>Meo,</strong></span> <span class='ocrx_word' id='word_1_754' title='bbox 1566 5311 1763 5351; x_wconf 84' lang='lat' dir='ltr'><strong>nxxxv.</strong></span> 
     </span>
    </p>
   </div>
   <div class='ocr_carea' id='block_1_104' title="bbox 541 5361 2063 5437">
    <p class='ocr_par' dir='ltr' id='par_1_104' title="bbox 541 5361 2063 5437">
     <span class='ocr_line' id='line_1_104' title="bbox 541 5361 2063 5437; baseline 0.005 -23"><span class='ocrx_word' id='word_1_755' title='bbox 541 5362 598 5414; x_wconf 76' lang='lat'><strong>2.</strong></span> <span class='ocrx_word' id='word_1_756' title='bbox 631 5361 774 5437; x_wconf 74' lang='lat' dir='ltr'><strong>satis</strong></span> <span class='ocrx_word' id='word_1_757' title='bbox 801 5361 1086 5437; x_wconf 55' lang='lat' dir='ltr'><strong>Sufficiens.</strong></span> <span class='ocrx_word' id='word_1_758' title='bbox 1122 5366 1219 5437; x_wconf 82' lang='lat' dir='ltr'><strong>Ed.</strong></span> <span class='ocrx_word' id='word_1_759' title='bbox 1263 5361 1526 5436; x_wconf 80' lang='lat' dir='ltr'><strong>August.,</strong></span> <span class='ocrx_word' id='word_1_760' title='bbox 1564 5368 1917 5437; x_wconf 83' lang='lat' dir='ltr'><strong>satisfaciens.</strong></span> <span class='ocrx_word' id='word_1_761' title='bbox 1958 5367 2063 5422; x_wconf 89' lang='lat' dir='ltr'><strong>Pro</strong></span> 
     </span>
    </p>
   </div>
   <div class='ocr_carea' id='block_1_105' title="bbox 475 5433 2062 5512">
    <p class='ocr_par' dir='ltr' id='par_1_105' title="bbox 475 5433 2062 5512">
     <span class='ocr_line' id='line_1_105' title="bbox 475 5433 2062 5512; baseline 0.005 -26"><span class='ocrx_word' id='word_1_762' title='bbox 475 5433 876 5512; x_wconf 66' lang='lat' dir='ltr'><strong>prcstrinmerim</strong></span> <span class='ocrx_word' id='word_1_763' title='bbox 909 5435 1054 5491; x_wconf 86' lang='lat' dir='ltr'><strong>Flor.</strong></span> <span class='ocrx_word' id='word_1_764' title='bbox 1089 5452 1171 5512; x_wconf 69' lang='lat' dir='ltr'><strong>pr.</strong></span> <span class='ocrx_word' id='word_1_765' title='bbox 1206 5433 1372 5512; x_wconf 53' lang='lat' dir='ltr'><strong>habet&#39;</strong></span> <span class='ocrx_word' id='word_1_766' title='bbox 1393 5433 1710 5493; x_wconf 74' lang='lat' dir='ltr'><strong>strinxerim.</strong></span> <span class='ocrx_word' id='word_1_767' title='bbox 1741 5438 1862 5493; x_wconf 85' lang='lat' dir='ltr'><strong>Mox</strong></span> <span class='ocrx_word' id='word_1_768' title='bbox 1893 5440 1946 5495; x_wconf 91' lang='lat' dir='ltr'><strong>in</strong></span> <span class='ocrx_word' id='word_1_769' title='bbox 1987 5439 2062 5494; x_wconf 89' lang='lat' dir='ltr'><strong>ita</strong></span> 
     </span>
    </p>
   </div>
   <div class='ocr_carea' id='block_1_106' title="bbox 473 5503 1542 5566">
    <p class='ocr_par' dir='ltr' id='par_1_106' title="bbox 473 5503 1542 5566">
     <span class='ocr_line' id='line_1_106' title="bbox 473 5503 1542 5566; baseline 0.009 -12"><span class='ocrx_word' id='word_1_770' title='bbox 473 5510 520 5555; x_wconf 83' lang='lat' dir='ltr'><strong>et</strong></span> <span class='ocrx_word' id='word_1_771' title='bbox 544 5503 981 5566; x_wconf 81' lang='lat' dir='ltr'><strong>coniunctionem</strong></span> <span class='ocrx_word' id='word_1_772' title='bbox 1012 5515 1060 5560; x_wconf 87' lang='lat' dir='ltr'><strong>et</strong></span> <span class='ocrx_word' id='word_1_773' title='bbox 1081 5503 1226 5561; x_wconf 87' lang='lat' dir='ltr'><strong>delet</strong></span> <span class='ocrx_word' id='word_1_774' title='bbox 1246 5506 1394 5562; x_wconf 92' lang='lat' dir='ltr'><strong>Flor.</strong></span> <span class='ocrx_word' id='word_1_775' title='bbox 1429 5524 1542 5564; x_wconf 86' lang='lat' dir='ltr'><strong>sec.</strong></span> 
     </span>
    </p>
   </div>
   <div class='ocr_carea' id='block_1_107' title="bbox 469 5570 2061 5714">
    <p class='ocr_par' dir='ltr' id='par_1_107' title="bbox 469 5570 2061 5714">
     <span class='ocr_line' id='line_1_107' title="bbox 537 5570 2061 5652; baseline 0.006 -24"><span class='ocrx_word' id='word_1_776' title='bbox 537 5574 592 5629; x_wconf 80' lang='grc'><strong>5.</strong></span> <span class='ocrx_word' id='word_1_777' title='bbox 611 5570 916 5643; x_wconf 74' lang='lat' dir='ltr'><strong>eresque.</strong></span> <span class='ocrx_word' id='word_1_778' title='bbox 935 5577 1086 5634; x_wconf 82' lang='lat' dir='ltr'><strong>Meus</strong></span> <span class='ocrx_word' id='word_1_779' title='bbox 1100 5575 1358 5648; x_wconf 78' lang='lat' dir='ltr'><strong>Itwresqne</strong></span> <span class='ocrx_word' id='word_1_780' title='bbox 1373 5581 1655 5648; x_wconf 80' lang='lat' dir='ltr'><strong>institutus,</strong></span> <span class='ocrx_word' id='word_1_781' title='bbox 1677 5579 1818 5636; x_wconf 89' lang='lat' dir='ltr'><strong>idem</strong></span> <span class='ocrx_word' id='word_1_782' title='bbox 1839 5583 1950 5652; x_wconf 83' lang='lat' dir='ltr'><strong>ejus</strong></span> <span class='ocrx_word' id='word_1_783' title='bbox 1966 5579 2061 5637; x_wconf 86' lang='lat' dir='ltr'><strong>do-</strong></span> 
     </span>
     <span class='ocr_line' id='line_1_108' title="bbox 469 5640 876 5714; baseline 0.015 -19"><span class='ocrx_word' id='word_1_784' title='bbox 469 5640 543 5699; x_wconf 90' lang='lat' dir='ltr'><strong>let</strong></span> <span class='ocrx_word' id='word_1_785' title='bbox 560 5654 690 5700; x_wconf 87' lang='lat' dir='ltr'><strong>ante</strong></span> <span class='ocrx_word' id='word_1_786' title='bbox 717 5644 876 5714; x_wconf 80' lang='lat' dir='ltr'><strong>ﬁlios.</strong></span> 
     </span>
    </p>
   </div>
   <div class='ocr_carea' id='block_1_108' title="bbox 487 5654 876 5701">
    <p class='ocr_par' dir='ltr' id='par_1_108' title="bbox 487 5654 876 5701">
     <span class='ocr_line' id='line_1_109' title="bbox 487 5654 876 5701; baseline 0.005 -2"><span class='ocrx_word' id='word_1_787' title='bbox 487 5654 543 5699; x_wconf 90' lang='lat' dir='ltr'><strong>et</strong></span> <span class='ocrx_word' id='word_1_788' title='bbox 560 5654 690 5700; x_wconf 87' lang='lat' dir='ltr'><strong>ante</strong></span> <span class='ocrx_word' id='word_1_789' title='bbox 718 5654 876 5701; x_wconf 77' lang='lat' dir='ltr'><strong>tutos.</strong></span> 
     </span>
    </p>
   </div>
   <div class='ocr_carea' id='block_1_109' title="bbox 534 5715 2055 5794">
    <p class='ocr_par' dir='ltr' id='par_1_109' title="bbox 534 5715 2055 5794">
     <span class='ocr_line' id='line_1_110' title="bbox 534 5715 2055 5794; baseline 0.007 -24"><span class='ocrx_word' id='word_1_790' title='bbox 534 5716 592 5770; x_wconf 79' lang='grc'><strong>4.</strong></span> <span class='ocrx_word' id='word_1_791' title='bbox 632 5715 998 5794; x_wconf 70' lang='lat' dir='ltr'><strong>A_t_lherbale_m.</strong></span> <span class='ocrx_word' id='word_1_792' title='bbox 1029 5717 1166 5777; x_wconf 81' lang='lat' dir='ltr'><strong>Tres</strong></span> <span class='ocrx_word' id='word_1_793' title='bbox 1189 5715 1357 5790; x_wconf 86' lang='lat' dir='ltr'><strong>Lugd.</strong></span> <span class='ocrx_word' id='word_1_794' title='bbox 1394 5721 1559 5794; x_wconf 86' lang='lat' dir='ltr'><strong>Batt.,</strong></span> <span class='ocrx_word' id='word_1_795' title='bbox 1585 5738 1706 5780; x_wconf 91' lang='lat' dir='ltr'><strong>cum</strong></span> <span class='ocrx_word' id='word_1_796' title='bbox 1736 5722 1878 5781; x_wconf 87' lang='lat' dir='ltr'><strong>Coli.</strong></span> <span class='ocrx_word' id='word_1_797' title='bbox 1910 5722 2055 5780; x_wconf 86' lang='lat' dir='ltr'><strong>Gro-</strong></span> 
     </span>
    </p>
   </div>
   <div class='ocr_carea' id='block_1_110' title="bbox 463 5784 1023 5850">
    <p class='ocr_par' dir='ltr' id='par_1_110' title="bbox 463 5784 1023 5850">
     <span class='ocr_line' id='line_1_111' title="bbox 463 5784 1023 5850; baseline 0.016 -15"><span class='ocrx_word' id='word_1_798' title='bbox 463 5797 587 5840; x_wconf 86' lang='lat' dir='ltr'><strong>nov.</strong></span> <span class='ocrx_word' id='word_1_799' title='bbox 601 5825 615 5850; x_wconf 90' lang='lat'><strong>,</strong></span> <span class='ocrx_word' id='word_1_800' title='bbox 652 5784 1023 5846; x_wconf 65' lang='lat' dir='ltr'><strong>[latter-bullam.</strong></span> 
     </span>
    </p>
   </div>
   <div class='ocr_carea' id='block_1_111' title="bbox 2167 4517 3773 4596">
    <p class='ocr_par' dir='ltr' id='par_1_111' title="bbox 2167 4517 3773 4596">
     <span class='ocr_line' id='line_1_112' title="bbox 2167 4517 3773 4596; baseline 0.002 -24"><span class='ocrx_word' id='word_1_801' title='bbox 2167 4517 2327 4588; x_wconf 77' lang='lat' dir='ltr'><strong>plius.</strong></span> <span class='ocrx_word' id='word_1_802' title='bbox 2359 4517 2494 4573; x_wconf 86' lang='lat' dir='ltr'><strong>Cod.</strong></span> <span class='ocrx_word' id='word_1_803' title='bbox 2531 4517 2810 4588; x_wconf 74' lang='lat' dir='ltr'><strong>Perisou.,</strong></span> <span class='ocrx_word' id='word_1_804' title='bbox 2843 4521 2943 4574; x_wconf 82' lang='lat' dir='ltr'><strong>tria</strong></span> <span class='ocrx_word' id='word_1_805' title='bbox 2988 4530 3034 4574; x_wconf 84' lang='lat' dir='ltr'><strong>et</strong></span> <span class='ocrx_word' id='word_1_806' title='bbox 3073 4522 3298 4592; x_wconf 83' lang='lat' dir='ltr'><strong>amplius</strong></span> <span class='ocrx_word' id='word_1_807' title='bbox 3323 4521 3490 4574; x_wconf 86' lang='lat' dir='ltr'><strong>millia</strong></span> <span class='ocrx_word' id='word_1_808' title='bbox 3520 4525 3773 4596; x_wconf 67' lang='lat' dir='ltr'><strong>perfuga-</strong></span> 
     </span>
    </p>
   </div>
   <div class='ocr_carea' id='block_1_112' title="bbox 2165 4605 3770 4736">
    <p class='ocr_par' dir='ltr' id='par_1_112' title="bbox 2165 4605 3770 4736">
     <span class='ocr_line' id='line_1_113' title="bbox 2165 4605 3770 4736; baseline 0.003 -20"><span class='ocrx_word' id='word_1_809' title='bbox 2165 4605 2330 4736; x_wconf 33' lang='lat' dir='ltr'><strong>fmlné.</strong></span> <span class='ocrx_word' id='word_1_810' title='bbox 2373 4661 2611 4736; x_wconf 71' lang='lat' dir='ltr'><strong>Incertus</strong></span> <span class='ocrx_word' id='word_1_811' title='bbox 2638 4660 2690 4712; x_wconf 86' lang='lat' dir='ltr'><strong>in</strong></span> <span class='ocrx_word' id='word_1_812' title='bbox 2740 4660 3018 4736; x_wconf 74' lang='lat' dir='ltr'><strong>pac_e._Ed.</strong></span> <span class='ocrx_word' id='word_1_813' title='bbox 3052 4661 3277 4732; x_wconf 83' lang='lat' dir='ltr'><strong>August.</strong></span> <span class='ocrx_word' id='word_1_814' title='bbox 3334 4635 3494 4736; x_wconf 81' lang='lat' dir='ltr'><strong>habet</strong></span> <span class='ocrx_word' id='word_1_815' title='bbox 3528 4679 3770 4736; x_wconf 82' lang='lat' dir='ltr'><strong>rerep&#39;us</strong></span> 
     </span>
    </p>
   </div>
   <div class='ocr_carea' id='block_1_113' title="bbox 2163 4731 3761 4803">
    <p class='ocr_par' dir='ltr' id='par_1_113' title="bbox 2163 4731 3761 4803">
     <span class='ocr_line' id='line_1_114' title="bbox 2163 4731 3761 4803; baseline 0.003 -17"><span class='ocrx_word' id='word_1_816' title='bbox 2163 4732 2219 4786; x_wconf 89' lang='lat' dir='ltr'><strong>in</strong></span> <span class='ocrx_word' id='word_1_817' title='bbox 2250 4748 2374 4801; x_wconf 86' lang='lat' dir='ltr'><strong>pace</strong></span> <span class='ocrx_word' id='word_1_818' title='bbox 2399 4732 2484 4786; x_wconf 89' lang='lat' dir='ltr'><strong>vel</strong></span> <span class='ocrx_word' id='word_1_819' title='bbox 2513 4747 2709 4800; x_wconf 78' lang='lat' dir='ltr'><strong>pacem.</strong></span> <span class='ocrx_word' id='word_1_820' title='bbox 2735 4733 2850 4803; x_wconf 89' lang='lat' dir='ltr'><strong>Sed</strong></span> <span class='ocrx_word' id='word_1_821' title='bbox 2878 4731 3155 4803; x_wconf 58' lang='lat' dir='ltr'><strong>Jugurtha:</strong></span> <span class='ocrx_word' id='word_1_822' title='bbox 3184 4748 3288 4803; x_wconf 82' lang='lat' dir='ltr'><strong>pax</strong></span> <span class='ocrx_word' id='word_1_823' title='bbox 3320 4733 3445 4788; x_wconf 83' lang='lat' dir='ltr'><strong>data</strong></span> <span class='ocrx_word' id='word_1_824' title='bbox 3475 4751 3582 4789; x_wconf 86' lang='lat' dir='ltr'><strong>non</strong></span> <span class='ocrx_word' id='word_1_825' title='bbox 3625 4731 3721 4791; x_wconf 69' lang='lat' dir='ltr'><strong>fuit</strong></span> <span class='ocrx_word' id='word_1_826' title='bbox 3747 4780 3761 4802; x_wconf 93' lang='lat'><strong>,</strong></span> 
     </span>
    </p>
   </div>
   <div class='ocr_carea' id='block_1_114' title="bbox 2165 4802 3760 4875">
    <p class='ocr_par' dir='ltr' id='par_1_114' title="bbox 2165 4802 3760 4875">
     <span class='ocr_line' id='line_1_115' title="bbox 2165 4802 3760 4875; baseline 0.003 -16"><span class='ocrx_word' id='word_1_827' title='bbox 2165 4802 2805 4875; x_wconf 65' lang='lat' dir='ltr'><strong>Metelloautenrstzttim</strong></span> <span class='ocrx_word' id='word_1_828' title='bbox 2836 4802 3100 4858; x_wconf 86' lang='lat' dir='ltr'><strong>successit</strong></span> <span class='ocrx_word' id='word_1_829' title='bbox 3136 4802 3358 4859; x_wconf 79' lang='lat' dir='ltr'><strong>Marius.</strong></span> <span class='ocrx_word' id='word_1_830' title='bbox 3384 4807 3455 4859; x_wconf 83' lang='lat' dir='ltr'><strong>At</strong></span> <span class='ocrx_word' id='word_1_831' title='bbox 3493 4805 3760 4875; x_wconf 87' lang='lat' dir='ltr'><strong>Jugurtha</strong></span> 
     </span>
    </p>
   </div>
   <div class='ocr_carea' id='block_1_115' title="bbox 2165 4871 3762 4947">
    <p class='ocr_par' dir='ltr' id='par_1_115' title="bbox 2165 4871 3762 4947">
     <span class='ocr_line' id='line_1_116' title="bbox 2165 4871 3762 4947; baseline 0.004 -21"><span class='ocrx_word' id='word_1_832' title='bbox 2165 4875 2278 4947; x_wconf 81' lang='lat' dir='ltr'><strong>suis</strong></span> <span class='ocrx_word' id='word_1_833' title='bbox 2305 4873 2514 4947; x_wconf 82' lang='lat' dir='ltr'><strong>artibus</strong></span> <span class='ocrx_word' id='word_1_834' title='bbox 2532 4888 2562 4927; x_wconf 91' lang='lat' dir='ltr'><strong>a</strong></span> <span class='ocrx_word' id='word_1_835' title='bbox 2594 4871 2811 4947; x_wconf 82' lang='lat' dir='ltr'><strong>Metello</strong></span> <span class='ocrx_word' id='word_1_836' title='bbox 2831 4875 3051 4947; x_wconf 83' lang='lat' dir='ltr'><strong>petitus,</strong></span> <span class='ocrx_word' id='word_1_837' title='bbox 3083 4871 3606 4947; x_wconf 9' lang='lat' dir='ltr'><strong>quantvis,rtraditi&#39;s</strong></span> <span class='ocrx_word' id='word_1_838' title='bbox 3640 4894 3762 4947; x_wconf 88' lang='lat' dir='ltr'><strong>per-</strong></span> 
     </span>
    </p>
   </div>
   <div class='ocr_carea' id='block_1_116' title="bbox 2167 4943 3770 5014">
    <p class='ocr_par' dir='ltr' id='par_1_116' title="bbox 2167 4943 3770 5014">
     <span class='ocr_line' id='line_1_117' title="bbox 2167 4943 3770 5014; baseline 0.006 -18"><span class='ocrx_word' id='word_1_839' title='bbox 2167 4944 2328 5014; x_wconf 85' lang='lat' dir='ltr'><strong>fugis,</strong></span> <span class='ocrx_word' id='word_1_840' title='bbox 2363 4944 2624 4998; x_wconf 90' lang='lat' dir='ltr'><strong>hactenus</strong></span> <span class='ocrx_word' id='word_1_841' title='bbox 2656 4943 2920 5014; x_wconf 86' lang='lat' dir='ltr'><strong>itnperata</strong></span> <span class='ocrx_word' id='word_1_842' title='bbox 2937 4943 3184 5013; x_wconf 75' lang='lat' dir='ltr'><strong>fecisset,</strong></span> <span class='ocrx_word' id='word_1_843' title='bbox 3208 4945 3408 5000; x_wconf 85' lang='lat' dir='ltr'><strong>diffidit</strong></span> <span class='ocrx_word' id='word_1_844' title='bbox 3439 4954 3619 5003; x_wconf 84' lang='lat' dir='ltr'><strong>tamen</strong></span> <span class='ocrx_word' id='word_1_845' title='bbox 3642 4943 3770 5005; x_wconf 51' lang='lat' dir='ltr'><strong>&#39;me-</strong></span> 
     </span>
    </p>
   </div>
   <div class='ocr_carea' id='block_1_117' title="bbox 2166 5015 3321 5071">
    <p class='ocr_par' dir='ltr' id='par_1_117' title="bbox 2166 5015 3321 5071">
     <span class='ocr_line' id='line_1_118' title="bbox 2166 5015 3321 5071; baseline 0.002 -2"><span class='ocrx_word' id='word_1_846' title='bbox 2166 5015 2272 5069; x_wconf 88' lang='lat' dir='ltr'><strong>rito</strong></span> <span class='ocrx_word' id='word_1_847' title='bbox 2297 5015 2575 5071; x_wconf 77' lang='lat' dir='ltr'><strong>Romanis.</strong></span> <span class='ocrx_word' id='word_1_848' title='bbox 3315 5042 3321 5048; x_wconf 63' lang='grc' dir='ltr'><em>α</em></span> 
     </span>
    </p>
   </div>
   <div class='ocr_carea' id='block_1_118' title="bbox 2241 5083 3758 5156">
    <p class='ocr_par' dir='ltr' id='par_1_118' title="bbox 2241 5083 3758 5156">
     <span class='ocr_line' id='line_1_119' title="bbox 2241 5083 3758 5156; baseline 0.007 -18"><span class='ocrx_word' id='word_1_849' title='bbox 2241 5086 2327 5140; x_wconf 76' lang='grc'><strong>15.</strong></span> <span class='ocrx_word' id='word_1_850' title='bbox 2367 5083 2600 5156; x_wconf 73' lang='lat' dir='ltr'><strong>Cohibet.</strong></span> <span class='ocrx_word' id='word_1_851' title='bbox 2630 5083 2800 5156; x_wconf 84' lang='lat' dir='ltr'><strong>Lugd.</strong></span> <span class='ocrx_word' id='word_1_852' title='bbox 2834 5085 2977 5141; x_wconf 77' lang='lat' dir='ltr'><strong>Ratt.</strong></span> <span class='ocrx_word' id='word_1_853' title='bbox 3013 5093 3146 5150; x_wconf 90' lang='lat' dir='ltr'><strong>tres,</strong></span> <span class='ocrx_word' id='word_1_854' title='bbox 3177 5100 3300 5140; x_wconf 91' lang='lat' dir='ltr'><strong>cum</strong></span> <span class='ocrx_word' id='word_1_855' title='bbox 3337 5086 3475 5141; x_wconf 81' lang='lat' dir='ltr'><strong>Coll.</strong></span> <span class='ocrx_word' id='word_1_856' title='bbox 3509 5088 3758 5148; x_wconf 82' lang='lat' dir='ltr'><strong>Gronov.</strong></span> 
     </span>
    </p>
   </div>
   <div class='ocr_carea' id='block_1_119' title="bbox 2165 5155 3764 5280">
    <p class='ocr_par' dir='ltr' id='par_1_119' title="bbox 2165 5155 3764 5280">
     <span class='ocr_line' id='line_1_120' title="bbox 2165 5155 3764 5280; baseline 0.004 -71"><span class='ocrx_word' id='word_1_857' title='bbox 2165 5156 2423 5280; x_wconf 44' lang='lat' dir='ltr'><strong>ftbtrilius</strong></span> <span class='ocrx_word' id='word_1_858' title='bbox 2463 5155 2757 5224; x_wconf 54' lang='lat' dir='ltr'><strong>Florentti,</strong></span> <span class='ocrx_word' id='word_1_859' title='bbox 2788 5155 2867 5212; x_wconf 87' lang='lat' dir='ltr'><strong>sic</strong></span> <span class='ocrx_word' id='word_1_860' title='bbox 2895 5157 3138 5213; x_wconf 87' lang='lat' dir='ltr'><strong>scribere</strong></span> <span class='ocrx_word' id='word_1_861' title='bbox 3161 5157 3375 5228; x_wconf 84' lang='lat' dir='ltr'><strong>jubent.</strong></span> <span class='ocrx_word' id='word_1_862' title='bbox 3412 5158 3606 5232; x_wconf 83' lang='lat' dir='ltr'><strong>Vulgo,</strong></span> <span class='ocrx_word' id='word_1_863' title='bbox 3637 5180 3764 5234; x_wconf 82' lang='lat' dir='ltr'><strong>pro-</strong></span> 
     </span>
     <span class='ocr_line' id='line_1_121' title="bbox 2184 5243 2382 5280; baseline 0 0"><span class='ocrx_word' id='word_1_864' title='bbox 2184 5243 2218 5280; x_wconf 89' lang='lat' dir='ltr'><strong>n</strong></span> <span class='ocrx_word' id='word_1_865' title='bbox 2258 5243 2340 5280; x_wconf 85' lang='lat' dir='ltr'><strong>ere</strong></span> <span class='ocrx_word' id='word_1_866' title='bbox 2369 5267 2382 5280; x_wconf 95' lang='lat'><strong>.</strong></span> 
     </span>
    </p>
   </div>
   <div class='ocr_carea' id='block_1_120' title="bbox 2184 5236 2382 5281">
    <p class='ocr_par' dir='ltr' id='par_1_120' title="bbox 2184 5236 2382 5281">
     <span class='ocr_line' id='line_1_122' title="bbox 2184 5236 2382 5281; baseline 0 -1"><span class='ocrx_word' id='word_1_867' title='bbox 2184 5236 2382 5281; x_wconf 62' lang='lat' dir='ltr'><strong>liberet.</strong></span> 
     </span>
    </p>
   </div>
   <div class='ocr_carea' id='block_1_121' title="bbox 2239 5297 3765 5375">
    <p class='ocr_par' dir='ltr' id='par_1_121' title="bbox 2239 5297 3765 5375">
     <span class='ocr_line' id='line_1_123' title="bbox 2239 5297 3765 5375; baseline 0.005 -23"><span class='ocrx_word' id='word_1_868' title='bbox 2239 5299 2328 5375; x_wconf 59' lang='lat' dir='ltr'><strong>id.</strong></span> <span class='ocrx_word' id='word_1_869' title='bbox 2371 5297 2612 5375; x_wconf 71' lang='lat' dir='ltr'><strong>Capsam,</strong></span> <span class='ocrx_word' id='word_1_870' title='bbox 2649 5298 2713 5375; x_wconf 79' lang='lat' dir='ltr'><strong>ab</strong></span> <span class='ocrx_word' id='word_1_871' title='bbox 2761 5297 3280 5375; x_wconf 58' lang='lat' dir='ltr'><strong>ycrcrtle__l’hmnice.</strong></span> <span class='ocrx_word' id='word_1_872' title='bbox 3304 5299 3574 5375; x_wconf 65' lang='lat' dir='ltr'><strong>Hercules</strong></span> <span class='ocrx_word' id='word_1_873' title='bbox 3604 5303 3765 5375; x_wconf 83' lang='lat' dir='ltr'><strong>Libys</strong></span> 
     </span>
    </p>
   </div>
   <div class='ocr_carea' id='block_1_122' title="bbox 2166 5368 3767 5451">
    <p class='ocr_par' dir='ltr' id='par_1_122' title="bbox 2166 5368 3767 5451">
     <span class='ocr_line' id='line_1_124' title="bbox 2166 5368 3767 5451; baseline 0.007 -31"><span class='ocrx_word' id='word_1_874' title='bbox 2166 5368 2359 5451; x_wconf 56' lang='lat' dir='ltr'><strong>dicitur</strong></span> <span class='ocrx_word' id='word_1_875' title='bbox 2387 5368 2732 5451; x_wconf 30' lang='grc' dir='ltr'><strong>ειῌξειηυειξο1</strong></span> <span class='ocrx_word' id='word_1_876' title='bbox 2767 5370 2963 5425; x_wconf 86' lang='lat' dir='ltr'><strong>Strabo</strong></span> <span class='ocrx_word' id='word_1_877' title='bbox 3107 5371 3206 5424; x_wconf 93' lang='lat' dir='ltr'><strong>ult.</strong></span> <span class='ocrx_word' id='word_1_878' title='bbox 3249 5371 3426 5443; x_wconf 68' lang='grc' dir='ltr'><strong>Κὰψαν</strong></span> <span class='ocrx_word' id='word_1_879' title='bbox 3451 5374 3510 5429; x_wconf 87' lang='grc' dir='ltr'><strong>τὸ</strong></span> <span class='ocrx_word' id='word_1_880' title='bbox 3538 5368 3767 5451; x_wconf 48' lang='lat'><strong>70:01};-</strong></span> 
     </span>
    </p>
   </div>
   <div class='ocr_carea' id='block_1_123' title="bbox 2165 5439 3172 5517">
    <p class='ocr_par' dir='ltr' id='par_1_123' title="bbox 2165 5439 3172 5517">
     <span class='ocr_line' id='line_1_125' title="bbox 2165 5439 3172 5517; baseline 0.002 -23"><span class='ocrx_word' id='word_1_881' title='bbox 2165 5441 2330 5517; x_wconf 56' lang='lat' dir='ltr'><strong>léntov</strong></span> <span class='ocrx_word' id='word_1_882' title='bbox 2355 5449 2446 5517; x_wconf 61' lang='lat'><strong>1:95</strong></span> <span class='ocrx_word' id='word_1_883' title='bbox 2476 5439 2769 5517; x_wconf 13' lang='lat' dir='ltr'><strong>&#39;louyrotipea</strong></span> <span class='ocrx_word' id='word_1_884' title='bbox 2797 5451 2971 5517; x_wconf 46' lang='lat' dir='ltr'><strong>vocat,</strong></span> <span class='ocrx_word' id='word_1_885' title='bbox 3003 5440 3172 5517; x_wconf 61' lang='lat' dir='ltr'><strong>Fetus.</strong></span> 
     </span>
    </p>
   </div>
   <div class='ocr_carea' id='block_1_124' title="bbox 2165 5511 3762 5639">
    <p class='ocr_par' dir='ltr' id='par_1_124' title="bbox 2165 5511 3762 5639">
     <span class='ocr_line' id='line_1_126' title="bbox 2165 5511 3762 5639; baseline 0.005 -72"><span class='ocrx_word' id='word_1_886' title='bbox 2165 5511 2536 5639; x_wconf 46' lang='lat' dir='ltr'><strong>Grlstunc.</strong></span> <span class='ocrx_word' id='word_1_887' title='bbox 2586 5511 2758 5569; x_wconf 59' lang='lat' dir='ltr'><strong>Abest</strong></span> <span class='ocrx_word' id='word_1_888' title='bbox 2806 5528 2836 5567; x_wconf 70' lang='grc' dir='ltr'>α</span> <span class='ocrx_word' id='word_1_889' title='bbox 2884 5512 3055 5567; x_wconf 88' lang='lat' dir='ltr'><strong>tribus</strong></span> <span class='ocrx_word' id='word_1_890' title='bbox 3105 5511 3280 5584; x_wconf 83' lang='lat' dir='ltr'><strong>Lugd.</strong></span> <span class='ocrx_word' id='word_1_891' title='bbox 3334 5515 3475 5571; x_wconf 73' lang='lat' dir='ltr'><strong>Ball.</strong></span> <span class='ocrx_word' id='word_1_892' title='bbox 3525 5526 3585 5573; x_wconf 84' lang='lat' dir='ltr'><strong>ct</strong></span> <span class='ocrx_word' id='word_1_893' title='bbox 3619 5517 3762 5575; x_wconf 86' lang='lat' dir='ltr'><strong>Coll.</strong></span> 
     </span>
     <span class='ocr_line' id='line_1_127' title="bbox 2283 5599 2407 5637; baseline 0 -1"><span class='ocrx_word' id='word_1_894' title='bbox 2283 5599 2311 5636; x_wconf 93' lang='lat' dir='ltr'><strong>n</strong></span> <span class='ocrx_word' id='word_1_895' title='bbox 2355 5599 2407 5637; x_wconf 91' lang='lat' dir='ltr'><strong>v.</strong></span> 
     </span>
    </p>
   </div>
   <div class='ocr_carea' id='block_1_125' title="bbox 2215 5597 2407 5637">
    <p class='ocr_par' dir='ltr' id='par_1_125' title="bbox 2215 5597 2407 5637">
     <span class='ocr_line' id='line_1_128' title="bbox 2215 5597 2407 5637; baseline -0.005 0"><span class='ocrx_word' id='word_1_896' title='bbox 2215 5597 2407 5637; x_wconf 80' lang='lat' dir='ltr'><strong>I‘OllOV.</strong></span> 
     </span>
    </p>
   </div>
   <div class='ocr_carea' id='block_1_126' title="bbox 2237 5652 3764 5734">
    <p class='ocr_par' dir='ltr' id='par_1_126' title="bbox 2237 5652 3764 5734">
     <span class='ocr_line' id='line_1_129' title="bbox 2237 5652 3764 5734; baseline 0.005 -24"><span class='ocrx_word' id='word_1_897' title='bbox 2237 5654 2326 5734; x_wconf 58' lang='lat'><strong>16.</strong></span> <span class='ocrx_word' id='word_1_898' title='bbox 2371 5652 2606 5727; x_wconf 86' lang='lat' dir='ltr'><strong>Pr0priis</strong></span> <span class='ocrx_word' id='word_1_899' title='bbox 2629 5656 2800 5729; x_wconf 72' lang='lat' dir='ltr'><strong>rebus.</strong></span> <span class='ocrx_word' id='word_1_900' title='bbox 2828 5653 3041 5728; x_wconf 76' lang='lat' dir='ltr'><strong>Vulgg.,</strong></span> <span class='ocrx_word' id='word_1_901' title='bbox 3075 5662 3121 5711; x_wconf 85' lang='lat' dir='ltr'><strong>et</strong></span> <span class='ocrx_word' id='word_1_902' title='bbox 3148 5657 3377 5728; x_wconf 83' lang='lat' dir='ltr'><strong>orapriis</strong></span> <span class='ocrx_word' id='word_1_903' title='bbox 3411 5659 3594 5732; x_wconf 85' lang='lat' dir='ltr'><strong>rebus,</strong></span> <span class='ocrx_word' id='word_1_904' title='bbox 3627 5671 3764 5734; x_wconf 87' lang='lat' dir='ltr'><strong>etc.,</strong></span> 
     </span>
    </p>
   </div>
   <div class='ocr_carea' id='block_1_127' title="bbox 2167 5725 2638 5785">
    <p class='ocr_par' dir='ltr' id='par_1_127' title="bbox 2167 5725 2638 5785">
     <span class='ocr_line' id='line_1_130' title="bbox 2167 5725 2638 5785; baseline 0 -3"><span class='ocrx_word' id='word_1_905' title='bbox 2167 5725 2262 5784; x_wconf 87' lang='lat' dir='ltr'><strong>sed</strong></span> <span class='ocrx_word' id='word_1_906' title='bbox 2292 5725 2487 5784; x_wconf 77' lang='lat' dir='ltr'><strong>contra</strong></span> <span class='ocrx_word' id='word_1_907' title='bbox 2505 5741 2638 5785; x_wconf 86' lang='lat' dir='ltr'><strong>mss.</strong></span> 
     </span>
    </p>
   </div>
  </div>
