  <div class='ocr_page' id='page_1' title='image "/cluster/home/n/w/nwhite01/storage/ocr_20150623/31/uva.x000826569/483.png"; bbox 0 0 4028 6318; ppageno 0'>
   <div class='ocr_carea' id='block_1_1' title="bbox 540 257 3846 322">
    <p class='ocr_par' dir='ltr' id='par_1_1' title="bbox 540 257 3846 322">
     <span class='ocr_line' id='line_1_1' title="bbox 540 257 3846 322; baseline 0.002 -6"><span class='ocrx_word' id='word_1_1' title='bbox 540 258 648 316; x_wconf 78' lang='grc'><strong>951</strong></span> <span class='ocrx_word' id='word_1_2' title='bbox 1941 257 2150 314; x_wconf 71' lang='lat' dir='ltr'><strong>PAULI</strong></span> <span class='ocrx_word' id='word_1_3' title='bbox 2185 257 2414 321; x_wconf 79' lang='lat' dir='ltr'><strong>OROSll</strong></span> <span class='ocrx_word' id='word_1_4' title='bbox 3754 265 3846 322; x_wconf 65' lang='lat'><strong>95!</strong></span> 
     </span>
    </p>
   </div>
   <div class='ocr_carea' id='block_1_2' title="bbox 540 367 3847 447">
    <p class='ocr_par' dir='ltr' id='par_1_2' title="bbox 540 367 3847 447">
     <span class='ocr_line' id='line_1_2' title="bbox 540 367 3847 447; baseline 0.002 -21"><span class='ocrx_word' id='word_1_5' title='bbox 540 373 655 442; x_wconf 89' lang='lat' dir='ltr'><strong>pho</strong></span> <span class='ocrx_word' id='word_1_6' title='bbox 680 382 803 428; x_wconf 80' lang='lat' dir='ltr'><strong>ante</strong></span> <span class='ocrx_word' id='word_1_7' title='bbox 827 371 988 444; x_wconf 70' lang='lat'><strong>325</strong></span> <span class='ocrx_word' id='word_1_8' title='bbox 1008 382 1228 426; x_wconf 88' lang='lat' dir='ltr'><strong>currum</strong></span> <span class='ocrx_word' id='word_1_9' title='bbox 1254 381 1376 424; x_wconf 88' lang='lat' dir='ltr'><strong>cum</strong></span> <span class='ocrx_word' id='word_1_10' title='bbox 1410 367 1624 425; x_wconf 87' lang='lat' dir='ltr'><strong>duobus</strong></span> <span class='ocrx_word' id='word_1_11' title='bbox 1660 367 1786 424; x_wconf 86' lang='lat' dir='ltr'><strong>ﬁliis</strong></span> <span class='ocrx_word' id='word_1_12' title='bbox 1811 369 1927 426; x_wconf 88' lang='lat' dir='ltr'><strong>suis</strong></span> <span class='ocrx_word' id='word_1_13' title='bbox 1958 379 2135 436; x_wconf 88' lang='lat' dir='ltr'><strong>actus,</strong></span> <span class='ocrx_word' id='word_1_14' title='bbox 2161 372 2220 435; x_wconf 82' lang='grc' dir='ltr'><strong>Δ</strong></span> <span class='ocrx_word' id='word_1_15' title='bbox 2240 377 2452 442; x_wconf 86' lang='lat' dir='ltr'><strong>consul,</strong></span> <span class='ocrx_word' id='word_1_16' title='bbox 2485 377 2542 432; x_wconf 88' lang='lat' dir='ltr'><strong>in</strong></span> <span class='ocrx_word' id='word_1_17' title='bbox 2569 374 2745 433; x_wconf 85' lang='lat' dir='ltr'><strong>Gallia</strong></span> <span class='ocrx_word' id='word_1_18' title='bbox 2771 374 3069 444; x_wconf 81' lang='lat' dir='ltr'><strong>Tigurinus</strong></span> <span class='ocrx_word' id='word_1_19' title='bbox 3091 416 3106 440; x_wconf 93' lang='lat'><strong>,</strong></span> <span class='ocrx_word' id='word_1_20' title='bbox 3138 377 3182 406; x_wconf 61' lang='grc' dir='ltr'><strong>δ’</strong></span> <span class='ocrx_word' id='word_1_21' title='bbox 3209 389 3384 447; x_wconf 80' lang='lat' dir='ltr'><strong>usque</strong></span> <span class='ocrx_word' id='word_1_22' title='bbox 3415 375 3707 434; x_wconf 85' lang='lat' dir='ltr'><strong>Oceanum</strong></span> <span class='ocrx_word' id='word_1_23' title='bbox 3736 393 3847 446; x_wconf 87' lang='lat' dir='ltr'><strong>per-</strong></span> 
     </span>
    </p>
   </div>
   <div class='ocr_carea' id='block_1_3' title="bbox 542 461 3846 540">
    <p class='ocr_par' dir='ltr' id='par_1_3' title="bbox 542 461 3846 540">
     <span class='ocr_line' id='line_1_3' title="bbox 542 461 3846 540; baseline 0.002 -19"><span class='ocrx_word' id='word_1_24' title='bbox 542 467 590 499; x_wconf 83' lang='grc'>³³</span> <span class='ocrx_word' id='word_1_25' title='bbox 612 476 667 522; x_wconf 89' lang='lat' dir='ltr'><strong>et</strong></span> <span class='ocrx_word' id='word_1_26' title='bbox 689 482 809 520; x_wconf 73' lang='lat' dir='ltr'><strong>mox</strong></span> <span class='ocrx_word' id='word_1_27' title='bbox 826 468 877 519; x_wconf 91' lang='lat' dir='ltr'><strong>in</strong></span> <span class='ocrx_word' id='word_1_28' title='bbox 895 478 1117 518; x_wconf 75' lang='lat' dir='ltr'><strong>carcere</strong></span> <span class='ocrx_word' id='word_1_29' title='bbox 1133 461 1503 531; x_wconf 71' lang='lat' dir='ltr'><strong>strangulatus</strong></span> <span class='ocrx_word' id='word_1_30' title='bbox 1522 472 1626 516; x_wconf 86' lang='lat' dir='ltr'><strong>est.</strong></span> <span class='ocrx_word' id='word_1_31' title='bbox 1658 462 1705 492; x_wconf 75' lang='lat'><strong>“</strong></span> <span class='ocrx_word' id='word_1_32' title='bbox 1723 462 1922 518; x_wconf 83' lang='lat' dir='ltr'><strong>Iisdem</strong></span> <span class='ocrx_word' id='word_1_33' title='bbox 1945 463 2141 519; x_wconf 87' lang='lat' dir='ltr'><strong>diebus</strong></span> <span class='ocrx_word' id='word_1_34' title='bbox 2243 480 2464 526; x_wconf 76' lang='lat' dir='ltr'><strong>secutus</strong></span> <span class='ocrx_word' id='word_1_35' title='bbox 2481 513 2496 536; x_wconf 92' lang='lat'><strong>,</strong></span> <span class='ocrx_word' id='word_1_36' title='bbox 2527 485 2852 539; x_wconf 86' lang='lat' dir='ltr'><strong>rursumque</strong></span> <span class='ocrx_word' id='word_1_37' title='bbox 2874 470 2945 524; x_wconf 86' lang='lat' dir='ltr'><strong>ab</strong></span> <span class='ocrx_word' id='word_1_38' title='bbox 2958 471 3167 525; x_wconf 82' lang='lat' dir='ltr'><strong>eisdem</strong></span> <span class='ocrx_word' id='word_1_39' title='bbox 3189 472 3404 526; x_wconf 88' lang='lat' dir='ltr'><strong>insidiis</strong></span> <span class='ocrx_word' id='word_1_40' title='bbox 3417 474 3846 540; x_wconf 53' lang='lat' dir='ltr'><strong>circumuentus,</strong></span> 
     </span>
    </p>
   </div>
   <div class='ocr_carea' id='block_1_4' title="bbox 542 553 3846 633">
    <p class='ocr_par' dir='ltr' id='par_1_4' title="bbox 542 553 3846 633">
     <span class='ocr_line' id='line_1_4' title="bbox 542 553 3846 633; baseline 0.002 -19"><span class='ocrx_word' id='word_1_41' title='bbox 542 561 838 614; x_wconf 64' lang='lat' dir='ltr'><strong>obscenum</strong></span> <span class='ocrx_word' id='word_1_42' title='bbox 871 556 1172 627; x_wconf 75' lang='lat' dir='ltr'><strong>prodigium</strong></span> <span class='ocrx_word' id='word_1_43' title='bbox 1214 569 1276 608; x_wconf 89' lang='lat' dir='ltr'><strong>ac</strong></span> <span class='ocrx_word' id='word_1_44' title='bbox 1318 554 1475 608; x_wconf 81' lang='lat' dir='ltr'><strong>triste</strong></span> <span class='ocrx_word' id='word_1_45' title='bbox 1497 555 1672 609; x_wconf 81' lang='lat' dir='ltr'><strong>risum</strong></span> <span class='ocrx_word' id='word_1_46' title='bbox 1701 564 1803 609; x_wconf 87' lang='lat' dir='ltr'><strong>est.</strong></span> <span class='ocrx_word' id='word_1_47' title='bbox 1843 553 1889 586; x_wconf 88' lang='grc'><strong>³⁸</strong></span> <span class='ocrx_word' id='word_1_48' title='bbox 1914 555 1978 610; x_wconf 87' lang='lat' dir='ltr'><strong>L.</strong></span> <span class='ocrx_word' id='word_1_49' title='bbox 2011 555 2142 610; x_wconf 87' lang='lat' dir='ltr'><strong>llel-</strong></span> <span class='ocrx_word' id='word_1_50' title='bbox 2243 565 2459 618; x_wconf 60' lang='lat' dir='ltr'><strong>occisus</strong></span> <span class='ocrx_word' id='word_1_51' title='bbox 2489 573 2597 618; x_wconf 85' lang='lat' dir='ltr'><strong>est.</strong></span> <span class='ocrx_word' id='word_1_52' title='bbox 2629 564 2676 594; x_wconf 74' lang='lat'><strong>“</strong></span> <span class='ocrx_word' id='word_1_53' title='bbox 2703 563 2905 618; x_wconf 86' lang='lat' dir='ltr'><strong>Lucius</strong></span> <span class='ocrx_word' id='word_1_54' title='bbox 2940 579 3160 633; x_wconf 73' lang='lat' dir='ltr'><strong>quoque</strong></span> <span class='ocrx_word' id='word_1_55' title='bbox 3203 565 3346 629; x_wconf 87' lang='lat' dir='ltr'><strong>Piso,</strong></span> <span class='ocrx_word' id='word_1_56' title='bbox 3386 568 3473 619; x_wconf 68' lang='lat' dir='ltr'><strong>sir</strong></span> <span class='ocrx_word' id='word_1_57' title='bbox 3513 567 3846 632; x_wconf 81' lang='lat' dir='ltr'><strong>consularis,</strong></span> 
     </span>
    </p>
   </div>
   <div class='ocr_carea' id='block_1_5' title="bbox 539 650 3847 728">
    <p class='ocr_par' dir='ltr' id='par_1_5' title="bbox 539 650 3847 728">
     <span class='ocr_line' id='line_1_5' title="bbox 539 650 3847 728; baseline 0.001 -20"><span class='ocrx_word' id='word_1_58' title='bbox 539 657 686 721; x_wconf 57' lang='lat' dir='ltr'><strong>vius,</strong></span> <span class='ocrx_word' id='word_1_59' title='bbox 720 667 889 721; x_wconf 82' lang='lat' dir='ltr'><strong>eques</strong></span> <span class='ocrx_word' id='word_1_60' title='bbox 916 650 1213 716; x_wconf 70' lang='lat' dir='ltr'><strong>Rullianus,</strong></span> <span class='ocrx_word' id='word_1_61' title='bbox 1233 665 1540 704; x_wconf 81' lang='lat' dir='ltr'><strong>cumuxore</strong></span> <span class='ocrx_word' id='word_1_62' title='bbox 1569 660 1625 705; x_wconf 92' lang='lat' dir='ltr'><strong>et</strong></span> <span class='ocrx_word' id='word_1_63' title='bbox 1647 651 1780 716; x_wconf 85' lang='lat' dir='ltr'><strong>lilia,</strong></span> <span class='ocrx_word' id='word_1_64' title='bbox 1806 651 1850 681; x_wconf 81' lang='lat'><strong>“</strong></span> <span class='ocrx_word' id='word_1_65' title='bbox 1871 650 1939 706; x_wconf 89' lang='lat' dir='ltr'><strong>de</strong></span> <span class='ocrx_word' id='word_1_66' title='bbox 1968 651 2142 707; x_wconf 79' lang='lat' dir='ltr'><strong>Roma</strong></span> <span class='ocrx_word' id='word_1_67' title='bbox 2243 656 2452 724; x_wconf 84' lang='lat' dir='ltr'><strong>legatus</strong></span> <span class='ocrx_word' id='word_1_68' title='bbox 2474 655 2651 710; x_wconf 87' lang='lat' dir='ltr'><strong>Cassii</strong></span> <span class='ocrx_word' id='word_1_69' title='bbox 2683 655 2948 720; x_wconf 85' lang='lat' dir='ltr'><strong>consulis,</strong></span> <span class='ocrx_word' id='word_1_70' title='bbox 2981 656 3023 686; x_wconf 74' lang='grc'>⁸⁷</span> <span class='ocrx_word' id='word_1_71' title='bbox 3048 656 3389 712; x_wconf 73' lang='lat' dir='ltr'><strong>interfectus.</strong></span> <span class='ocrx_word' id='word_1_72' title='bbox 3409 658 3532 712; x_wconf 66' lang='lat' dir='ltr'><strong>“C.</strong></span> <span class='ocrx_word' id='word_1_73' title='bbox 3567 658 3847 728; x_wconf 82' lang='lat' dir='ltr'><strong>Popillius,</strong></span> 
     </span>
    </p>
   </div>
   <div class='ocr_carea' id='block_1_6' title="bbox 539 743 3853 818">
    <p class='ocr_par' dir='ltr' id='par_1_6' title="bbox 539 743 3853 818">
     <span class='ocr_line' id='line_1_6' title="bbox 539 743 3853 818; baseline -0 -15"><span class='ocrx_word' id='word_1_74' title='bbox 539 750 597 803; x_wconf 91' lang='lat' dir='ltr'><strong>in</strong></span> <span class='ocrx_word' id='word_1_75' title='bbox 630 745 880 816; x_wconf 80' lang='lat' dir='ltr'><strong>Apuliam</strong></span> <span class='ocrx_word' id='word_1_76' title='bbox 931 743 1181 805; x_wconf 88' lang='lat' dir='ltr'><strong>rediens,</strong></span> <span class='ocrx_word' id='word_1_77' title='bbox 1212 752 1543 813; x_wconf 85' lang='lat' dir='ltr'><strong>tempestate</strong></span> <span class='ocrx_word' id='word_1_78' title='bbox 1573 753 1890 813; x_wconf 90' lang='lat' dir='ltr'><strong>correptus,</strong></span> <span class='ocrx_word' id='word_1_79' title='bbox 1927 760 2050 800; x_wconf 89' lang='lat' dir='ltr'><strong>cum</strong></span> <span class='ocrx_word' id='word_1_80' title='bbox 2081 745 2146 799; x_wconf 74' lang='grc' dir='ltr'><strong>Ε-</strong></span> <span class='ocrx_word' id='word_1_81' title='bbox 2244 745 2384 800; x_wconf 88' lang='lat' dir='ltr'><strong>alter</strong></span> <span class='ocrx_word' id='word_1_82' title='bbox 2411 746 2658 816; x_wconf 81' lang='lat' dir='ltr'><strong>legatus,</strong></span> <span class='ocrx_word' id='word_1_83' title='bbox 2687 760 2755 800; x_wconf 92' lang='lat' dir='ltr'><strong>ne</strong></span> <span class='ocrx_word' id='word_1_84' title='bbox 2793 745 3014 800; x_wconf 84' lang='lat' dir='ltr'><strong>residua</strong></span> <span class='ocrx_word' id='word_1_85' title='bbox 3051 748 3329 801; x_wconf 77' lang='lat' dir='ltr'><strong>exercitus</strong></span> <span class='ocrx_word' id='word_1_86' title='bbox 3371 750 3564 815; x_wconf 85' lang='lat' dir='ltr'><strong>portio</strong></span> <span class='ocrx_word' id='word_1_87' title='bbox 3587 789 3604 811; x_wconf 96' lang='lat'><strong>,</strong></span> <span class='ocrx_word' id='word_1_88' title='bbox 3643 764 3766 818; x_wconf 78' lang='lat' dir='ltr'><strong>qua:</strong></span> <span class='ocrx_word' id='word_1_89' title='bbox 3807 751 3853 802; x_wconf 94' lang='lat' dir='ltr'><strong>in</strong></span> 
     </span>
    </p>
   </div>
   <div class='ocr_carea' id='block_1_7' title="bbox 543 837 2145 907">
    <p class='ocr_par' dir='ltr' id='par_1_7' title="bbox 543 837 2145 907">
     <span class='ocr_line' id='line_1_7' title="bbox 543 837 2145 907; baseline -0.002 -10"><span class='ocrx_word' id='word_1_90' title='bbox 543 843 670 897; x_wconf 84' lang='lat' dir='ltr'><strong>liam</strong></span> <span class='ocrx_word' id='word_1_91' title='bbox 703 846 1111 896; x_wconf 68' lang='lat' dir='ltr'><strong>consternatam</strong></span> <span class='ocrx_word' id='word_1_92' title='bbox 1143 837 1390 902; x_wconf 74' lang='lat' dir='ltr'><strong>videret,</strong></span> <span class='ocrx_word' id='word_1_93' title='bbox 1415 845 1474 892; x_wconf 93' lang='lat' dir='ltr'><strong>ut</strong></span> <span class='ocrx_word' id='word_1_94' title='bbox 1500 837 1662 892; x_wconf 89' lang='lat' dir='ltr'><strong>citius</strong></span> <span class='ocrx_word' id='word_1_95' title='bbox 1693 838 2040 907; x_wconf 84' lang='lat' dir='ltr'><strong>prepioribus</strong></span> <span class='ocrx_word' id='word_1_96' title='bbox 2066 849 2145 894; x_wconf 85' lang='lat' dir='ltr'><strong>te-</strong></span> 
     </span>
    </p>
   </div>
   <div class='ocr_carea' id='block_1_8' title="bbox 542 927 2148 999">
    <p class='ocr_par' dir='ltr' id='par_1_8' title="bbox 542 927 2148 999">
     <span class='ocr_line' id='line_1_8' title="bbox 542 927 2148 999; baseline -0.004 -11"><span class='ocrx_word' id='word_1_97' title='bbox 542 935 649 988; x_wconf 81' lang='lat' dir='ltr'><strong>ctis</strong></span> <span class='ocrx_word' id='word_1_98' title='bbox 704 931 1096 995; x_wconf 79' lang='lat' dir='ltr'><strong>succederent,</strong></span> <span class='ocrx_word' id='word_1_99' title='bbox 1139 928 1347 983; x_wconf 83' lang='lat' dir='ltr'><strong>relictis</strong></span> <span class='ocrx_word' id='word_1_100' title='bbox 1389 928 1658 982; x_wconf 72' lang='lat' dir='ltr'><strong>vehiculis</strong></span> <span class='ocrx_word' id='word_1_101' title='bbox 1711 927 1756 958; x_wconf 84' lang='grc'>³⁷</span> <span class='ocrx_word' id='word_1_102' title='bbox 1805 928 2148 999; x_wconf 73' lang='lat' dir='ltr'><strong>arreptisque</strong></span> 
     </span>
    </p>
   </div>
   <div class='ocr_carea' id='block_1_9' title="bbox 542 1020 2145 1096">
    <p class='ocr_par' dir='ltr' id='par_1_9' title="bbox 542 1020 2145 1096">
     <span class='ocr_line' id='line_1_9' title="bbox 542 1020 2145 1096; baseline -0.004 -14"><span class='ocrx_word' id='word_1_103' title='bbox 542 1027 720 1096; x_wconf 62' lang='lat' dir='ltr'><strong>crinis,</strong></span> <span class='ocrx_word' id='word_1_104' title='bbox 750 1024 914 1077; x_wconf 83' lang='lat' dir='ltr'><strong>tiliam</strong></span> <span class='ocrx_word' id='word_1_105' title='bbox 947 1021 1238 1090; x_wconf 76' lang='lat' dir='ltr'><strong>virginem,</strong></span> <span class='ocrx_word' id='word_1_106' title='bbox 1269 1035 1412 1090; x_wconf 87' lang='lat' dir='ltr'><strong>equo</strong></span> <span class='ocrx_word' id='word_1_107' title='bbox 1440 1020 1797 1087; x_wconf 88' lang='lat' dir='ltr'><strong>insidentem,</strong></span> <span class='ocrx_word' id='word_1_108' title='bbox 1829 1021 1883 1075; x_wconf 93' lang='lat' dir='ltr'><strong>in</strong></span> <span class='ocrx_word' id='word_1_109' title='bbox 1909 1021 2145 1076; x_wconf 87' lang='lat' dir='ltr'><strong>medium</strong></span> 
     </span>
    </p>
   </div>
   <div class='ocr_carea' id='block_1_10' title="bbox 542 1110 2147 1187">
    <p class='ocr_par' dir='ltr' id='par_1_10' title="bbox 542 1110 2147 1187">
     <span class='ocr_line' id='line_1_10' title="bbox 542 1110 2147 1187; baseline -0.003 -15"><span class='ocrx_word' id='word_1_110' title='bbox 542 1131 737 1187; x_wconf 81' lang='lat' dir='ltr'><strong>agmen</strong></span> <span class='ocrx_word' id='word_1_111' title='bbox 771 1113 1005 1184; x_wconf 88' lang='lat' dir='ltr'><strong>accepit.</strong></span> <span class='ocrx_word' id='word_1_112' title='bbox 1029 1111 1074 1142; x_wconf 76' lang='lat'><strong>&quot;&#39;</strong></span> <span class='ocrx_word' id='word_1_113' title='bbox 1105 1111 1290 1166; x_wconf 85' lang='lat' dir='ltr'><strong>Puella</strong></span> <span class='ocrx_word' id='word_1_114' title='bbox 1319 1112 1581 1167; x_wconf 88' lang='lat' dir='ltr'><strong>continuo</strong></span> <span class='ocrx_word' id='word_1_115' title='bbox 1611 1112 1720 1166; x_wconf 89' lang='lat' dir='ltr'><strong>ictu</strong></span> <span class='ocrx_word' id='word_1_116' title='bbox 1746 1110 1993 1166; x_wconf 79' lang='lat' dir='ltr'><strong>fulminis</strong></span> <span class='ocrx_word' id='word_1_117' title='bbox 2020 1128 2147 1168; x_wconf 79' lang='lat' dir='ltr'><strong>exa-</strong></span> 
     </span>
    </p>
   </div>
   <div class='ocr_carea' id='block_1_11' title="bbox 547 1204 2149 1274">
    <p class='ocr_par' dir='ltr' id='par_1_11' title="bbox 547 1204 2149 1274">
     <span class='ocr_line' id='line_1_11' title="bbox 547 1204 2149 1274; baseline -0.004 -8"><span class='ocrx_word' id='word_1_118' title='bbox 547 1212 754 1266; x_wconf 81' lang='lat' dir='ltr'><strong>nimata</strong></span> <span class='ocrx_word' id='word_1_119' title='bbox 782 1217 890 1263; x_wconf 83' lang='lat' dir='ltr'><strong>est.</strong></span> <span class='ocrx_word' id='word_1_120' title='bbox 923 1205 1031 1261; x_wconf 89' lang='lat' dir='ltr'><strong>Sed</strong></span> <span class='ocrx_word' id='word_1_121' title='bbox 1060 1206 1317 1260; x_wconf 91' lang='lat' dir='ltr'><strong>omnibus</strong></span> <span class='ocrx_word' id='word_1_122' title='bbox 1348 1204 1469 1259; x_wconf 89' lang='lat' dir='ltr'><strong>sine</strong></span> <span class='ocrx_word' id='word_1_123' title='bbox 1506 1205 1742 1259; x_wconf 84' lang='lat' dir='ltr'><strong>scissura</strong></span> <span class='ocrx_word' id='word_1_124' title='bbox 1776 1204 1953 1274; x_wconf 89' lang='lat' dir='ltr'><strong>aliqua</strong></span> <span class='ocrx_word' id='word_1_125' title='bbox 1985 1205 2149 1259; x_wconf 68' lang='lat' dir='ltr'><strong>vesu-</strong></span> 
     </span>
    </p>
   </div>
   <div class='ocr_carea' id='block_1_12' title="bbox 550 1296 2148 1368">
    <p class='ocr_par' dir='ltr' id='par_1_12' title="bbox 550 1296 2148 1368">
     <span class='ocr_line' id='line_1_12' title="bbox 550 1296 2148 1368; baseline -0.005 -10"><span class='ocrx_word' id='word_1_126' title='bbox 550 1302 759 1358; x_wconf 85' lang='lat' dir='ltr'><strong>mentis</strong></span> <span class='ocrx_word' id='word_1_127' title='bbox 784 1299 1077 1368; x_wconf 81' lang='lat' dir='ltr'><strong>ademptis,</strong></span> <span class='ocrx_word' id='word_1_128' title='bbox 1106 1312 1171 1351; x_wconf 90' lang='lat' dir='ltr'><strong>ac</strong></span> <span class='ocrx_word' id='word_1_129' title='bbox 1195 1297 1426 1366; x_wconf 85' lang='lat' dir='ltr'><strong>pectoris</strong></span> <span class='ocrx_word' id='word_1_130' title='bbox 1453 1296 1758 1367; x_wconf 83' lang='lat' dir='ltr'><strong>pedumque</strong></span> <span class='ocrx_word' id='word_1_131' title='bbox 1786 1297 2013 1351; x_wconf 78' lang='lat' dir='ltr'><strong>vinculis</strong></span> <span class='ocrx_word' id='word_1_132' title='bbox 2035 1296 2148 1350; x_wconf 82' lang='lat' dir='ltr'><strong>dis-</strong></span> 
     </span>
    </p>
   </div>
   <div class='ocr_carea' id='block_1_13' title="bbox 555 1386 2149 1457">
    <p class='ocr_par' dir='ltr' id='par_1_13' title="bbox 555 1386 2149 1457">
     <span class='ocr_line' id='line_1_13' title="bbox 555 1386 2149 1457; baseline -0.004 -10"><span class='ocrx_word' id='word_1_133' title='bbox 555 1392 783 1457; x_wconf 84' lang='lat' dir='ltr'><strong>solutis,</strong></span> <span class='ocrx_word' id='word_1_134' title='bbox 825 1387 1117 1445; x_wconf 86' lang='lat' dir='ltr'><strong>monilibus</strong></span> <span class='ocrx_word' id='word_1_135' title='bbox 1153 1386 1316 1442; x_wconf 88' lang='lat' dir='ltr'><strong>etiam</strong></span> <span class='ocrx_word' id='word_1_136' title='bbox 1347 1387 1670 1457; x_wconf 87' lang='lat' dir='ltr'><strong>annulisquc</strong></span> <span class='ocrx_word' id='word_1_137' title='bbox 1697 1387 1991 1453; x_wconf 87' lang='lat' dir='ltr'><strong>discussis,</strong></span> <span class='ocrx_word' id='word_1_138' title='bbox 2027 1386 2149 1456; x_wconf 87' lang='lat' dir='ltr'><strong>ipso</strong></span> 
     </span>
    </p>
   </div>
   <div class='ocr_carea' id='block_1_14' title="bbox 551 1479 2155 1555">
    <p class='ocr_par' dir='ltr' id='par_1_14' title="bbox 551 1479 2155 1555">
     <span class='ocr_line' id='line_1_14' title="bbox 551 1479 2155 1555; baseline -0.003 -16"><span class='ocrx_word' id='word_1_139' title='bbox 551 1497 769 1555; x_wconf 86' lang='lat' dir='ltr'><strong>quoque</strong></span> <span class='ocrx_word' id='word_1_140' title='bbox 795 1495 1028 1551; x_wconf 90' lang='lat' dir='ltr'><strong>corpore</strong></span> <span class='ocrx_word' id='word_1_141' title='bbox 1069 1479 1246 1534; x_wconf 63' lang='lat' dir='ltr'><strong>illa-so</strong></span> <span class='ocrx_word' id='word_1_142' title='bbox 1265 1519 1282 1546; x_wconf 92' lang='lat'><strong>,</strong></span> <span class='ocrx_word' id='word_1_143' title='bbox 1314 1479 1418 1533; x_wconf 89' lang='lat' dir='ltr'><strong>nisi</strong></span> <span class='ocrx_word' id='word_1_144' title='bbox 1449 1479 1594 1548; x_wconf 90' lang='lat' dir='ltr'><strong>quod</strong></span> <span class='ocrx_word' id='word_1_145' title='bbox 1625 1479 1925 1534; x_wconf 91' lang='lat' dir='ltr'><strong>obscenum</strong></span> <span class='ocrx_word' id='word_1_146' title='bbox 1953 1480 2007 1534; x_wconf 93' lang='lat' dir='ltr'><strong>in</strong></span> <span class='ocrx_word' id='word_1_147' title='bbox 2036 1495 2155 1534; x_wconf 89' lang='lat' dir='ltr'><strong>mo-</strong></span> 
     </span>
    </p>
   </div>
   <div class='ocr_carea' id='block_1_15' title="bbox 549 1571 2154 1644">
    <p class='ocr_par' dir='ltr' id='par_1_15' title="bbox 549 1571 2154 1644">
     <span class='ocr_line' id='line_1_15' title="bbox 549 1571 2154 1644; baseline -0.003 -11"><span class='ocrx_word' id='word_1_148' title='bbox 549 1578 675 1634; x_wconf 90' lang='lat' dir='ltr'><strong>dum</strong></span> <span class='ocrx_word' id='word_1_149' title='bbox 702 1575 868 1639; x_wconf 87' lang='lat' dir='ltr'><strong>nuda,</strong></span> <span class='ocrx_word' id='word_1_150' title='bbox 895 1583 953 1630; x_wconf 93' lang='lat' dir='ltr'><strong>et</strong></span> <span class='ocrx_word' id='word_1_151' title='bbox 975 1574 1155 1644; x_wconf 78' lang='lat' dir='ltr'><strong>lingua</strong></span> <span class='ocrx_word' id='word_1_152' title='bbox 1177 1571 1453 1641; x_wconf 86' lang='lat' dir='ltr'><strong>paululum</strong></span> <span class='ocrx_word' id='word_1_153' title='bbox 1482 1571 1904 1641; x_wconf 83' lang='lat' dir='ltr'><strong>essertajacuit,</strong></span> <span class='ocrx_word' id='word_1_154' title='bbox 1924 1572 1969 1605; x_wconf 81' lang='grc'><strong><em>⁸⁹</em></strong></span> <span class='ocrx_word' id='word_1_155' title='bbox 1982 1587 2154 1642; x_wconf 88' lang='lat' dir='ltr'><strong>equus</strong></span> 
     </span>
    </p>
   </div>
   <div class='ocr_carea' id='block_1_16' title="bbox 547 1662 2157 1738">
    <p class='ocr_par' dir='ltr' id='par_1_16' title="bbox 547 1662 2157 1738">
     <span class='ocr_line' id='line_1_16' title="bbox 547 1662 2157 1738; baseline -0.001 -16"><span class='ocrx_word' id='word_1_156' title='bbox 547 1681 765 1738; x_wconf 86' lang='lat' dir='ltr'><strong>quoque</strong></span> <span class='ocrx_word' id='word_1_157' title='bbox 805 1666 951 1736; x_wconf 88' lang='lat' dir='ltr'><strong>ipse,</strong></span> <span class='ocrx_word' id='word_1_158' title='bbox 991 1678 1101 1734; x_wconf 90' lang='lat' dir='ltr'><strong>quo</strong></span> <span class='ocrx_word' id='word_1_159' title='bbox 1147 1663 1444 1730; x_wconf 82' lang='lat' dir='ltr'><strong>utebatur,</strong></span> <span class='ocrx_word' id='word_1_160' title='bbox 1477 1662 1522 1693; x_wconf 65' lang='grc' dir='ltr'>ιθ</span> <span class='ocrx_word' id='word_1_161' title='bbox 1559 1666 1850 1727; x_wconf 89' lang='lat' dir='ltr'><strong>straturis.</strong></span> <span class='ocrx_word' id='word_1_162' title='bbox 1895 1663 2064 1719; x_wconf 81' lang='lat' dir='ltr'><strong>frenis</strong></span> <span class='ocrx_word' id='word_1_163' title='bbox 2101 1674 2157 1720; x_wconf 90' lang='lat' dir='ltr'><strong>et</strong></span> 
     </span>
    </p>
   </div>
   <div class='ocr_carea' id='block_1_17' title="bbox 2247 836 3853 906">
    <p class='ocr_par' dir='ltr' id='par_1_17' title="bbox 2247 836 3853 906">
     <span class='ocr_line' id='line_1_17' title="bbox 2247 836 3853 906; baseline 0.003 -15"><span class='ocrx_word' id='word_1_164' title='bbox 2247 845 2424 892; x_wconf 89' lang='lat' dir='ltr'><strong>castra</strong></span> <span class='ocrx_word' id='word_1_165' title='bbox 2474 836 2831 906; x_wconf 77' lang='lat' dir='ltr'><strong>confugerat,</strong></span> <span class='ocrx_word' id='word_1_166' title='bbox 2863 836 3175 902; x_wconf 91' lang='lat' dir='ltr'><strong>deleretur,</strong></span> <span class='ocrx_word' id='word_1_167' title='bbox 3216 838 3442 894; x_wconf 85' lang='lat' dir='ltr'><strong>obsides</strong></span> <span class='ocrx_word' id='word_1_168' title='bbox 3469 849 3532 894; x_wconf 89' lang='lat' dir='ltr'><strong>et</strong></span> <span class='ocrx_word' id='word_1_169' title='bbox 3575 839 3853 896; x_wconf 72' lang='lat' dir='ltr'><strong>dimidiam</strong></span> 
     </span>
    </p>
   </div>
   <div class='ocr_carea' id='block_1_18' title="bbox 2247 930 3856 1001">
    <p class='ocr_par' dir='ltr' id='par_1_18' title="bbox 2247 930 3856 1001">
     <span class='ocr_line' id='line_1_18' title="bbox 2247 930 3856 1001; baseline 0.001 -17"><span class='ocrx_word' id='word_1_170' title='bbox 2247 941 2456 1001; x_wconf 88' lang='lat' dir='ltr'><strong>partem</strong></span> <span class='ocrx_word' id='word_1_171' title='bbox 2486 946 2673 986; x_wconf 86' lang='lat' dir='ltr'><strong>rerum</strong></span> <span class='ocrx_word' id='word_1_172' title='bbox 2709 931 2954 984; x_wconf 88' lang='lat' dir='ltr'><strong>omnium</strong></span> <span class='ocrx_word' id='word_1_173' title='bbox 2985 930 3266 1000; x_wconf 83' lang='lat' dir='ltr'><strong>Tigurinis</strong></span> <span class='ocrx_word' id='word_1_174' title='bbox 3295 933 3629 1001; x_wconf 86' lang='lat' dir='ltr'><strong>turpissimo</strong></span> <span class='ocrx_word' id='word_1_175' title='bbox 3660 931 3856 988; x_wconf 64' lang='lat' dir='ltr'><strong>findere</strong></span> 
     </span>
    </p>
   </div>
   <div class='ocr_carea' id='block_1_19' title="bbox 2248 1021 3857 1094">
    <p class='ocr_par' dir='ltr' id='par_1_19' title="bbox 2248 1021 3857 1094">
     <span class='ocr_line' id='line_1_19' title="bbox 2248 1021 3857 1094; baseline 0.001 -18"><span class='ocrx_word' id='word_1_176' title='bbox 2248 1022 2421 1087; x_wconf 85' lang='lat' dir='ltr'><strong>dedit,</strong></span> <span class='ocrx_word' id='word_1_177' title='bbox 2453 1023 2544 1092; x_wconf 89' lang='lat' dir='ltr'><strong>qui</strong></span> <span class='ocrx_word' id='word_1_178' title='bbox 2575 1021 2803 1076; x_wconf 78' lang='lat' dir='ltr'><strong>Romam</strong></span> <span class='ocrx_word' id='word_1_179' title='bbox 2837 1036 3134 1087; x_wconf 69' lang='lat' dir='ltr'><strong>reversus,</strong></span> <span class='ocrx_word' id='word_1_180' title='bbox 3167 1037 3198 1076; x_wconf 93' lang='lat' dir='ltr'><strong>a</strong></span> <span class='ocrx_word' id='word_1_181' title='bbox 3226 1022 3403 1078; x_wconf 58' lang='lat' dir='ltr'><strong>Caelio</strong></span> <span class='ocrx_word' id='word_1_182' title='bbox 3436 1023 3665 1078; x_wconf 82' lang='lat' dir='ltr'><strong>tribuno</strong></span> <span class='ocrx_word' id='word_1_183' title='bbox 3693 1023 3857 1094; x_wconf 80' lang='lat' dir='ltr'><strong>plebis</strong></span> 
     </span>
    </p>
   </div>
   <div class='ocr_carea' id='block_1_20' title="bbox 2249 1115 3854 1184">
    <p class='ocr_par' dir='ltr' id='par_1_20' title="bbox 2249 1115 3854 1184">
     <span class='ocr_line' id='line_1_20' title="bbox 2249 1115 3854 1184; baseline -0.001 -13"><span class='ocrx_word' id='word_1_184' title='bbox 2249 1116 2340 1171; x_wconf 90' lang='lat' dir='ltr'><strong>die</strong></span> <span class='ocrx_word' id='word_1_185' title='bbox 2379 1115 2548 1181; x_wconf 79' lang='lat' dir='ltr'><strong>dicta,</strong></span> <span class='ocrx_word' id='word_1_186' title='bbox 2599 1129 2668 1170; x_wconf 91' lang='lat' dir='ltr'><strong>eo</strong></span> <span class='ocrx_word' id='word_1_187' title='bbox 2709 1115 2854 1184; x_wconf 89' lang='lat' dir='ltr'><strong>quod</strong></span> <span class='ocrx_word' id='word_1_188' title='bbox 2913 1115 3193 1184; x_wconf 84' lang='lat' dir='ltr'><strong>Tigurinis</strong></span> <span class='ocrx_word' id='word_1_189' title='bbox 3236 1115 3460 1170; x_wconf 83' lang='lat' dir='ltr'><strong>obsides</strong></span> <span class='ocrx_word' id='word_1_190' title='bbox 3509 1116 3776 1180; x_wconf 80' lang='lat' dir='ltr'><strong>dederat,</strong></span> <span class='ocrx_word' id='word_1_191' title='bbox 3809 1119 3854 1169; x_wconf 87' lang='lat' dir='ltr'><strong>in</strong></span> 
     </span>
    </p>
   </div>
   <div class='ocr_carea' id='block_1_21' title="bbox 2250 1204 3856 1276">
    <p class='ocr_par' dir='ltr' id='par_1_21' title="bbox 2250 1204 3856 1276">
     <span class='ocr_line' id='line_1_21' title="bbox 2250 1204 3856 1276; baseline -0.001 -14"><span class='ocrx_word' id='word_1_192' title='bbox 2250 1207 2505 1262; x_wconf 82' lang='lat' dir='ltr'><strong>exsilium</strong></span> <span class='ocrx_word' id='word_1_193' title='bbox 2539 1205 2794 1276; x_wconf 78' lang='lat' dir='ltr'><strong>profugit,</strong></span> <span class='ocrx_word' id='word_1_194' title='bbox 2825 1206 2869 1238; x_wconf 77' lang='grc'><strong>⁸⁸</strong></span> <span class='ocrx_word' id='word_1_195' title='bbox 2899 1204 3086 1275; x_wconf 69' lang='lat' dir='ltr'><strong>Cmpio</strong></span> <span class='ocrx_word' id='word_1_196' title='bbox 3123 1207 3490 1274; x_wconf 87' lang='lat' dir='ltr'><strong>proconsule,</strong></span> <span class='ocrx_word' id='word_1_197' title='bbox 3529 1217 3696 1276; x_wconf 85' lang='lat' dir='ltr'><strong>capta</strong></span> <span class='ocrx_word' id='word_1_198' title='bbox 3734 1208 3856 1261; x_wconf 84' lang='lat' dir='ltr'><strong>urbe</strong></span> 
     </span>
    </p>
   </div>
   <div class='ocr_carea' id='block_1_22' title="bbox 2251 1297 3856 1363">
    <p class='ocr_par' dir='ltr' id='par_1_22' title="bbox 2251 1297 3856 1363">
     <span class='ocr_line' id='line_1_22' title="bbox 2251 1297 3856 1363; baseline -0.001 -9"><span class='ocrx_word' id='word_1_199' title='bbox 2251 1298 2574 1363; x_wconf 86' lang='lat' dir='ltr'><strong>Gallorum;</strong></span> <span class='ocrx_word' id='word_1_200' title='bbox 2606 1298 2695 1352; x_wconf 91' lang='lat' dir='ltr'><strong>cui</strong></span> <span class='ocrx_word' id='word_1_201' title='bbox 2728 1312 2929 1352; x_wconf 88' lang='lat' dir='ltr'><strong>nomen</strong></span> <span class='ocrx_word' id='word_1_202' title='bbox 2966 1307 3052 1351; x_wconf 88' lang='lat' dir='ltr'><strong>est</strong></span> <span class='ocrx_word' id='word_1_203' title='bbox 3090 1297 3328 1362; x_wconf 63' lang='lat' dir='ltr'><strong>Tolosa,</strong></span> <span class='ocrx_word' id='word_1_204' title='bbox 3365 1298 3411 1329; x_wconf 82' lang='grc'><strong><em>³⁸</em></strong></span> <span class='ocrx_word' id='word_1_205' title='bbox 3452 1308 3680 1353; x_wconf 81' lang='lat' dir='ltr'><strong>centum</strong></span> <span class='ocrx_word' id='word_1_206' title='bbox 3721 1301 3856 1353; x_wconf 71' lang='lat' dir='ltr'><strong>mille</strong></span> 
     </span>
    </p>
   </div>
   <div class='ocr_carea' id='block_1_23' title="bbox 2254 1389 3855 1461">
    <p class='ocr_par' dir='ltr' id='par_1_23' title="bbox 2254 1389 3855 1461">
     <span class='ocr_line' id='line_1_23' title="bbox 2254 1389 3855 1461; baseline 0 -15"><span class='ocrx_word' id='word_1_207' title='bbox 2254 1390 2435 1461; x_wconf 83' lang='lat' dir='ltr'><strong>pondo</strong></span> <span class='ocrx_word' id='word_1_208' title='bbox 2483 1391 2627 1455; x_wconf 87' lang='lat' dir='ltr'><strong>auri,</strong></span> <span class='ocrx_word' id='word_1_209' title='bbox 2659 1399 2717 1445; x_wconf 87' lang='lat' dir='ltr'><strong>et</strong></span> <span class='ocrx_word' id='word_1_210' title='bbox 2743 1390 2958 1459; x_wconf 78' lang='lat' dir='ltr'><strong>argenti</strong></span> <span class='ocrx_word' id='word_1_211' title='bbox 2990 1400 3215 1443; x_wconf 87' lang='lat' dir='ltr'><strong>centum</strong></span> <span class='ocrx_word' id='word_1_212' title='bbox 3256 1400 3314 1445; x_wconf 90' lang='lat' dir='ltr'><strong>et</strong></span> <span class='ocrx_word' id='word_1_213' title='bbox 3360 1389 3555 1446; x_wconf 87' lang='lat' dir='ltr'><strong>decem</strong></span> <span class='ocrx_word' id='word_1_214' title='bbox 3609 1391 3794 1454; x_wconf 87' lang='lat' dir='ltr'><strong>mille.</strong></span> <span class='ocrx_word' id='word_1_215' title='bbox 3827 1405 3855 1446; x_wconf 87' lang='lat' dir='ltr'><strong>c</strong></span> 
     </span>
    </p>
   </div>
   <div class='ocr_carea' id='block_1_24' title="bbox 2254 1480 3852 1552">
    <p class='ocr_par' dir='ltr' id='par_1_24' title="bbox 2254 1480 3852 1552">
     <span class='ocr_line' id='line_1_24' title="bbox 2254 1480 3852 1552; baseline -0.001 -15"><span class='ocrx_word' id='word_1_216' title='bbox 2254 1484 2460 1552; x_wconf 90' lang='lat' dir='ltr'><strong>templo</strong></span> <span class='ocrx_word' id='word_1_217' title='bbox 2489 1481 2758 1551; x_wconf 82' lang='lat' dir='ltr'><strong>Apollinis</strong></span> <span class='ocrx_word' id='word_1_218' title='bbox 2795 1480 3019 1535; x_wconf 87' lang='lat' dir='ltr'><strong>sustulit</strong></span> <span class='ocrx_word' id='word_1_219' title='bbox 3047 1480 3232 1550; x_wconf 87' lang='lat' dir='ltr'><strong>:quod</strong></span> <span class='ocrx_word' id='word_1_220' title='bbox 3273 1497 3400 1536; x_wconf 88' lang='lat' dir='ltr'><strong>eum</strong></span> <span class='ocrx_word' id='word_1_221' title='bbox 3424 1482 3495 1536; x_wconf 79' lang='lat' dir='ltr'><strong>ad</strong></span> <span class='ocrx_word' id='word_1_222' title='bbox 3525 1481 3819 1536; x_wconf 66' lang='lat' dir='ltr'><strong>Massiliam</strong></span> <span class='ocrx_word' id='word_1_223' title='bbox 3838 1522 3852 1545; x_wconf 90' lang='lat'><strong>,</strong></span> 
     </span>
    </p>
   </div>
   <div class='ocr_carea' id='block_1_25' title="bbox 2253 1571 3852 1643">
    <p class='ocr_par' dir='ltr' id='par_1_25' title="bbox 2253 1571 3852 1643">
     <span class='ocr_line' id='line_1_25' title="bbox 2253 1571 3852 1643; baseline -0.001 -15"><span class='ocrx_word' id='word_1_224' title='bbox 2253 1576 2481 1629; x_wconf 87' lang='lat' dir='ltr'><strong>amicam</strong></span> <span class='ocrx_word' id='word_1_225' title='bbox 2512 1574 2717 1643; x_wconf 86' lang='lat' dir='ltr'><strong>populo</strong></span> <span class='ocrx_word' id='word_1_226' title='bbox 2746 1573 2991 1627; x_wconf 80' lang='lat' dir='ltr'><strong>Romano</strong></span> <span class='ocrx_word' id='word_1_227' title='bbox 3027 1571 3222 1627; x_wconf 87' lang='lat' dir='ltr'><strong>urbem</strong></span> <span class='ocrx_word' id='word_1_228' title='bbox 3243 1613 3259 1636; x_wconf 93' lang='lat'><strong>,</strong></span> <span class='ocrx_word' id='word_1_229' title='bbox 3290 1587 3418 1627; x_wconf 88' lang='lat' dir='ltr'><strong>cum</strong></span> <span class='ocrx_word' id='word_1_230' title='bbox 3448 1573 3729 1643; x_wconf 63' lang='lat' dir='ltr'><strong>prasidiis</strong></span> <span class='ocrx_word' id='word_1_231' title='bbox 3755 1573 3852 1627; x_wconf 87' lang='lat' dir='ltr'><strong>mi-</strong></span> 
     </span>
    </p>
   </div>
   <div class='ocr_carea' id='block_1_26' title="bbox 2256 1665 3852 1738">
    <p class='ocr_par' dir='ltr' id='par_1_26' title="bbox 2256 1665 3852 1738">
     <span class='ocr_line' id='line_1_26' title="bbox 2256 1665 3852 1738; baseline -0.001 -16"><span class='ocrx_word' id='word_1_232' title='bbox 2256 1669 2450 1734; x_wconf 84' lang='lat' dir='ltr'><strong>sisset,</strong></span> <span class='ocrx_word' id='word_1_233' title='bbox 2483 1666 2787 1722; x_wconf 87' lang='lat' dir='ltr'><strong>interfectis</strong></span> <span class='ocrx_word' id='word_1_234' title='bbox 2815 1668 2958 1721; x_wconf 89' lang='lat' dir='ltr'><strong>clam</strong></span> <span class='ocrx_word' id='word_1_235' title='bbox 2991 1667 3174 1738; x_wconf 91' lang='lat' dir='ltr'><strong>(sicut</strong></span> <span class='ocrx_word' id='word_1_236' title='bbox 3201 1665 3422 1736; x_wconf 89' lang='lat' dir='ltr'><strong>quidam</strong></span> <span class='ocrx_word' id='word_1_237' title='bbox 3449 1665 3852 1736; x_wconf 86' lang='lat' dir='ltr'><strong>contestantur)</strong></span> 
     </span>
    </p>
   </div>
   <div class='ocr_carea' id='block_1_27' title="bbox 550 1752 3842 1830">
    <p class='ocr_par' dir='ltr' id='par_1_27' title="bbox 550 1752 3842 1830">
     <span class='ocr_line' id='line_1_27' title="bbox 550 1752 3842 1830; baseline -0.002 -16"><span class='ocrx_word' id='word_1_238' title='bbox 550 1758 786 1828; x_wconf 80' lang='lat' dir='ltr'><strong>cingulis</strong></span> <span class='ocrx_word' id='word_1_239' title='bbox 830 1754 1115 1809; x_wconf 89' lang='lat' dir='ltr'><strong>dissolutis</strong></span> <span class='ocrx_word' id='word_1_240' title='bbox 1166 1753 1369 1823; x_wconf 86' lang='lat' dir='ltr'><strong>passim</strong></span> <span class='ocrx_word' id='word_1_241' title='bbox 1423 1767 1489 1807; x_wconf 88' lang='lat' dir='ltr'><strong>ac</strong></span> <span class='ocrx_word' id='word_1_242' title='bbox 1535 1752 1837 1823; x_wconf 86' lang='lat' dir='ltr'><strong>dispersis,</strong></span> <span class='ocrx_word' id='word_1_243' title='bbox 1878 1753 2152 1810; x_wconf 76' lang='lat' dir='ltr'><strong>exanimis</strong></span> <span class='ocrx_word' id='word_1_244' title='bbox 2178 1760 2228 1820; x_wconf 89' lang='lat' dir='ltr'><strong>B</strong></span> <span class='ocrx_word' id='word_1_245' title='bbox 2255 1760 2452 1830; x_wconf 90' lang='lat' dir='ltr'><strong>quibus</strong></span> <span class='ocrx_word' id='word_1_246' title='bbox 2487 1774 2552 1816; x_wconf 90' lang='lat' dir='ltr'><strong>ea</strong></span> <span class='ocrx_word' id='word_1_247' title='bbox 2586 1758 2945 1814; x_wconf 88' lang='lat' dir='ltr'><strong>custodienda</strong></span> <span class='ocrx_word' id='word_1_248' title='bbox 2976 1769 3032 1814; x_wconf 89' lang='lat' dir='ltr'><strong>et</strong></span> <span class='ocrx_word' id='word_1_249' title='bbox 3071 1757 3422 1829; x_wconf 79' lang='lat' dir='ltr'><strong>pervehenda</strong></span> <span class='ocrx_word' id='word_1_250' title='bbox 3469 1759 3842 1823; x_wconf 76' lang='lat' dir='ltr'><strong>commiserat,</strong></span> 
     </span>
    </p>
   </div>
   <div class='ocr_carea' id='block_1_28' title="bbox 553 1843 2158 1922">
    <p class='ocr_par' dir='ltr' id='par_1_28' title="bbox 553 1843 2158 1922">
     <span class='ocr_line' id='line_1_28' title="bbox 553 1843 2158 1922; baseline -0.002 -17"><span class='ocrx_word' id='word_1_251' title='bbox 553 1848 746 1922; x_wconf 84' lang='lat' dir='ltr'><strong>procul</strong></span> <span class='ocrx_word' id='word_1_252' title='bbox 767 1845 962 1916; x_wconf 89' lang='lat' dir='ltr'><strong>jacuit.</strong></span> <span class='ocrx_word' id='word_1_253' title='bbox 995 1843 1173 1899; x_wconf 78' lang='lat' dir='ltr'><strong>Parvo</strong></span> <span class='ocrx_word' id='word_1_254' title='bbox 1205 1854 1328 1913; x_wconf 87' lang='lat' dir='ltr'><strong>post</strong></span> <span class='ocrx_word' id='word_1_255' title='bbox 1356 1843 1522 1900; x_wconf 77' lang='lat' dir='ltr'><strong>hoc“</strong></span> <span class='ocrx_word' id='word_1_256' title='bbox 1557 1844 1861 1900; x_wconf 86' lang='lat' dir='ltr'><strong>intercessu</strong></span> <span class='ocrx_word' id='word_1_257' title='bbox 1895 1847 2158 1916; x_wconf 90' lang='lat' dir='ltr'><strong>temporis</strong></span> 
     </span>
    </p>
   </div>
   <div class='ocr_carea' id='block_1_29' title="bbox 554 1937 2159 2012">
    <p class='ocr_par' dir='ltr' id='par_1_29' title="bbox 554 1937 2159 2012">
     <span class='ocr_line' id='line_1_29' title="bbox 554 1937 2159 2012; baseline -0.007 -13"><span class='ocrx_word' id='word_1_258' title='bbox 554 1943 598 1975; x_wconf 74' lang='lat'>”</span> <span class='ocrx_word' id='word_1_259' title='bbox 630 1941 696 1998; x_wconf 89' lang='lat' dir='ltr'><strong>L.</strong></span> <span class='ocrx_word' id='word_1_260' title='bbox 729 1940 987 1997; x_wconf 85' lang='lat' dir='ltr'><strong>Veturius</strong></span> <span class='ocrx_word' id='word_1_261' title='bbox 1005 1979 1020 2004; x_wconf 89' lang='lat'><strong>,</strong></span> <span class='ocrx_word' id='word_1_262' title='bbox 1049 1951 1221 2008; x_wconf 88' lang='lat' dir='ltr'><strong>eques</strong></span> <span class='ocrx_word' id='word_1_263' title='bbox 1240 1937 1543 2006; x_wconf 82' lang='lat' dir='ltr'><strong>Romanus,</strong></span> <span class='ocrx_word' id='word_1_264' title='bbox 1571 1937 1846 1993; x_wconf 71' lang='lat' dir='ltr'><strong>A&#39;Zmiliam</strong></span> <span class='ocrx_word' id='word_1_265' title='bbox 1861 1939 2026 2012; x_wconf 75' lang='lat'><strong>326</strong></span> <span class='ocrx_word' id='word_1_266' title='bbox 2049 1941 2159 1995; x_wconf 81' lang='lat' dir='ltr'><strong>vir-</strong></span> 
     </span>
    </p>
   </div>
   <div class='ocr_carea' id='block_1_30' title="bbox 554 2030 2155 2107">
    <p class='ocr_par' dir='ltr' id='par_1_30' title="bbox 554 2030 2155 2107">
     <span class='ocr_line' id='line_1_30' title="bbox 554 2030 2155 2107; baseline -0.002 -18"><span class='ocrx_word' id='word_1_267' title='bbox 554 2036 736 2107; x_wconf 87' lang='lat' dir='ltr'><strong>ginem</strong></span> <span class='ocrx_word' id='word_1_268' title='bbox 762 2032 1032 2088; x_wconf 84' lang='lat' dir='ltr'><strong>Vestalem</strong></span> <span class='ocrx_word' id='word_1_269' title='bbox 1064 2030 1272 2086; x_wconf 85' lang='lat' dir='ltr'><strong>furtivo</strong></span> <span class='ocrx_word' id='word_1_270' title='bbox 1311 2039 1500 2101; x_wconf 84' lang='lat' dir='ltr'><strong>stupro</strong></span> <span class='ocrx_word' id='word_1_271' title='bbox 1531 2031 1744 2100; x_wconf 89' lang='lat' dir='ltr'><strong>polluit.</strong></span> <span class='ocrx_word' id='word_1_272' title='bbox 1771 2031 1817 2062; x_wconf 70' lang='grc'>⁸³</span> <span class='ocrx_word' id='word_1_273' title='bbox 1850 2032 1990 2086; x_wconf 80' lang='lat' dir='ltr'><strong>Duas</strong></span> <span class='ocrx_word' id='word_1_274' title='bbox 2019 2047 2155 2100; x_wconf 76' lang='lat' dir='ltr'><strong>pra:-</strong></span> 
     </span>
    </p>
   </div>
   <div class='ocr_carea' id='block_1_31' title="bbox 558 2123 2160 2196">
    <p class='ocr_par' dir='ltr' id='par_1_31' title="bbox 558 2123 2160 2196">
     <span class='ocr_line' id='line_1_31' title="bbox 558 2123 2160 2196; baseline -0.002 -13"><span class='ocrx_word' id='word_1_275' title='bbox 558 2139 708 2184; x_wconf 90' lang='lat' dir='ltr'><strong>terea</strong></span> <span class='ocrx_word' id='word_1_276' title='bbox 735 2126 973 2196; x_wconf 77' lang='lat' dir='ltr'><strong>virgines</strong></span> <span class='ocrx_word' id='word_1_277' title='bbox 1005 2123 1252 2179; x_wconf 86' lang='lat' dir='ltr'><strong>Vestales</strong></span> <span class='ocrx_word' id='word_1_278' title='bbox 1279 2123 1468 2178; x_wconf 86' lang='lat' dir='ltr'><strong>eadem</strong></span> <span class='ocrx_word' id='word_1_279' title='bbox 1505 2123 1727 2178; x_wconf 64' lang='lat' dir='ltr'><strong>Emilia</strong></span> <span class='ocrx_word' id='word_1_280' title='bbox 1760 2123 1826 2179; x_wconf 89' lang='lat' dir='ltr'><strong>ad</strong></span> <span class='ocrx_word' id='word_1_281' title='bbox 1867 2125 2160 2195; x_wconf 89' lang='lat' dir='ltr'><strong>participa-</strong></span> 
     </span>
    </p>
   </div>
   <div class='ocr_carea' id='block_1_32' title="bbox 553 2214 2154 2281">
    <p class='ocr_par' dir='ltr' id='par_1_32' title="bbox 553 2214 2154 2281">
     <span class='ocr_line' id='line_1_32' title="bbox 553 2214 2154 2281; baseline -0.002 -8"><span class='ocrx_word' id='word_1_282' title='bbox 553 2221 756 2273; x_wconf 88' lang='lat' dir='ltr'><strong>tionem</strong></span> <span class='ocrx_word' id='word_1_283' title='bbox 786 2214 980 2270; x_wconf 89' lang='lat' dir='ltr'><strong>incesti</strong></span> <span class='ocrx_word' id='word_1_284' title='bbox 1008 2214 1328 2269; x_wconf 88' lang='lat' dir='ltr'><strong>sollicitatas</strong></span> <span class='ocrx_word' id='word_1_285' title='bbox 1349 2256 1365 2281; x_wconf 94' lang='lat'><strong>,</strong></span> <span class='ocrx_word' id='word_1_286' title='bbox 1395 2214 1884 2269; x_wconf 84' lang='lat' dir='ltr'><strong>contubernalibus</strong></span> <span class='ocrx_word' id='word_1_287' title='bbox 1912 2215 1995 2270; x_wconf 87' lang='lat' dir='ltr'><strong>sui</strong></span> <span class='ocrx_word' id='word_1_288' title='bbox 2025 2229 2154 2270; x_wconf 83' lang='lat' dir='ltr'><strong>cor-</strong></span> 
     </span>
    </p>
   </div>
   <div class='ocr_carea' id='block_1_33' title="bbox 557 2304 2151 2379">
    <p class='ocr_par' dir='ltr' id='par_1_33' title="bbox 557 2304 2151 2379">
     <span class='ocr_line' id='line_1_33' title="bbox 557 2304 2151 2379; baseline -0.002 -14"><span class='ocrx_word' id='word_1_289' title='bbox 557 2307 798 2379; x_wconf 86' lang='lat' dir='ltr'><strong>ruptoris</strong></span> <span class='ocrx_word' id='word_1_290' title='bbox 843 2305 1097 2376; x_wconf 80' lang='lat' dir='ltr'><strong>esposuit</strong></span> <span class='ocrx_word' id='word_1_291' title='bbox 1135 2319 1201 2360; x_wconf 92' lang='lat' dir='ltr'><strong>ac</strong></span> <span class='ocrx_word' id='word_1_292' title='bbox 1238 2305 1480 2361; x_wconf 88' lang='lat' dir='ltr'><strong>tradidit.</strong></span> <span class='ocrx_word' id='word_1_293' title='bbox 1525 2304 1732 2361; x_wconf 81' lang='lat' dir='ltr'><strong>indicio</strong></span> <span class='ocrx_word' id='word_1_294' title='bbox 1783 2321 1881 2376; x_wconf 91' lang='lat' dir='ltr'><strong>per</strong></span> <span class='ocrx_word' id='word_1_295' title='bbox 1932 2321 2151 2362; x_wconf 79' lang='lat' dir='ltr'><strong>servum</strong></span> 
     </span>
    </p>
   </div>
   <div class='ocr_carea' id='block_1_34' title="bbox 555 2395 2154 2467">
    <p class='ocr_par' dir='ltr' id='par_1_34' title="bbox 555 2395 2154 2467">
     <span class='ocr_line' id='line_1_34' title="bbox 555 2395 2154 2467; baseline -0.001 -13"><span class='ocrx_word' id='word_1_296' title='bbox 555 2399 726 2464; x_wconf 90' lang='lat' dir='ltr'><strong>facto,</strong></span> <span class='ocrx_word' id='word_1_297' title='bbox 757 2396 1084 2467; x_wconf 89' lang='lat' dir='ltr'><strong>supplicium</strong></span> <span class='ocrx_word' id='word_1_298' title='bbox 1120 2395 1192 2452; x_wconf 90' lang='lat' dir='ltr'><strong>de</strong></span> <span class='ocrx_word' id='word_1_299' title='bbox 1223 2395 1479 2450; x_wconf 88' lang='lat' dir='ltr'><strong>omnibus</strong></span> <span class='ocrx_word' id='word_1_300' title='bbox 1508 2405 1784 2467; x_wconf 88' lang='lat' dir='ltr'><strong>sumptum</strong></span> <span class='ocrx_word' id='word_1_301' title='bbox 1821 2405 1924 2452; x_wconf 87' lang='lat' dir='ltr'><strong>est.</strong></span> <span class='ocrx_word' id='word_1_302' title='bbox 1956 2397 2154 2454; x_wconf 87' lang='lat' dir='ltr'><strong>Iisdem</strong></span> 
     </span>
    </p>
   </div>
   <div class='ocr_carea' id='block_1_35' title="bbox 555 2489 2155 2563">
    <p class='ocr_par' dir='ltr' id='par_1_35' title="bbox 555 2489 2155 2563">
     <span class='ocr_line' id='line_1_35' title="bbox 555 2489 2155 2563; baseline -0.001 -14"><span class='ocrx_word' id='word_1_303' title='bbox 555 2502 822 2563; x_wconf 63' lang='lat' dir='ltr'><strong>prasterea</strong></span> <span class='ocrx_word' id='word_1_304' title='bbox 866 2489 1180 2562; x_wconf 76' lang='lat' dir='ltr'><strong>Jugurtbini</strong></span> <span class='ocrx_word' id='word_1_305' title='bbox 1226 2489 1356 2546; x_wconf 89' lang='lat' dir='ltr'><strong>belli</strong></span> <span class='ocrx_word' id='word_1_306' title='bbox 1385 2490 1723 2562; x_wconf 90' lang='lat' dir='ltr'><strong>temporibus</strong></span> <span class='ocrx_word' id='word_1_307' title='bbox 1753 2489 1800 2521; x_wconf 81' lang='lat'><strong>“</strong></span> <span class='ocrx_word' id='word_1_308' title='bbox 1833 2490 1898 2546; x_wconf 94' lang='lat' dir='ltr'><strong>L.</strong></span> <span class='ocrx_word' id='word_1_309' title='bbox 1934 2489 2155 2548; x_wconf 86' lang='lat' dir='ltr'><strong>Cassius</strong></span> 
     </span>
    </p>
   </div>
   <div class='ocr_carea' id='block_1_36' title="bbox 2254 1848 3844 1919">
    <p class='ocr_par' dir='ltr' id='par_1_36' title="bbox 2254 1848 3844 1919">
     <span class='ocr_line' id='line_1_36' title="bbox 2254 1848 3844 1919; baseline -0.003 -13"><span class='ocrx_word' id='word_1_310' title='bbox 2254 1861 2451 1906; x_wconf 90' lang='lat' dir='ltr'><strong>cuncta</strong></span> <span class='ocrx_word' id='word_1_311' title='bbox 2490 1865 2591 1919; x_wconf 89' lang='lat' dir='ltr'><strong>per</strong></span> <span class='ocrx_word' id='word_1_312' title='bbox 2639 1849 2825 1905; x_wconf 84' lang='lat' dir='ltr'><strong>scelus</strong></span> <span class='ocrx_word' id='word_1_313' title='bbox 2879 1849 3090 1904; x_wconf 87' lang='lat' dir='ltr'><strong>furatus</strong></span> <span class='ocrx_word' id='word_1_314' title='bbox 3141 1848 3314 1904; x_wconf 88' lang='lat' dir='ltr'><strong>fuisse</strong></span> <span class='ocrx_word' id='word_1_315' title='bbox 3361 1858 3620 1903; x_wconf 87' lang='lat' dir='ltr'><strong>narratur</strong></span> <span class='ocrx_word' id='word_1_316' title='bbox 3660 1867 3676 1904; x_wconf 90' lang='lat'><strong>:</strong></span> <span class='ocrx_word' id='word_1_317' title='bbox 3718 1848 3844 1903; x_wconf 87' lang='lat' dir='ltr'><strong>unde</strong></span> 
     </span>
    </p>
   </div>
   <div class='ocr_carea' id='block_1_37' title="bbox 2254 1941 3640 2014">
    <p class='ocr_par' dir='ltr' id='par_1_37' title="bbox 2254 1941 3640 2014">
     <span class='ocr_line' id='line_1_37' title="bbox 2254 1941 3640 2014; baseline -0.002 -13"><span class='ocrx_word' id='word_1_318' title='bbox 2254 1944 2420 2001; x_wconf 85' lang='lat' dir='ltr'><strong>etiam</strong></span> <span class='ocrx_word' id='word_1_319' title='bbox 2451 1957 2642 2014; x_wconf 87' lang='lat' dir='ltr'><strong>magna</strong></span> <span class='ocrx_word' id='word_1_320' title='bbox 2671 1943 2908 2013; x_wconf 67' lang='lat' dir='ltr'><strong>quaestio</strong></span> <span class='ocrx_word' id='word_1_321' title='bbox 2937 1951 3062 2012; x_wconf 91' lang='lat' dir='ltr'><strong>post</strong></span> <span class='ocrx_word' id='word_1_322' title='bbox 3085 1941 3275 1996; x_wconf 70' lang='lat' dir='ltr'><strong>Romae</strong></span> <span class='ocrx_word' id='word_1_323' title='bbox 3305 1942 3348 1972; x_wconf 82' lang='lat'><strong>&quot;</strong></span> <span class='ocrx_word' id='word_1_324' title='bbox 3378 1951 3502 1996; x_wconf 87' lang='lat' dir='ltr'><strong>aeta</strong></span> <span class='ocrx_word' id='word_1_325' title='bbox 3530 1951 3640 1998; x_wconf 87' lang='lat' dir='ltr'><strong>est.</strong></span> 
     </span>
    </p>
   </div>
   <div class='ocr_carea' id='block_1_38' title="bbox 2745 2073 3359 2147">
    <p class='ocr_par' dir='ltr' id='par_1_38' title="bbox 2745 2073 3359 2147">
     <span class='ocr_line' id='line_1_38' title="bbox 2745 2073 3359 2147; baseline -0.011 -14"><span class='ocrx_word' id='word_1_326' title='bbox 2745 2075 2907 2147; x_wconf 75' lang='lat'><strong>327</strong></span> <span class='ocrx_word' id='word_1_327' title='bbox 2946 2073 3175 2132; x_wconf 72' lang='lat' dir='ltr'><strong>CAPUT</strong></span> <span class='ocrx_word' id='word_1_328' title='bbox 3213 2073 3359 2129; x_wconf 77' lang='lat' dir='ltr'><strong>XVI.</strong></span> 
     </span>
    </p>
   </div>
   <div class='ocr_carea' id='block_1_39' title="bbox 2263 2209 3834 2274">
    <p class='ocr_par' dir='ltr' id='par_1_39' title="bbox 2263 2209 3834 2274">
     <span class='ocr_line' id='line_1_39' title="bbox 2263 2209 3834 2274; baseline -0.007 -2"><span class='ocrx_word' id='word_1_329' title='bbox 2263 2217 2342 2272; x_wconf 84' lang='lat' dir='ltr'><strong>De</strong></span> <span class='ocrx_word' id='word_1_330' title='bbox 2390 2217 2522 2270; x_wconf 87' lang='lat' dir='ltr'><strong>bello</strong></span> <span class='ocrx_word' id='word_1_331' title='bbox 2571 2215 2927 2270; x_wconf 86' lang='lat' dir='ltr'><strong>Romanorum</strong></span> <span class='ocrx_word' id='word_1_332' title='bbox 2975 2212 3226 2267; x_wconf 69' lang='lat' dir='ltr'><strong>adversus</strong></span> <span class='ocrx_word' id='word_1_333' title='bbox 3273 2209 3529 2274; x_wconf 77' lang='lat' dir='ltr'><strong>Cimbros,</strong></span> <span class='ocrx_word' id='word_1_334' title='bbox 3572 2210 3834 2273; x_wconf 81' lang='lat' dir='ltr'><strong>Teutonas,</strong></span> 
     </span>
    </p>
   </div>
   <div class='ocr_carea' id='block_1_40' title="bbox 2333 2283 3837 2356">
    <p class='ocr_par' dir='ltr' id='par_1_40' title="bbox 2333 2283 3837 2356">
     <span class='ocr_line' id='line_1_40' title="bbox 2333 2283 3837 2356; baseline -0.006 -16"><span class='ocrx_word' id='word_1_335' title='bbox 2333 2287 2565 2356; x_wconf 80' lang='lat' dir='ltr'><strong>aliasque</strong></span> <span class='ocrx_word' id='word_1_336' title='bbox 2612 2295 2789 2356; x_wconf 67' lang='lat' dir='ltr'><strong>gentes</strong></span> <span class='ocrx_word' id='word_1_337' title='bbox 2820 2292 2966 2355; x_wconf 79' lang='lat' dir='ltr'><strong>gesto</strong></span> <span class='ocrx_word' id='word_1_338' title='bbox 2993 2299 3017 2356; x_wconf 14' lang='lat'><strong>7:</strong></span> <span class='ocrx_word' id='word_1_339' title='bbox 3061 2283 3148 2356; x_wconf 79' lang='lat' dir='ltr'><strong>ubi</strong></span> <span class='ocrx_word' id='word_1_340' title='bbox 3181 2291 3242 2356; x_wconf 82' lang='lat' dir='ltr'><strong>et_</strong></span> <span class='ocrx_word' id='word_1_341' title='bbox 3273 2283 3425 2356; x_wconf 6' lang='lat' dir='ltr'><strong>uarie,</strong></span> <span class='ocrx_word' id='word_1_342' title='bbox 3457 2283 3702 2350; x_wconf 70' lang='lat' dir='ltr'><strong>utrimque</strong></span> <span class='ocrx_word' id='word_1_343' title='bbox 3742 2298 3837 2350; x_wconf 73' lang='lat' dir='ltr'><strong>pu-</strong></span> 
     </span>
    </p>
   </div>
   <div class='ocr_carea' id='block_1_41' title="bbox 2330 2352 3761 2428">
    <p class='ocr_par' dir='ltr' id='par_1_41' title="bbox 2330 2352 3761 2428">
     <span class='ocr_line' id='line_1_41' title="bbox 2330 2352 3761 2428; baseline -0.006 -16"><span class='ocrx_word' id='word_1_344' title='bbox 2330 2352 2565 2428; x_wconf 79' lang='lat' dir='ltr'><strong>gnatum,</strong></span> <span class='ocrx_word' id='word_1_345' title='bbox 2596 2352 2686 2411; x_wconf 65' lang='lat' dir='ltr'><strong>sed</strong></span> <span class='ocrx_word' id='word_1_346' title='bbox 2713 2352 2872 2409; x_wconf 75' lang='lat' dir='ltr'><strong>Marii</strong></span> <span class='ocrx_word' id='word_1_347' title='bbox 2907 2354 3173 2408; x_wconf 68' lang='lat' dir='ltr'><strong>industria</strong></span> <span class='ocrx_word' id='word_1_348' title='bbox 3199 2352 3426 2408; x_wconf 82' lang='lat' dir='ltr'><strong>Romani</strong></span> <span class='ocrx_word' id='word_1_349' title='bbox 3445 2362 3761 2421; x_wconf 78' lang='lat' dir='ltr'><strong>superarunt.</strong></span> 
     </span>
    </p>
   </div>
   <div class='ocr_carea' id='block_1_42' title="bbox 2335 2485 3840 2556">
    <p class='ocr_par' dir='ltr' id='par_1_42' title="bbox 2335 2485 3840 2556">
     <span class='ocr_line' id='line_1_42' title="bbox 2335 2485 3840 2556; baseline -0.005 -9"><span class='ocrx_word' id='word_1_350' title='bbox 2335 2493 2351 2524; x_wconf 83' lang='grc'>¹</span> <span class='ocrx_word' id='word_1_351' title='bbox 2379 2493 2539 2548; x_wconf 83' lang='lat' dir='ltr'><strong>Anno</strong></span> <span class='ocrx_word' id='word_1_352' title='bbox 2567 2491 2639 2548; x_wconf 88' lang='lat' dir='ltr'><strong>ab</strong></span> <span class='ocrx_word' id='word_1_353' title='bbox 2658 2489 2807 2548; x_wconf 86' lang='lat' dir='ltr'><strong>Urbe</strong></span> <span class='ocrx_word' id='word_1_354' title='bbox 2846 2487 3064 2546; x_wconf 85' lang='lat' dir='ltr'><strong>condita</strong></span> <span class='ocrx_word' id='word_1_355' title='bbox 3095 2503 3300 2556; x_wconf 69' lang='lat' dir='ltr'><strong>ncxnu,</strong></span> <span class='ocrx_word' id='word_1_356' title='bbox 3329 2485 3395 2543; x_wconf 92' lang='lat' dir='ltr'><strong>C.</strong></span> <span class='ocrx_word' id='word_1_357' title='bbox 3419 2488 3440 2519; x_wconf 80' lang='grc'>³</span> <span class='ocrx_word' id='word_1_358' title='bbox 3467 2485 3694 2542; x_wconf 74' lang='lat' dir='ltr'><strong>Manlius</strong></span> <span class='ocrx_word' id='word_1_359' title='bbox 3718 2498 3840 2542; x_wconf 89' lang='lat' dir='ltr'><strong>con-</strong></span> 
     </span>
    </p>
   </div>
   <div class='ocr_carea' id='block_1_43' title="bbox 1846 2602 2573 2664">
    <p class='ocr_par' dir='ltr' id='par_1_43' title="bbox 1846 2602 2573 2664">
     <span class='ocr_line' id='line_1_43' title="bbox 1846 2602 2573 2664; baseline 0.007 -6"><span class='ocrx_word' id='word_1_360' title='bbox 1846 2602 2301 2661; x_wconf 76' lang='lat' dir='ltr'><strong>lIAVERCAMPI</strong></span> <span class='ocrx_word' id='word_1_361' title='bbox 2337 2605 2573 2664; x_wconf 73' lang='lat' dir='ltr'><strong>NOTE.</strong></span> 
     </span>
    </p>
   </div>
   <div class='ocr_carea' id='block_1_44' title="bbox 633 2720 2148 2791">
    <p class='ocr_par' dir='ltr' id='par_1_44' title="bbox 633 2720 2148 2791">
     <span class='ocr_line' id='line_1_44' title="bbox 633 2720 2148 2791; baseline -0.003 -13"><span class='ocrx_word' id='word_1_362' title='bbox 633 2723 726 2778; x_wconf 77' lang='lat'><strong>35.</strong></span> <span class='ocrx_word' id='word_1_363' title='bbox 759 2720 830 2776; x_wconf 83' lang='lat' dir='ltr'><strong>Et</strong></span> <span class='ocrx_word' id='word_1_364' title='bbox 860 2735 982 2776; x_wconf 75' lang='lat' dir='ltr'><strong>mox</strong></span> <span class='ocrx_word' id='word_1_365' title='bbox 1017 2721 1074 2775; x_wconf 87' lang='lat' dir='ltr'><strong>in</strong></span> <span class='ocrx_word' id='word_1_366' title='bbox 1099 2729 1332 2775; x_wconf 77' lang='lat' dir='ltr'><strong>carcere;</strong></span> <span class='ocrx_word' id='word_1_367' title='bbox 1353 2720 1809 2791; x_wconf 84' lang='lat' dir='ltr'><strong>Conjunctionem</strong></span> <span class='ocrx_word' id='word_1_368' title='bbox 1838 2727 1887 2772; x_wconf 88' lang='lat' dir='ltr'><strong>et</strong></span> <span class='ocrx_word' id='word_1_369' title='bbox 1917 2734 1985 2791; x_wconf 79' lang='lat' dir='ltr'><strong>ex</strong></span> <span class='ocrx_word' id='word_1_370' title='bbox 2016 2735 2148 2774; x_wconf 89' lang='lat' dir='ltr'><strong>mss.</strong></span> 
     </span>
    </p>
   </div>
   <div class='ocr_carea' id='block_1_45' title="bbox 565 2790 2154 2864">
    <p class='ocr_par' dir='ltr' id='par_1_45' title="bbox 565 2790 2154 2864">
     <span class='ocr_line' id='line_1_45' title="bbox 565 2790 2154 2864; baseline -0.004 -14"><span class='ocrx_word' id='word_1_371' title='bbox 565 2793 853 2859; x_wconf 84' lang='lat' dir='ltr'><strong>omnibus,</strong></span> <span class='ocrx_word' id='word_1_372' title='bbox 882 2793 1211 2864; x_wconf 87' lang='lat' dir='ltr'><strong>astipulante</strong></span> <span class='ocrx_word' id='word_1_373' title='bbox 1240 2791 1329 2846; x_wconf 93' lang='lat' dir='ltr'><strong>ed.</strong></span> <span class='ocrx_word' id='word_1_374' title='bbox 1373 2790 1512 2861; x_wconf 80' lang='lat' dir='ltr'><strong>Aug.</strong></span> <span class='ocrx_word' id='word_1_375' title='bbox 1538 2791 1904 2864; x_wconf 78' lang='lat' dir='ltr'><strong>reposuimus.</strong></span> <span class='ocrx_word' id='word_1_376' title='bbox 1940 2790 1996 2844; x_wconf 92' lang='lat' dir='ltr'><strong>ln</strong></span> <span class='ocrx_word' id='word_1_377' title='bbox 2027 2791 2154 2860; x_wconf 78' lang='lat' dir='ltr'><strong>ﬁliis</strong></span> 
     </span>
    </p>
   </div>
   <div class='ocr_carea' id='block_1_46' title="bbox 569 2861 1948 2933">
    <p class='ocr_par' dir='ltr' id='par_1_46' title="bbox 569 2861 1948 2933">
     <span class='ocr_line' id='line_1_46' title="bbox 569 2861 1948 2933; baseline -0.004 -13"><span class='ocrx_word' id='word_1_378' title='bbox 569 2865 676 2920; x_wconf 87' lang='lat' dir='ltr'><strong>suis</strong></span> <span class='ocrx_word' id='word_1_379' title='bbox 707 2861 1066 2933; x_wconf 85' lang='lat' dir='ltr'><strong>posteriorem</strong></span> <span class='ocrx_word' id='word_1_380' title='bbox 1097 2877 1285 2918; x_wconf 83' lang='lat' dir='ltr'><strong>vocem</strong></span> <span class='ocrx_word' id='word_1_381' title='bbox 1315 2863 1562 2932; x_wconf 74' lang='lat' dir='ltr'><strong>quaedam</strong></span> <span class='ocrx_word' id='word_1_382' title='bbox 1589 2861 1718 2933; x_wconf 81' lang='lat' dir='ltr'><strong>edd.</strong></span> <span class='ocrx_word' id='word_1_383' title='bbox 1734 2861 1948 2933; x_wconf 82' lang='lat' dir='ltr'><strong>delent.</strong></span> 
     </span>
    </p>
   </div>
   <div class='ocr_carea' id='block_1_47' title="bbox 637 2931 2158 3002">
    <p class='ocr_par' dir='ltr' id='par_1_47' title="bbox 637 2931 2158 3002">
     <span class='ocr_line' id='line_1_47' title="bbox 637 2931 2158 3002; baseline -0.002 -13"><span class='ocrx_word' id='word_1_384' title='bbox 637 2931 727 2989; x_wconf 48' lang='lat'><strong>54&#39;.</strong></span> <span class='ocrx_word' id='word_1_385' title='bbox 764 2933 957 2987; x_wconf 87' lang='lat' dir='ltr'><strong>Iisdem</strong></span> <span class='ocrx_word' id='word_1_386' title='bbox 977 2933 1162 2987; x_wconf 76' lang='lat' dir='ltr'><strong>diebus</strong></span> <span class='ocrx_word' id='word_1_387' title='bbox 1199 2931 1473 2987; x_wconf 77' lang='lat' dir='ltr'><strong>obscenum</strong></span> <span class='ocrx_word' id='word_1_388' title='bbox 1510 2934 1661 3000; x_wconf 85' lang='lat' dir='ltr'><strong>prad.</strong></span> <span class='ocrx_word' id='word_1_389' title='bbox 1705 2931 1820 2986; x_wconf 84' lang='lat' dir='ltr'><strong>Hoc</strong></span> <span class='ocrx_word' id='word_1_390' title='bbox 1850 2931 2158 3002; x_wconf 78' lang='lat' dir='ltr'><strong>prodigium</strong></span> 
     </span>
    </p>
   </div>
   <div class='ocr_carea' id='block_1_48' title="bbox 564 3003 2155 3074">
    <p class='ocr_par' dir='ltr' id='par_1_48' title="bbox 564 3003 2155 3074">
     <span class='ocr_line' id='line_1_48' title="bbox 564 3003 2155 3074; baseline -0.003 -14"><span class='ocrx_word' id='word_1_391' title='bbox 564 3004 803 3060; x_wconf 88' lang='lat' dir='ltr'><strong>triennio</strong></span> <span class='ocrx_word' id='word_1_392' title='bbox 847 3015 976 3059; x_wconf 90' lang='lat' dir='ltr'><strong>ante</strong></span> <span class='ocrx_word' id='word_1_393' title='bbox 1041 3004 1241 3074; x_wconf 86' lang='lat' dir='ltr'><strong>bellum</strong></span> <span class='ocrx_word' id='word_1_394' title='bbox 1296 3003 1680 3074; x_wconf 84' lang='lat' dir='ltr'><strong>.lngurthinum</strong></span> <span class='ocrx_word' id='word_1_395' title='bbox 1743 3004 1956 3068; x_wconf 77' lang='lat' dir='ltr'><strong>evenit,</strong></span> <span class='ocrx_word' id='word_1_396' title='bbox 2013 3003 2155 3058; x_wconf 81' lang='lat' dir='ltr'><strong>Man.</strong></span> 
     </span>
    </p>
   </div>
   <div class='ocr_carea' id='block_1_49' title="bbox 567 3073 2158 3142">
    <p class='ocr_par' dir='ltr' id='par_1_49' title="bbox 567 3073 2158 3142">
     <span class='ocr_line' id='line_1_49' title="bbox 567 3073 2158 3142; baseline -0.001 -12"><span class='ocrx_word' id='word_1_397' title='bbox 567 3076 740 3130; x_wconf 83' lang='lat' dir='ltr'><strong>Acilio</strong></span> <span class='ocrx_word' id='word_1_398' title='bbox 760 3074 953 3140; x_wconf 84' lang='lat' dir='ltr'><strong>Balbo,</strong></span> <span class='ocrx_word' id='word_1_399' title='bbox 990 3074 1050 3129; x_wconf 91' lang='lat' dir='ltr'><strong>C.</strong></span> <span class='ocrx_word' id='word_1_400' title='bbox 1083 3073 1280 3130; x_wconf 84' lang='lat' dir='ltr'><strong>Porcio</strong></span> <span class='ocrx_word' id='word_1_401' title='bbox 1307 3073 1512 3130; x_wconf 79' lang='lat' dir='ltr'><strong>Catone</strong></span> <span class='ocrx_word' id='word_1_402' title='bbox 1536 3089 1681 3130; x_wconf 66' lang='grc' dir='ltr'><strong>(οδε.</strong></span> <span class='ocrx_word' id='word_1_403' title='bbox 1713 3089 1857 3130; x_wconf 88' lang='lat' dir='ltr'><strong>anno</strong></span> <span class='ocrx_word' id='word_1_404' title='bbox 1883 3089 2122 3128; x_wconf 74' lang='lat' dir='ltr'><strong>ncsxstx</strong></span> <span class='ocrx_word' id='word_1_405' title='bbox 2141 3114 2158 3142; x_wconf 94' lang='lat'><strong>,</strong></span> 
     </span>
    </p>
   </div>
   <div class='ocr_carea' id='block_1_50' title="bbox 571 3144 1413 3214">
    <p class='ocr_par' dir='ltr' id='par_1_50' title="bbox 571 3144 1413 3214">
     <span class='ocr_line' id='line_1_50' title="bbox 571 3144 1413 3214; baseline -0.001 -14"><span class='ocrx_word' id='word_1_406' title='bbox 571 3154 634 3200; x_wconf 89' lang='lat' dir='ltr'><strong>ut</strong></span> <span class='ocrx_word' id='word_1_407' title='bbox 655 3144 846 3214; x_wconf 85' lang='lat' dir='ltr'><strong>scribit</strong></span> <span class='ocrx_word' id='word_1_408' title='bbox 871 3145 1210 3214; x_wconf 80' lang='lat' dir='ltr'><strong>Obsequens.</strong></span> <span class='ocrx_word' id='word_1_409' title='bbox 1245 3145 1413 3199; x_wconf 61' lang='lat' dir='ltr'><strong>Fam.</strong></span> 
     </span>
    </p>
   </div>
   <div class='ocr_carea' id='block_1_51' title="bbox 640 3213 2162 3286">
    <p class='ocr_par' dir='ltr' id='par_1_51' title="bbox 640 3213 2162 3286">
     <span class='ocr_line' id='line_1_51' title="bbox 640 3213 2162 3286; baseline 0.001 -16"><span class='ocrx_word' id='word_1_410' title='bbox 640 3218 731 3270; x_wconf 71' lang='grc'><strong>55.</strong></span> <span class='ocrx_word' id='word_1_411' title='bbox 764 3213 828 3267; x_wconf 90' lang='lat' dir='ltr'><strong>L.</strong></span> <span class='ocrx_word' id='word_1_412' title='bbox 861 3213 1114 3281; x_wconf 78' lang='lat' dir='ltr'><strong>Helvius,</strong></span> <span class='ocrx_word' id='word_1_413' title='bbox 1153 3230 1304 3284; x_wconf 84' lang='lat' dir='ltr'><strong>eques</strong></span> <span class='ocrx_word' id='word_1_414' title='bbox 1350 3219 1642 3272; x_wconf 76' lang='lat' dir='ltr'><strong>Romanus.</strong></span> <span class='ocrx_word' id='word_1_415' title='bbox 1686 3216 1860 3286; x_wconf 84' lang='lat' dir='ltr'><strong>Vulgo</strong></span> <span class='ocrx_word' id='word_1_416' title='bbox 1899 3215 2162 3272; x_wconf 83' lang='lat' dir='ltr'><strong>mendose</strong></span> 
     </span>
    </p>
   </div>
   <div class='ocr_carea' id='block_1_52' title="bbox 571 3287 2165 3357">
    <p class='ocr_par' dir='ltr' id='par_1_52' title="bbox 571 3287 2165 3357">
     <span class='ocr_line' id='line_1_52' title="bbox 571 3287 2165 3357; baseline -0.001 -15"><span class='ocrx_word' id='word_1_417' title='bbox 571 3294 762 3357; x_wconf 75' lang='lat' dir='ltr'><strong>contra</strong></span> <span class='ocrx_word' id='word_1_418' title='bbox 786 3287 1028 3357; x_wconf 76' lang='lat' dir='ltr'><strong>omnium</strong></span> <span class='ocrx_word' id='word_1_419' title='bbox 1048 3293 1300 3357; x_wconf 65' lang='lat' dir='ltr'><strong>veterum</strong></span> <span class='ocrx_word' id='word_1_420' title='bbox 1332 3287 1590 3341; x_wconf 90' lang='lat' dir='ltr'><strong>librorum</strong></span> <span class='ocrx_word' id='word_1_421' title='bbox 1623 3292 2001 3342; x_wconf 87' lang='lat' dir='ltr'><strong>auctoritatem</strong></span> <span class='ocrx_word' id='word_1_422' title='bbox 2031 3288 2165 3357; x_wconf 83' lang='lat' dir='ltr'><strong>legi-</strong></span> 
     </span>
    </p>
   </div>
   <div class='ocr_carea' id='block_1_53' title="bbox 574 3353 2163 3425">
    <p class='ocr_par' dir='ltr' id='par_1_53' title="bbox 574 3353 2163 3425">
     <span class='ocr_line' id='line_1_53' title="bbox 574 3353 2163 3425; baseline 0.001 -14"><span class='ocrx_word' id='word_1_423' title='bbox 574 3368 684 3422; x_wconf 91' lang='lat' dir='ltr'><strong>tur,</strong></span> <span class='ocrx_word' id='word_1_424' title='bbox 713 3355 778 3409; x_wconf 85' lang='lat' dir='ltr'><strong>L.</strong></span> <span class='ocrx_word' id='word_1_425' title='bbox 819 3353 1026 3425; x_wconf 81' lang='lat' dir='ltr'><strong>/Elius.</strong></span> <span class='ocrx_word' id='word_1_426' title='bbox 1073 3354 1275 3410; x_wconf 85' lang='lat' dir='ltr'><strong>Eadem</strong></span> <span class='ocrx_word' id='word_1_427' title='bbox 1309 3359 1502 3425; x_wconf 81' lang='lat' dir='ltr'><strong>injuria</strong></span> <span class='ocrx_word' id='word_1_428' title='bbox 1537 3357 1729 3411; x_wconf 77' lang='lat' dir='ltr'><strong>Helvio</strong></span> <span class='ocrx_word' id='word_1_429' title='bbox 1763 3358 1902 3411; x_wconf 81' lang='lat' dir='ltr'><strong>facta</strong></span> <span class='ocrx_word' id='word_1_430' title='bbox 1931 3365 2052 3411; x_wconf 87' lang='lat' dir='ltr'><strong>erat</strong></span> <span class='ocrx_word' id='word_1_431' title='bbox 2088 3353 2163 3412; x_wconf 73' lang='lat' dir='ltr'><strong>ab</strong></span> 
     </span>
    </p>
   </div>
   <div class='ocr_carea' id='block_1_54' title="bbox 578 3424 2165 3497">
    <p class='ocr_par' dir='ltr' id='par_1_54' title="bbox 578 3424 2165 3497">
     <span class='ocr_line' id='line_1_54' title="bbox 578 3424 2165 3497; baseline 0.001 -17"><span class='ocrx_word' id='word_1_432' title='bbox 578 3426 731 3481; x_wconf 66' lang='lat' dir='ltr'><strong>lElio</strong></span> <span class='ocrx_word' id='word_1_433' title='bbox 761 3424 901 3493; x_wconf 89' lang='lat' dir='ltr'><strong>apud</strong></span> <span class='ocrx_word' id='word_1_434' title='bbox 949 3425 1158 3497; x_wconf 85' lang='lat' dir='ltr'><strong>Livium</strong></span> <span class='ocrx_word' id='word_1_435' title='bbox 1209 3427 1307 3480; x_wconf 90' lang='lat' dir='ltr'><strong>lib.</strong></span> <span class='ocrx_word' id='word_1_436' title='bbox 1347 3424 1518 3491; x_wconf 67' lang='lat' dir='ltr'><strong>xxxtt,</strong></span> <span class='ocrx_word' id='word_1_437' title='bbox 1567 3443 1728 3497; x_wconf 89' lang='lat' dir='ltr'><strong>quam</strong></span> <span class='ocrx_word' id='word_1_438' title='bbox 1775 3426 2048 3496; x_wconf 81' lang='lat' dir='ltr'><strong>Sigonius,</strong></span> <span class='ocrx_word' id='word_1_439' title='bbox 2084 3430 2165 3482; x_wconf 87' lang='lat' dir='ltr'><strong>vir</strong></span> 
     </span>
    </p>
   </div>
   <div class='ocr_carea' id='block_1_55' title="bbox 577 3496 2166 3562">
    <p class='ocr_par' dir='ltr' id='par_1_55' title="bbox 577 3496 2166 3562">
     <span class='ocr_line' id='line_1_55' title="bbox 577 3496 2166 3562; baseline -0.001 -10"><span class='ocrx_word' id='word_1_440' title='bbox 577 3497 878 3552; x_wconf 87' lang='lat' dir='ltr'><strong>acerrimus</strong></span> <span class='ocrx_word' id='word_1_441' title='bbox 901 3497 953 3548; x_wconf 93' lang='lat' dir='ltr'><strong>in</strong></span> <span class='ocrx_word' id='word_1_442' title='bbox 979 3496 1285 3562; x_wconf 85' lang='lat' dir='ltr'><strong>hujusmodi</strong></span> <span class='ocrx_word' id='word_1_443' title='bbox 1313 3500 1572 3552; x_wconf 88' lang='lat' dir='ltr'><strong>monstris</strong></span> <span class='ocrx_word' id='word_1_444' title='bbox 1589 3496 1967 3562; x_wconf 39' lang='lat' dir='ltr'><strong>&#39;conliciendis,</strong></span> <span class='ocrx_word' id='word_1_445' title='bbox 1993 3499 2166 3552; x_wconf 87' lang='lat' dir='ltr'><strong>vindi-</strong></span> 
     </span>
    </p>
   </div>
   <div class='ocr_carea' id='block_1_56' title="bbox 577 3540 2240 3636">
    <p class='ocr_par' dir='ltr' id='par_1_56' title="bbox 577 3540 2240 3636">
     <span class='ocr_line' id='line_1_56' title="bbox 577 3540 2240 3636; baseline 0.001 -15"><span class='ocrx_word' id='word_1_446' title='bbox 577 3540 743 3622; x_wconf 64' lang='lat' dir='ltr'><strong>Eaiai.</strong></span> <span class='ocrx_word' id='word_1_447' title='bbox 792 3565 848 3619; x_wconf 93' lang='lat' dir='ltr'><strong>ln</strong></span> <span class='ocrx_word' id='word_1_448' title='bbox 899 3540 1265 3634; x_wconf 67' lang='lat' dir='ltr'><strong>Obsequentis</strong></span> <span class='ocrx_word' id='word_1_449' title='bbox 1309 3540 1573 3636; x_wconf 65' lang='lat' dir='ltr'><strong>prodigiis</strong></span> <span class='ocrx_word' id='word_1_450' title='bbox 1593 3540 2166 3636; x_wconf 61' lang='grc' dir='ltr'><strong>ἾωυῖῥὲἑιιῖἾιέιύἷιὲε</strong></span> <span class='ocrx_word' id='word_1_451' title='bbox 2195 3540 2240 3602; x_wconf 78' lang='lat' dir='ltr'>C</span> 
     </span>
    </p>
   </div>
   <div class='ocr_carea' id='block_1_57' title="bbox 576 3637 2170 3708">
    <p class='ocr_par' dir='ltr' id='par_1_57' title="bbox 576 3637 2170 3708">
     <span class='ocr_line' id='line_1_57' title="bbox 576 3637 2170 3708; baseline 0.001 -15"><span class='ocrx_word' id='word_1_452' title='bbox 576 3640 774 3692; x_wconf 80' lang='lat' dir='ltr'><strong>vitioso</strong></span> <span class='ocrx_word' id='word_1_453' title='bbox 813 3637 996 3708; x_wconf 78' lang='lat' dir='ltr'><strong>priore</strong></span> <span class='ocrx_word' id='word_1_454' title='bbox 1040 3638 1260 3692; x_wconf 83' lang='lat' dir='ltr'><strong>nomine</strong></span> <span class='ocrx_word' id='word_1_455' title='bbox 1306 3638 1521 3708; x_wconf 79' lang='lat' dir='ltr'><strong>legitur.</strong></span> <span class='ocrx_word' id='word_1_456' title='bbox 1558 3637 1803 3691; x_wconf 81' lang='lat' dir='ltr'><strong>Helvium</strong></span> <span class='ocrx_word' id='word_1_457' title='bbox 1843 3649 1990 3694; x_wconf 90' lang='lat' dir='ltr'><strong>recte</strong></span> <span class='ocrx_word' id='word_1_458' title='bbox 2029 3640 2170 3694; x_wconf 85' lang='lat' dir='ltr'><strong>hunc</strong></span> 
     </span>
    </p>
   </div>
   <div class='ocr_carea' id='block_1_58' title="bbox 579 3707 2170 3775">
    <p class='ocr_par' dir='ltr' id='par_1_58' title="bbox 579 3707 2170 3775">
     <span class='ocr_line' id='line_1_58' title="bbox 579 3707 2170 3775; baseline 0.001 -12"><span class='ocrx_word' id='word_1_459' title='bbox 579 3707 855 3763; x_wconf 88' lang='lat' dir='ltr'><strong>nominari</strong></span> <span class='ocrx_word' id='word_1_460' title='bbox 883 3707 1046 3761; x_wconf 82' lang='lat' dir='ltr'><strong>etiam</strong></span> <span class='ocrx_word' id='word_1_461' title='bbox 1077 3721 1142 3761; x_wconf 83' lang='lat' dir='ltr'><strong>ex</strong></span> <span class='ocrx_word' id='word_1_462' title='bbox 1173 3709 1576 3775; x_wconf 70' lang='lat' dir='ltr'><strong>Qtttcsttonibns</strong></span> <span class='ocrx_word' id='word_1_463' title='bbox 1599 3709 1857 3762; x_wconf 76' lang='lat' dir='ltr'><strong>Romanis</strong></span> <span class='ocrx_word' id='word_1_464' title='bbox 1896 3710 2170 3765; x_wconf 79' lang='lat' dir='ltr'><strong>Plutarchi</strong></span> 
     </span>
    </p>
   </div>
   <div class='ocr_carea' id='block_1_59' title="bbox 577 3776 2172 3848">
    <p class='ocr_par' dir='ltr' id='par_1_59' title="bbox 577 3776 2172 3848">
     <span class='ocr_line' id='line_1_59' title="bbox 577 3776 2172 3848; baseline 0.001 -14"><span class='ocrx_word' id='word_1_465' title='bbox 577 3778 928 3848; x_wconf 87' lang='lat' dir='ltr'><strong>cognoscitur</strong></span> <span class='ocrx_word' id='word_1_466' title='bbox 961 3795 971 3830; x_wconf 94' lang='lat'>:</span> <span class='ocrx_word' id='word_1_467' title='bbox 1006 3776 1098 3831; x_wconf 88' lang='lat' dir='ltr'><strong>ubi</strong></span> <span class='ocrx_word' id='word_1_468' title='bbox 1123 3779 1274 3848; x_wconf 85' lang='lat' dir='ltr'><strong>virgo</strong></span> <span class='ocrx_word' id='word_1_469' title='bbox 1294 3777 1408 3832; x_wconf 63' lang='lat' dir='ltr'><strong>haec</strong></span> <span class='ocrx_word' id='word_1_470' title='bbox 1433 3779 1656 3833; x_wconf 86' lang='lat' dir='ltr'><strong>fulmine</strong></span> <span class='ocrx_word' id='word_1_471' title='bbox 1685 3780 1973 3836; x_wconf 66' lang='grc' dir='ltr'><strong>ἱειῖιἘὶϐία</strong></span> <span class='ocrx_word' id='word_1_472' title='bbox 1999 3783 2172 3835; x_wconf 78' lang='lat' dir='ltr'><strong>nomi-</strong></span> 
     </span>
    </p>
   </div>
   <div class='ocr_carea' id='block_1_60' title="bbox 579 3849 2170 3919">
    <p class='ocr_par' dir='ltr' id='par_1_60' title="bbox 579 3849 2170 3919">
     <span class='ocr_line' id='line_1_60' title="bbox 579 3849 2170 3919; baseline 0.001 -15"><span class='ocrx_word' id='word_1_473' title='bbox 579 3861 762 3904; x_wconf 82' lang='lat' dir='ltr'><strong>natur.</strong></span> <span class='ocrx_word' id='word_1_474' title='bbox 797 3849 1066 3902; x_wconf 87' lang='lat' dir='ltr'><strong>Diaeonus</strong></span> <span class='ocrx_word' id='word_1_475' title='bbox 1103 3849 1205 3902; x_wconf 88' lang='lat' dir='ltr'><strong>hoc</strong></span> <span class='ocrx_word' id='word_1_476' title='bbox 1238 3851 1538 3919; x_wconf 85' lang='lat' dir='ltr'><strong>prodigium</strong></span> <span class='ocrx_word' id='word_1_477' title='bbox 1568 3865 1690 3904; x_wconf 92' lang='lat' dir='ltr'><strong>cum</strong></span> <span class='ocrx_word' id='word_1_478' title='bbox 1732 3852 2014 3905; x_wconf 81' lang='lat' dir='ltr'><strong>Ciceronis</strong></span> <span class='ocrx_word' id='word_1_479' title='bbox 2046 3861 2170 3906; x_wconf 75' lang='lat' dir='ltr'><strong>ertu</strong></span> 
     </span>
    </p>
   </div>
   <div class='ocr_carea' id='block_1_61' title="bbox 578 3919 2171 3990">
    <p class='ocr_par' dir='ltr' id='par_1_61' title="bbox 578 3919 2171 3990">
     <span class='ocr_line' id='line_1_61' title="bbox 578 3919 2171 3990; baseline 0.001 -15"><span class='ocrx_word' id='word_1_480' title='bbox 578 3921 889 3988; x_wconf 84' lang='lat' dir='ltr'><strong>conjungit,</strong></span> <span class='ocrx_word' id='word_1_481' title='bbox 941 3920 1136 3990; x_wconf 85' lang='lat' dir='ltr'><strong>credo,</strong></span> <span class='ocrx_word' id='word_1_482' title='bbox 1183 3921 1330 3988; x_wconf 91' lang='lat' dir='ltr'><strong>quod</strong></span> <span class='ocrx_word' id='word_1_483' title='bbox 1376 3922 1529 3990; x_wconf 73' lang='lat' dir='ltr'><strong>virgo</strong></span> <span class='ocrx_word' id='word_1_484' title='bbox 1579 3922 1666 3974; x_wconf 87' lang='lat' dir='ltr'><strong>illa</strong></span> <span class='ocrx_word' id='word_1_485' title='bbox 1697 3919 1931 3984; x_wconf 75' lang='lat' dir='ltr'><strong>Ilelviw,</strong></span> <span class='ocrx_word' id='word_1_486' title='bbox 1983 3924 2171 3977; x_wconf 85' lang='lat' dir='ltr'><strong>matris</strong></span> 
     </span>
    </p>
   </div>
   <div class='ocr_carea' id='block_1_62' title="bbox 583 3989 2171 4112">
    <p class='ocr_par' dir='ltr' id='par_1_62' title="bbox 583 3989 2171 4112">
     <span class='ocr_line' id='line_1_62' title="bbox 583 3989 2171 4112; baseline 0.003 -68"><span class='ocrx_word' id='word_1_487' title='bbox 583 3991 655 4045; x_wconf 84' lang='grc' dir='ltr'><strong>Μ.</strong></span> <span class='ocrx_word' id='word_1_488' title='bbox 688 3989 1120 4112; x_wconf 48' lang='grc' dir='ltr'>Τιιιιίὶ,ιε);ειιιὶιὶε</span> <span class='ocrx_word' id='word_1_489' title='bbox 1143 4001 1316 4054; x_wconf 84' lang='lat' dir='ltr'><strong>esset;</strong></span> <span class='ocrx_word' id='word_1_490' title='bbox 1347 4007 1452 4060; x_wconf 89' lang='lat' dir='ltr'><strong>qua</strong></span> <span class='ocrx_word' id='word_1_491' title='bbox 1474 3989 1550 4044; x_wconf 86' lang='lat' dir='ltr'><strong>de</strong></span> <span class='ocrx_word' id='word_1_492' title='bbox 1578 4007 1634 4045; x_wconf 92' lang='lat' dir='ltr'><strong>re</strong></span> <span class='ocrx_word' id='word_1_493' title='bbox 1666 3993 1816 4060; x_wconf 81' lang='lat' dir='ltr'><strong>plura</strong></span> <span class='ocrx_word' id='word_1_494' title='bbox 1845 3995 2089 4048; x_wconf 76' lang='lat' dir='ltr'><strong>dixeram</strong></span> <span class='ocrx_word' id='word_1_495' title='bbox 2119 3996 2171 4048; x_wconf 88' lang='lat' dir='ltr'><strong>in</strong></span> 
     </span>
     <span class='ocr_line' id='line_1_63' title="bbox 583 4061 2171 4112; baseline 0 0"><span class='ocrx_word' id='word_1_496' title='bbox 583 4061 848 4112; x_wconf 78' lang='lat' dir='ltr'><strong>Ciceronis</strong></span> <span class='ocrx_word' id='word_1_497' title='bbox 935 4062 1028 4112; x_wconf 86' lang='lat' dir='ltr'><strong>ita.</strong></span> <span class='ocrx_word' id='word_1_498' title='bbox 1077 4075 1239 4112; x_wconf 88' lang='lat' dir='ltr'><strong>uuam</strong></span> <span class='ocrx_word' id='word_1_499' title='bbox 1271 4061 1376 4112; x_wconf 84' lang='lat' dir='ltr'><strong>iam</strong></span> <span class='ocrx_word' id='word_1_500' title='bbox 1416 4062 1777 4112; x_wconf 74' lang='lat' dir='ltr'><strong>tmhliCusscm</strong></span> <span class='ocrx_word' id='word_1_501' title='bbox 1823 4065 1923 4112; x_wconf 79' lang='lat' dir='ltr'><strong>nisi</strong></span> <span class='ocrx_word' id='word_1_502' title='bbox 1946 4080 2012 4112; x_wconf 83' lang='lat' dir='ltr'><strong>eo</strong></span> <span class='ocrx_word' id='word_1_503' title='bbox 2037 4073 2171 4112; x_wconf 76' lang='lat' dir='ltr'><strong>[eiii-</strong></span> 
     </span>
    </p>
   </div>
   <div class='ocr_carea' id='block_1_63' title="bbox 583 4061 2173 4130">
    <p class='ocr_par' dir='ltr' id='par_1_63' title="bbox 583 4061 2173 4130">
     <span class='ocr_line' id='line_1_64' title="bbox 583 4061 2173 4130; baseline 0.001 -15"><span class='ocrx_word' id='word_1_504' title='bbox 583 4061 848 4115; x_wconf 76' lang='lat' dir='ltr'><strong>Ciceronis</strong></span> <span class='ocrx_word' id='word_1_505' title='bbox 892 4061 1028 4123; x_wconf 85' lang='lat' dir='ltr'><strong>Vita,</strong></span> <span class='ocrx_word' id='word_1_506' title='bbox 1077 4075 1239 4128; x_wconf 86' lang='lat' dir='ltr'><strong>quam</strong></span> <span class='ocrx_word' id='word_1_507' title='bbox 1264 4061 1376 4129; x_wconf 86' lang='lat' dir='ltr'><strong>jam</strong></span> <span class='ocrx_word' id='word_1_508' title='bbox 1414 4062 1777 4130; x_wconf 71' lang='lat' dir='ltr'><strong>publicasscm</strong></span> <span class='ocrx_word' id='word_1_509' title='bbox 1823 4065 2173 4118; x_wconf 82' lang='lat' dir='ltr'><strong>nisieotem-</strong></span> 
     </span>
    </p>
   </div>
   <div class='ocr_carea' id='block_1_64' title="bbox 584 4131 2063 4203">
    <p class='ocr_par' dir='ltr' id='par_1_64' title="bbox 584 4131 2063 4203">
     <span class='ocr_line' id='line_1_65' title="bbox 584 4131 2063 4203; baseline 0 -17"><span class='ocrx_word' id='word_1_510' title='bbox 584 4148 718 4203; x_wconf 90' lang='lat' dir='ltr'><strong>pore</strong></span> <span class='ocrx_word' id='word_1_511' title='bbox 741 4132 870 4203; x_wconf 73' lang='lat' dir='ltr'><strong>Sch.</strong></span> <span class='ocrx_word' id='word_1_512' title='bbox 897 4131 1130 4203; x_wconf 74' lang='lat' dir='ltr'><strong>Corradi</strong></span> <span class='ocrx_word' id='word_1_513' title='bbox 1163 4131 1423 4203; x_wconf 82' lang='lat' dir='ltr'><strong>Egnatius</strong></span> <span class='ocrx_word' id='word_1_514' title='bbox 1453 4133 1644 4188; x_wconf 86' lang='lat' dir='ltr'><strong>fuisset</strong></span> <span class='ocrx_word' id='word_1_515' title='bbox 1669 4133 1866 4187; x_wconf 69' lang='lat' dir='ltr'><strong>editus.</strong></span> <span class='ocrx_word' id='word_1_516' title='bbox 1898 4135 2063 4188; x_wconf 69' lang='lat' dir='ltr'><strong>Fann.</strong></span> 
     </span>
    </p>
   </div>
   <div class='ocr_carea' id='block_1_65' title="bbox 654 4200 2173 4274">
    <p class='ocr_par' dir='ltr' id='par_1_65' title="bbox 654 4200 2173 4274">
     <span class='ocr_line' id='line_1_66' title="bbox 654 4200 2173 4274; baseline 0.003 -18"><span class='ocrx_word' id='word_1_517' title='bbox 654 4205 742 4258; x_wconf 75' lang='grc'><strong>56.</strong></span> <span class='ocrx_word' id='word_1_518' title='bbox 778 4200 1074 4274; x_wconf 65' lang='lat' dir='ltr'><strong>Delioma.</strong></span> <span class='ocrx_word' id='word_1_519' title='bbox 1101 4201 1323 4274; x_wconf 66' lang='lat' dir='ltr'><strong>llectius</strong></span> <span class='ocrx_word' id='word_1_520' title='bbox 1343 4203 1493 4258; x_wconf 89' lang='lat' dir='ltr'><strong>dicas</strong></span> <span class='ocrx_word' id='word_1_521' title='bbox 1523 4203 1694 4257; x_wconf 76' lang='lat' dir='ltr'><strong>Itonia</strong></span> <span class='ocrx_word' id='word_1_522' title='bbox 1728 4205 1782 4256; x_wconf 89' lang='lat' dir='ltr'><strong>in</strong></span> <span class='ocrx_word' id='word_1_523' title='bbox 1815 4205 2061 4274; x_wconf 82' lang='lat' dir='ltr'><strong>Apuliam</strong></span> <span class='ocrx_word' id='word_1_524' title='bbox 2086 4221 2173 4260; x_wconf 87' lang='lat' dir='ltr'><strong>re-</strong></span> 
     </span>
    </p>
   </div>
   <div class='ocr_carea' id='block_1_66' title="bbox 582 4271 2174 4343">
    <p class='ocr_par' dir='ltr' id='par_1_66' title="bbox 582 4271 2174 4343">
     <span class='ocr_line' id='line_1_67' title="bbox 582 4271 2174 4343; baseline 0.003 -17"><span class='ocrx_word' id='word_1_525' title='bbox 582 4273 752 4339; x_wconf 83' lang='lat' dir='ltr'><strong>diens,</strong></span> <span class='ocrx_word' id='word_1_526' title='bbox 787 4283 845 4327; x_wconf 91' lang='lat' dir='ltr'><strong>ut</strong></span> <span class='ocrx_word' id='word_1_527' title='bbox 865 4271 1067 4327; x_wconf 82' lang='lat' dir='ltr'><strong>habent</strong></span> <span class='ocrx_word' id='word_1_528' title='bbox 1099 4272 1288 4343; x_wconf 86' lang='lat' dir='ltr'><strong>Vulgg.</strong></span> <span class='ocrx_word' id='word_1_529' title='bbox 1312 4274 1420 4328; x_wconf 88' lang='lat' dir='ltr'><strong>Sed</strong></span> <span class='ocrx_word' id='word_1_530' title='bbox 1450 4289 1572 4328; x_wconf 89' lang='lat' dir='ltr'><strong>eum</strong></span> <span class='ocrx_word' id='word_1_531' title='bbox 1606 4289 1738 4327; x_wconf 86' lang='lat' dir='ltr'><strong>mss.</strong></span> <span class='ocrx_word' id='word_1_532' title='bbox 1771 4275 1838 4328; x_wconf 87' lang='lat' dir='ltr'><strong>ad</strong></span> <span class='ocrx_word' id='word_1_533' title='bbox 1863 4271 2030 4330; x_wconf 78' lang='lat' dir='ltr'><strong>unum</strong></span> <span class='ocrx_word' id='word_1_534' title='bbox 2057 4293 2174 4330; x_wconf 88' lang='lat' dir='ltr'><strong>om-</strong></span> 
     </span>
    </p>
   </div>
   <div class='ocr_carea' id='block_1_67' title="bbox 582 4343 2173 4415">
    <p class='ocr_par' dir='ltr' id='par_1_67' title="bbox 582 4343 2173 4415">
     <span class='ocr_line' id='line_1_68' title="bbox 582 4343 2173 4415; baseline 0.001 -17"><span class='ocrx_word' id='word_1_535' title='bbox 582 4358 719 4409; x_wconf 88' lang='lat' dir='ltr'><strong>nes,</strong></span> <span class='ocrx_word' id='word_1_536' title='bbox 768 4343 1098 4412; x_wconf 87' lang='lat' dir='ltr'><strong>astipulante</strong></span> <span class='ocrx_word' id='word_1_537' title='bbox 1141 4345 1232 4398; x_wconf 92' lang='lat' dir='ltr'><strong>ed.</strong></span> <span class='ocrx_word' id='word_1_538' title='bbox 1266 4350 1520 4415; x_wconf 82' lang='lat' dir='ltr'><strong>August.,</strong></span> <span class='ocrx_word' id='word_1_539' title='bbox 1557 4343 1849 4412; x_wconf 72' lang='lat' dir='ltr'><strong>przeferant</strong></span> <span class='ocrx_word' id='word_1_540' title='bbox 1889 4347 1953 4399; x_wconf 85' lang='lat' dir='ltr'><strong>de</strong></span> <span class='ocrx_word' id='word_1_541' title='bbox 1983 4347 2173 4413; x_wconf 84' lang='lat' dir='ltr'><strong>Roma,</strong></span> 
     </span>
    </p>
   </div>
   <div class='ocr_carea' id='block_1_68' title="bbox 585 4415 1694 4484">
    <p class='ocr_par' dir='ltr' id='par_1_68' title="bbox 585 4415 1694 4484">
     <span class='ocr_line' id='line_1_69' title="bbox 585 4415 1694 4484; baseline -0.001 -16"><span class='ocrx_word' id='word_1_542' title='bbox 585 4417 870 4484; x_wconf 87' lang='lat' dir='ltr'><strong>immutare</strong></span> <span class='ocrx_word' id='word_1_543' title='bbox 897 4415 1187 4469; x_wconf 87' lang='lat' dir='ltr'><strong>lectionem</strong></span> <span class='ocrx_word' id='word_1_544' title='bbox 1213 4416 1490 4484; x_wconf 84' lang='lat' dir='ltr'><strong>antiquam</strong></span> <span class='ocrx_word' id='word_1_545' title='bbox 1522 4415 1694 4469; x_wconf 90' lang='lat' dir='ltr'><strong>nolui.</strong></span> 
     </span>
    </p>
   </div>
   <div class='ocr_carea' id='block_1_69' title="bbox 655 4483 2172 4556">
    <p class='ocr_par' dir='ltr' id='par_1_69' title="bbox 655 4483 2172 4556">
     <span class='ocr_line' id='line_1_70' title="bbox 655 4483 2172 4556; baseline 0.003 -17"><span class='ocrx_word' id='word_1_546' title='bbox 655 4487 745 4540; x_wconf 75' lang='grc'><strong>57.</strong></span> <span class='ocrx_word' id='word_1_547' title='bbox 769 4483 1100 4556; x_wconf 77' lang='lat' dir='ltr'><strong>Arrcptisque</strong></span> <span class='ocrx_word' id='word_1_548' title='bbox 1123 4486 1285 4554; x_wconf 87' lang='lat' dir='ltr'><strong>equis.</strong></span> <span class='ocrx_word' id='word_1_549' title='bbox 1315 4483 1450 4541; x_wconf 80' lang='lat' dir='ltr'><strong>Tres</strong></span> <span class='ocrx_word' id='word_1_550' title='bbox 1480 4487 1650 4556; x_wconf 83' lang='lat' dir='ltr'><strong>Lugd.</strong></span> <span class='ocrx_word' id='word_1_551' title='bbox 1699 4486 1841 4542; x_wconf 75' lang='lat' dir='ltr'><strong>Bait.</strong></span> <span class='ocrx_word' id='word_1_552' title='bbox 1877 4502 2001 4543; x_wconf 91' lang='lat' dir='ltr'><strong>cum</strong></span> <span class='ocrx_word' id='word_1_553' title='bbox 2030 4486 2172 4544; x_wconf 90' lang='lat' dir='ltr'><strong>Coll.</strong></span> 
     </span>
    </p>
   </div>
   <div class='ocr_carea' id='block_1_70' title="bbox 582 4555 1304 4625">
    <p class='ocr_par' dir='ltr' id='par_1_70' title="bbox 582 4555 1304 4625">
     <span class='ocr_line' id='line_1_71' title="bbox 582 4555 1304 4625; baseline -0.004 -14"><span class='ocrx_word' id='word_1_554' title='bbox 582 4555 826 4625; x_wconf 61' lang='lat' dir='ltr'><strong>Gronor.</strong></span> <span class='ocrx_word' id='word_1_555' title='bbox 857 4555 1110 4625; x_wconf 85' lang='lat' dir='ltr'><strong>correptis</strong></span> <span class='ocrx_word' id='word_1_556' title='bbox 1140 4559 1304 4625; x_wconf 82' lang='lat' dir='ltr'><strong>equis.</strong></span> 
     </span>
    </p>
   </div>
   <div class='ocr_carea' id='block_1_71' title="bbox 657 4623 2172 4698">
    <p class='ocr_par' dir='ltr' id='par_1_71' title="bbox 657 4623 2172 4698">
     <span class='ocr_line' id='line_1_72' title="bbox 657 4623 2172 4698; baseline 0.003 -19"><span class='ocrx_word' id='word_1_557' title='bbox 657 4626 748 4698; x_wconf 57' lang='lat' dir='ltr'><strong>ﬁt}.</strong></span> <span class='ocrx_word' id='word_1_558' title='bbox 778 4623 989 4698; x_wconf 79' lang='lat' dir='ltr'><strong>I_’_uella.</strong></span> <span class='ocrx_word' id='word_1_559' title='bbox 1027 4623 1431 4698; x_wconf 50' lang='lat' dir='ltr'><strong>Edequaedam</strong></span> <span class='ocrx_word' id='word_1_560' title='bbox 1460 4627 1637 4698; x_wconf 86' lang='lat' dir='ltr'><strong>puella</strong></span> <span class='ocrx_word' id='word_1_561' title='bbox 1665 4644 1804 4691; x_wconf 70' lang='lat' dir='ltr'><strong>uero,</strong></span> <span class='ocrx_word' id='word_1_562' title='bbox 1835 4638 2022 4684; x_wconf 87' lang='lat' dir='ltr'><strong>contra</strong></span> <span class='ocrx_word' id='word_1_563' title='bbox 2043 4646 2172 4686; x_wconf 88' lang='lat' dir='ltr'><strong>mss.</strong></span> 
     </span>
    </p>
   </div>
   <div class='ocr_carea' id='block_1_72' title="bbox 661 4693 2181 4770">
    <p class='ocr_par' dir='ltr' id='par_1_72' title="bbox 661 4693 2181 4770">
     <span class='ocr_line' id='line_1_73' title="bbox 661 4693 2181 4770; baseline 0.004 -21"><span class='ocrx_word' id='word_1_564' title='bbox 661 4696 747 4752; x_wconf 81' lang='lat'><strong>39.</strong></span> <span class='ocrx_word' id='word_1_565' title='bbox 777 4693 956 4766; x_wconf 83' lang='lat' dir='ltr'><strong>Equus</strong></span> <span class='ocrx_word' id='word_1_566' title='bbox 978 4693 1217 4766; x_wconf 55' lang='lat' dir='ltr'><strong>quoque,</strong></span> <span class='ocrx_word' id='word_1_567' title='bbox 1234 4707 1340 4770; x_wconf 81' lang='lat' dir='ltr'><strong>etc.</strong></span> <span class='ocrx_word' id='word_1_568' title='bbox 1366 4697 1423 4751; x_wconf 91' lang='lat' dir='ltr'><strong>In</strong></span> <span class='ocrx_word' id='word_1_569' title='bbox 1451 4693 1568 4752; x_wconf 74' lang='lat' dir='ltr'><strong>Meo</strong></span> <span class='ocrx_word' id='word_1_570' title='bbox 1589 4707 1748 4768; x_wconf 89' lang='lat' dir='ltr'><strong>atque</strong></span> <span class='ocrx_word' id='word_1_571' title='bbox 1766 4699 2014 4754; x_wconf 84' lang='lat' dir='ltr'><strong>Perizon.</strong></span> <span class='ocrx_word' id='word_1_572' title='bbox 2049 4701 2181 4770; x_wconf 63' lang='lat' dir='ltr'><strong>legi-</strong></span> 
     </span>
    </p>
   </div>
   <div class='ocr_carea' id='block_1_73' title="bbox 590 4769 2179 4842">
    <p class='ocr_par' dir='ltr' id='par_1_73' title="bbox 590 4769 2179 4842">
     <span class='ocr_line' id='line_1_74' title="bbox 590 4769 2179 4842; baseline 0.003 -21"><span class='ocrx_word' id='word_1_573' title='bbox 590 4777 697 4834; x_wconf 89' lang='lat' dir='ltr'><strong>tur,</strong></span> <span class='ocrx_word' id='word_1_574' title='bbox 717 4782 1125 4842; x_wconf 80' lang='lat' dir='ltr'><strong>_equ_us_quoq_uc,</strong></span> <span class='ocrx_word' id='word_1_575' title='bbox 1156 4784 1256 4836; x_wconf 88' lang='lat' dir='ltr'><strong>quo</strong></span> <span class='ocrx_word' id='word_1_576' title='bbox 1277 4769 1386 4842; x_wconf 78' lang='lat' dir='ltr'><strong>ipse</strong></span> <span class='ocrx_word' id='word_1_577' title='bbox 1419 4771 1677 4833; x_wconf 80' lang='lat' dir='ltr'><strong>utebatur,</strong></span> <span class='ocrx_word' id='word_1_578' title='bbox 1703 4772 1852 4839; x_wconf 88' lang='lat' dir='ltr'><strong>quasi</strong></span> <span class='ocrx_word' id='word_1_579' title='bbox 1882 4771 1947 4824; x_wconf 85' lang='lat' dir='ltr'><strong>ad</strong></span> <span class='ocrx_word' id='word_1_580' title='bbox 1981 4769 2179 4842; x_wconf 81' lang='lat' dir='ltr'><strong>equum</strong></span> 
     </span>
    </p>
   </div>
   <div class='ocr_carea' id='block_1_74' title="bbox 587 4836 2178 4911">
    <p class='ocr_par' dir='ltr' id='par_1_74' title="bbox 587 4836 2178 4911">
     <span class='ocr_line' id='line_1_75' title="bbox 587 4836 2178 4911; baseline 0.005 -21"><span class='ocrx_word' id='word_1_581' title='bbox 587 4836 770 4911; x_wconf 69' lang='lat' dir='ltr'><strong>patris</strong></span> <span class='ocrx_word' id='word_1_582' title='bbox 809 4838 984 4911; x_wconf 72' lang='lat' dir='ltr'><strong>llelvii</strong></span> <span class='ocrx_word' id='word_1_583' title='bbox 1019 4836 1136 4895; x_wconf 88' lang='lat' dir='ltr'><strong>hoc</strong></span> <span class='ocrx_word' id='word_1_584' title='bbox 1169 4840 1502 4910; x_wconf 89' lang='lat' dir='ltr'><strong>pertineret,</strong></span> <span class='ocrx_word' id='word_1_585' title='bbox 1541 4842 1685 4909; x_wconf 87' lang='lat' dir='ltr'><strong>quod</strong></span> <span class='ocrx_word' id='word_1_586' title='bbox 1721 4836 1833 4896; x_wconf 78' lang='lat' dir='ltr'><strong>non</strong></span> <span class='ocrx_word' id='word_1_587' title='bbox 1885 4836 2048 4911; x_wconf 59' lang='lat' dir='ltr'><strong>puto.&quot;</strong></span> <span class='ocrx_word' id='word_1_588' title='bbox 2073 4843 2178 4898; x_wconf 82' lang='lat' dir='ltr'><strong>Ed.</strong></span> 
     </span>
    </p>
   </div>
   <div class='ocr_carea' id='block_1_75' title="bbox 586 4908 1049 4978">
    <p class='ocr_par' dir='ltr' id='par_1_75' title="bbox 586 4908 1049 4978">
     <span class='ocr_line' id='line_1_76' title="bbox 586 4908 1049 4978; baseline -0.002 -15"><span class='ocrx_word' id='word_1_589' title='bbox 586 4914 727 4978; x_wconf 82' lang='lat' dir='ltr'><strong>Aug.</strong></span> <span class='ocrx_word' id='word_1_590' title='bbox 754 4908 864 4977; x_wconf 84' lang='lat' dir='ltr'><strong>ipse</strong></span> <span class='ocrx_word' id='word_1_591' title='bbox 883 4909 1049 4965; x_wconf 88' lang='lat' dir='ltr'><strong>delet.</strong></span> 
     </span>
    </p>
   </div>
   <div class='ocr_carea' id='block_1_76' title="bbox 657 4983 2173 5054">
    <p class='ocr_par' dir='ltr' id='par_1_76' title="bbox 657 4983 2173 5054">
     <span class='ocr_line' id='line_1_77' title="bbox 657 4983 2173 5054; baseline 0 -14"><span class='ocrx_word' id='word_1_592' title='bbox 657 4986 747 5040; x_wconf 76' lang='grc'><strong>40.</strong></span> <span class='ocrx_word' id='word_1_593' title='bbox 782 4985 1060 5038; x_wconf 79' lang='lat' dir='ltr'><strong>Straturis.</strong></span> <span class='ocrx_word' id='word_1_594' title='bbox 1102 4983 1275 5054; x_wconf 84' lang='lat' dir='ltr'><strong>Lugd.</strong></span> <span class='ocrx_word' id='word_1_595' title='bbox 1310 4984 1452 5038; x_wconf 83' lang='lat' dir='ltr'><strong>Batt.</strong></span> <span class='ocrx_word' id='word_1_596' title='bbox 1503 4990 1733 5051; x_wconf 86' lang='lat' dir='ltr'><strong>quatuor</strong></span> <span class='ocrx_word' id='word_1_597' title='bbox 1775 4993 1831 5040; x_wconf 92' lang='lat' dir='ltr'><strong>et</strong></span> <span class='ocrx_word' id='word_1_598' title='bbox 1872 4983 2013 5041; x_wconf 89' lang='lat' dir='ltr'><strong>Ultr.</strong></span> <span class='ocrx_word' id='word_1_599' title='bbox 2052 5001 2173 5042; x_wconf 92' lang='lat' dir='ltr'><strong>cum</strong></span> 
     </span>
    </p>
   </div>
   <div class='ocr_carea' id='block_1_77' title="bbox 587 5054 2178 5127">
    <p class='ocr_par' dir='ltr' id='par_1_77' title="bbox 587 5054 2178 5127">
     <span class='ocr_line' id='line_1_78' title="bbox 587 5054 2178 5127; baseline 0.002 -17"><span class='ocrx_word' id='word_1_600' title='bbox 587 5056 729 5110; x_wconf 89' lang='lat' dir='ltr'><strong>Coll.</strong></span> <span class='ocrx_word' id='word_1_601' title='bbox 755 5055 1023 5124; x_wconf 87' lang='lat' dir='ltr'><strong>Gronov.,</strong></span> <span class='ocrx_word' id='word_1_602' title='bbox 1052 5057 1327 5111; x_wconf 84' lang='lat' dir='ltr'><strong>stratoriis.</strong></span> <span class='ocrx_word' id='word_1_603' title='bbox 1355 5054 1412 5110; x_wconf 85' lang='lat' dir='ltr'><strong>In</strong></span> <span class='ocrx_word' id='word_1_604' title='bbox 1436 5054 1686 5110; x_wconf 85' lang='lat' dir='ltr'><strong>Perizon.</strong></span> <span class='ocrx_word' id='word_1_605' title='bbox 1719 5071 1846 5110; x_wconf 80' lang='lat' dir='ltr'><strong>mox</strong></span> <span class='ocrx_word' id='word_1_606' title='bbox 1877 5057 2061 5127; x_wconf 81' lang='lat' dir='ltr'><strong>procul</strong></span> <span class='ocrx_word' id='word_1_607' title='bbox 2083 5059 2178 5114; x_wconf 85' lang='lat' dir='ltr'><strong>de-</strong></span> 
     </span>
    </p>
   </div>
   <div class='ocr_carea' id='block_1_78' title="bbox 583 5129 2174 5268">
    <p class='ocr_par' dir='ltr' id='par_1_78' title="bbox 583 5129 2174 5268">
     <span class='ocr_line' id='line_1_79' title="bbox 583 5129 2174 5268; baseline 0.001 -16"><span class='ocrx_word' id='word_1_608' title='bbox 583 5129 1094 5254; x_wconf 46' lang='grc' dir='ltr'><strong>δωιξῖῗῖἵίετοεεεα.</strong></span> <span class='ocrx_word' id='word_1_609' title='bbox 1127 5198 1374 5255; x_wconf 79' lang='lat' dir='ltr'><strong>Perizon.</strong></span> <span class='ocrx_word' id='word_1_610' title='bbox 1395 5206 1451 5253; x_wconf 92' lang='lat' dir='ltr'><strong>et</strong></span> <span class='ocrx_word' id='word_1_611' title='bbox 1478 5197 1600 5253; x_wconf 91' lang='lat' dir='ltr'><strong>cdd.</strong></span> <span class='ocrx_word' id='word_1_612' title='bbox 1623 5198 2174 5268; x_wconf 69' lang='lat' dir='ltr'><strong>qumdamiulervallo,</strong></span> 
     </span>
    </p>
   </div>
   <div class='ocr_carea' id='block_1_79' title="bbox 590 5270 2181 5342">
    <p class='ocr_par' dir='ltr' id='par_1_79' title="bbox 590 5270 2181 5342">
     <span class='ocr_line' id='line_1_80' title="bbox 590 5270 2181 5342; baseline -0.001 -17"><span class='ocrx_word' id='word_1_613' title='bbox 590 5285 710 5339; x_wconf 64' lang='lat' dir='ltr'><strong>quae</strong></span> <span class='ocrx_word' id='word_1_614' title='bbox 743 5270 926 5340; x_wconf 82' lang='lat' dir='ltr'><strong>glossa</strong></span> <span class='ocrx_word' id='word_1_615' title='bbox 953 5279 1059 5338; x_wconf 90' lang='lat' dir='ltr'><strong>est,</strong></span> <span class='ocrx_word' id='word_1_616' title='bbox 1093 5285 1220 5324; x_wconf 91' lang='lat' dir='ltr'><strong>nam</strong></span> <span class='ocrx_word' id='word_1_617' title='bbox 1245 5272 1300 5326; x_wconf 92' lang='lat' dir='ltr'><strong>in</strong></span> <span class='ocrx_word' id='word_1_618' title='bbox 1329 5271 1578 5326; x_wconf 83' lang='lat' dir='ltr'><strong>Perizon.</strong></span> <span class='ocrx_word' id='word_1_619' title='bbox 1612 5270 1828 5326; x_wconf 89' lang='lat' dir='ltr'><strong>additur</strong></span> <span class='ocrx_word' id='word_1_620' title='bbox 1857 5272 2078 5342; x_wconf 88' lang='lat' dir='ltr'><strong>insuper</strong></span> <span class='ocrx_word' id='word_1_621' title='bbox 2099 5273 2181 5324; x_wconf 86' lang='lat' dir='ltr'><strong>iu-</strong></span> 
     </span>
    </p>
   </div>
   <div class='ocr_carea' id='block_1_80' title="bbox 593 5351 834 5394">
    <p class='ocr_par' dir='ltr' id='par_1_80' title="bbox 593 5351 834 5394">
     <span class='ocr_line' id='line_1_81' title="bbox 593 5351 834 5394; baseline 0.012 -3"><span class='ocrx_word' id='word_1_622' title='bbox 593 5351 834 5394; x_wconf 75' lang='grc' dir='ltr'>εετεεδεα.</span> 
     </span>
    </p>
   </div>
   <div class='ocr_carea' id='block_1_81' title="bbox 663 5410 2183 5492">
    <p class='ocr_par' dir='ltr' id='par_1_81' title="bbox 663 5410 2183 5492">
     <span class='ocr_line' id='line_1_82' title="bbox 663 5410 2183 5492; baseline 0.003 -29"><span class='ocrx_word' id='word_1_623' title='bbox 663 5411 754 5491; x_wconf 58' lang='grc'><strong>42.</strong></span> <span class='ocrx_word' id='word_1_624' title='bbox 884 5410 1151 5492; x_wconf 65' lang='lat' dir='ltr'><strong>Veturius.</strong></span> <span class='ocrx_word' id='word_1_625' title='bbox 1196 5416 1454 5492; x_wconf 64' lang='grc' dir='ltr'><strong>ιξουτέτιος</strong></span> <span class='ocrx_word' id='word_1_626' title='bbox 1485 5416 1744 5492; x_wconf 76' lang='grc' dir='ltr'><strong>Βάρϐαρος</strong></span> <span class='ocrx_word' id='word_1_627' title='bbox 1783 5414 2091 5492; x_wconf 77' lang='lat' dir='ltr'><strong>nominatur</strong></span> <span class='ocrx_word' id='word_1_628' title='bbox 2129 5414 2183 5468; x_wconf 93' lang='lat' dir='ltr'><strong>in</strong></span> 
     </span>
    </p>
   </div>
   <div class='ocr_carea' id='block_1_82' title="bbox 592 5481 2184 5556">
    <p class='ocr_par' dir='ltr' id='par_1_82' title="bbox 592 5481 2184 5556">
     <span class='ocr_line' id='line_1_83' title="bbox 592 5481 2184 5556; baseline 0.003 -22"><span class='ocrx_word' id='word_1_629' title='bbox 592 5484 744 5539; x_wconf 85' lang='lat' dir='ltr'><strong>libris</strong></span> <span class='ocrx_word' id='word_1_630' title='bbox 777 5481 1084 5556; x_wconf 67' lang='lat' dir='ltr'><strong>Plutarchi,</strong></span> <span class='ocrx_word' id='word_1_631' title='bbox 1135 5485 1231 5556; x_wconf 82' lang='lat' dir='ltr'><strong>sed</strong></span> <span class='ocrx_word' id='word_1_632' title='bbox 1277 5503 1378 5555; x_wconf 85' lang='lat' dir='ltr'><strong>ego</strong></span> <span class='ocrx_word' id='word_1_633' title='bbox 1430 5481 1665 5541; x_wconf 70' lang='lat' dir='ltr'><strong>malt&#39;em&#39;</strong></span> <span class='ocrx_word' id='word_1_634' title='bbox 1703 5491 1886 5556; x_wconf 82' lang='lat' dir='ltr'><strong>legere</strong></span> <span class='ocrx_word' id='word_1_635' title='bbox 1924 5484 2184 5556; x_wconf 64' lang='grc' dir='ltr'><strong>Βετούτιος</strong></span> 
     </span>
    </p>
   </div>
   <div class='ocr_carea' id='block_1_83' title="bbox 597 5553 2186 5640">
    <p class='ocr_par' dir='ltr' id='par_1_83' title="bbox 597 5553 2186 5640">
     <span class='ocr_line' id='line_1_84' title="bbox 597 5553 2186 5640; baseline 0.003 -32"><span class='ocrx_word' id='word_1_636' title='bbox 597 5553 966 5640; x_wconf 42' lang='lat' dir='ltr'><strong>pappet-.0115!!!)</strong></span> <span class='ocrx_word' id='word_1_637' title='bbox 1003 5553 1333 5640; x_wconf 69' lang='lat' dir='ltr'><strong>l’orpltyrio,</strong></span> <span class='ocrx_word' id='word_1_638' title='bbox 1369 5557 1640 5627; x_wconf 85' lang='lat' dir='ltr'><strong>interpres</strong></span> <span class='ocrx_word' id='word_1_639' title='bbox 1681 5553 1918 5624; x_wconf 72' lang='lat' dir='ltr'><strong>lloratii,</strong></span> <span class='ocrx_word' id='word_1_640' title='bbox 1959 5557 2011 5612; x_wconf 91' lang='lat' dir='ltr'><strong>in</strong></span> <span class='ocrx_word' id='word_1_641' title='bbox 2051 5555 2186 5614; x_wconf 84' lang='lat' dir='ltr'><strong>illud</strong></span> 
     </span>
    </p>
   </div>
   <div class='ocr_carea' id='block_1_84' title="bbox 601 5623 1415 5702">
    <p class='ocr_par' dir='ltr' id='par_1_84' title="bbox 601 5623 1415 5702">
     <span class='ocr_line' id='line_1_85' title="bbox 601 5623 1415 5702; baseline -0.001 -20"><span class='ocrx_word' id='word_1_642' title='bbox 601 5623 779 5702; x_wconf 75' lang='lat' dir='ltr'><strong>Sa&#39;t&#39;yr.</strong></span> <span class='ocrx_word' id='word_1_643' title='bbox 809 5623 842 5680; x_wconf 87' lang='lat'><strong>6</strong></span> <span class='ocrx_word' id='word_1_644' title='bbox 872 5623 970 5679; x_wconf 90' lang='lat' dir='ltr'><strong>lib.</strong></span> <span class='ocrx_word' id='word_1_645' title='bbox 1003 5641 1019 5678; x_wconf 83' lang='lat'>1</span> <span class='ocrx_word' id='word_1_646' title='bbox 1047 5626 1373 5680; x_wconf 85' lang='lat' dir='ltr'><strong>Sermonutn</strong></span> <span class='ocrx_word' id='word_1_647' title='bbox 1401 5644 1415 5682; x_wconf 88' lang='lat'><strong>:</strong></span> 
     </span>
    </p>
   </div>
   <div class='ocr_carea' id='block_1_85' title="bbox 719 5722 1915 5796">
    <p class='ocr_par' dir='ltr' id='par_1_85' title="bbox 719 5722 1915 5796">
     <span class='ocr_line' id='line_1_86' title="bbox 719 5722 1915 5796; baseline 0.001 -25"><span class='ocrx_word' id='word_1_648' title='bbox 719 5722 781 5796; x_wconf 49' lang='lat' dir='ltr'><strong>lit</strong></span> <span class='ocrx_word' id='word_1_649' title='bbox 800 5725 840 5774; x_wconf 82' lang='lat' dir='ltr'><strong>si</strong></span> <span class='ocrx_word' id='word_1_650' title='bbox 863 5725 949 5796; x_wconf 79' lang='lat' dir='ltr'><strong>qui</strong></span> <span class='ocrx_word' id='word_1_651' title='bbox 967 5726 1179 5796; x_wconf 62' lang='lat' dir='ltr'><strong>{egrotet</strong></span> <span class='ocrx_word' id='word_1_652' title='bbox 1201 5733 1300 5784; x_wconf 89' lang='lat' dir='ltr'><strong>quo</strong></span> <span class='ocrx_word' id='word_1_653' title='bbox 1323 5722 1490 5777; x_wconf 87' lang='lat' dir='ltr'><strong>morbo</strong></span> <span class='ocrx_word' id='word_1_654' title='bbox 1511 5722 1720 5792; x_wconf 84' lang='lat' dir='ltr'><strong>Barrus,</strong></span> <span class='ocrx_word' id='word_1_655' title='bbox 1745 5723 1915 5777; x_wconf 81' lang='lat' dir='ltr'><strong>haberi</strong></span> 
     </span>
    </p>
   </div>
   <div class='ocr_carea' id='block_1_86' title="bbox 717 5783 1260 5853">
    <p class='ocr_par' dir='ltr' id='par_1_86' title="bbox 717 5783 1260 5853">
     <span class='ocr_line' id='line_1_87' title="bbox 717 5783 1260 5853; baseline -0.007 -15"><span class='ocrx_word' id='word_1_656' title='bbox 717 5785 782 5838; x_wconf 60' lang='lat' dir='ltr'><strong>Et</strong></span> <span class='ocrx_word' id='word_1_657' title='bbox 794 5799 851 5838; x_wconf 84' lang='lat' dir='ltr'><strong>eu</strong></span> <span class='ocrx_word' id='word_1_658' title='bbox 860 5783 958 5853; x_wconf 80' lang='lat' dir='ltr'><strong>piat</strong></span> <span class='ocrx_word' id='word_1_659' title='bbox 982 5783 1232 5838; x_wconf 70' lang='lat' dir='ltr'><strong>formosus</strong></span> <span class='ocrx_word' id='word_1_660' title='bbox 1250 5798 1260 5834; x_wconf 87' lang='lat'><strong>:</strong></span> 
     </span>
    </p>
   </div>
   <div class='ocr_carea' id='block_1_87' title="bbox 2258 2713 3836 2775">
    <p class='ocr_par' dir='ltr' id='par_1_87' title="bbox 2258 2713 3836 2775">
     <span class='ocr_line' id='line_1_88' title="bbox 2258 2713 3836 2775; baseline -0.004 -2"><span class='ocrx_word' id='word_1_661' title='bbox 2258 2720 2465 2775; x_wconf 84' lang='lat' dir='ltr'><strong>Scribit</strong></span> <span class='ocrx_word' id='word_1_662' title='bbox 2486 2719 2711 2773; x_wconf 83' lang='lat' dir='ltr'><strong>Burrum</strong></span> <span class='ocrx_word' id='word_1_663' title='bbox 2737 2718 3009 2774; x_wconf 90' lang='lat' dir='ltr'><strong>incestum</strong></span> <span class='ocrx_word' id='word_1_664' title='bbox 3035 2731 3161 2771; x_wconf 91' lang='lat' dir='ltr'><strong>eum</strong></span> <span class='ocrx_word' id='word_1_665' title='bbox 3179 2714 3255 2770; x_wconf 76' lang='grc' dir='ltr'><em>ΑΞ</em></span> <span class='ocrx_word' id='word_1_666' title='bbox 3259 2715 3406 2769; x_wconf 84' lang='lat' dir='ltr'><strong>milia</strong></span> <span class='ocrx_word' id='word_1_667' title='bbox 3434 2716 3626 2770; x_wconf 76' lang='lat' dir='ltr'><strong>vestali</strong></span> <span class='ocrx_word' id='word_1_668' title='bbox 3645 2713 3836 2772; x_wconf 85' lang='lat' dir='ltr'><strong>fecisse.</strong></span> 
     </span>
    </p>
   </div>
   <div class='ocr_carea' id='block_1_88' title="bbox 2257 2787 3838 2858">
    <p class='ocr_par' dir='ltr' id='par_1_88' title="bbox 2257 2787 3838 2858">
     <span class='ocr_line' id='line_1_89' title="bbox 2257 2787 3838 2858; baseline -0.003 -12"><span class='ocrx_word' id='word_1_669' title='bbox 2257 2791 2324 2846; x_wconf 87' lang='lat' dir='ltr'><strong>T.</strong></span> <span class='ocrx_word' id='word_1_670' title='bbox 2350 2790 2585 2844; x_wconf 87' lang='lat' dir='ltr'><strong>Betutius</strong></span> <span class='ocrx_word' id='word_1_671' title='bbox 2612 2789 2830 2854; x_wconf 86' lang='lat' dir='ltr'><strong>Barrus,</strong></span> <span class='ocrx_word' id='word_1_672' title='bbox 2864 2787 3176 2858; x_wconf 78' lang='lat' dir='ltr'><strong>Asculanus,</strong></span> <span class='ocrx_word' id='word_1_673' title='bbox 3198 2787 3303 2843; x_wconf 89' lang='lat' dir='ltr'><strong>illis</strong></span> <span class='ocrx_word' id='word_1_674' title='bbox 3327 2787 3670 2858; x_wconf 86' lang='lat' dir='ltr'><strong>temporibus</strong></span> <span class='ocrx_word' id='word_1_675' title='bbox 3690 2802 3838 2857; x_wconf 86' lang='lat' dir='ltr'><strong>agno-</strong></span> 
     </span>
    </p>
   </div>
   <div class='ocr_carea' id='block_1_89' title="bbox 2259 2857 3276 2918">
    <p class='ocr_par' dir='ltr' id='par_1_89' title="bbox 2259 2857 3276 2918">
     <span class='ocr_line' id='line_1_90' title="bbox 2259 2857 3276 2918; baseline -0.006 0"><span class='ocrx_word' id='word_1_676' title='bbox 2259 2864 2432 2918; x_wconf 89' lang='lat' dir='ltr'><strong>scitur</strong></span> <span class='ocrx_word' id='word_1_677' title='bbox 2462 2877 2493 2915; x_wconf 88' lang='lat' dir='ltr'><strong>a</strong></span> <span class='ocrx_word' id='word_1_678' title='bbox 2523 2861 2788 2916; x_wconf 89' lang='lat' dir='ltr'><strong>Cicerone</strong></span> <span class='ocrx_word' id='word_1_679' title='bbox 2813 2861 2868 2915; x_wconf 90' lang='lat' dir='ltr'><strong>in</strong></span> <span class='ocrx_word' id='word_1_680' title='bbox 2896 2859 3085 2914; x_wconf 90' lang='lat' dir='ltr'><strong>Bruto.</strong></span> <span class='ocrx_word' id='word_1_681' title='bbox 3108 2857 3276 2912; x_wconf 72' lang='lat' dir='ltr'><strong>FABR.</strong></span> 
     </span>
    </p>
   </div>
   <div class='ocr_carea' id='block_1_90' title="bbox 2332 2926 3838 3002">
    <p class='ocr_par' dir='ltr' id='par_1_90' title="bbox 2332 2926 3838 3002">
     <span class='ocr_line' id='line_1_91' title="bbox 2332 2926 3838 3002; baseline -0.005 -15"><span class='ocrx_word' id='word_1_682' title='bbox 2332 2933 2425 2987; x_wconf 68' lang='lat'><strong>43.</strong></span> <span class='ocrx_word' id='word_1_683' title='bbox 2459 2932 2604 2986; x_wconf 88' lang='lat' dir='ltr'><strong>Duas</strong></span> <span class='ocrx_word' id='word_1_684' title='bbox 2627 2939 2879 3002; x_wconf 75' lang='lat' dir='ltr'><strong>praeterea</strong></span> <span class='ocrx_word' id='word_1_685' title='bbox 2915 2930 3176 3002; x_wconf 27' lang='lat' dir='ltr'><strong>virgineas</strong></span> <span class='ocrx_word' id='word_1_686' title='bbox 3197 2929 3456 3002; x_wconf 82' lang='lat' dir='ltr'><strong>Liciniam</strong></span> <span class='ocrx_word' id='word_1_687' title='bbox 3486 2926 3838 3002; x_wconf 10' lang='lat' dir='ltr'><strong>etrMarciant,</strong></span> 
     </span>
    </p>
   </div>
   <div class='ocr_carea' id='block_1_91' title="bbox 2264 2999 3837 3065">
    <p class='ocr_par' dir='ltr' id='par_1_91' title="bbox 2264 2999 3837 3065">
     <span class='ocr_line' id='line_1_92' title="bbox 2264 2999 3837 3065; baseline -0.004 -6"><span class='ocrx_word' id='word_1_688' title='bbox 2264 3004 2544 3059; x_wconf 87' lang='lat' dir='ltr'><strong>Plutarch.</strong></span> <span class='ocrx_word' id='word_1_689' title='bbox 2583 2999 2638 3058; x_wconf 79' lang='lat' dir='ltr'><strong>et</strong></span> <span class='ocrx_word' id='word_1_690' title='bbox 2665 3003 2782 3058; x_wconf 80' lang='lat' dir='ltr'><strong>Liv.</strong></span> <span class='ocrx_word' id='word_1_691' title='bbox 2815 3001 2912 3056; x_wconf 88' lang='lat' dir='ltr'><strong>lib.</strong></span> <span class='ocrx_word' id='word_1_692' title='bbox 2953 2999 3115 3065; x_wconf 72' lang='lat' dir='ltr'><strong>Lini,</strong></span> <span class='ocrx_word' id='word_1_693' title='bbox 3150 2999 3352 3054; x_wconf 85' lang='lat' dir='ltr'><strong>Ascon.</strong></span> <span class='ocrx_word' id='word_1_694' title='bbox 3398 3000 3452 3054; x_wconf 89' lang='lat' dir='ltr'><strong>in</strong></span> <span class='ocrx_word' id='word_1_695' title='bbox 3493 2999 3837 3055; x_wconf 72' lang='lat' dir='ltr'><strong>Milonianam.</strong></span> 
     </span>
    </p>
   </div>
   <div class='ocr_carea' id='block_1_92' title="bbox 2266 3075 2432 3130">
    <p class='ocr_par' dir='ltr' id='par_1_92' title="bbox 2266 3075 2432 3130">
     <span class='ocr_line' id='line_1_93' title="bbox 2266 3075 2432 3130; baseline -0.018 0"><span class='ocrx_word' id='word_1_696' title='bbox 2266 3075 2432 3130; x_wconf 74' lang='lat' dir='ltr'><strong>ann.</strong></span> 
     </span>
    </p>
   </div>
   <div class='ocr_carea' id='block_1_93' title="bbox 2335 3139 3842 3200">
    <p class='ocr_par' dir='ltr' id='par_1_93' title="bbox 2335 3139 3842 3200">
     <span class='ocr_line' id='line_1_94' title="bbox 2335 3139 3842 3200; baseline -0.004 0"><span class='ocrx_word' id='word_1_697' title='bbox 2335 3146 2427 3200; x_wconf 71' lang='grc'><strong>44.</strong></span> <span class='ocrx_word' id='word_1_698' title='bbox 2461 3143 2526 3198; x_wconf 67' lang='grc' dir='ltr'><strong>ι..</strong></span> <span class='ocrx_word' id='word_1_699' title='bbox 2548 3141 2764 3197; x_wconf 85' lang='lat' dir='ltr'><strong>Cassius</strong></span> <span class='ocrx_word' id='word_1_700' title='bbox 2793 3142 2995 3196; x_wconf 86' lang='lat' dir='ltr'><strong>consul.</strong></span> <span class='ocrx_word' id='word_1_701' title='bbox 3022 3139 3242 3196; x_wconf 77' lang='lat' dir='ltr'><strong>Cassius</strong></span> <span class='ocrx_word' id='word_1_702' title='bbox 3269 3141 3459 3195; x_wconf 87' lang='lat' dir='ltr'><strong>consul</strong></span> <span class='ocrx_word' id='word_1_703' title='bbox 3493 3157 3614 3194; x_wconf 90' lang='lat' dir='ltr'><strong>cum</strong></span> <span class='ocrx_word' id='word_1_704' title='bbox 3644 3140 3704 3196; x_wconf 89' lang='lat' dir='ltr'><strong>C.</strong></span> <span class='ocrx_word' id='word_1_705' title='bbox 3737 3141 3842 3195; x_wconf 78' lang='lat' dir='ltr'><strong>Ma-</strong></span> 
     </span>
    </p>
   </div>
   <div class='ocr_carea' id='block_1_94' title="bbox 2267 3211 3837 3281">
    <p class='ocr_par' dir='ltr' id='par_1_94' title="bbox 2267 3211 3837 3281">
     <span class='ocr_line' id='line_1_95' title="bbox 2267 3211 3837 3281; baseline -0.003 -11"><span class='ocrx_word' id='word_1_706' title='bbox 2267 3216 2350 3270; x_wconf 90' lang='lat' dir='ltr'><strong>rio</strong></span> <span class='ocrx_word' id='word_1_707' title='bbox 2375 3230 2518 3270; x_wconf 90' lang='lat' dir='ltr'><strong>anno</strong></span> <span class='ocrx_word' id='word_1_708' title='bbox 2548 3230 2738 3270; x_wconf 71' lang='lat' dir='ltr'><strong>nem:</strong></span> <span class='ocrx_word' id='word_1_709' title='bbox 2773 3216 2826 3268; x_wconf 92' lang='lat' dir='ltr'><strong>in</strong></span> <span class='ocrx_word' id='word_1_710' title='bbox 2858 3213 3034 3268; x_wconf 84' lang='lat' dir='ltr'><strong>Gallia</strong></span> <span class='ocrx_word' id='word_1_711' title='bbox 3077 3228 3108 3266; x_wconf 92' lang='lat' dir='ltr'><strong>a</strong></span> <span class='ocrx_word' id='word_1_712' title='bbox 3148 3212 3420 3281; x_wconf 87' lang='lat' dir='ltr'><strong>Tigurinis</strong></span> <span class='ocrx_word' id='word_1_713' title='bbox 3470 3212 3681 3266; x_wconf 77' lang='lat' dir='ltr'><strong>occiSus</strong></span> <span class='ocrx_word' id='word_1_714' title='bbox 3719 3211 3837 3275; x_wconf 82' lang='lat' dir='ltr'><strong>fuit,</strong></span> 
     </span>
    </p>
   </div>
   <div class='ocr_carea' id='block_1_95' title="bbox 2268 3281 3777 3353">
    <p class='ocr_par' dir='ltr' id='par_1_95' title="bbox 2268 3281 3777 3353">
     <span class='ocr_line' id='line_1_96' title="bbox 2268 3281 3777 3353; baseline -0.003 -11"><span class='ocrx_word' id='word_1_715' title='bbox 2268 3287 2388 3342; x_wconf 87' lang='lat' dir='ltr'><strong>Liv.</strong></span> <span class='ocrx_word' id='word_1_716' title='bbox 2423 3287 2514 3341; x_wconf 88' lang='lat' dir='ltr'><strong>lib.</strong></span> <span class='ocrx_word' id='word_1_717' title='bbox 2545 3301 2682 3353; x_wconf 68' lang='grc' dir='ltr'><strong>ων,</strong></span> <span class='ocrx_word' id='word_1_718' title='bbox 2709 3285 2894 3339; x_wconf 54' lang='lat' dir='ltr'><strong>Caesar</strong></span> <span class='ocrx_word' id='word_1_719' title='bbox 2931 3283 3029 3339; x_wconf 89' lang='lat' dir='ltr'><strong>lib.</strong></span> <span class='ocrx_word' id='word_1_720' title='bbox 3059 3299 3075 3337; x_wconf 87' lang='grc' dir='ltr'><strong>ι</strong></span> <span class='ocrx_word' id='word_1_721' title='bbox 3110 3282 3179 3338; x_wconf 92' lang='lat' dir='ltr'><strong>de</strong></span> <span class='ocrx_word' id='word_1_722' title='bbox 3203 3282 3348 3338; x_wconf 91' lang='lat' dir='ltr'><strong>bello</strong></span> <span class='ocrx_word' id='word_1_723' title='bbox 3367 3282 3595 3337; x_wconf 70' lang='lat' dir='ltr'><strong>Gallico.</strong></span> <span class='ocrx_word' id='word_1_724' title='bbox 3623 3281 3777 3337; x_wconf 71' lang='lat' dir='ltr'><strong>FABR.</strong></span> 
     </span>
    </p>
   </div>
   <div class='ocr_carea' id='block_1_96' title="bbox 2344 3355 3842 3426">
    <p class='ocr_par' dir='ltr' id='par_1_96' title="bbox 2344 3355 3842 3426">
     <span class='ocr_line' id='line_1_97' title="bbox 2344 3355 3842 3426; baseline -0.003 -14"><span class='ocrx_word' id='word_1_725' title='bbox 2344 3358 2436 3413; x_wconf 72' lang='grc'><strong>45.</strong></span> <span class='ocrx_word' id='word_1_726' title='bbox 2488 3357 2661 3426; x_wconf 83' lang='lat' dir='ltr'><strong>Usque</strong></span> <span class='ocrx_word' id='word_1_727' title='bbox 2711 3356 2996 3409; x_wconf 84' lang='lat' dir='ltr'><strong>Oceanum.</strong></span> <span class='ocrx_word' id='word_1_728' title='bbox 3049 3355 3146 3426; x_wconf 87' lang='lat' dir='ltr'><strong>Sic</strong></span> <span class='ocrx_word' id='word_1_729' title='bbox 3189 3363 3377 3426; x_wconf 81' lang='lat' dir='ltr'><strong>amant</strong></span> <span class='ocrx_word' id='word_1_730' title='bbox 3434 3369 3567 3408; x_wconf 90' lang='lat' dir='ltr'><strong>mss.</strong></span> <span class='ocrx_word' id='word_1_731' title='bbox 3620 3355 3842 3409; x_wconf 88' lang='lat' dir='ltr'><strong>melioris</strong></span> 
     </span>
    </p>
   </div>
   <div class='ocr_carea' id='block_1_97' title="bbox 2270 3424 3462 3495">
    <p class='ocr_par' dir='ltr' id='par_1_97' title="bbox 2270 3424 3462 3495">
     <span class='ocr_line' id='line_1_98' title="bbox 2270 3424 3462 3495; baseline -0.006 -11"><span class='ocrx_word' id='word_1_732' title='bbox 2270 3439 2414 3485; x_wconf 69' lang='lat' dir='ltr'><strong>nota:</strong></span> <span class='ocrx_word' id='word_1_733' title='bbox 2441 3424 2653 3482; x_wconf 75' lang='lat' dir='ltr'><strong>omnes.</strong></span> <span class='ocrx_word' id='word_1_734' title='bbox 2678 3427 2868 3495; x_wconf 74' lang='lat' dir='ltr'><strong>Vulgo,</strong></span> <span class='ocrx_word' id='word_1_735' title='bbox 2902 3441 3059 3493; x_wconf 78' lang='lat' dir='ltr'><strong>usque</strong></span> <span class='ocrx_word' id='word_1_736' title='bbox 3079 3424 3147 3478; x_wconf 85' lang='lat' dir='ltr'><strong>ad</strong></span> <span class='ocrx_word' id='word_1_737' title='bbox 3180 3424 3462 3478; x_wconf 85' lang='lat' dir='ltr'><strong>Oceanum.</strong></span> 
     </span>
    </p>
   </div>
   <div class='ocr_carea' id='block_1_98' title="bbox 2340 3492 3840 3567">
    <p class='ocr_par' dir='ltr' id='par_1_98' title="bbox 2340 3492 3840 3567">
     <span class='ocr_line' id='line_1_99' title="bbox 2340 3492 3840 3567; baseline -0.005 -14"><span class='ocrx_word' id='word_1_738' title='bbox 2340 3499 2432 3554; x_wconf 76' lang='grc'><strong>46.</strong></span> <span class='ocrx_word' id='word_1_739' title='bbox 2464 3498 2654 3552; x_wconf 12' lang='lat' dir='ltr'><strong>Lucius;</strong></span> <span class='ocrx_word' id='word_1_740' title='bbox 2671 3492 2874 3567; x_wconf 73' lang='lat' dir='ltr'><strong>quoth</strong></span> <span class='ocrx_word' id='word_1_741' title='bbox 2897 3492 3043 3549; x_wconf 72' lang='grc' dir='ltr'><strong>Ρίεο.</strong></span> <span class='ocrx_word' id='word_1_742' title='bbox 3077 3497 3223 3549; x_wconf 65' lang='lat' dir='ltr'><strong>Arus</strong></span> <span class='ocrx_word' id='word_1_743' title='bbox 3244 3495 3545 3567; x_wconf 65' lang='lat' dir='ltr'><strong>L._Pisonis</strong></span> <span class='ocrx_word' id='word_1_744' title='bbox 3564 3492 3840 3558; x_wconf 66' lang='lat' dir='ltr'><strong>CmSOnini,</strong></span> 
     </span>
    </p>
   </div>
   <div class='ocr_carea' id='block_1_99' title="bbox 2276 3565 3454 3640">
    <p class='ocr_par' dir='ltr' id='par_1_99' title="bbox 2276 3565 3454 3640">
     <span class='ocr_line' id='line_1_100' title="bbox 2276 3565 3454 3640; baseline -0.005 -15"><span class='ocrx_word' id='word_1_745' title='bbox 2276 3570 2329 3625; x_wconf 88' lang='lat' dir='ltr'><strong>in</strong></span> <span class='ocrx_word' id='word_1_746' title='bbox 2361 3586 2523 3640; x_wconf 86' lang='lat' dir='ltr'><strong>quem</strong></span> <span class='ocrx_word' id='word_1_747' title='bbox 2553 3565 2729 3640; x_wconf 80' lang='lat' dir='ltr'><strong>exstat</strong></span> <span class='ocrx_word' id='word_1_748' title='bbox 2758 3566 3257 3640; x_wconf 60' lang='lat' dir='ltr'><strong>Ciceronis-oratio.</strong></span> <span class='ocrx_word' id='word_1_749' title='bbox 3290 3565 3454 3640; x_wconf 12' lang='lat' dir='ltr'><strong>linear.</strong></span> 
     </span>
    </p>
   </div>
   <div class='ocr_carea' id='block_1_100' title="bbox 2343 3637 3660 3709">
    <p class='ocr_par' dir='ltr' id='par_1_100' title="bbox 2343 3637 3660 3709">
     <span class='ocr_line' id='line_1_101' title="bbox 2343 3637 3660 3709; baseline -0.002 -16"><span class='ocrx_word' id='word_1_750' title='bbox 2343 3637 2434 3694; x_wconf 68' lang='grc'><strong>47.</strong></span> <span class='ocrx_word' id='word_1_751' title='bbox 2465 3639 2796 3709; x_wconf 72' lang='lat' dir='ltr'><strong>Interfectus.</strong></span> <span class='ocrx_word' id='word_1_752' title='bbox 2829 3637 3052 3709; x_wconf 88' lang='lat' dir='ltr'><strong>Plurimi</strong></span> <span class='ocrx_word' id='word_1_753' title='bbox 3082 3652 3145 3690; x_wconf 80' lang='lat' dir='ltr'><strong>ex</strong></span> <span class='ocrx_word' id='word_1_754' title='bbox 3172 3651 3316 3709; x_wconf 71' lang='lat' dir='ltr'><strong>mss.</strong></span> <span class='ocrx_word' id='word_1_755' title='bbox 3339 3637 3545 3690; x_wconf 86' lang='lat' dir='ltr'><strong>addunt</strong></span> <span class='ocrx_word' id='word_1_756' title='bbox 3565 3646 3660 3691; x_wconf 84' lang='lat' dir='ltr'><strong>est.</strong></span> 
     </span>
    </p>
   </div>
   <div class='ocr_carea' id='block_1_101' title="bbox 2342 3706 3844 3781">
    <p class='ocr_par' dir='ltr' id='par_1_101' title="bbox 2342 3706 3844 3781">
     <span class='ocr_line' id='line_1_102' title="bbox 2342 3706 3844 3781; baseline -0.005 -17"><span class='ocrx_word' id='word_1_757' title='bbox 2342 3710 2435 3766; x_wconf 70' lang='lat'><strong>48.</strong></span> <span class='ocrx_word' id='word_1_758' title='bbox 2468 3711 2529 3765; x_wconf 92' lang='lat' dir='ltr'><strong>C.</strong></span> <span class='ocrx_word' id='word_1_759' title='bbox 2555 3706 2838 3781; x_wconf 85' lang='lat' dir='ltr'><strong>Popillius.</strong></span> <span class='ocrx_word' id='word_1_760' title='bbox 2868 3708 3038 3778; x_wconf 81' lang='lat' dir='ltr'><strong>Vulgo</strong></span> <span class='ocrx_word' id='word_1_761' title='bbox 3068 3709 3133 3774; x_wconf 85' lang='lat' dir='ltr'><strong>Q.</strong></span> <span class='ocrx_word' id='word_1_762' title='bbox 3169 3707 3389 3781; x_wconf 66' lang='lat' dir='ltr'><strong>Publius</strong></span> <span class='ocrx_word' id='word_1_763' title='bbox 3416 3708 3468 3761; x_wconf 91' lang='lat' dir='ltr'><strong>in</strong></span> <span class='ocrx_word' id='word_1_764' title='bbox 3496 3723 3631 3762; x_wconf 92' lang='lat' dir='ltr'><strong>mss.</strong></span> <span class='ocrx_word' id='word_1_765' title='bbox 3662 3717 3711 3764; x_wconf 92' lang='lat' dir='ltr'><strong>et</strong></span> <span class='ocrx_word' id='word_1_766' title='bbox 3731 3706 3844 3761; x_wconf 72' lang='grc' dir='ltr'>ειιιΙ.</span> 
     </span>
    </p>
   </div>
   <div class='ocr_carea' id='block_1_102' title="bbox 2271 3776 3842 3848">
    <p class='ocr_par' dir='ltr' id='par_1_102' title="bbox 2271 3776 3842 3848">
     <span class='ocr_line' id='line_1_103' title="bbox 2271 3776 3842 3848; baseline -0.006 -10"><span class='ocrx_word' id='word_1_767' title='bbox 2271 3791 2469 3848; x_wconf 83' lang='lat' dir='ltr'><strong>exstat,</strong></span> <span class='ocrx_word' id='word_1_768' title='bbox 2501 3776 2842 3848; x_wconf 63' lang='lat' dir='ltr'><strong>licet&#39;plures</strong></span> <span class='ocrx_word' id='word_1_769' title='bbox 2867 3793 2936 3833; x_wconf 74' lang='lat' dir='ltr'><strong>es</strong></span> <span class='ocrx_word' id='word_1_770' title='bbox 2979 3776 3111 3832; x_wconf 85' lang='lat' dir='ltr'><strong>inss.</strong></span> <span class='ocrx_word' id='word_1_771' title='bbox 3159 3776 3254 3832; x_wconf 89' lang='lat' dir='ltr'><strong>Cai</strong></span> <span class='ocrx_word' id='word_1_772' title='bbox 3291 3793 3607 3845; x_wconf 62' lang='lat' dir='ltr'><strong>praenomen</strong></span> <span class='ocrx_word' id='word_1_773' title='bbox 3652 3781 3842 3833; x_wconf 88' lang='lat' dir='ltr'><strong>malint.</strong></span> 
     </span>
    </p>
   </div>
   <div class='ocr_carea' id='block_1_103' title="bbox 2273 3848 3842 3920">
    <p class='ocr_par' dir='ltr' id='par_1_103' title="bbox 2273 3848 3842 3920">
     <span class='ocr_line' id='line_1_104' title="bbox 2273 3848 3842 3920; baseline -0.005 -13"><span class='ocrx_word' id='word_1_774' title='bbox 2273 3853 2413 3908; x_wconf 88' lang='lat' dir='ltr'><strong>Ante</strong></span> <span class='ocrx_word' id='word_1_775' title='bbox 2441 3865 2616 3907; x_wconf 89' lang='lat' dir='ltr'><strong>annos</strong></span> <span class='ocrx_word' id='word_1_776' title='bbox 2637 3849 3267 3920; x_wconf 60' lang='lat' dir='ltr'><strong>aliquotemendarimus</strong></span> <span class='ocrx_word' id='word_1_777' title='bbox 3290 3851 3391 3903; x_wconf 87' lang='lat' dir='ltr'><strong>hoc</strong></span> <span class='ocrx_word' id='word_1_778' title='bbox 3415 3848 3842 3920; x_wconf 81' lang='lat' dir='ltr'><strong>Orosiilocuntin</strong></span> 
     </span>
    </p>
   </div>
   <div class='ocr_carea' id='block_1_104' title="bbox 2273 3918 3844 3989">
    <p class='ocr_par' dir='ltr' id='par_1_104' title="bbox 2273 3918 3844 3989">
     <span class='ocr_line' id='line_1_105' title="bbox 2273 3918 3844 3989; baseline -0.004 -11"><span class='ocrx_word' id='word_1_779' title='bbox 2273 3922 2680 3978; x_wconf 77' lang='lat' dir='ltr'><strong>Commentario</strong></span> <span class='ocrx_word' id='word_1_780' title='bbox 2704 3918 2907 3976; x_wconf 86' lang='lat' dir='ltr'><strong>&#39;nostro</strong></span> <span class='ocrx_word' id='word_1_781' title='bbox 2955 3920 3021 3974; x_wconf 87' lang='lat' dir='ltr'><strong>ad</strong></span> <span class='ocrx_word' id='word_1_782' title='bbox 3060 3919 3327 3973; x_wconf 80' lang='lat' dir='ltr'><strong>&#39;l‘ltesaur.</strong></span> <span class='ocrx_word' id='word_1_783' title='bbox 3371 3921 3580 3974; x_wconf 79' lang='lat' dir='ltr'><strong>Morell.</strong></span> <span class='ocrx_word' id='word_1_784' title='bbox 3620 3936 3672 3989; x_wconf 91' lang='lat' dir='ltr'><strong>p.</strong></span> <span class='ocrx_word' id='word_1_785' title='bbox 3717 3918 3844 3974; x_wconf 67' lang='lat'><strong>104:</strong></span> 
     </span>
    </p>
   </div>
   <div class='ocr_carea' id='block_1_105' title="bbox 2274 3989 3844 4062">
    <p class='ocr_par' dir='ltr' id='par_1_105' title="bbox 2274 3989 3844 4062">
     <span class='ocr_line' id='line_1_106' title="bbox 2274 3989 3844 4062; baseline -0.005 -14"><span class='ocrx_word' id='word_1_786' title='bbox 2274 3994 2419 4048; x_wconf 85' lang='lat' dir='ltr'><strong>clare</strong></span> <span class='ocrx_word' id='word_1_787' title='bbox 2451 3989 2596 4049; x_wconf 81' lang='lat' dir='ltr'><strong>enim</strong></span> <span class='ocrx_word' id='word_1_788' title='bbox 2644 3993 2931 4062; x_wconf 80' lang='lat' dir='ltr'><strong>Pupillium</strong></span> <span class='ocrx_word' id='word_1_789' title='bbox 2973 3991 3279 4062; x_wconf 64' lang='lat' dir='ltr'><strong>appellarit</strong></span> <span class='ocrx_word' id='word_1_790' title='bbox 3317 3991 3512 4046; x_wconf 88' lang='lat' dir='ltr'><strong>Cicero</strong></span> <span class='ocrx_word' id='word_1_791' title='bbox 3564 3993 3655 4062; x_wconf 80' lang='lat' dir='ltr'><strong>lib.</strong></span> <span class='ocrx_word' id='word_1_792' title='bbox 3703 4006 3755 4044; x_wconf 90' lang='grc' dir='ltr'><strong>ιιι</strong></span> <span class='ocrx_word' id='word_1_793' title='bbox 3787 3991 3844 4042; x_wconf 86' lang='lat' dir='ltr'><strong>de</strong></span> 
     </span>
    </p>
   </div>
   <div class='ocr_carea' id='block_1_106' title="bbox 2275 4060 3845 4131">
    <p class='ocr_par' dir='ltr' id='par_1_106' title="bbox 2275 4060 3845 4131">
     <span class='ocr_line' id='line_1_107' title="bbox 2275 4060 3845 4131; baseline -0.006 -13"><span class='ocrx_word' id='word_1_794' title='bbox 2275 4065 2466 4130; x_wconf 81' lang='lat' dir='ltr'><strong>Legib.</strong></span> <span class='ocrx_word' id='word_1_795' title='bbox 2499 4079 2618 4128; x_wconf 86' lang='lat' dir='ltr'><strong>cap.</strong></span> <span class='ocrx_word' id='word_1_796' title='bbox 2645 4060 2752 4117; x_wconf 34' lang='lat'><strong>16&#39;:</strong></span> <span class='ocrx_word' id='word_1_797' title='bbox 2777 4061 2932 4115; x_wconf 78' lang='lat' dir='ltr'><strong>Dedit</strong></span> <span class='ocrx_word' id='word_1_798' title='bbox 2959 4061 3078 4114; x_wconf 84' lang='lat' dir='ltr'><strong>huic</strong></span> <span class='ocrx_word' id='word_1_799' title='bbox 3103 4077 3310 4131; x_wconf 84' lang='lat' dir='ltr'><strong>quoque</strong></span> <span class='ocrx_word' id='word_1_800' title='bbox 3330 4062 3538 4129; x_wconf 83' lang='lat' dir='ltr'><strong>judicio</strong></span> <span class='ocrx_word' id='word_1_801' title='bbox 3569 4060 3748 4115; x_wconf 73' lang='lat' dir='ltr'><strong>Ctelt&#39;us</strong></span> <span class='ocrx_word' id='word_1_802' title='bbox 3779 4071 3845 4110; x_wconf 55' lang='lat' dir='ltr'><strong>ta.</strong></span> 
     </span>
    </p>
   </div>
   <div class='ocr_carea' id='block_1_107' title="bbox 2274 4131 3843 4202">
    <p class='ocr_par' dir='ltr' id='par_1_107' title="bbox 2274 4131 3843 4202">
     <span class='ocr_line' id='line_1_108' title="bbox 2274 4131 3843 4202; baseline -0.003 -14"><span class='ocrx_word' id='word_1_803' title='bbox 2274 4136 2480 4200; x_wconf 83' lang='lat' dir='ltr'><strong>bellant,</strong></span> <span class='ocrx_word' id='word_1_804' title='bbox 2515 4135 2782 4202; x_wconf 85' lang='lat' dir='ltr'><strong>doluitque</strong></span> <span class='ocrx_word' id='word_1_805' title='bbox 2808 4132 2977 4199; x_wconf 83' lang='lat' dir='ltr'><strong>quoad</strong></span> <span class='ocrx_word' id='word_1_806' title='bbox 3011 4133 3153 4185; x_wconf 75' lang='lat' dir='ltr'><strong>vicit.</strong></span> <span class='ocrx_word' id='word_1_807' title='bbox 3192 4131 3300 4184; x_wconf 83' lang='lat' dir='ltr'><strong>Sed</strong></span> <span class='ocrx_word' id='word_1_808' title='bbox 3327 4142 3379 4184; x_wconf 90' lang='lat' dir='ltr'><strong>ut</strong></span> <span class='ocrx_word' id='word_1_809' title='bbox 3410 4133 3712 4202; x_wconf 45' lang='lat' dir='ltr'><strong>Oppri‘nerel</strong></span> <span class='ocrx_word' id='word_1_810' title='bbox 3741 4131 3843 4185; x_wconf 87' lang='lat' dir='ltr'><strong>Ca:-</strong></span> 
     </span>
    </p>
   </div>
   <div class='ocr_carea' id='block_1_108' title="bbox 2277 4202 3329 4277">
    <p class='ocr_par' dir='ltr' id='par_1_108' title="bbox 2277 4202 3329 4277">
     <span class='ocr_line' id='line_1_109' title="bbox 2277 4202 3329 4277; baseline -0.005 -18"><span class='ocrx_word' id='word_1_811' title='bbox 2277 4207 2378 4259; x_wconf 79' lang='lat' dir='ltr'><strong>h&#39;us</strong></span> <span class='ocrx_word' id='word_1_812' title='bbox 2406 4206 2716 4277; x_wconf 87' lang='lat' dir='ltr'><strong>Papillium,</strong></span> <span class='ocrx_word' id='word_1_813' title='bbox 2747 4204 2916 4256; x_wconf 88' lang='lat' dir='ltr'><strong>nocuit</strong></span> <span class='ocrx_word' id='word_1_814' title='bbox 2944 4210 2991 4277; x_wconf 83' lang='lat' dir='ltr'><strong>et</strong></span> <span class='ocrx_word' id='word_1_815' title='bbox 3013 4202 3329 4277; x_wconf 64' lang='lat' dir='ltr'><strong>reipubliccsf.</strong></span> 
     </span>
    </p>
   </div>
   <div class='ocr_carea' id='block_1_109' title="bbox 2347 4270 3843 4362">
    <p class='ocr_par' dir='ltr' id='par_1_109' title="bbox 2347 4270 3843 4362">
     <span class='ocr_line' id='line_1_110' title="bbox 2347 4270 3843 4362; baseline -0.006 -32"><span class='ocrx_word' id='word_1_816' title='bbox 2347 4270 2654 4362; x_wconf 47' lang='lat' dir='ltr'><strong>49.nprio</strong></span> <span class='ocrx_word' id='word_1_817' title='bbox 2685 4274 3010 4362; x_wconf 57' lang='lat' dir='ltr'><strong>proconsule.</strong></span> <span class='ocrx_word' id='word_1_818' title='bbox 3043 4275 3109 4338; x_wconf 70' lang='grc' dir='ltr'><strong>ρ.</strong></span> <span class='ocrx_word' id='word_1_819' title='bbox 3133 4272 3416 4362; x_wconf 30' lang='lat' dir='ltr'><strong>‘Servilius</strong></span> <span class='ocrx_word' id='word_1_820' title='bbox 3445 4270 3843 4362; x_wconf 30' lang='lat' dir='ltr'><strong>Empionconls‘nl</strong></span> 
     </span>
    </p>
   </div>
   <div class='ocr_carea' id='block_1_110' title="bbox 2277 4344 3845 4413">
    <p class='ocr_par' dir='ltr' id='par_1_110' title="bbox 2277 4344 3845 4413">
     <span class='ocr_line' id='line_1_111' title="bbox 2277 4344 3845 4413; baseline -0.008 -8"><span class='ocrx_word' id='word_1_821' title='bbox 2277 4365 2401 4405; x_wconf 88' lang='lat' dir='ltr'><strong>cum</strong></span> <span class='ocrx_word' id='word_1_822' title='bbox 2442 4347 2681 4403; x_wconf 87' lang='lat' dir='ltr'><strong>Serrano</strong></span> <span class='ocrx_word' id='word_1_823' title='bbox 2718 4345 2817 4399; x_wconf 84' lang='lat' dir='ltr'><strong>fuit</strong></span> <span class='ocrx_word' id='word_1_824' title='bbox 2851 4359 2994 4398; x_wconf 89' lang='lat' dir='ltr'><strong>anno</strong></span> <span class='ocrx_word' id='word_1_825' title='bbox 3024 4357 3239 4398; x_wconf 76' lang='lat' dir='ltr'><strong>nchvn</strong></span> <span class='ocrx_word' id='word_1_826' title='bbox 3261 4385 3274 4407; x_wconf 89' lang='lat'><strong>,</strong></span> <span class='ocrx_word' id='word_1_827' title='bbox 3306 4358 3415 4413; x_wconf 91' lang='lat' dir='ltr'><strong>quo</strong></span> <span class='ocrx_word' id='word_1_828' title='bbox 3442 4345 3516 4400; x_wconf 85' lang='lat' dir='ltr'><strong>M.</strong></span> <span class='ocrx_word' id='word_1_829' title='bbox 3551 4344 3748 4413; x_wconf 90' lang='lat' dir='ltr'><strong>Tullius</strong></span> <span class='ocrx_word' id='word_1_830' title='bbox 3772 4344 3845 4394; x_wconf 80' lang='lat' dir='ltr'><strong>Ci-</strong></span> 
     </span>
    </p>
   </div>
   <div class='ocr_carea' id='block_1_111' title="bbox 2277 4412 3841 4486">
    <p class='ocr_par' dir='ltr' id='par_1_111' title="bbox 2277 4412 3841 4486">
     <span class='ocr_line' id='line_1_112' title="bbox 2277 4412 3841 4486; baseline -0.008 -11"><span class='ocrx_word' id='word_1_831' title='bbox 2277 4434 2406 4476; x_wconf 90' lang='lat' dir='ltr'><strong>cero</strong></span> <span class='ocrx_word' id='word_1_832' title='bbox 2437 4418 2624 4486; x_wconf 82' lang='lat' dir='ltr'><strong>Arpini</strong></span> <span class='ocrx_word' id='word_1_833' title='bbox 2655 4425 2740 4470; x_wconf 89' lang='lat' dir='ltr'><strong>est</strong></span> <span class='ocrx_word' id='word_1_834' title='bbox 2769 4425 2946 4470; x_wconf 91' lang='lat' dir='ltr'><strong>natus.</strong></span> <span class='ocrx_word' id='word_1_835' title='bbox 2971 4413 3173 4486; x_wconf 83' lang='lat' dir='ltr'><strong>Gellius</strong></span> <span class='ocrx_word' id='word_1_836' title='bbox 3201 4412 3419 4486; x_wconf 27' lang='lat' dir='ltr'><strong>hbzxv,</strong></span> <span class='ocrx_word' id='word_1_837' title='bbox 3441 4431 3560 4482; x_wconf 78' lang='lat' dir='ltr'><strong>cap.</strong></span> <span class='ocrx_word' id='word_1_838' title='bbox 3589 4412 3841 4486; x_wconf 51' lang='lat' dir='ltr'><strong>28.19am.</strong></span> 
     </span>
    </p>
   </div>
   <div class='ocr_carea' id='block_1_112' title="bbox 2351 4484 3842 4572">
    <p class='ocr_par' dir='ltr' id='par_1_112' title="bbox 2351 4484 3842 4572">
     <span class='ocr_line' id='line_1_113' title="bbox 2351 4484 3842 4572; baseline -0.007 -26"><span class='ocrx_word' id='word_1_839' title='bbox 2351 4492 2442 4545; x_wconf 78' lang='lat'><strong>50.</strong></span> <span class='ocrx_word' id='word_1_840' title='bbox 2471 4484 2689 4572; x_wconf 75' lang='lat' dir='ltr'><strong>Centum</strong></span> <span class='ocrx_word' id='word_1_841' title='bbox 2738 4489 2900 4572; x_wconf 51' lang='lat' dir='ltr'><strong>mille.</strong></span> <span class='ocrx_word' id='word_1_842' title='bbox 2925 4485 3096 4572; x_wconf 51' lang='lat' dir='ltr'><strong>pondo</strong></span> <span class='ocrx_word' id='word_1_843' title='bbox 3139 4485 3276 4538; x_wconf 86' lang='lat' dir='ltr'><strong>auri.</strong></span> <span class='ocrx_word' id='word_1_844' title='bbox 3301 4485 3446 4572; x_wconf 71' lang='lat' dir='ltr'><strong>Lege</strong></span> <span class='ocrx_word' id='word_1_845' title='bbox 3483 4488 3752 4541; x_wconf 77' lang='lat' dir='ltr'><strong>Erasmuut</strong></span> <span class='ocrx_word' id='word_1_846' title='bbox 3796 4484 3842 4536; x_wconf 91' lang='lat' dir='ltr'><strong>in</strong></span> 
     </span>
    </p>
   </div>
   <div class='ocr_carea' id='block_1_113' title="bbox 2280 4554 3525 4625">
    <p class='ocr_par' dir='ltr' id='par_1_113' title="bbox 2280 4554 3525 4625">
     <span class='ocr_line' id='line_1_114' title="bbox 2280 4554 3525 4625; baseline -0.005 -7"><span class='ocrx_word' id='word_1_847' title='bbox 2280 4562 2566 4625; x_wconf 60' lang='lat' dir='ltr'><strong>Proverln,</strong></span> <span class='ocrx_word' id='word_1_848' title='bbox 2593 4559 2791 4612; x_wconf 82' lang='lat' dir='ltr'><strong>Aurum</strong></span> <span class='ocrx_word' id='word_1_849' title='bbox 2812 4555 2963 4610; x_wconf 83' lang='lat' dir='ltr'><strong>habet</strong></span> <span class='ocrx_word' id='word_1_850' title='bbox 2990 4554 3326 4610; x_wconf 85' lang='lat' dir='ltr'><strong>Tolosanum.</strong></span> <span class='ocrx_word' id='word_1_851' title='bbox 3359 4554 3525 4612; x_wconf 71' lang='lat' dir='ltr'><strong>Faue.</strong></span> 
     </span>
    </p>
   </div>
   <div class='ocr_carea' id='block_1_114' title="bbox 2351 4627 3842 4699">
    <p class='ocr_par' dir='ltr' id='par_1_114' title="bbox 2351 4627 3842 4699">
     <span class='ocr_line' id='line_1_115' title="bbox 2351 4627 3842 4699; baseline -0.005 -12"><span class='ocrx_word' id='word_1_852' title='bbox 2351 4632 2441 4690; x_wconf 80' lang='lat'><strong>5|.</strong></span> <span class='ocrx_word' id='word_1_853' title='bbox 2469 4631 2598 4684; x_wconf 82' lang='lat' dir='ltr'><strong>Actu</strong></span> <span class='ocrx_word' id='word_1_854' title='bbox 2618 4638 2712 4683; x_wconf 87' lang='lat' dir='ltr'><strong>est.</strong></span> <span class='ocrx_word' id='word_1_855' title='bbox 2743 4627 3056 4699; x_wconf 87' lang='lat' dir='ltr'><strong>Lugd.Bat.</strong></span> <span class='ocrx_word' id='word_1_856' title='bbox 3086 4641 3170 4697; x_wconf 89' lang='lat' dir='ltr'><strong>pr.</strong></span> <span class='ocrx_word' id='word_1_857' title='bbox 3189 4665 3205 4693; x_wconf 90' lang='lat'><strong>,</strong></span> <span class='ocrx_word' id='word_1_858' title='bbox 3236 4627 3413 4681; x_wconf 82' lang='lat' dir='ltr'><strong>habita</strong></span> <span class='ocrx_word' id='word_1_859' title='bbox 3440 4638 3553 4696; x_wconf 83' lang='lat' dir='ltr'><strong>est;</strong></span> <span class='ocrx_word' id='word_1_860' title='bbox 3581 4627 3842 4691; x_wconf 81' lang='lat' dir='ltr'><strong>Perizon.,</strong></span> 
     </span>
    </p>
   </div>
   <div class='ocr_carea' id='block_1_115' title="bbox 2279 4705 2588 4758">
    <p class='ocr_par' dir='ltr' id='par_1_115' title="bbox 2279 4705 2588 4758">
     <span class='ocr_line' id='line_1_116' title="bbox 2279 4705 2588 4758; baseline -0.006 0"><span class='ocrx_word' id='word_1_861' title='bbox 2279 4705 2474 4758; x_wconf 87' lang='lat' dir='ltr'><strong>aaitala</strong></span> <span class='ocrx_word' id='word_1_862' title='bbox 2493 4712 2588 4757; x_wconf 85' lang='lat' dir='ltr'><strong>est.</strong></span> 
     </span>
    </p>
   </div>
   <div class='ocr_carea' id='block_1_116' title="bbox 2315 4723 3838 4830">
    <p class='ocr_par' dir='ltr' id='par_1_116' title="bbox 2315 4723 3838 4830">
     <span class='ocr_line' id='line_1_117' title="bbox 2315 4723 2588 4777; baseline -0.004 -20"><span class='ocrx_word' id='word_1_863' title='bbox 2315 4723 2474 4777; x_wconf 81' lang='lat' dir='ltr'><strong>gnata</strong></span> <span class='ocrx_word' id='word_1_864' title='bbox 2493 4723 2588 4757; x_wconf 78' lang='lat' dir='ltr'><strong>est.</strong></span> 
     </span>
     <span class='ocr_line' id='line_1_118' title="bbox 2355 4768 3838 4830; baseline -0.008 0"><span class='ocrx_word' id='word_1_865' title='bbox 2355 4775 2484 4830; x_wconf 76' lang='lat' dir='ltr'><strong>CAP.</strong></span> <span class='ocrx_word' id='word_1_866' title='bbox 2535 4772 2676 4828; x_wconf 76' lang='lat' dir='ltr'><strong>XVI.</strong></span> <span class='ocrx_word' id='word_1_867' title='bbox 2706 4801 2776 4812; x_wconf 88' lang='lat'><strong>--</strong></span> <span class='ocrx_word' id='word_1_868' title='bbox 2807 4772 2863 4826; x_wconf 77' lang='lat' dir='ltr'><strong>‘l.</strong></span> <span class='ocrx_word' id='word_1_869' title='bbox 2913 4771 3062 4824; x_wconf 81' lang='lat' dir='ltr'><strong>Anno</strong></span> <span class='ocrx_word' id='word_1_870' title='bbox 3107 4771 3170 4824; x_wconf 89' lang='lat' dir='ltr'><strong>ab</strong></span> <span class='ocrx_word' id='word_1_871' title='bbox 3223 4768 3363 4826; x_wconf 82' lang='lat' dir='ltr'><strong>Urbe</strong></span> <span class='ocrx_word' id='word_1_872' title='bbox 3412 4770 3622 4824; x_wconf 86' lang='lat' dir='ltr'><strong>condita</strong></span> <span class='ocrx_word' id='word_1_873' title='bbox 3659 4782 3838 4826; x_wconf 73' lang='lat' dir='ltr'><strong>ncxut.</strong></span> 
     </span>
    </p>
   </div>
   <div class='ocr_carea' id='block_1_117' title="bbox 2283 4841 3842 4903">
    <p class='ocr_par' dir='ltr' id='par_1_117' title="bbox 2283 4841 3842 4903">
     <span class='ocr_line' id='line_1_119' title="bbox 2283 4841 3842 4903; baseline -0.008 -1"><span class='ocrx_word' id='word_1_874' title='bbox 2283 4846 2421 4903; x_wconf 82' lang='lat' dir='ltr'><strong>Aliis</strong></span> <span class='ocrx_word' id='word_1_875' title='bbox 2458 4845 2546 4900; x_wconf 88' lang='lat' dir='ltr'><strong>hic</strong></span> <span class='ocrx_word' id='word_1_876' title='bbox 2572 4858 2750 4898; x_wconf 85' lang='lat' dir='ltr'><strong>annus</strong></span> <span class='ocrx_word' id='word_1_877' title='bbox 2779 4853 2860 4896; x_wconf 83' lang='lat' dir='ltr'><strong>est</strong></span> <span class='ocrx_word' id='word_1_878' title='bbox 2889 4842 2958 4896; x_wconf 89' lang='lat' dir='ltr'><strong>ab</strong></span> <span class='ocrx_word' id='word_1_879' title='bbox 2992 4841 3134 4897; x_wconf 88' lang='lat' dir='ltr'><strong>Urbe</strong></span> <span class='ocrx_word' id='word_1_880' title='bbox 3161 4841 3382 4897; x_wconf 86' lang='lat' dir='ltr'><strong>COudita</strong></span> <span class='ocrx_word' id='word_1_881' title='bbox 3412 4856 3663 4896; x_wconf 72' lang='lat' dir='ltr'><strong>nexum.</strong></span> <span class='ocrx_word' id='word_1_882' title='bbox 3699 4841 3767 4894; x_wconf 88' lang='lat' dir='ltr'><strong>De</strong></span> <span class='ocrx_word' id='word_1_883' title='bbox 3793 4853 3842 4891; x_wconf 88' lang='lat' dir='ltr'><strong>re</strong></span> 
     </span>
    </p>
   </div>
   <div class='ocr_carea' id='block_1_118' title="bbox 2209 4911 3842 4988">
    <p class='ocr_par' dir='ltr' id='par_1_118' title="bbox 2209 4911 3842 4988">
     <span class='ocr_line' id='line_1_120' title="bbox 2209 4911 3842 4988; baseline -0.01 -13"><span class='ocrx_word' id='word_1_884' title='bbox 2209 4915 2257 4975; x_wconf 90' lang='lat' dir='ltr'><strong>D</strong></span> <span class='ocrx_word' id='word_1_885' title='bbox 2283 4926 2432 4988; x_wconf 85' lang='lat' dir='ltr'><strong>gesta</strong></span> <span class='ocrx_word' id='word_1_886' title='bbox 2462 4931 2587 4970; x_wconf 90' lang='lat' dir='ltr'><strong>cum</strong></span> <span class='ocrx_word' id='word_1_887' title='bbox 2611 4913 2869 4988; x_wconf 78' lang='lat' dir='ltr'><strong>Cimbris</strong></span> <span class='ocrx_word' id='word_1_888' title='bbox 2894 4929 2923 4966; x_wconf 69' lang='grc' dir='ltr'><strong>ει</strong></span> <span class='ocrx_word' id='word_1_889' title='bbox 2951 4914 3168 4988; x_wconf 75' lang='lat' dir='ltr'><strong>lilanilio</strong></span> <span class='ocrx_word' id='word_1_890' title='bbox 3201 4912 3553 4988; x_wconf 10' lang='lat' dir='ltr'><strong>etngaepione</strong></span> <span class='ocrx_word' id='word_1_891' title='bbox 3582 4911 3842 4988; x_wconf 64' lang='lat' dir='ltr'><strong>Salhtstins</strong></span> 
     </span>
    </p>
   </div>
   <div class='ocr_carea' id='block_1_119' title="bbox 2283 4982 3840 5056">
    <p class='ocr_par' dir='ltr' id='par_1_119' title="bbox 2283 4982 3840 5056">
     <span class='ocr_line' id='line_1_121' title="bbox 2283 4982 3840 5056; baseline -0.008 -13"><span class='ocrx_word' id='word_1_892' title='bbox 2283 4982 2350 5046; x_wconf 76' lang='lat' dir='ltr'><strong>de</strong></span> <span class='ocrx_word' id='word_1_893' title='bbox 2403 4989 2546 5045; x_wconf 89' lang='lat' dir='ltr'><strong>bello</strong></span> <span class='ocrx_word' id='word_1_894' title='bbox 2599 4986 2951 5056; x_wconf 82' lang='lat' dir='ltr'><strong>Jugurthino,</strong></span> <span class='ocrx_word' id='word_1_895' title='bbox 3005 4985 3188 5041; x_wconf 88' lang='lat' dir='ltr'><strong>Livius</strong></span> <span class='ocrx_word' id='word_1_896' title='bbox 3245 4985 3382 5039; x_wconf 89' lang='lat' dir='ltr'><strong>libro</strong></span> <span class='ocrx_word' id='word_1_897' title='bbox 3440 4998 3619 5048; x_wconf 73' lang='lat' dir='ltr'><strong>uvn,</strong></span> <span class='ocrx_word' id='word_1_898' title='bbox 3669 4982 3840 5036; x_wconf 80' lang='lat' dir='ltr'><strong>Florus</strong></span> 
     </span>
    </p>
   </div>
   <div class='ocr_carea' id='block_1_120' title="bbox 2280 5056 3837 5188">
    <p class='ocr_par' dir='ltr' id='par_1_120' title="bbox 2280 5056 3837 5188">
     <span class='ocr_line' id='line_1_122' title="bbox 2280 5056 3837 5188; baseline -0.004 -72"><span class='ocrx_word' id='word_1_899' title='bbox 2280 5062 2378 5188; x_wconf 70' lang='lat' dir='ltr'><strong>lIih.</strong></span> <span class='ocrx_word' id='word_1_900' title='bbox 2431 5076 2487 5115; x_wconf 90' lang='grc' dir='ltr'><strong>ιιι</strong></span> <span class='ocrx_word' id='word_1_901' title='bbox 2533 5062 2715 5130; x_wconf 86' lang='lat' dir='ltr'><strong>capite</strong></span> <span class='ocrx_word' id='word_1_902' title='bbox 2742 5059 2798 5125; x_wconf 79' lang='lat'><strong>5,</strong></span> <span class='ocrx_word' id='word_1_903' title='bbox 2841 5056 3134 5126; x_wconf 83' lang='lat' dir='ltr'><strong>Eutropius</strong></span> <span class='ocrx_word' id='word_1_904' title='bbox 3181 5057 3276 5113; x_wconf 91' lang='lat' dir='ltr'><strong>lib.</strong></span> <span class='ocrx_word' id='word_1_905' title='bbox 3309 5072 3342 5111; x_wconf 84' lang='grc' dir='ltr'><strong>ν</strong></span> <span class='ocrx_word' id='word_1_906' title='bbox 3375 5058 3612 5115; x_wconf 89' lang='lat' dir='ltr'><strong>Velleius</strong></span> <span class='ocrx_word' id='word_1_907' title='bbox 3654 5071 3705 5115; x_wconf 91' lang='lat' dir='ltr'><strong>et</strong></span> <span class='ocrx_word' id='word_1_908' title='bbox 3744 5059 3837 5113; x_wconf 88' lang='lat' dir='ltr'><strong>alii.</strong></span> 
     </span>
     <span class='ocr_line' id='line_1_123' title="bbox 2301 5147 2446 5188; baseline -0.014 0"><span class='ocrx_word' id='word_1_909' title='bbox 2301 5147 2446 5188; x_wconf 73' lang='lat' dir='ltr'><strong>‘ABR.</strong></span> 
     </span>
    </p>
   </div>
   <div class='ocr_carea' id='block_1_121' title="bbox 2301 5147 2446 5188">
    <p class='ocr_par' dir='ltr' id='par_1_121' title="bbox 2301 5147 2446 5188">
     <span class='ocr_line' id='line_1_124' title="bbox 2301 5147 2446 5188; baseline 0 -2"><span class='ocrx_word' id='word_1_910' title='bbox 2301 5147 2446 5188; x_wconf 48' lang='grc' dir='ltr'><strong>ῪΔΒΒ.</strong></span> 
     </span>
    </p>
   </div>
   <div class='ocr_carea' id='block_1_122' title="bbox 2351 5200 3836 5273">
    <p class='ocr_par' dir='ltr' id='par_1_122' title="bbox 2351 5200 3836 5273">
     <span class='ocr_line' id='line_1_125' title="bbox 2351 5200 3836 5273; baseline -0.002 -15"><span class='ocrx_word' id='word_1_911' title='bbox 2351 5206 2406 5259; x_wconf 76' lang='lat'><strong>‘2.</strong></span> <span class='ocrx_word' id='word_1_912' title='bbox 2449 5204 2509 5260; x_wconf 91' lang='lat' dir='ltr'><strong>C.</strong></span> <span class='ocrx_word' id='word_1_913' title='bbox 2541 5203 2792 5259; x_wconf 85' lang='lat' dir='ltr'><strong>Manilius</strong></span> <span class='ocrx_word' id='word_1_914' title='bbox 2833 5201 3011 5259; x_wconf 85' lang='lat' dir='ltr'><strong>consul</strong></span> <span class='ocrx_word' id='word_1_915' title='bbox 3050 5213 3096 5258; x_wconf 87' lang='lat' dir='ltr'><strong>et</strong></span> <span class='ocrx_word' id='word_1_916' title='bbox 3131 5202 3196 5270; x_wconf 86' lang='lat' dir='ltr'><strong>Q.</strong></span> <span class='ocrx_word' id='word_1_917' title='bbox 3226 5201 3397 5273; x_wconf 73' lang='lat' dir='ltr'><strong>Ca’pio</strong></span> <span class='ocrx_word' id='word_1_918' title='bbox 3433 5201 3744 5273; x_wconf 83' lang='lat' dir='ltr'><strong>proconsule.</strong></span> <span class='ocrx_word' id='word_1_919' title='bbox 3775 5200 3836 5255; x_wconf 74' lang='lat' dir='ltr'><strong>lla</strong></span> 
     </span>
    </p>
   </div>
   <div class='ocr_carea' id='block_1_123' title="bbox 2284 5273 3838 5344">
    <p class='ocr_par' dir='ltr' id='par_1_123' title="bbox 2284 5273 3838 5344">
     <span class='ocr_line' id='line_1_126' title="bbox 2284 5273 3838 5344; baseline -0.004 -14"><span class='ocrx_word' id='word_1_920' title='bbox 2284 5277 2400 5331; x_wconf 76' lang='lat' dir='ltr'><strong>ltuzc</strong></span> <span class='ocrx_word' id='word_1_921' title='bbox 2444 5277 2499 5331; x_wconf 89' lang='lat' dir='ltr'><strong>in</strong></span> <span class='ocrx_word' id='word_1_922' title='bbox 2541 5277 2743 5344; x_wconf 77' lang='lat' dir='ltr'><strong>nostris</strong></span> <span class='ocrx_word' id='word_1_923' title='bbox 2779 5275 3180 5344; x_wconf 70' lang='lat' dir='ltr'><strong>exetnplat&#39;ihtts</strong></span> <span class='ocrx_word' id='word_1_924' title='bbox 3226 5273 3448 5341; x_wconf 85' lang='lat' dir='ltr'><strong>scriptis</strong></span> <span class='ocrx_word' id='word_1_925' title='bbox 3493 5275 3735 5328; x_wconf 79' lang='lat' dir='ltr'><strong>erunibus</strong></span> <span class='ocrx_word' id='word_1_926' title='bbox 3765 5273 3838 5344; x_wconf 7' lang='lat' dir='ltr'><strong>fle-</strong></span> 
     </span>
    </p>
   </div>
   <div class='ocr_carea' id='block_1_124' title="bbox 2286 5343 3841 5418">
    <p class='ocr_par' dir='ltr' id='par_1_124' title="bbox 2286 5343 3841 5418">
     <span class='ocr_line' id='line_1_127' title="bbox 2286 5343 3841 5418; baseline -0.005 -17"><span class='ocrx_word' id='word_1_927' title='bbox 2286 5357 2504 5418; x_wconf 88' lang='lat' dir='ltr'><strong>guntur,</strong></span> <span class='ocrx_word' id='word_1_928' title='bbox 2541 5348 2644 5401; x_wconf 87' lang='lat' dir='ltr'><strong>nisi</strong></span> <span class='ocrx_word' id='word_1_929' title='bbox 2676 5343 2817 5418; x_wconf 74' lang='lat' dir='ltr'><strong>quod</strong></span> <span class='ocrx_word' id='word_1_930' title='bbox 2853 5343 2953 5415; x_wconf 85' lang='lat' dir='ltr'><strong>pro</strong></span> <span class='ocrx_word' id='word_1_931' title='bbox 2973 5344 3214 5418; x_wconf 76' lang='lat' dir='ltr'><strong>Manilio,</strong></span> <span class='ocrx_word' id='word_1_932' title='bbox 3239 5360 3398 5418; x_wconf 70' lang='lat' dir='ltr'><strong>quem</strong></span> <span class='ocrx_word' id='word_1_933' title='bbox 3426 5344 3700 5418; x_wconf 67' lang='lat' dir='ltr'><strong>Cualtheri</strong></span> <span class='ocrx_word' id='word_1_934' title='bbox 3725 5343 3841 5396; x_wconf 87' lang='lat' dir='ltr'><strong>liber</strong></span> 
     </span>
    </p>
   </div>
   <div class='ocr_carea' id='block_1_125' title="bbox 2289 5414 3839 5488">
    <p class='ocr_par' dir='ltr' id='par_1_125' title="bbox 2289 5414 3839 5488">
     <span class='ocr_line' id='line_1_128' title="bbox 2289 5414 3839 5488; baseline -0.005 -15"><span class='ocrx_word' id='word_1_935' title='bbox 2289 5414 2557 5488; x_wconf 65' lang='lat' dir='ltr'><strong>agnoscit,</strong></span> <span class='ocrx_word' id='word_1_936' title='bbox 2597 5414 3256 5488; x_wconf 6' lang='lat' dir='ltr'><strong>aliii‘Mauliumhabent,</strong></span> <span class='ocrx_word' id='word_1_937' title='bbox 3307 5414 3561 5488; x_wconf 77' lang='lat' dir='ltr'><strong>Manilius</strong></span> <span class='ocrx_word' id='word_1_938' title='bbox 3594 5417 3690 5468; x_wconf 87' lang='lat' dir='ltr'><strong>hoc</strong></span> <span class='ocrx_word' id='word_1_939' title='bbox 3706 5427 3839 5488; x_wconf 80' lang='lat' dir='ltr'><strong>anno</strong></span> 
     </span>
    </p>
   </div>
   <div class='ocr_carea' id='block_1_126' title="bbox 2289 5485 3840 5558">
    <p class='ocr_par' dir='ltr' id='par_1_126' title="bbox 2289 5485 3840 5558">
     <span class='ocr_line' id='line_1_129' title="bbox 2289 5485 3840 5558; baseline -0.007 -12"><span class='ocrx_word' id='word_1_940' title='bbox 2289 5485 2480 5546; x_wconf 75' lang='lat' dir='ltr'><strong>consul</strong></span> <span class='ocrx_word' id='word_1_941' title='bbox 2510 5501 2654 5547; x_wconf 87' lang='lat' dir='ltr'><strong>erat:</strong></span> <span class='ocrx_word' id='word_1_942' title='bbox 2699 5491 2901 5558; x_wconf 63' lang='lat' dir='ltr'><strong>Caepio,</strong></span> <span class='ocrx_word' id='word_1_943' title='bbox 2933 5486 3022 5558; x_wconf 85' lang='lat' dir='ltr'><strong>qui</strong></span> <span class='ocrx_word' id='word_1_944' title='bbox 3052 5501 3196 5540; x_wconf 90' lang='lat' dir='ltr'><strong>anno</strong></span> <span class='ocrx_word' id='word_1_945' title='bbox 3223 5485 3508 5558; x_wconf 78' lang='lat' dir='ltr'><strong>superiore</strong></span> <span class='ocrx_word' id='word_1_946' title='bbox 3533 5485 3723 5558; x_wconf 71' lang='lat' dir='ltr'><strong>consul</strong></span> <span class='ocrx_word' id='word_1_947' title='bbox 3745 5485 3840 5536; x_wconf 79' lang='lat' dir='ltr'><strong>fue-</strong></span> 
     </span>
    </p>
   </div>
   <div class='ocr_carea' id='block_1_127' title="bbox 2294 5555 3838 5631">
    <p class='ocr_par' dir='ltr' id='par_1_127' title="bbox 2294 5555 3838 5631">
     <span class='ocr_line' id='line_1_130' title="bbox 2294 5555 3838 5631; baseline -0.008 -15"><span class='ocrx_word' id='word_1_948' title='bbox 2294 5570 2394 5628; x_wconf 82' lang='lat' dir='ltr'><strong>rat,</strong></span> <span class='ocrx_word' id='word_1_949' title='bbox 2432 5561 2543 5631; x_wconf 77' lang='lat' dir='ltr'><strong>jznn</strong></span> <span class='ocrx_word' id='word_1_950' title='bbox 2601 5555 3487 5631; x_wconf 15' lang='lat' dir='ltr'><strong>prorogatoiimperioproconsul</strong></span> <span class='ocrx_word' id='word_1_951' title='bbox 3523 5567 3654 5631; x_wconf 80' lang='lat' dir='ltr'><strong>erat.</strong></span> <span class='ocrx_word' id='word_1_952' title='bbox 3678 5555 3838 5631; x_wconf 64' lang='lat' dir='ltr'><strong>ileon;</strong></span> 
     </span>
    </p>
   </div>
   <div class='ocr_carea' id='block_1_128' title="bbox 2294 5623 3836 5703">
    <p class='ocr_par' dir='ltr' id='par_1_128' title="bbox 2294 5623 3836 5703">
     <span class='ocr_line' id='line_1_131' title="bbox 2294 5623 3836 5703; baseline -0.004 -24"><span class='ocrx_word' id='word_1_953' title='bbox 2294 5623 2457 5702; x_wconf 61' lang='lat' dir='ltr'><strong>igitqu</strong></span> <span class='ocrx_word' id='word_1_954' title='bbox 2499 5623 3120 5703; x_wconf 24' lang='lat' dir='ltr'><strong>Sigonius&#39;in‘Liviana</strong></span> <span class='ocrx_word' id='word_1_955' title='bbox 3172 5627 3420 5703; x_wconf 81' lang='lat' dir='ltr'><strong>Epitoma</strong></span> <span class='ocrx_word' id='word_1_956' title='bbox 3453 5626 3747 5703; x_wconf 33' lang='lat' dir='ltr'><strong>Iresntitnit:</strong></span> <span class='ocrx_word' id='word_1_957' title='bbox 3774 5623 3836 5675; x_wconf 79' lang='lat' dir='ltr'><strong>Ab</strong></span> 
     </span>
    </p>
   </div>
   <div class='ocr_carea' id='block_1_129' title="bbox 2292 5694 3836 5767">
    <p class='ocr_par' dir='ltr' id='par_1_129' title="bbox 2292 5694 3836 5767">
     <span class='ocr_line' id='line_1_132' title="bbox 2292 5694 3836 5767; baseline -0.01 -8"><span class='ocrx_word' id='word_1_958' title='bbox 2292 5694 2476 5761; x_wconf 68' lang='lat' dir='ltr'><strong>iisdem</strong></span> <span class='ocrx_word' id='word_1_959' title='bbox 2503 5694 2731 5760; x_wconf 57' lang='lat' dir='ltr'><strong>hostibus</strong></span> <span class='ocrx_word' id='word_1_960' title='bbox 2758 5703 2818 5757; x_wconf 84' lang='lat' dir='ltr'><strong>L&#39;.</strong></span> <span class='ocrx_word' id='word_1_961' title='bbox 2865 5700 3113 5756; x_wconf 80' lang='lat' dir='ltr'><strong>Manilius</strong></span> <span class='ocrx_word' id='word_1_962' title='bbox 3139 5694 3342 5762; x_wconf 72' lang='lat' dir='ltr'><strong>consul,</strong></span> <span class='ocrx_word' id='word_1_963' title='bbox 3374 5705 3421 5749; x_wconf 87' lang='lat' dir='ltr'><strong>ct</strong></span> <span class='ocrx_word' id='word_1_964' title='bbox 3443 5696 3508 5761; x_wconf 78' lang='grc' dir='ltr'><strong>ρ.</strong></span> <span class='ocrx_word' id='word_1_965' title='bbox 3541 5694 3709 5767; x_wconf 64' lang='lat' dir='ltr'><strong>Carpit)</strong></span> <span class='ocrx_word' id='word_1_966' title='bbox 3734 5709 3836 5767; x_wconf 48' lang='lat' dir='ltr'><strong>pro.</strong></span> 
     </span>
    </p>
   </div>
   <div class='ocr_carea' id='block_1_130' title="bbox 2295 5765 3834 5852">
    <p class='ocr_par' dir='ltr' id='par_1_130' title="bbox 2295 5765 3834 5852">
     <span class='ocr_line' id='line_1_133' title="bbox 2295 5765 3834 5852; baseline -0.007 -19"><span class='ocrx_word' id='word_1_967' title='bbox 2295 5779 2477 5836; x_wconf 83' lang='lat' dir='ltr'><strong>consul</strong></span> <span class='ocrx_word' id='word_1_968' title='bbox 2505 5777 2621 5833; x_wconf 78' lang='lat' dir='ltr'><strong>victi</strong></span> <span class='ocrx_word' id='word_1_969' title='bbox 2652 5773 2850 5852; x_wconf 67' lang='lat' dir='ltr'><strong>pactio,</strong></span> <span class='ocrx_word' id='word_1_970' title='bbox 2879 5771 3158 5845; x_wconf 63' lang='lat' dir='ltr'><strong>castrisque</strong></span> <span class='ocrx_word' id='word_1_971' title='bbox 3182 5769 3312 5828; x_wconf 75' lang='lat' dir='ltr'><strong>binis</strong></span> <span class='ocrx_word' id='word_1_972' title='bbox 3341 5768 3483 5828; x_wconf 71' lang='lat' dir='ltr'><strong>exuti</strong></span> <span class='ocrx_word' id='word_1_973' title='bbox 3514 5776 3646 5827; x_wconf 81' lang='lat' dir='ltr'><strong>sunt.</strong></span> <span class='ocrx_word' id='word_1_974' title='bbox 3679 5765 3834 5828; x_wconf 80' lang='lat' dir='ltr'><strong>luno-</strong></span> 
     </span>
    </p>
   </div>
  </div>
