4028 6298
145 270 236 326 953

1157 261 1629 320 IllSTORMRUM
1668 261 1876 322 LIBER
1918 263 1979 319 V.
2022 263 2174 320 CAP.
2218 263 2356 320 XVI.

3299 266 3416 332 {’55

146 385 220 440 sal
259 388 310 437 et
346 380 411 450 ρ.
455 377 637 450 Gmplo
679 377 1002 450 proconsule
1044 376 1308 434 adversus
1353 379 1602 435 Cimbros
1656 389 1708 434 et
1737 393 1788 454 Α
1817 379 2050 446 terfccit,
2079 380 2332 452 ipsosque
2371 381 2634 438 continuo
2668 396 2855 438 servos
2888 383 2941 437 in
2972 383 3204 452 pretium
3236 385 3411 440 scele-

145 473 397 529 Teutonas
420 480 474 526 et
502 470 789 541 Tigurinos
812 480 862 525 et
897 462 1226 534 Ambroiias,
1267 471 1546 526 Gallorum
1575 471 1710 526 Gcr-

148 579 512 634 manorumque
537 574 746 633 gentes,
780 578 897 632 qum
925 574 1070 622 tunc.
1110 573 1165 615 ιιι
1199 563 1486 632 imperium
1521 563 1710 618 Roma-

151 678 260 716 num
287 662 714 728 exstinguerent,
747 657 1257 726 'conspiraverant,
1292 657 1463 722 missi,
1494 658 1711 726 provin-

146 755 243 808 cias
279 751 374 806 sibi
428 748 686 804 Rhodano
731 748 952 803 ﬂumine
997 748 1176 803 medio
1229 748 1554 803 diviserunt.
1609 748 1709 804 Ubi

148 848 260 901 dum
298 847 434 900 inter
478 859 537 899 se
582 843 904 914 gravissima
954 841 1156 896 invidia
1204 848 1261 896 ct
1305 841 1326 871 ⁸
1364 843 1712 896 contentione

149 940 447 1008 disceptant,
498 951 618 989 cum
667 948 862 1005 magna
894 933 1186 1003 ignominia
1237 941 1292 987 et
1321 933 1560 1001 periculo
1601 932 1710 986 Ro-

150 1031 274 1086 mani
301 1027 531 1084 nominis
558 1025 684 1081 victi
711 1035 839 1081 sunt
870 1043 882 1079 :
917 1025 1185 1096 siquidem
1217 1025 1272 1081 in
1299 1041 1361 1080 ea
1390 1041 1565 1096 pugna
1594 1028 1614 1057 ⁸
1638 1025 1710 1080 Μ.

151 1122 381 1177 Aurelius
432 1118 728 1176 consularis
771 1128 968 1185 captus
1016 1129 1179 1189 atque
1236 1117 1556 1174 interfectus
1606 1128 1711 1174 cst.

156 1215 254 1269 Iluo
273 1214 361 1269 lilii
382 1213 620 1270 consulis
651 1213 803 1277 euasi,
834 1214 1105 1282 octoginta
1145 1212 1316 1267 millia
1343 1212 1711 1268 Romanorum

152 1301 502 1372 sociorumque
529 1317 589 1357 ea
624 1311 946 1371 tempestate
984 1301 1276 1365 trucidata,
1302 1301 1323 1332 ‘
1353 1303 1712 1372 quadraginta

155 1394 302 1448 millia
350 1396 598 1449 calonum
655 1403 819 1464 atque
876 1392 1107 1447 lixarum
1166 1394 1472 1458 interiecta,
1526 1395 1714 1451 Antias

155 1489 341 1543 scribit.
367 1488 441 1542 Ita
467 1502 533 1543 ex
573 1487 718 1542 omni
751 1487 962 1556 penitus
988 1488 1230 1542 exercitu
1261 1487 1451 1543 decem
1482 1498 1716 1542 tantum-

162 1581 302 1636 modo
339 1580 603 1648 homines,
643 1579 737 1646 qui
759 1579 1014 1634 miserum
1058 1579 1305 1634 nuntium
1345 1579 1412 1634 ad
1441 1580 1716 1649 augendas

156 1673 374 1728 miserias
391 1682 756 1739 reportarem,
781 1670 1116 1741 superfuisse
1139 1670 1467 1726 referuntur.
1495 1671 1713 1737 llostes,

1815 474 1890 527 ris
1933 474 2268 528 manumisit.
2305 472 2401 529 Die
2429 473 2596 540 dicta,
2638 473 2741 530 Cn.
2787 475 3045 544 Pompeio
3083 473 3402 542 accusante,

1813 564 2099 622 damnatus
2129 575 2233 622 est.
2270 565 2434 634 Igitur
2475 566 2672 622 Marius
2702 575 2952 637 quortnm
2995 570 3202 635 consul,
3237 577 3258 608 ο
3283 584 3408 626 cum

1811 659 1961 726 juxta
1994 659 2154 713 Isara:
2179 657 2541 729 Rhodanique
2569 659 2812 726 ﬂumina,
2847 661 2892 692 '°
2922 661 3011 715 ubi
3041 662 3096 716 in
3127 676 3252 717 sese
3277 677 3410 717 con-

1814 751 2012 814 ﬂuunt,
2041 761 2217 806 castra
2240 751 2535 821 posuisset,
2559 752 2859 820 Teutones,
2889 752 3120 820 Cimbri,
3163 764 3219 809 et
3245 754 3410 826 Tigu-

1815 845 1918 897 rini
1967 854 2020 898 et
2057 842 2384 909 Ambrones,
2417 854 2701 914 postquam
2749 847 3010 901 continuo
3051 848 3228 904 triduo
3262 848 3409 905 circa

1815 933 2182 988 Romanorum
2210 944 2384 988 castra
2426 943 2752 1004 pugnarunt,
2787 936 2830 988 si
2861 953 2969 1005 quo
3007 947 3162 1006 pacto
3191 954 3286 993 eos
3314 954 3409 994 ex-

1814 1035 2059 1081 cuti-rent
2081 1027 2246 1096 vallo,
2276 1036 2438 1098 atque
2462 1028 2503 1058 “
2534 1026 2589 1081 in
2630 1042 2815 1098 :rquor
2845 1027 3202 1096 effunderent,
3236 1029 3408 1085 tribus

1814 1118 2116 1188 agminibus
2137 1117 2340 1173 Italiam
2360 1127 2547 1190 petere
2562 1118 2923 1175 destinarunt.
2940 1120 3160 1185 Marius,
3182 1132 3302 1192 post
3323 1123 3404 1177 di-

1814 1226 2058 1281 gressum
2086 1211 2346 1278 hostium,
2381 1220 2559 1267 castra
2590 1213 2780 1278 movit,
2803 1221 2859 1268 et
2880 1212 3078 1268 collem
3100 1215 3408 1283 occupavit,

1814 1300 1910 1370 qui
1939 1316 2134 1372 campo
2163 1310 2219 1356 et
2247 1300 2434 1368 ﬂuvio,
2464 1301 2552 1356 ubi
2578 1300 2762 1356 hostes
2785 1317 2905 1358 sese
2932 1301 3282 1368 diﬂuderant,
3315 1304 3416 1358 im-

1816 1393 2075 1448 minabat.
2099 1393 2338 1460 Cumque
2359 1392 2624 1448 exercitui
2646 1393 2825 1462 ejus“
2848 1409 2986 1464 aqua
3013 1393 3080 1448 ad
3114 1394 3414 1464 potandum

1815 1485 1981 1556 329
2025 1485 2276 1554 deesset,
2326 1485 2672 1556 querelisque
2709 1487 2949 1542 omnium
3003 1497 3411 1558 coargueretur,

1815 1590 2008 1643 aquam
2029 1576 2246 1644 quidem
2275 1576 2330 1630 in
2358 1586 2655 1646 conspectu
2684 1592 2811 1632 esse
2845 1577 3148 1646 respondit,
3170 1578 3267 1634 sed
3289 1593 3409 1634 eam

1818 1666 1961 1721 let-ro
2009 1666 2411 1723 vindicandam.
2461 1668 2661 1724 Primis
2718 1669 2901 1740 itaque
2951 1671 3240 1727 calonibus
3285 1689 3412 1729 cum

157 1764 277 1819 l-iuis
301 1764 488 1820 castris
516 1773 681 1832 atque
730 1764 933 1834 ingenti
970 1763 1149 1834 pra-da
1198 1763 1381 1833 potiti,
1413 1777 1549 1818 nova
1579 1779 1713 1832 qua—
1746 1770 1794 1830 Β
1819 1758 2064 1814 clamore
2086 1760 2138 1814 in
2163 1775 2395 1830 pugnam
2423 1761 2730 1830 ruentibus,
2763 1765 3088 1818 subsecutus
3116 1766 3412 1834 exercitus,

155 1856 260 1909 dant
297 1865 448 1925 atque
480 1856 699 1910 insolita
731 1857 1135 1923 exsecratione,
1177 1863 1371 1910 cuncta
1403 1856 1570 1927 328
1589 1870 1712 1926 qua:

154 1957 404 2018 ceperant,
449 1947 963 2019 pessumdederunt.
1011 1947 1191 2003 Vestis
1231 1948 1459 2004 discissa
1505 1958 1556 2003 et
1591 1964 1712 2018 pro-

152 2040 276 2108 jecta
318 2031 420 2108 est,
451 2055 641 2094 aurum
670 2048 1064 2111 argentumque
1097 2039 1152 2092 in
1189 2039 1388 2094 ﬂumen
1419 2039 1711 2109 ahjeetum,

157 2130 317 2185 lorica:
344 2131 575 2185 \‘irorttm
604 2132 864 2197 eoneism,
893 2130 1129 2200 phalerae
1156 2146 1416 2200 equorum
1450 2131 1718 2200 disperdi-

159 2233 234 2290 ιευ,
273 2223 390 2292 equi
432 2223 533 2293 ipsi
586 2224 893 2294 gurgitibus
931 2224 1195 2285 immersi.
1232 2223 1482 2278 homines
1511 2225 1718 2295 laqueis

159 2315 281 2370 collo
314 2315 494 2371 inditis
523 2332 590 2371 ex
613 2318 903 2372 arboribus
929 2317 1180 2386 suspensi
1215 2327 1343 2371 sunt
1372 2318 1465 2384 ita,
1499 2327 1557 2371 ut
1586 2317 1718 2373 nihil

159 2408 329 2472 praedm
351 2411 544 2476 victor,
578 2408 711 2463 nihil
744 2407 1136 2463 misericordiae
1167 2407 1342 2463 victus
1370 2417 1714 2478 agnosceret.

159 2499 392 2557 Maximus
418 2510 542 2556 tunc
563 2500 753 2556 Romae
777 2515 884 2555 non
917 2499 1093 2554 solum
1121 2499 1320 2562 luctus.
1361 2501 1717 2557 verumetiam

163 2603 320 2647 metus
345 2591 466 2658 fuit,
512 2606 582 2647 ne
626 2590 910 2646 confestim
941 2589 1150 2645 Cimbri
1180 2590 1347 2661 Alpes
1377 2591 1727 2660 transgrede-

163 2693 324 2738 rentur
345 2682 659 2753 Italiamque
701 2682 970 2738 delerent.
1013 2681 1208 2736 Iisdem
1254 2683 1624 2752 temporibus"
1653 2685 1720 2749 Q.

164 2771 336 2830 Fabius
353 2774 612 2829 Maximus
642 2773 810 2828 lilium
841 2789 996 2828 suum
1023 2773 1453 2840 adolescentem,
1475 2772 1498 2803 ⁸
1525 2788 1615 2827 rus
1637 2790 1722 2828 re-

164 2866 392 2939 legatum,
431 2883 554 2925 cum
584 2867 799 2924 duobus
822 2868 994 2924 servis
1025 2868 1304 2939 parricidii
1334 2869 1600 2923 ministris
1629 2869 1714 2922 iii-

1823 1866 1944 1908 mox
1983 1852 2140 1923 juxto
2185 1853 2490 1910 certamine
2529 1855 2845 1924 compositis
2889 1855 3171 1912 ordinibus
3213 1857 3439 1912 bellum-

1821 1951 2060 2012 gestum,
2097 1951 2151 1997 et
2180 1945 2360 1999 vicere
2393 1943 2647 1999 Romani.
2689 1944 2896 2012 Quarto
2922 1944 3011 2001 die
3057 1962 3246 2002 rursus
3289 1963 3418 2016 pro-

1821 2034 1997 2089 ductae
2049 2034 2318 2105 utrimque
2366 2034 2420 2090 in
2453 2050 2701 2104 campum
2743 2037 2886 2092 acies
2934 2052 3104 2108 usque
3151 2039 3218 2094 ad
3250 2043 3419 2097 meri-

1824 2131 1966 2186 diem
1999 2146 2134 2200 pene
2169 2133 2281 2201 pari
2314 2147 2622 2202 pugnavere
2654 2133 2990 2188 discrimine.
3024 2133 3154 2189 Post
3191 2132 3282 2186 ubi
3330 2133 3418 2186 iu-

1825 2224 2133 2279 calescente
2177 2225 2292 2278 SttIc
2335 2224 2476 2278 ﬂuxa
2505 2225 2778 2279 Gallorum
2824 2241 3052 2294 corpora
3104 2227 3156 2277 in
3195 2223 3415 2278 modum

1827 2315 2040 2372 nivium
2067 2317 2458 2383 distabucrunt,
2494 2333 2665 2388 usque
2696 2318 2748 2372 in
2780 2327 2995 2372 noctem
3022 2315 3200 2372 credes
3234 2314 3414 2385 potius

1823 2424 1980 2478 quam
2013 2423 2188 2480 pugna
2224 2416 2494 2476 protracta
2523 2416 2624 2463 est.
2655 2407 2698 2440 ¹³
2721 2409 2963 2464 Dueenta
2987 2407 3151 2462 millia
3182 2414 3420 2461 armato-

1823 2516 1940 2554 rum
1984 2501 2037 2555 in
2087 2515 2152 2555 co
2203 2500 2348 2555 bello
2390 2499 2678 2557 interfecta
2712 2511 2873 2568 sunt,
2919 2501 3194 2571 octoginta
3243 2498 3414 2554 millia

1822 2601 1997 2661 capta,
2046 2590 2089 2622 “
2133 2591 2221 2646 vix
2264 2591 2367 2646 tria
2416 2590 2620 2664 fugisse
2657 2591 2984 2649 referuntur.
3043 2591 3160 2646 Dux
3203 2604 3424 2661 quoque

1829 2698 2018 2737 eorum
2041 2684 2084 2715 ¹⁸
2112 2682 2460 2739 Teutobodus
2483 2683 2696 2739 occisus
2723 2694 2828 2738 esu
2860 2683 2904 2715 ¹⁶
2935 2682 3186 2739 Mulieres
3207 2696 3419 2746 eorum,

1829 2775 2204 2830 eonstantiore
2232 2775 2414 2829 animo
2447 2775 2488 2807 "
2522 2790 2680 2845 quam
2711 2775 2757 2829 si
2789 2773 3070 2840 vicissent,
3097 2773 3424 2829 consiilncre

1829 2867 2129 2933 consulem,
2160 2878 2236 2936 ut,
2270 2867 2318 2922 si
2361 2867 2618 2922 inviolata
2649 2865 2897 2923 castitate
2930 2866 2973 2898 “'
3001 2864 3306 2938 virginibus
3336 2878 3428 2918 sa-

1416 3026 1864 3084 HAVERCAMI’I
1904 3024 2138 3082 NOTE.

112 3181 117 3188 ρ
165 3157 262 3221 stro
288 3152 657 3221 manuscripto
695 3147 961 3221 Eutropio
999 3145 1156 3202 initio
1199 3145 1294 3200 lib.
1325 3160 1358 3198 ν
1386 3142 1508 3198 dua:
1536 3157 1721 3221 voces,
1752 3141 1797 3204 C
1832 3151 1926 3221 est2
1949 3141 2098 3221 unde
2125 3141 2414 3221 progressis
2442 3139 2587 3221 breue
2616 3137 2969 3221 ilerhrestabat
2995 3137 3064 3190 ad
3085 3135 3262 3221 ᾼΙρεε.

169 3217 365 3274 Romani
417 3214 678 3286 consules,
736 3237 841 3274 non
873 3214 1166 3286 leguntur,
1217 3227 1272 3271 et
1315 3214 1724 3286 recte_ah_sunt.

169 3293 301 3357 Apud
331 3292 591 3349 Velleium
625 3283 726 3361 ego
765 3291 886 3359 lego
911 3307 924 3343 :
952 3283 1088 3344 Cum
1117 3286 1410 3361 Carmonem
1440 3283 1728 3338 Manlium-

168 3356 251 3430 que
275 3381 373 3417 cos.
405 3380 532 3430 non,
561 3372 622 3418 ut
643 3356 727 3418 e'st
756 3356 1086 3427 impressum
1117 3375 1252 3412 coss.
1283 3356 1452 3412 Fsan.

227 3435 274 3505 3.
314 3432 760 3505 Gonspiraverant.
793 3431 940 3487 Flor.
981 3447 1092 3505 pia,
1117 3431 1548 3505 coniuraverunt.

323 3499 658 3578 Cont'entione
701 3499 1011 3578 disceptaui.
1067 3500 1170 3555 Alii
1204 3499 1370 3578 _l'rhri_,
1425 3499 1728 3578 diuertunt.

171 3575 328 3638 malim
360 3584 533 3631 tamen
573 3567 860 3629 decertant:
903 3573 1075 3629 Laur.
1103 3600 1174 3610 —
1203 3571 1258 3624 In
1289 3571 1374 3624 ed.
1411 3574 1549 3636 Aug.
1599 3567 1730 3636 legi-

172 3651 242 3697 tur
265 3649 536 3701 decertant.
570 3647 711 3702 Edd.
742 3644 961 3700 Veneta:
992 3658 1094 3713 pro
1125 3641 1211 3713 ubi
1236 3640 1500 3713 exhibent
1529 3639 1620 3713 ibi.

229 3717 278 3771 5.
316 3717 390 3772 111.
414 3718 677 3774 Aurelius.
714 3715 785 3771 M.
828 3708 1114 3769 Aurelium
1155 3712 1421 3767 Scaurum
1453 3708 1727 3778 intelligit,

171 3789 245 3850 qni
273 3798 393 3843 ante
435 3789 728 3844 triennium
777 3787 963 3839 consul
1006 3785 1205 3849 fuerat,
1242 3781 1426 3836 Livius
1456 3781 1553 3834 lib.
1586 3793 1729 3846 nxvn

175 3857 312 3924 vulgo
341 3859 591 3914 mendose
626 3857 702 3912 Μ.
743 3855 1000 3910 Αἲηιίιὶαε
1031 3856 1246 3923 legitur.
1281 3853 1446 3924 Fsuu.

319 3929 693 4002 Quadraginta.
740 3927 892 4002 Edd.
933 3919 1207 4002 qna-dam,
1257 3940 1323 3978 ιι
1372 3919 1560 3974 millia.
1605 3920 1728 3975 Mox

173 4001 364 4071 quidam
391 3999 1018 4071 inssfmalnntscripsit.
1146 4065 1185 4071 __
1225 4064 1272 4071 __
1368 4062 1398 4071 κ
1510 4061 1520 4071 ,

235 4070 278 4122 7.
320 4071 380 4136 ρ.
421 4070 623 4142 Fabius
648 4061 915 4142 Maximus
934 4064 1343 4142 ﬁlium._Faltius
1367 4061 1730 4142 Servilianos,

172 4137 242 4192 vir
263 4141 552 4209 censorius,
579 4157 610 4195 a
642 4141 754 4194 lilio
792 4139 969 4193 dubia:
1004 4139 1268 4194 eaStitatis
1297 4147 1487 4203 poenas
1507 4137 1685 4201 exegit
1713 4171 1728 4196 ,

174 4217 221 4262 et
242 4217 416 4280 punito
455 4211 732 4284 pependit,
775 4210 1078 4284 voluntario
1112 4220 1359 4284 secessu“
1380 4217 1732 4269 conspectum

175 4274 606 4357 pafria‘gitando.
637 4274 819 4336 Valer.
852 4282 945 4334 lib.
975 4296 1051 4357 In,
1078 4295 1198 4357 cap.
1234 4278 1288 4332 1.
1319 4274 1488 4357 F_s_uu.
1630 4343 1640 4354 ο

176 4343 187 4346 ⁷
236 4352 286 4407 8.
322 4353 448 4409 Rus.
487 4353 765 4419 Perizon.,
803 4366 944 4406 rure.
978 4343 1162 4406 I’aulo-
1185 4358 1312 4404 ante
1357 4347 1525 4413 idem,
1552 4343 1640 4413 qui
1673 4343 1737 4412 li-

175 4418 467 4470 Humanum-

194 4438 288 4475 tum
305 4441 467 4479 suum.

237 4493 284 4581 9:
321 4495 446 4581 ςέευπ
475 4499 635 4581 ἀνρεία
666 4496 831 4552 Im
867 4491 1208 4581 Ξίιοξέιξιξὲςιξιε
1245 4490 1497 4581 feries:
1516 4485 1733 4581 5‘9"“:
1766 4521 1814 4581 ι)

176 4559 289 4618 bent
325 4566 420 4634 lib.
461 4559 571 4623 vet.
623 4581 833 4623 omnes.
876 4559 1196 4634 Plutarchus
1243 4559 1293 4614 in
1337 4561 1524 4626 Mario,
1556 4559 1736 4634 fretzi-

176 4653 263 4716 σᾳςς
287 4631 632 4716 στράςὸπιδον
651 4642 802 4716 παρὰ
820 4645 894 4710 τῷ
908 4633 1124 4716 Ῥοξανῷ
1143 4640 1380 4708 ποταμῷ,
1410 4631 1593 4686 castris
1625 4644 1740 4681 mtt-

177 4706 289 4780 uitis
311 4705 955 4780 adiﬂltodanunt'ﬂum'en.
983 4705 1150 4780 Fann.

240 4777 322 4833 10.
363 4778 460 4834 Ubi
505 4783 559 4835 in
614 4769 1055 4848 sese'con/luunt.
1092 4774 1432 4848 Gonﬂuvium
1482 4769 1740 4848 illudest

179 4848 578 4922 post_Viennam
606 4853 670 4907 ad
703 4842 1059 4922 Segalaunosl
1107 4861 1214 4902 non
1249 4845 1435 4922 procul
1477 4858 1507 4898 τι
1538 4842 1738 4922 Valen-

179 4919 259 4990 tia.
290 4919 345 4974 In
380 4924 571 4978 codice
599 4912 982 4990 autemV'Lugd.
1023 4912 1266 4990 Batapri
1296 4917 1493 4990 legitur
1517 4912 1738 4990 quidem

181 4986 348 5064 (sane,
375 4994 468 5050 sed
491 4983 954 5064 superscribitur,_
977 4983 1261 5064 legendum
1289 4983 1409 5064 esse
1433 4987 1636 5039 Ararw.

180 5054 354 5135 ﬂuvius
383 5065 524 5135 Arar
553 5054 764 5135 longius
814 5064 866 5135 in
915 5054 1148 5135 Galliam
1192 5057 1420 5135 recedit,
1468 5054 1735 5135 atqueibi

180 5131 486 5188 conﬂuviutn
514 5125 944 5190 eum'Rhodano
969 5129 1098 5185 facit
1117 5128 1269 5199 juxta
1299 5128 1495 5199 urbem
1520 5125 1736 5193 Lugdu-

181 5215 314 5256 num.
364 5203 528 5260 Movit
568 5214 750 5261 autem
804 5201 1003 5260 Marius
1051 5217 1079 5254 a
1119 5197 1436 5255 conﬂuente
1478 5197 1639 5251 lsarm
1687 5202 1742 5248 et

181 5270 409 5346 liliodani
446 5291 636 5332 versus
672 5277 837 5344 Alpes
864 5283 919 5329 ct
941 5272 1172 5338 Italiam,
1204 5270 1462 5346 hostium,
1496 5267 1589 5346 qni
1618 5281 1738 5346 eam

183 5345 650 5420 lictebantttergis
681 5339 971 5420 inl'imrens,
1017 5358 1189 5420 usque
1216 5339 1742 5420 ad._A_quas.Sextias

179 5412 282 5467 sive
311 5411 595 5484 Sextilius:
619 5428 676 5472 ut
704 5415 1028 5472 Plutarchus
1058 5414 1253 5484 docet.
1292 5411 1475 5484 ibique
1514 5411 1738 5484 immani

180 5493 345 5558 strage
391 5479 602 5542 hostem
644 5487 938 5558 superavit.
983 5484 1156 5558 verba
1201 5479 1470 5558 I’ltttarChi
1516 5487 1642 5558 sunt
1690 5479 1742 5558 in

180 5552 334 5630 Mqrio
356 5573 408 5627 p.
437 5559 544 5613 415
573 5552 753 5630 ζΟὖτξλ)
783 5559 844 5616 δὴ
888 5557 1172 5630 προῐὸνςτες,
1200 5555 1426 5630 ἐγένοντο
1470 5553 1601 5630 πρὸς
1643 5557 1751 5630 τοῖς

181 5623 489 5718 ualuerit-Eunt;
536 5629 689 5690 ὕδασι
717 5623 976 5718 Σεξτιλίοὶς
996 5670 1010 5693 ,
1044 5625 1149 5715 ὄξεν
1192 5623 1293 5718 ἕὸξι
1339 5623 1668 5718 πιορευθένταῖ
1691 5623 1750 5678 οὐ

192 5717 195 5718 ,
243 5698 283 5718 ‘.‘.
311 5705 317 5715 I
382 5702 392 5718 I
415 5715 419 5718 .
442 5705 452 5718 ι
546 5700 562 5715 Ι
699 5710 719 5718 υ
830 5701 847 5718 ‘t
1283 5713 1310 5718 --
1403 5711 1496 5718 -.-αη
1538 5709 1640 5718 ..ιη’
1660 5707 1746 5718 ..ιιι

184 5693 348 5759 mihi.
375 5700 508 5767 ὁδὸν,
540 5700 592 5757 ἐν
634 5710 743 5763 ταῖς
773 5693 1007 5756 Ἄλπεσιν
1049 5694 1191 5757 εἶναι.
1245 5696 1312 5752 In
1360 5693 1497 5748 hunc
1537 5693 1750 5746 modum

183 5771 370 5840 agmine
396 5774 557 5845 facta,
581 5773 649 5830 ad
669 5773 844 5849 Aquas
873 5769 1142 5840 Sextilius,
1167 5786 1294 5844 quas
1315 5774 1518 5837 vocant,
1543 5771 1750 5823 ventum

1906 3214 1993 3267 11.
2038 3210 2105 3264 In
2135 3205 2330 3281 mquar.
2363 3209 2438 3264 lta
2469 3211 2662 3265 Colon.
2694 3209 2929 3272 diserte;
2972 3205 3226 3277 quodque
3261 3205 3424 3281 hujus

1834 3282 2011 3337 locum
2052 3277 2373 3349 occupabat,
2421 3281 2477 3334 in
2507 3297 2682 3352 (equos
2725 3296 2954 3350 campos.
2982 3295 3025 3352 Aa
3060 3293 3208 3352 mera
3237 3277 3423 3346 glossa

1835 3356 2133 3422 proleetum
2178 3360 2281 3407 est.
2326 3353 2495 3407 Laur.
2526 3348 2674 3422 -4-Id
2719 3348 2854 3404 sane
2884 3348 3224 3404 verissimum
3267 3363 3424 3400 com-

1834 3421 1969 3493 peti,
2002 3425 2132 3478 etin
2165 3423 2328 3478 nullis
2357 3437 2488 3476 mss.
2520 3421 2771 3478 Glossam
2806 3423 2942 3493 hanc
2971 3428 3222 3493 exstare;
3246 3433 3422 3493 wquor

1833 3490 1976 3548 enim
2003 3495 2090 3548 hic
2116 3509 2369 3562 campum
2397 3494 2618 3562 planum
2648 3491 2945 3559 signiﬁcat,
2979 3491 3194 3561 placido
3219 3490 3425 3558 u-qnori

1832 3565 2106 3635 similem.
2139 3573 2329 3635 estque
2374 3563 2604 3618 imitatio
2638 3563 2928 3633 Virgiliana
2960 3564 3096 3617 satis
3134 3569 3324 3631 aperta
3355 3575 3421 3615 ex

1833 3638 1927 3692 lib.
1963 3651 2016 3691 tx
2043 3634 2268 3692 Eneid’.
2296 3650 2436 3690 vers.
2473 3635 2543 3690 68
2575 3652 2588 3688 :

1959 3748 2065 3806 Oua
2089 3753 2256 3798 tentet
2277 3749 2470 3796 ratione
2495 3747 2671 3804 aditus,
2698 3750 2751 3795 et
2773 3758 2871 3808 qua
2895 3744 2972 3808 via
2993 3742 3186 3808 clausos

1958 3811 2185 3861 Excutiat
2203 3809 2425 3859 Teucros
2451 3808 2596 3867 vallo,
2623 3816 2775 3869 atque
2791 3806 3017 3856 'eﬂ‘undat
3044 3807 3093 3852 lu
3114 3814 3303 3866 aequor.

1834 3913 1941 3968 Pro
1971 3910 2255 3979 eﬂunderet
2285 3909 2530 3979 plerique
2566 3923 2698 3964 mss.
2731 3908 2933 3979 habent
2962 3905 3282 3979 refunderet.

1912 3975 2021 4037 12."
2039 3983 2187 4050 Aqua
2215 3975 2301 4034 atl-
2324 3975 2610 4050 potandum
2628 3981 2859 4050 deesset.
2887 3975 3027 4031 llmc'
3049 3975 3230 4050 omnia
3263 3989 3426 4028 accu-

1835 4066 1954 4108 rato.
1997 4048 2158 4107 simul
2189 4062 2244 4106 et
2283 4048 2508 4120 copiose
2552 4064 2581 4102 a
2625 4049 2921 4104 Plutarcho
2962 4048 3228 4116 explicata
3275 4053 3426 4099 sunt.

1838 4125 1996 4250 “in;
2025 4195 2265 4250 Ducenta
2291 4190 2458 4245 millia
2486 4181 2850 4254 armauidem
2887 4201 3142 4242 numerus
3163 4199 3428 4240 cresornm

1837 4277 1894 4324 et
1931 4275 2209 4336 captorum
2257 4273 2342 4318 est
2387 4259 2529 4336 apud
2575 4260 2913 4336 Eulroliinni.
2973 4259 3027 4312 In
3064 4255 3434 4336 Epitomahi-

1837 4327 2012 4394 viana'
2044 4350 2208 4392 vant
2250 4327 2437 4402 capta'
2462 4334 2723 4402 dicuntur
2748 4327 2932 4384 millia
2973 4327 3432 4402 xe._Plntarclius

1838 4411 1911 4465 ait
1958 4423 2222 4464 etesornm
2267 4398 2331 4458 et'
2365 4411 2649 4473 captorum
2703 4401 2868 4455 fuisse
2923 4398 3164 4473 amplius
3215 4406 3432 4473 centum

1841 4480 2031 4535 millia.
2077 4476 2314 4532 Velleius
2343 4467 2576 4544 amplius
2617 4487 2683 4529 et.
2714 4473 2879 4528 millia
2909 4472 3134 4527 hostium
3178 4467 3437 4523 trucidata

1840 4550 2026 4608 refert.
2061 4549 2227 4604 anu.

1916 4619 2005 4675 M.
2044 4620 2146 4674 Via:
2184 4618 2285 4672 tria
2331 4617 2519 4672 millia.
2563 4616 2700 4672 Tres
2734 4613 2913 4687 Lugd.
2949 4613 3092 4668 Balt.
3135 4624 3257 4667 cum
3297 4607 3436 4665 Coll.

1840 4692 2082 4749 Gronov.
2111 4693 2199 4746 vix
2225 4699 2446 4755 quatuor
2469 4688 2655 4742 millia.

1915 4764 2005 4819 15.
2036 4750 2384 4816 Teutobodus.
2418 4759 2476 4814 In
2507 4757 2828 4830 quibusdam
2867 4753 3104 4830 antiquis
3131 4761 3214 4830 est
3244 4750 3433 4830 Tento:

1843 4834 2027 4898 dobus,
2059 4833 2156 4888 sed
2191 4835 2242 4886 in
2277 4821 2540 4899 Eutropii'
2565 4829 2717 4884 libris
2761 4835 2845 4883 est
2899 4821 3248 4892 Teutobodus,
3291 4821 3435 4893 apud

1843 4904 2064 4960 Florum
2093 4899 2471 4958 Teutobochus.
2504 4899 2673 4956 Fsuu.

1917 4977 2003 5032 16.
2048 4974 2294 5029 Mulieres
2320 4988 2519 5027 eorum.
2565 4970 2710 5041 Lege
2743 4967 3016 5024 Valerium
3045 4965 3190 5021 Max.
3233 4963 3329 5019 lib.
3363 4978 3440 5031 vt,

1843 5059 1960 5111 cap.
1999 5047 2279 5117 ωτωιιη
2346 5114 2408 5117 __
2610 5111 2654 5117 ﬂ
2796 5110 2808 5117 ,
3107 5107 3121 5117 .
3198 5105 3230 5117 ᾗ.

1918 5107 2006 5173 17.
2043 5118 2208 5183 Quam
2236 5115 2282 5169 si
2309 5114 2569 5171 vicissent.
2610 5111 2727 5166 Non
2759 5110 2938 5183 placet
2963 5107 3086 5183 haec
3107 5107 3310 5183 lectio;
3363 5113 3444 5158 ta-

1845 5203 1992 5253 men,
2019 5177 2082 5244 υἷ
2103 5188 2221 5241 sine
2252 5183 2446 5252 opibus
2471 5183 2719 5238 codicum
2750 5177 3087 5253 scribam,_si
3124 5177 3220 5253 uiri
3251 5185 3441 5253 essent,

1849 5246 2190 5324 non'ausim,
2238 5246 2549 5325 priusquam
2605 5253 2842 5321 codices,
2895 5250 3149 5320 doctique
3185 5246 3438 5319 jubeant.

1849 5330 2031 5387 LAur.

1923 5403 2010 5457 18.
2048 5398 2349 5470 Virginibus
2376 5396 2554 5470 sacris.
2673 5405 2756 5470 est
2787 5391 3118 5470 Vestalibus.
3153 5390 3211 5470 In
3257 5387 3443 5470 Indice

1852 5480 2032 5527 autem
2061 5461 2420 5541 amplissimo,
2455 5469 2544 5536 qui
2595 5464 2741 5541 lt‘lori
2786 5462 3102 5541 melioribus
3139 5461 3446 5541 adnectitur

1852 5544 1974 5599 edd.
2010 5531 2426 5612 reprelienditur
2456 5531 2698 5601 Orosius,
2723 5537 2906 5612 cuius,
2934 5534 3024 5612 vel
3050 5540 3200 5588 certe
3242 5531 3445 5612 librarii

1853 5614 2056 5669 incuria
2075 5600 2178 5667 ’θυι
2205 5613 2436 5674 inscitia,
2467 5624 2656 5663 vocrm
2687 5600 2966 5679 uirginibus
3010 5605 3315 5680 importune
3347 5600 3442 5680 ad-

1853 5686 2020 5745 ditam
2059 5695 2250 5756 anetor
2279 5681 2398 5756 ejus
2427 5671 2621 5756 Indicis
2647 5671 2948 5756 exis_i_i_mat,
2974 5671 3124 5756 quia,
3147 5674 3194 5730 si
3215 5671 3444 5756 vonnilla.

1854 5741 2161 5830 inducatur,
2191 5741 2334 5814 idem
2362 5751 2539 5815 Orosii
2567 5758 2729 5827 atque
2757 5749 2904 5812 Flori
2942 5741 3014 5808 sil
3046 5761 3260 5810 sensus.
3299 5741 3448 5806 Fluri
