4028 6316
625 239 730 310 963

2059 238 2262 302 PAULI
2301 241 2526 304 OROSll

3807 239 3896 305 964

628 367 780 435 peius
809 364 972 436 339
1014 361 1292 418 Romanus
1339 357 1476 414 isset
1523 356 1801 414 exercitus
1828 399 1842 424 ,
1871 355 1990 412 et"
2027 355 2218 413 Postu-
2245 358 2297 420 Α
2326 356 2525 413 liberos
2569 355 2786 427 quidem
2811 397 2827 424 ,
2883 355 2980 412 sed
3018 353 3192 412 nudos
3222 361 3277 414 et
3305 362 3533 428 egentes
3557 397 3572 423 ,
3603 353 3754 412 abire
3773 371 3894 428 pra:-

635 461 777 515 mius
803 458 1053 521 Albinus,
1082 457 1166 511 vir
1188 453 1522 522 consularis,
1559 463 1686 508 tunc
1709 451 1770 508 L.
1801 452 1968 508 Sullae
1987 452 2217 524 legatus,

628 551 957 608 intolerabili
1001 548 1257 619 superbia
1304 547 1547 603 omnium
1601 548 1654 601 in
1705 562 1764 602 se
1817 545 2046 600 militum
2097 544 2220 599 odia

626 648 949 701 suseitasset
976 683 991 708 ,
1023 641 1296 711 lapidibus
1326 639 1538 695 occisus
1581 647 1684 692 est.
1746 638 1891 694 Sulla
1922 637 2112 694 consul
2139 637 2219 691 ci-

623 737 784 793 vilem
834 749 1088 791 cruorem
1152 749 1257 788 non
1323 733 1426 788 nisi
1477 731 1660 786 hostili
1708 731 1968 802 sanguine
2008 727 2220 800 expiari

625 843 788 898 posse
823 836 1054 883 testatus
1075 834 1160 882 est
1186 844 1198 880 :
1232 827 1278 857 ⁸⁸
1303 825 1457 894 cujus
1488 825 1561 879 rei
1585 823 1918 878 conscientia
1943 833 2220 894 permotus
2265 888 2270 891 χ

625 919 919 984 exercitus,
953 920 996 952 ’9
1025 920 1096 973 ita
1122 932 1356 989 pugnam
1390 916 1614 971 adortus
1663 927 1744 970 est
1769 957 1784 981 ,
1820 924 1878 969 ut
1907 915 2010 970 sibi
2057 930 2221 969 unus-

622 1013 855 1082 quisque
885 1009 1223 1080 pereundum
1270 1007 1522 1074 videret,
1553 1007 1596 1037 ³ο
1624 1007 1725 1062 nisi
1766 1005 2002 1061 vicisset.
2041 1005 2082 1036 ³¹
2120 1005 2220 1061 De-

625 1119 742 1158 cem
771 1113 826 1157 et
863 1111 986 1158 octo
1013 1101 1183 1156 millia
1214 1099 1538 1156 Samnitium
1567 1113 1631 1154 eo
1664 1098 1853 1169 praelio
1881 1112 2019 1154 exesa
2053 1105 2214 1163 sunt;

623 1196 937 1254 Iuventium
990 1211 1204 1267 quoque
1233 1240 1246 1266 ,
1298 1193 1543 1249 Italicum
1581 1191 1772 1248 ducem
1800 1233 1814 1260 ,
1867 1201 1922 1248 et
1960 1205 2215 1262 maguum

623 1291 792 1361 ipsius
846 1289 1108 1360 populum
1161 1295 1483 1359 persecutus
1533 1285 1753 1341 occidit.
1815 1285 2041 1340 Porcius
2082 1283 2215 1338 Cato

617 1381 833 1450 consul,
864 1381 1134 1435 Marianas
1161 1380 1344 1449 copias
1363 1378 1594 1441 habens,
1623 1391 1743 1431 cum
1767 1377 2044 1446 aliquanta
2074 1385 2214 1430 strc~

619 1489 728 1530 nuc
755 1472 1042 1542 gessisset,
1073 1471 1334 1540 gloriatus
1364 1479 1447 1524 est
1467 1510 1480 1533 ,
1512 1465 1575 1523 C.
1607 1467 1833 1522 Marium
1872 1481 1976 1520 non
2009 1466 2213 1537 majora

615 1563 852 1620 fecisse:
897 1571 950 1617 et
991 1561 1063 1616 ob
1092 1560 1198 1614 hoc
1241 1575 1362 1615 cum
1398 1561 1462 1614 ad
1493 1560 1668 1614 lacum
1719 1558 1982 1614 Fucinum
2025 1566 2214 1614 contra

616 1654 824 1710 Marsos
856 1652 1058 1707 bellum
1090 1662 1331 1721 gereret,
1361 1650 1405 1682 ³²
1429 1665 1458 1703 a
1485 1651 1596 1704 ﬁlio
1628 1647 1690 1704 C.
1721 1649 1876 1704 Marii
1901 1651 1952 1706 in
1980 1651 2209 1705 tumultu

615 1747 764 1811 belli,
797 1747 950 1817 quasi
981 1746 1048 1799 ab
1071 1745 1280 1800 incerto
1311 1755 1565 1809 auctore,
1597 1752 1904 1813 prostratus
1932 1752 2036 1799 est.
2072 1743 2117 1774 ³³
2144 1743 2206 1799 C.
2239 1751 2286 1811 Β
2314 1745 2498 1801 obrem
2550 1745 2858 1801 consideret
2908 1755 3033 1800 tunc
3079 1753 3321 1814 tempera
3373 1760 3506 1813 sua,

615 1838 880 1894 Gabinius
905 1837 1118 1907 legatus
1163 1836 1215 1890 in
1248 1835 1657 1906 exliugnatione
1687 1835 1964 1890 hostilium
1999 1845 2208 1890 castro—

614 1948 734 1987 rum
769 1929 1086 1987 interfectus
1112 1937 1217 1984 cst.
1261 1929 1558 1982 Marrucini
1591 1927 1930 1998 Vcstinique,
1963 1926 2205 1998 Sulpicio

615 2022 781 2095 3&0
833 2023 1009 2091 legato
1065 2020 1309 2090 Pompeii
1361 2028 1762 2090 persequente,
1817 2019 2014 2072 vastati
2058 2026 2205 2074 sunt.

615 2115 660 2146 "
690 2113 1030 2184 l’ompatdius
1057 2122 1109 2168 et
1139 2112 1184 2142 ³⁵
1213 2111 1488 2176 Obsidius,
1517 2111 1689 2166 Italici
1724 2111 2104 2180 imperatores,
2139 2111 2207 2166 ab

611 2207 806 2264 eodem
837 2205 1076 2276 Sulpicio
1099 2205 1243 2275 apud
1274 2204 1471 2260 [lutuen
1496 2204 1776 2260 Theanum
1795 2204 2038 2260 horribili
2068 2221 2206 2274 prm-

610 2299 684 2355 lio
711 2299 957 2369 oppressi
998 2309 1050 2353 et
1098 2299 1262 2352 occisi
1309 2309 1456 2352 sunt.
1492 2299 1783 2368 Pompeius
1815 2297 2069 2352 Asculum
2113 2297 2199 2352 in-

605 2406 847 2462 gressus,
882 2388 1194 2460 praefectos,
1228 2391 1599 2457 centuriones,
1637 2400 1974 2460 cunctosque
2001 2389 2203 2462 princi-

605 2497 702 2554 pes
733 2495 923 2536 eorum
949 2480 1114 2551 virgis
1136 2479 1356 2543 cecidit,
1385 2481 1670 2550 securique
1697 2480 1983 2549 percussit,
2009 2495 2198 2536 servos

602 2571 945 2644 praedamque
995 2585 1215 2626 onmem
1267 2571 1368 2626 sub
1423 2569 1578 2625 hasta
1623 2570 1908 2638 vendidit,
1951 2571 2199 2642 reliquos

2326 449 2470 520 cepit
2495 467 2506 504 :
2553 458 2609 505 et
2636 464 2757 504 cum
2787 448 2856 504 de
2885 449 2986 504 hac
3024 448 3205 519 prieda
3233 448 3654 518 Opitulationcm
3682 449 3892 520 aliquam

2327 547 2380 602 iu
2437 561 2594 602 usum
2648 544 2908 616 stipendii
2958 545 3159 616 publici
3221 553 3443 600 senatus
3485 543 3607 600 fore
3647 554 3893 615 Speraret,

2327 635 2461 691 nihil
2517 647 2700 691 tamen
2731 635 3022 706 Pompeius
3051 650 3118 691 ex
3145 650 3208 692 ea
3237 635 3418 705 egenti
3439 634 3639 690 :crario
3661 636 3889 691 contulit.

2325 728 2569 799 Namque
2609 729 2803 784 eodem
2837 737 3085 798 tempore
3108 769 3122 794 ,
3177 743 3300 784 cum
3345 728 3563 796 penitus
3592 729 3894 782 exhaustum

2322 828 2468 876 esset
2495 819 2747 874 aerarium
2775 861 2790 887 ,
2839 827 2894 873 et
2939 817 3005 873 ad
3047 817 3380 888 stipendium
3415 817 3675 873 frumenti
3702 817 3896 874 deesset

2321 928 2580 984 expensa,
2609 912 2726 968 loca
2759 911 2980 983 publica
3007 927 3130 984 quae
3150 913 3205 967 in
3237 911 3466 968 circuitu
3492 910 3748 982 Capitolii
3779 927 3894 986 pono

2325 1004 2597 1070 tilieibus,
2651 1004 2992 1074 auguribus,
3043 1003 3366 1058 decemviris
3415 1011 3471 1057 et
3515 1001 3822 1058 ﬂaminibus
3850 1003 3894 1057 in

2322 1097 2729 1167 possessionem
2760 1096 2955 1151 tradita
2983 1104 3160 1162 erant,
3192 1104 3424 1166 cogente
3445 1095 3625 1166 inopia
3647 1137 3663 1162 ,
3697 1095 3894 1152 vendita

2324 1197 2482 1256 sunt,
2530 1199 2581 1244 et
2612 1187 2890 1244 sufﬁciens
2931 1187 3172 1259 pecunia:
3204 1187 3398 1243 modus
3426 1229 3441 1254 ,
3477 1188 3570 1264 qui
3599 1187 3667 1244 ad
3702 1199 3893 1259 tempus

2319 1283 2517 1355 inopia:
2548 1283 2790 1338 subsidio
2817 1291 2985 1348 esset,
3010 1291 3270 1356 acceptus
3295 1290 3398 1338 cst.
3446 1283 3515 1338 Et
3536 1284 3754 1354 quidem
3781 1294 3893 1340 tunc

2319 1375 2364 1406 ³⁸
2396 1378 2445 1430 in
2476 1376 2653 1429 sinum
2696 1376 2868 1445 ipsius
2912 1376 3150 1430 civitatis
3181 1389 3501 1430 eversarum
3546 1377 3784 1430 omnium
3817 1393 3892 1432 ur-

2316 1466 2487 1533 bium,
2521 1467 2956 1538 nudalarumque
2985 1475 3252 1522 terrarum
3275 1467 3487 1523 abraszn
3508 1469 3748 1539 undique
3773 1484 3885 1538 opes

2315 1560 2774 1630 congerebantur,
2835 1575 2956 1614 cum
3002 1560 3117 1630 ipsa
3170 1559 3339 1615 Roma
3379 1560 3424 1591 ³⁷
3472 1561 3620 1631 turpi
3661 1560 3886 1631 adigente

2319 1653 2575 1724 inopia,“
2593 1655 2893 1724 pra‘cipuas
2908 1655 3019 1710 suis
3044 1665 3222 1724 partes
3249 1651 3684 1709 auctionabatur.
3715 1655 3887 1722 Quam-

3589 1759 3708 1800 cum
3751 1745 3882 1815 quasi

2311 1836 2656 1907 inexplebilis
2686 1847 2909 1902 venter,
2940 1835 2983 1869 ³⁸
3012 1843 3208 1891 cuneta
3237 1850 3571 1892 consumens
3603 1847 3658 1892 et
3682 1851 3876 1907 semper

2307 1930 2554 1984 esuriens
2580 1969 2596 1997 ,
2645 1929 2855 1984 cunctis
2888 1928 3114 1983 urbibus
3140 1971 3154 1996 ,
3204 1945 3339 2000 qttas
3393 1930 3626 1984 miseras
3655 1929 3875 1992 faciebat,

2311 2022 2426 2092 ipsa
2465 2023 2738 2091 miserior,
2798 2021 2935 2076 nihil
2982 2022 3301 2090 relinquens
3327 2063 3344 2090 ,
3393 2022 3530 2076 nihil
3569 2022 3808 2087 habebat,
3833 2031 3880 2076 et

2311 2113 2536 2166 stimulo
2565 2113 2881 2167 domestica:
2914 2112 3072 2168 famis
3101 2114 3169 2168 ad
3195 2115 3658 2168 continuationem
3690 2113 3874 2168 bellicre

2314 2203 2702 2272 inquietudiuis
2763 2203 3104 2259 trudebatur.
3186 2204 3379 2260 Iisdem
3421 2206 3746 2275 temporibus
3782 2220 3869 2259 rex

2309 2294 2591 2349 Sothimus
2638 2311 2761 2350 cum
2813 2296 3024 2366 magnis
3070 2295 3344 2350 Thracqu
3391 2297 3598 2351 auxiliis
3628 2296 3872 2351 Grmciam

2307 2387 2612 2457 ingressus,
2644 2397 2870 2442 cunctos
2887 2386 3216 2443 Macedouirc
3235 2386 3370 2443 lines
3393 2387 3734 2458 depopulatus
3762 2397 3872 2441 est:

2307 2480 2636 2550 tandemque
2681 2495 2710 2534 a
2759 2478 2823 2534 C.
2859 2479 3047 2536 Sentio
3079 2490 3319 2554 prmtore
3352 2475 3677 2554 superatus,
3711 2480 3874 2537 redire

2302 2572 2355 2627 in
2387 2588 2611 2643 regnum
2641 2581 2864 2628 coactus
2897 2582 3000 2629 est.

1887 2703 2338 2765 uavcncaurt
2375 2673 2606 2764 Nm.

600 2868 874 2941 quomodo
899 2867 982 2922 bis
1021 2866 1164 2942 inter
1191 2865 1310 2921 illos
1335 2874 1628 2942 pugnatum
1674 2866 1856 2942 fuerit,
1884 2866 2191 2942 primaque

601 2938 776 3010 pugna
809 2943 983 2995 victus
1010 2939 1182 3006 Sulla,
1217 2940 1451 3010 secunda
1501 2938 1690 2992 hostes
1729 2938 1944 3004 vicerit,
1991 2938 2192 3008 eosque

601 3007 697 3065 su“
728 3013 913 3065 Nolam
970 3025 1141 3079 usque
1191 3007 1379 3062 urbem
1433 3019 1752 3078 persecutus
1800 3025 1991 3078 magna
2040 3007 2193 3064 clade

602 3081 922 3145 conciderit,
953 3080 1030 3134 sic
1069 3088 1130 3133 ut
1177 3081 1395 3148 triginta
1449 3080 1612 3133 millia
1668 3095 1856 3134 eorum
1905 3084 1958 3134 in
2015 3095 2191 3150 pugna

601 3162 762 3220 atque
791 3154 908 3219 fuga
938 3150 1220 3217 perierint,
1245 3149 1432 3218 viginti
1459 3150 1678 3219 insuper
1703 3165 1825 3204 cum
1852 3152 1968 3220 ipso
1995 3149 2194 3205 Cluen‘

601 3219 830 3276 tioante
861 3220 1010 3276 Nola:
1035 3229 1224 3288 portas
1251 3219 1569 3274 ceciderint.
1603 3220 1872 3290 Oppidqu
1905 3219 2192 3289 Pompeios

599 3308 667 3349 eo
708 3304 951 3354 tempore
983 3306 1008 3340 a
1038 3279 1302 3344 Romanis
1328 3279 1703 3360 oppugnatum
1735 3290 1922 3357 fuisse,
1956 3279 2103 3360 patet
2125 3307 2190 3347 ex
2222 3279 2266 3342 C
2301 3279 2465 3344 li'ieine
2517 3279 2730 3345 Porcius
2763 3279 2915 3359 Cato,

600 3364 783 3416 verbis
818 3361 979 3414 Vellei
1009 3361 1273 3414 l’aterculi
1306 3360 1400 3414 lib.
1436 3376 1504 3423 tt,
1537 3377 1656 3430 cap.
1688 3361 1776 3427 16,
1805 3362 1896 3415 ubi
1922 3362 2063 3416 atavi
2089 3363 2193 3428 sui,

599 3433 806 3488 Miuatii
833 3430 1008 3498 Magii.
1034 3436 1422 3483 commendans
1442 3433 1784 3496 memoriam,
1805 3431 1875 3487 de
1899 3447 1964 3486 eo
1985 3433 2192 3499 scribit,

599 3511 748 3557 tanta
801 3502 976 3564 illum,
1010 3499 1138 3555 licet
1181 3501 1628 3566 Asculanensem,
1663 3505 1766 3557 fide
1799 3503 1966 3558 fuisse
2006 3504 2060 3558 in
2089 3502 2199 3558 Ro-

601 3588 814 3639 manos,
849 3578 909 3631 ut
932 3586 1054 3642 cum
1087 3571 1328 3642 legione,
1363 3587 1522 3635 quant
1557 3573 1672 3640 ipse
1703 3574 1755 3626 iu
1798 3570 2037 3642 Hirpinis
2071 3590 2195 3628 con-

597 3646 896 3717 scripserat,
932 3639 1316 3717 Herculaneum
1356 3642 1511 3694 simul
1539 3639 1657 3696 cum
1684 3639 1934 3717 1'._l)idio
1967 3655 2191 3717 caperet,

600 3711 880 3786 Pompeios
906 3729 1039 3786 eum
1079 3711 1333 3786 L._Sulla
1358 3724 1700 3786 Oppugnaret,
1736 3711 2196 3786 Cosamque'occu-

597 3782 762 3853 parci.
802 3784 879 3836 Ex
906 3783 1080 3836 l’linio
1111 3782 1396 3853 discimus,
1423 3785 1612 3838 eadem
1640 3785 1766 3839 belli
1799 3782 1952 3839 clade
1976 3789 2193 3843 Stabias

596 3852 650 3909 in
692 3856 969 3920 Campano
999 3868 1183 3922 agroa
1217 3852 1363 3908 Sulla
1409 3854 1616 3922 deletas
1665 3856 1852 3920 fuisse,
1907 3857 2001 3912 lib.
2051 3859 2188 3913 llist.

597 3925 787 3999 Iﬂatttt'.
835 3939 912 3988 ιιι,
953 3921 1076 3999 cap.
1107 3925 1169 3999 5_,
1204 3923 1386 3992 p.157
1415 3941 1427 3977 :
1462 3921 1827 3999 In_(.fa:np_ano
1864 3940 2034 3981 autem
2063 3945 2191 3999 agro

597 3996 796 4067 Stabiw
841 3995 1093 4067 oppidum
1120 3996 1452 4067 fuereiusque
1481 3996 1549 4067 ad
1576 3997 1665 4049 Cn.
1703 3997 2008 4067 Pompeium
2046 3995 2187 4052 et'L.

594 4065 840 4120 Catonem
862 4064 1127 4129 consules,
1141 4064 1311 4134 pridie
1330 4064 1540 4118 kalend.
1562 4067 1710 4128 Maii,
1725 4064 1928 4136 quodie
1949 4069 2011 4123 L.
2039 4071 2191 4124 Sulla

601 4140 802 4206 legatus
829 4136 960 4190 bello
985 4135 1168 4188 sociali
1212 4135 1269 4188 id
1311 4137 1533 4201 deleret,
1566 4140 1706 4206 quod
1737 4135 1874 4192 nunc
1916 4142 1969 4192 in
2011 4144 2189 4194 villam

599 4208 747 4260 abiit.
782 4207 935 4260 l’atet
981 4206 1106 4260 inde
1156 4206 1463 4260 Stabiarum
1514 4209 1876 4264 calamitatem
1925 4213 2188 4267 accidisse

597 4293 742 4331 anno
773 4289 899 4347 ante
927 4277 1379 4347 Oppugnationem
1403 4277 1805 4344 Pompeiorum.

665 4349 760 4402 27.
802 4346 1107 4400 Postumius
1158 4347 1398 4401 Albinus.
1444 4350 1516 4400 De
1549 4350 1707 4417 hujus
1739 4365 1768 4402 a
1800 4351 2062 4406 Postumii
2095 4354 2188 4407 Al-

599 4418 708 4472 bini
731 4417 882 4472 caede
927 4417 1174 4471 Valerius
1205 4417 1300 4471 lib.
1334 4433 1408 4483 tx,
1439 4433 1560 4487 cap.
1595 4423 1647 4475 8.
1687 4421 1847 4476 li‘aun.
1872 4452 1943 4463 —
1965 4424 2177 4478 Nomen

595 4491 713 4556 ejus
746 4491 1013 4561 integrum
1043 4487 1144 4561 fuit
1171 4489 1236 4561 Α.
1270 4488 1576 4561 Posntmius
1603 4491 1853 4546 Albinus.
1898 4495 2030 4561 Qua:
2057 4510 2187 4548 vero

593 4561 710 4628 ejus
757 4559 1014 4635 superbia
1061 4557 1225 4635 fuerit
1253 4601 1265 4623 ,
1303 4560 1528 4635 penuria
1558 4563 1884 4631 scriptorum
1915 4557 1939 4628 ξ
1968 4567 2185 4635 ignora—

2300 2879 2430 2941 ugsns
2471 2875 2573 2920 est.
2605 2865 2856 2941 _Eutrop.
2889 2866 2984 2941 lib.
3018 2883 3074 2934 v,
3104 2884 3227 2941 cap.
3260 2870 3314 2939 5,
3343 2888 3396 2938 p.
3426 2868 3534 2928 9.95
3561 2889 3575 2927 :
3630 2870 3692 2927 P.
3723 2870 3867 2928 Ruti-

2302 2937 2616 3012 liusﬁconsul
2637 2939 2709 3012 _iu
2739 2953 2795 2990 co
2851 2939 3050 3012 occisus
3069 2937 3187 2996 esti
3212 2937 3414 3012 Caepio,
3448 2945 3641 2998 nobilis
3658 2947 3868 3010 iureuis,

2307 3005 2606 3086 ct_lforeius
2626 3007 2776 3074 Cato,
2811 3009 2948 3086 alius
2979 3014 3183 3066 consul.
3215 3005 3492 3084 Appianus
3523 3005 3733 3086 quoq-uc
3760 3018 3874 3069 sim-

2303 3078 2519 3154 pliciter
2565 3089 2800 3154 mortem
2850 3081 2968 3147 ejus
3019 3078 3412 3139 commemorat
3464 3086 3500 3138 Ι.
3541 3078 3606 3142 ἐ.
3650 3078 3701 3154 p.
3744 3087 3871 3141 580:

2300 3155 2400 3203 Τοῦ
2447 3148 2520 3232 δὲῃ
2533 3153 2688 3206 αὐτοῦ
2731 3159 2987 3232 lupam
3023 3156 3285 3232 Κορνήλφς
3311 3159 3618 3232 abituram,
3650 3148 3873 3232 δεύναρ·

2305 3241 2402 3299 go:
2430 3222 2852 3299 τοῦμομῖτηΐᾳγς
2885 3222 3118 3299 Μάρσοιξ·
3148 3222 3378 3299 πολεμῶν
3402 3231 3637 3299 ἀνῃρέθη.
3689 3222 3872 3282 Εαάὸηι

2308 3293 2465 3372 (ciente
2517 3291 2730 3372 Porcius
2763 3294 2915 3359 L‘ato,
2947 3291 3182 3372 Pompeii
3212 3291 3446 3372 collega,
3467 3291 3677 3354 ’Μαι-οἰδ
3704 3299 3873 3372 bellum

2299 3364 2551 3442 inferens,
2590 3365 2788 3442 occisus
2825 3377 2919 3418 est.
2964 3364 3251 3442 Prii-cessit
3292 3364 3455 3439 igitur
3485 3387 3637 3427 mors
3665 3369 3870 3442 Catonis

2300 3433 2582 3516 victoriam
2634 3433 2843 3504 Sulla},
2894 3439 2986 3507 qui
3033 3437 3113 3492 illi
3155 3438 3208 3493 in
3251 3433 3535 3498 consulatu
3579 3452 3636 3498 et
3666 3440 3875 3513 imperio

2299 3513 2583 3558 SUCCESS“.

2491 3573 2550 3628 C.
2576 3573 2846 3655 Gabinius.
2865 3577 3194 3633 A.Gabinius
3209 3581 3682 3641 diciturLiviolib.
3709 3598 3872 3649 um,

2298 3643 2852 3722 Caiipragnomeuab
2884 3665 2990 3722 lll'lO
3024 3654 3394 3722 manuscripto
3422 3656 3601 3712 abest.
3636 3655 3794 3711 Faun.

2367 3713 2456 3769 54.
2501 3714 2861 3795 ροηιρίειιίιιρΣ
2893 3721 2968 3774 lla
2994 3730 3076 3776 est
3108 3721 3159 3795 in
3187 3713 3468 3780 Gua'ltlteri
3502 3728 3666 3782 libro.
3691 3727 3872 3795 Appia-

2295 3785 2626 3866 ntts_xolyr_ov
2656 3789 2944 3866 Iloytrét§tov
2967 3793 3225 3866 appellat.
3253 3797 3344 3864 qui
3376 3799 3426 3850 in
3452 3798 3589 3852 Livii
3623 3810 3674 3853 et
3698 3785 3870 3852 Vellcii

2298 3854 2465 3928 libris
2495 3859 2612 3928 Silo
2661 3854 2926 3926 Popedius
2968 3854 3400 3928 diciturfA'pud
3441 3868 3786 3923 Plutarchum
3822 3873 3868 3919 iu

2294 3927 2786 4004 Apophthegmatis
2839 3937 3070 4004 Πομπίου
3129 3927 3355 4003 suam,
3415 3939 3468 3992 in
3502 3939 3674 3994 Mario
3701 3943 3868 3994 non-iw

2292 3999 2530 4076 Σίλωνος,
2583 4001 2847 4076 mendose
2893 3999 3668 4076 legiturtiltpud'Diodorum
3713 4022 3866 4070 recte,

2291 4069 2490 4130 Κοΐντος
2538 4071 2848 4150 Πομπαίδιος
2902 4069 3072 4150 Σίλων.
3097 4069 3285 4150 ἙΑΙΞΒ.
3316 4105 3386 4120 ·--
3437 4081 3502 4145 ρ.
3547 4069 3863 4150 Pompa'diut

2299 4156 2687 4219 qupque,_.non_
2707 4145 2772 4208 ρ.
2806 4145 3290 4219 PAoperliuslcgitur
3318 4151 3370 4203 in
3395 4155 3484 4205 cd.
3510 4145 3734 4219 August.

2365 4211 2771 4287 5!i._0bsidius.
2831 4211 3200 4287 Aunotatioue
3271 4221 3492 4287 dignum
3558 4211 3645 4277 est
3689 4237 3863 4278 nomen

2291 4281 2435 4351 qttod
2477 4282 2603 4337 huic
2652 4286 3077 4353 superscribitur
3109 4291 3159 4342 in
3200 4281 3617 4348 membranaceo
3658 4306 3711 4348 et
3745 4294 3864 4347 anti-

2291 4353 2556 4434 quissimo
2589 4354 2935 4434 codicehqui
2970 4360 3110 4414 inter
3140 4359 3310 4434 Lugd.
3358 4363 3499 4416 Batt.
3534 4365 3741 4434 primus
3772 4373 3862 4424 est,

2291 4423 2353 4476 L.
2389 4423 2627 4495 Opidius.
2677 4423 2878 4480 Obsidii
2930 4438 3108 4484 autem
3136 4423 3424 4494 γρινοηξάίἰ
3454 4423 3602 4490 solus
3641 4435 3862 4489 tneminit

2290 4496 2904 4572 urosms.‘_lu_S_atnnio
2936 4500 3198 4567 lapillum,
3233 4505 3514 4572 uigerrimi
3555 4508 3757 4560 col0ris
3783 4521 3862 4557 na-

2289 4565 2386 4642 sci,
2423 4567 2511 4619 cui
2541 4565 2842 4642 Qusidiana:
2876 4565 3072 4624 nomen
3105 4565 3194 4639 sit,
3229 4565 3370 4627 uthlit
3396 4575 3648 4642 ejusdem
3682 4578 3860 4631 coloris

590 4645 713 4713 unus
741 4670 758 4696 ,
800 4629 1042 4713 valerius
1069 4629 1276 4710 nullam
1305 4631 1354 4711 in
1386 4628 1481 4684 illo
1509 4628 1796 4713 agnoscit)
1831 4635 1926 4713 sed
1961 4628 2184 4713 propter
2209 4652 2262 4713 D
2290 4637 2508 4713 vitruur
2545 4635 2890 4713 Opsidianum
2927 4642 3066 4713 dici.
3103 4628 3272 4698 rel'crt
3312 4628 3660 4702 Pliniuswlili.
3689 4628 3858 4704 ἔξω.

591 4701 754 4754 falsas
797 4709 854 4755 et
898 4700 1088 4754 inanes
1120 4701 1458 4767 suspiciones
1479 4743 1493 4765 ,
1526 4702 1582 4756 in
1611 4703 1808 4758 castris
1836 4707 1905 4759 ab
1932 4700 2177 4761 exercitu

588 4769 861 4840 lapidibus
885 4771 1141 4824 obrutum
1172 4769 1342 4825 fuisse
1361 4772 1570 4826 scribit.

660 4841 754 4897 28.
796 4840 956 4912 Qujus
987 4841 1080 4896 rei.
1115 4840 1386 4905 Perizon.,-
1419 4843 1528 4910 ejus
1552 4845 1647 4898 rei.

655 4913 748 4968 29.
791 4909 879 4966 Ita
907 4927 1137 4988 pugnant
1166 4912 1382 4988 adortus
1405 4909 1498 4966 est.
1531 4915 1670 4969 Vett.
1693 4914 1819 4988 edd.
1842 4917 1916 4970 ila
1943 4934 2172 4988 puqnam

585 4984 809 5039 adorsus
835 4991 928 5037 est.
960 4983 1086 5038 Mss.
1107 4982 1286 5061 Lugd.
1321 4982 1440 5061 B_a_t.
1469 4997 1733 5061 quartus,
1766 4986 1841 5061 ita
1865 4989 1915 5040 in
1945 4982 2176 5061 pugnam

585 5064 792 5108 exortus
814 5063 1063 5126 est,_qua3
1089 5053 1294 5126 dueere
1316 5053 1572 5108 videntur
1600 5055 1667 5108 ad
1701 5053 1988 5114 lectionem
2013 5053 2172 5126 hanc,

584 5141 745 5195 quam
794 5123 1092 5206 praeferunt
1131 5125 1220 5180 ed.
1268 5127 1493 5193 August.
1545 5135 1602 5179 et
1647 5140 1779 5182 mss.
1825 5128 1996 5200 Lugd.
2029 5123 2172 5190 Batt.

585 5211 670 5265 pr.
699 5207 756 5252 et
780 5210 918 5261 sec.,
951 5205 1024 5248 ita
1044 5210 1272 5266 pugnam
1301 5211 1516 5248 exorsus
1545 5207 1641 5250 est.

790 5264 912 5348 Q’isi
934 5265 1134 5348 vicisset
1145 5305 1174 5348 ,Α
1187 5264 1369 5348 Coele-1‘
1381 5267 1467 5348 .Pc
1475 5268 1679 5348 rinam...
1689 5268 1797 5348 nisi
1824 5270 2064 5348 vinceret.

653 5337 745 5391 51.
789 5335 978 5390 Decem
1007 5346 1052 5389 et
1094 5345 1209 5389 octo
1255 5335 1445 5391 millia.
1497 5339 1588 5393 Sic
1613 5339 1823 5394 editum
1859 5343 1912 5395 iu
1945 5343 2034 5398 ed.
2067 5343 2176 5398 Au-

584 5417 728 5475 gust.
762 5417 818 5460 et
840 5405 919 5460 sic
945 5406 1202 5463 scribitur
1231 5407 1285 5461 iu
1319 5407 1490 5464 tribus
1518 5409 1682 5464 codd.
1718 5409 1990 5468 Florentt.
2025 5413 2172 5468 Mille

624 5479 705 5532 lus
738 5477 1026 5547 numerant
1073 5487 1185 5547 tres
1218 5477 1388 5547 Lugd.
1426 5481 1563 5536 Batt.
1595 5496 1722 5536 cum
1757 5481 1897 5538 Coll.
1928 5483 2171 5541 Gronov.

624 5492 705 5532 tus
738 5492 1026 5531 numerant
1073 5492 1185 5532 tres
1218 5492 1388 5547 Lnga.
1426 5492 1563 5536 natt.

580 5492 636 5604 ru
664 5555 816 5618 vett.
833 5545 990 5618 edd,
1017 5545 1369 5618 duodeviginti
1391 5550 1586 5606 millia.

647 5619 740 5696 τῇ.
783 5616 828 5696 ᾼ
853 5614 1061 5696 ﬁlioﬂ.
1081 5613 1264 5696 ῌατὶἰί
1287 5619 1487 5696 presio
1512 5620 1652 5696 hanc
1673 5622 1846 5696 lucem
1876 5624 2162 5696 debemus,

589 5690 682 5760 qui
707 5684 1073 5758 scriptoribus
1100 5684 1264 5756 hujus
1287 5687 1438 5761 belli,
1465 5705 1604 5762 quos
1628 5693 1738 5764 jam
1759 5684 2164 5771 desideramus;

2288 4720 2407 4775 cap.
2443 4705 2531 4760 26.
2587 4708 2759 4763 Duces
2801 4711 3020 4784 soci_alis
3047 4713 3215 4784 belli,
3248 4717 3339 4784 qui
3379 4727 3570 4771 contra
3604 4717 3861 4773 Romanos

2286 4785 2556 4901 stetctgmt
2577 4791 2866 4836 enumerat
2898 4782 3306 4840 Freinshemius
3327 4787 3394 4842 ad
3425 4787 3650 4844 Florum
3682 4789 3770 4844 lib.
3791 4801 3859 4850 Ill,

2286 4862 2432 4901 can..
2482 4893 2492 4901 .

2285 4862 2406 4914 cap.
2426 4862 2492 4902 ,δ.

2357 4920 2450 4974 56.
2493 4917 2559 4972 In
2593 4920 2788 4975 sinum.
2844 4922 2986 4978 Malo
3016 4925 3070 4978 in
3109 4926 3280 4980 sinum
3305 4967 3320 4990 ,
3371 4929 3531 4986 sicuti
3558 4941 3646 4986 est
3672 4932 3722 4985 in
3748 4929 3857 4985 edd.

2288 5004 2370 5058 pr.
2402 5000 2454 5072 et
2478 4991 2638 5072 itu-ig,
2689 5005 2822 5072 t_u_ss.
2875 4994 2994 5072 aleo
3028 4998 3398 5072 et_l‘ecizon.,
3432 5017 3596 5072 quam
3626 5005 3679 5056 in
3707 5003 3854 5062 sinus,

2283 5061 2426 5135 quod
2456 5063 2546 5135 aui
2569 5075 2621 5116 et
2645 5061 2772 5135 edd.
2807 5064 2990 5135 vulgg.
3025 5068 3246 5122 habent.

2468 5129 2654 5216 lfl'urpi
2680 5129 3185 5216 .adigenie'impia.
3229 5140 3284 5194 lu
3327 5141 3416 5196 ed.
3447 5141 3586 5216 Aug.
3619 5152 3705 5201 est
3737 5139 3856 5211 turpi

2281 5201 2660 5276 uelj‘ndigente
2674 5201 2874 5276 impia.

2353 5220 2360 5253 ι
2387 5220 2874 5327 irtathenteunopm.

2353 5273 2795 5360 58:“.rwgpuas
2837 5277 2920 5330 sui
2958 5289 3150 5350 partes.
3196 5279 3292 5360 bis.
3342 5283 3515 5354 Lugd.
3571 5285 3691 5341 But.
3739 5291 3851 5360 teri.

2278 5356 2398 5468 cur‘n
2419 5343 2566 5466 (Coll.
2619 5343 2881 5414 Gronov.,
2916 5343 3034 5419 qius
3069 5354 3332 5423 prwcipua
3369 5343 3453 5408 sui
3477 5365 3629 5426 parte
3667 5357 3850 5410 auctio-

2279 5430 2347 5467 na
2383 5431 2414 5467 a
2445 5431 2526 5467 ur.

2279 5430 2526 5467 ηαοαιιιτ.

2349 5487 2440 5540 39.
2483 5485 3030 5567 Cunctaeonsuniens.
3058 5490 3194 5567 Cod.
3223 5495 3473 5554 Perizon.
3494 5537 3513 5567 ,
3541 5501 3719 5554 omnia
3743 5511 3850 5549 eon-

2273 5566 2767 5684 ἒῧέηπὶἲὸιᾷεοριει·
2793 5559 2926 5618 illud
2957 5563 3099 5634 quod
3141 5568 3421 5641 sequitur,
3455 5559 3514 5626 ui
3544 5571 3715 5630 credo
3743 5582 3852 5621 atl-
