4028 6302
158 230 253 290 965

623 340 782 416 351
814 339 1041 400 carm
1072 343 1234 402 χιχ.

160 462 230 517 De
249 458 380 516 bello
409 459 548 514 ciuili
580 457 821 512 Mariano
845 465 895 511 et
929 455 1309 524 Mithridatico,
1343 459 1396 514 in
1439 475 1537 527 quo
1569 457 1729 515 Sulla

223 544 267 588 et
297 533 495 585 Marius
531 531 781 584 nummos
824 530 1076 584 tumultus
1102 530 1521 601 calamitatesque
1550 532 1728 600 reipu-

222 604 360 658 blij
384 605 699 656 incertarum.

223 714 417 771 ‘Anoo
469 713 538 769 ab
587 713 733 769 Urbe
787 711 1004 769 condita
1037 727 1241 781 noun,
1287 712 1526 769 nondum
1576 711 1726 768 finito

164 811 332 868 sociali
361 809 521 876 bello,
556 807 742 862 Romae
774 808 1008 880 primum
1052 808 1252 862 bellum
1285 807 1443 862 civile
1489 821 1728 861 commo-

163 915 259 959 tum
298 912 380 959 est
413 919 424 953 :
457 900 757 971 eodemque
801 915 946 956 anno
975 903 996 931 ²
1028 899 1443 954 Mithridaticum
1498 897 1723 963 bellum,

173 995 262 1052 etsi
282 994 455 1049 minus
487 992 709 1057 infame,
743 1004 848 1046 non
879 1001 1055 1046 tamen
1090 992 1267 1045 minus
1291 1004 1455 1060 grave
1489 997 1725 1058 emptum

175 1093 268 1140 est.
297 1081 594 1150 thuidcm
621 1081 688 1136 de
718 1080 1062 1136 Mithridatici
1097 1080 1223 1135 belli
1251 1081 1426 1148 spatio
1456 1080 1601 1134 varie
1620 1089 1728 1135 tra-

163 1176 315 1231 ditum
353 1183 452 1240 est,
483 1184 662 1228 utrum
698 1171 895 1227 abhinc
928 1173 1159 1242 primum
1191 1173 1439 1240 coeperit,
1478 1186 1545 1225 an
1591 1179 1722 1225 tunc

169 1268 423 1337 prrecipue
453 1265 742 1334 exarserit,
777 1264 1012 1318 maxime
1045 1280 1166 1318 cum
1197 1263 1219 1294 ³
1247 1263 1337 1318 alii
1361 1263 1602 1333 triginta,
1635 1263 1730 1317 alii

163 1360 492 1430 quadraginta
523 1359 680 1413 annis
718 1366 929 1429 gestum
959 1356 982 1388 ⁸
1007 1356 1270 1412 referant.
1321 1355 1429 1411 Sed
1482 1357 1730 1426 quamvis

163 1452 335 1508 iisdem
367 1453 703 1522 temporibus
730 1460 881 1520 gesta
911 1448 1181 1521 perplexis
1225 1457 1540 1504 coacervata
1571 1449 1728 1505 malis

169 1545 478 1608 exarserint,
508 1559 537 1598 a
564 1559 652 1599 me
678 1553 855 1598 tamen
883 1543 1302 1614 speciatim,etsi
1331 1541 1590 1606 breviter,
1615 1541 1730 1595 sio-

161 1637 272 1706 gula
304 1636 663 1706 proferentur.
701 1634 918 1700 Matius,
953 1635 1100 1690 Sulla
1135 1634 1382 1694 consule.
1411 1635 1432 1664 ⁵
1457 1641 1511 1686 et
1537 1640 1725 1687 contra

1142 223 1616 285 illSTORlARUM
1655 223 1856 284 LIBER
1898 225 1962 284 V.
2004 225 2157 286 CAP.
2204 221 2393 284 XVII].

3327 225 3433 296 966

1725 349 1814 416 ῑΑ
1842 359 2058 402 movere
2083 345 2446 413 nobilitatem,
2479 343 2813 403 inflammare
2843 347 3076 418 plebem,
3113 356 3425 419 equestrem

1837 438 2072 518 denique
2106 439 2351 495 ordinem
2386 453 2703 510 pcrarmare
2732 440 2994 496 adversus
3039 441 3243 497 Sullam
3291 442 3430 499 frus-

1835 545 1916 590 tra
1945 533 2334 601 l’attentasset,
2377 543 2656 605 postremo
2699 536 2874 591 servis
2910 551 3009 606 spe
3053 535 3322 593 libertatis
3368 549 3426 594 et

1836 627 2031 696 prardaz
2062 626 2129 681 ad
2162 642 2312 682 arma
2345 627 2716 694 sollicttatis,’
2740 627 3099 698 nequidquam
3126 645 3427 700 repugnare

1833 732 2018 784 ausus,
2048 719 2265 774 tandem
2310 721 2362 772 in
2398 718 2730 789 Capitolium
2780 722 3064 776 concessit.
3093 719 3135 753 ¹⁶
3157 721 3261 776 Sed
3291 737 3417 777 cum

1833 823 1899 863 eo
1931 808 2169 864 Sullauzc
2191 808 2445 864 cohortes
2468 810 2778 876 irruissent,
2804 826 2996 881 magna
3019 827 3238 866 suorum
3263 813 3412 868 caule

1833 898 2065 969 diﬂugit.
2121 900 2198 953 lbi
2249 910 2376 956 tunc
2409 900 2452 931 "
2480 901 2770 970 Sulpicius,
2795 902 2947 957 Marii
2991 904 3218 973 collega,
3246 920 3404 960 servo

1834 992 1878 1026 ⁸²
1903 1007 2000 1047 suo
2021 991 2302 1061 prodente,
2336 1001 2636 1060 prostratus
2666 1001 2768 1047 est.
2801 992 3027 1049 Servum
3051 1010 3180 1050 vero
3207 997 3404 1064 ipsum,

1831 1085 1975 1156 quod
2007 1084 2218 1139 hostem
2243 1084 2598 1150 indicaverat,
2630 1085 2935 1139 manumitti
2959 1101 2973 1151 ;
3001 1087 3307 1156 quod-vero
3329 1088 3424 1142 do-

1834 1177 2046 1231 minum
2077 1175 2412 1246 prodiderat,
2438 1189 2571 1230 saxo
2600 1176 2834 1246 Tarpeio
2856 1177 3014 1247 dejici
3045 1179 3298 1233 consules
3328 1179 3426 1234 dc-

1833 1277 2146 1325 creverunt.
2221 1268 2426 1324 Marius
2500 1267 2736 1339 fugiens,
2788 1285 2911 1324 cum
2979 1273 3423 1340 persequentium

1834 1359 2092 1415 instantia
2131 1359 2530 1430 circumseptus
2568 1353 2738 1425 esset,
2781 1361 2827 1392 ¹⁸
2864 1361 2916 1414 in
2972 1361 3426 1416 Minturnensium

1833 1450 2121 1521 paludibus
2147 1465 2270 1506 sese
2300 1449 2525 1513 abdidit,
2563 1452 2806 1520 equibus
2832 1451 3128 1507 infeliciter
3156 1454 3266 1508 luto
3290 1454 3428 1508 obli-

1835 1553 1944 1608 tus,
1983 1543 2452 1612 ignominioseque
2482 1552 2807 1613 protractus,
2842 1545 2980 1614 turpi
3009 1552 3190 1600 autem
3217 1557 3430 1616 Specta-

1833 1635 1959 1689 culo
1982 1635 2286 1689 Minturnas
2307 1633 2588 1700 deductus,
2609 1645 3004 1706 contrususque
3027 1636 3081 1691 in
3113 1653 3384 1693 carcerem
3412 1656 3426 1705 ;

155 1728 501 1784 Mithridatem
535 1730 590 1782 in
622 1728 806 1784 Asiam
836 1742 957 1782 cum
985 1727 1227 1782 exercitu
1261 1728 1592 1795 profecturo,
1622 1724 1717 1780 ‘in
1750 1736 1799 1796 B
1826 1741 2198 1797 percussorem
2227 1726 2292 1780 ad
2316 1740 2374 1781 se
2394 1728 2614 1780 missum
2632 1728 2748 1782 solo
2777 1729 2925 1782 vultu
2950 1732 3232 1786 exterruit.
3269 1733 3425 1788 Dein-

150 1821 423 1892 Campania
459 1832 641 1877 tamen
674 1831 901 1892 propter
929 1821 1150 1876 socialis
1171 1820 1301 1874 belli
1325 1819 1577 1889 reliquias
1600 1833 1724 1873 con-

151 1916 384 1982 sistente,
414 1915 691 1971 affectavit
713 1915 1006 1985 septimum
1047 1915 1412 1981 c0nsulatum,
1438 1925 1491 1969 et
1520 1913 1723 1970 bellum

153 2009 410 2079 suscipere
454 2008 897 2073 Mithridaticum,
927 2023 1036 2078 quo
1083 2008 1228 2065 Sulla
1279 2008 1520 2078 cognito,
1555 2007 1725 2077 impa-

154 2101 279 2155 tieus
313 2116 504 2157 revera
557 2101 772 2171 juvenis
810 2101 1275 2172 intemperataque
1323 2101 1400 2156 ira
1455 2103 1723 2171 percitus,

152 2207 260 2248 cum
287 2201 522 2264 quatuor
551 2193 859 2264 legionibus
891 2195 1120 2261 primum
1142 2205 1270 2248 ante
1303 2192 1500 2248 Urbem
1534 2209 1726 2248 consc-

159 2286 246 2351 dit,
291 2287 376 2342 ubi
407 2287 778 2353 'Gratidium,
816 2287 969 2342 Marii
1015 2287 1271 2358 legatum,
1302 2287 1454 2358 quasi
1496 2288 1722 2358 primam

152 2379 406 2433 victimam
467 2378 594 2434 belli
657 2379 836 2434 civilis
897 2379 1116 2449 occidit,
1175 2395 1298 2434 mox
1350 2379 1549 2436 Urbem
1600 2395 1723 2435 cum

152 2473 373 2526 exercitu
405 2471 624 2540 irrupit,
651 2471 797 2527 faces
828 2471 895 2526 ad
929 2471 1364 2527 inﬂammandam
1397 2472 1597 2529 Urbem
1630 2489 1726 2542 po-

153 2563 325 2631 poscit.
357 2563 625 2618 Omnibus
653 2573 800 2619 tnelu
835 2564 1054 2627 abditis,
1089 2581 1185 2634 per
1214 2566 1434 2620 Sacram
1475 2567 1615 2620 viam
1649 2567 1727 2621 ci-

156 2664 254 2710 tato
274 2659 488 2728 agmine
531 2659 583 2713 in
617 2659 790 2714 forum
822 2657 988 2730 352
1013 2659 1182 2714 venit.
1217 2659 1416 2716 Matius
1447 2675 1569 2716 cum
1602 2676 1726 2731 per-

1828 1820 1896 1875 de
1919 1821 2102 1889 lapsus
2125 1834 2156 1874 e
2176 1819 2427 1885 vinculis,
2458 1819 2511 1873 in
2563 1819 2798 1875 Africam
2823 1823 3130 1894 transfugit,
3163 1825 3206 1856 “
3231 1827 3436 1882 sollici-

1830 1923 2048 1984 tatoque
2074 1929 2142 1970 ex
2191 1912 2342 1969 Utica
2373 1913 2507 1980 filio,
2540 1914 2581 1954 ¹³
2614 1915 2704 1970 ubi
2729 1916 2780 1969 in
2829 1916 3074 1972 custodia
3103 1918 3429 1975 observabao

1828 2018 1938 2075 tur,
1985 2007 2244 2061 continuo
2294 2005 2518 2061 Romam
2567 2021 2870 2076 regressus,
2906 2009 2949 2041 ¹⁶
2999 2010 3187 2066 Cinna:
3218 2015 3427 2069 consuli

1829 2100 2089 2156 societate
2115 2099 2380 2155 scelerum
2405 2098 2723 2170 conjunctus
2743 2111 2847 2156 est.
2869 2101 3028 2171 Igitur
3054 2103 3119 2156 ad
3137 2103 3428 2175 profligan-

1829 2194 1952 2250 dam
1975 2192 2137 2266 343
2165 2194 2470 2249 universam
2495 2194 2910 2264 rempublicam,
2932 2195 2974 2225 ¹⁷
2997 2199 3294 2252 exercitum
3321 2199 3425 2254 sibi

1833 2291 1889 2345 in
1919 2301 2152 2360 quatuor
2196 2298 2379 2360 partes
2405 2289 2728 2344 diviserunt.
2759 2289 2896 2345 Tres
2938 2289 3210 2361 siquidem
3243 2290 3420 2361 legio-

1833 2397 1932 2438 nes
1961 2382 2129 2437 .lfario
2149 2381 2313 2446 data},
2341 2382 2480 2452 parti
2513 2384 2790 2451 c0piarum
2819 2380 2919 2435 Cn.
2952 2382 3128 2438 Carbo
3160 2386 3428 2453 prmposi-

1833 2483 1920 2528 tus
1967 2483 2076 2540 est,
2111 2473 2155 2505 “‘
2192 2481 2399 2544 partem
2445 2472 2723 2529 Sertorius
2775 2474 2986 2543 accepit
3019 2491 3035 2526 :
3071 2473 3163 2529 ille
3201 2475 3416 2530 scilicet

1830 2567 2128 2634 Sertorius,
2164 2565 2336 2635 "jam
2365 2565 2491 2621 hinc
2520 2566 2696 2620 civilis
2720 2567 2845 2621 belli
2879 2569 3131 2622 incentor
3163 2576 3218 2623 et
3258 2568 3426 2639 parti-
3489 2601 3496 2606 τ

1830 2675 1981 2730 ceps,
2028 2659 2119 2729 qui
2159 2659 2320 2715 etiam
2353 2660 2454 2714 hoc
2485 2659 2665 2726 finito,
2713 2658 2856 2714 aliud
2890 2670 3009 2731 post
3051 2662 3102 2716 in
3148 2659 3409 2733 Hispania

1421 2775 1871 2832 IMVERCABIPI
1910 2774 2139 2831 NOTE.

217 2887 339 2944 Car.
385 2887 530 2945 XIX.
582 2887 636 2943 1.
672 2887 822 2941 Anno
851 2885 915 2941 ab
972 2885 1114 2942 Urbe
1167 2885 1374 2942 condita
1414 2903 1615 2942 nccxtt.
1652 2887 1726 2942 lta

155 2969 384 3015 numerat
425 2961 658 3028 Eutrop.
692 2959 786 3012 lib.
820 2975 871 3011 v.
905 2957 1041 3013 Aliis
1072 2969 1156 3013 est
1191 2974 1362 3013 annus
1395 2974 1588 3021 ncuxv,
1618 2974 1727 3028 quo

155 3029 210 3084 L.
234 3030 516 3086 Cornelius
545 3029 715 3096 Sulla,
740 3037 797 3084 et
833 3029 899 3096 Q.
930 3030 1221 3100 Pompeius
1265 3030 1434 3084 Rufus
1471 3031 1730 3085 consules

156 3103 374 3156 fuerunt.
399 3102 572 3158 Faen.

216 3172 724 3252 2._Mithrida_ticum
759 3169 970 3252 bellum.
1005 3171 1178 3252 Abest
1206 3186 1310 3252 vox
1354 3170 1626 3252 posterior
1661 3171 1730 3252 ab
1761 3189 1807 3252 ο

157 3243 491 3314 θάηΑυειιδι.
525 3243 650 3298 Mox
694 3244 916 3312 primum
946 3243 999 3299 in
1029 3241 1155 3298 edd.
1205 3245 1378 3313 prima
1419 3252 1475 3297 et
1507 3241 1732 3297 Venetis

156 3313 501 3369 desideratur.

216 3387 265 3439 5.
295 3386 396 3440 Alii
427 3399 570 3450 xxx,
593 3383 685 3448 alii
715 3400 805 3438 xu.
840 3382 896 3439 Si
923 3401 950 3437 a
983 3385 1128 3442 Sulla
1161 3393 1214 3438 ct
1251 3382 1512 3452 Pompeio
1540 3399 1731 3438 nume-

155 3468 232 3509 res
260 3456 324 3510 ad
353 3457 608 3511 Pisonem
636 3465 691 3508 et
717 3454 1018 3510 Messallam
1041 3455 1323 3518 consules,
1347 3455 1544 3524 quibus
1575 3455 1734 3509 Pom-

157 3527 293 3592 peius
334 3528 588 3582 confecto
630 3525 777 3581 bello
813 3525 1182 3582 Mithridatico
1235 3523 1616 3592 triumphavit,
1651 3527 1731 3580 iu-

154 3599 324 3651 venies
360 3613 538 3652 annos
574 3612 746 3650 xxvn.
778 3595 886 3652 Sed
917 3595 1112 3651 Florus
1156 3597 1296 3650 libro
1345 3611 1421 3660 tu,
1453 3597 1630 3665 capite
1672 3597 1728 3658 5,

155 3669 348 3732 scribit,
378 3668 744 3723 Mithridatem
787 3668 946 3721 annis
980 3683 1050 3722 χι.
1091 3668 1357 3721 restitisse
1399 3683 1414 3720 :
1454 3667 1731 3735 Appianus

155 3736 200 3790 iu
216 3739 573 3795 Mithridatico
597 3739 671 3791 ait
696 3737 796 3792 hoc
820 3737 1018 3792 bellum
1041 3746 1250 3808 gestum
1271 3739 1426 3808 annis
1452 3753 1577 3791 xw.
1600 3737 1727 3792 Fan.

216 3812 265 3862 4.
292 3810 567 3879 Referam.
601 3808 694 3864 Sic
722 3808 901 3862 scribo
922 3825 990 3862 ex
1014 3807 1144 3863 niss.
1181 3809 1355 3862 tribus
1384 3807 1554 3875 Lugd.
1587 3809 1728 3862 Ball.

154 3877 282 3934 Coll.
313 3877 560 3935 Gronov.
593 3887 753 3948 atque
779 3879 865 3932 ed.
902 3880 1135 3949 August.
1165 3879 1360 3948 Vulgo,
1391 3879 1640 3948 referant.

212 3949 264 4006 5.
296 3951 359 4004 Et
389 3961 592 4006 contra.
625 3949 888 4018 Cupulam
914 3949 1076 4019 hanc,
1106 3951 1287 4004 invitis
1313 3965 1444 4003 mss.
1477 3951 1732 4018 neglexe-

153 4030 269 4077 runt
291 4023 539 4077 outcdatn
567 4020 690 4076 edd.
741 4029 872 4074 vett.

216 4092 265 4146 6.
299 4090 364 4146 In
389 4093 682 4161 Campania
733 4101 922 4145 tamen.
951 4091 1094 4146 Nola
1134 4090 1544 4160 pertinacissime
1581 4106 1730 4144 arma

149 4165 416 4286 Eminebat,
476 4164 806 4232 exercituque
855 4161 1006 4217 Rom.
1065 4161 1414 4217 obsidebatur.
1468 4161 1726 4216 Velleius.

191 4251 302 4286 ABR.

191 4251 302 4289 ABR.

217 4309 264 4360 7.
311 4307 632 4375 Gratidiani,
678 4304 836 4378 Marii
865 4305 1110 4378 legatum.
1141 4303 1465 4378 Gratiditth
1485 4317 1515 4356 a
1545 4303 1732 4378 Mario

149 4373 372 4445 legatum
404 4373 633 4432 missum
659 4377 723 4430 ad
748 4373 1424 4444 Sullam,accipiendarum
1455 4375 1728 4440 legionum

149 4460 326 4510 causa,
355 4451 556 4503 milites
585 4448 943 4513 trucidarunt,
975 4447 1096 4501 Val.
1133 4446 1225 4500 lib.
1259 4461 1336 4508 η,
1362 4461 1483 4515 cap.
1515 4446 1570 4508 7,
1604 4445 1729 4499 Plu-

153 4525 244 4571 tar.
273 4522 323 4572 in
354 4519 526 4573 Mario
565 4520 776 4580 scribit,
811 4519 1005 4572 missos
1049 4517 1118 4569 ab
1151 4518 1266 4582 ipso
1297 4517 1434 4570 duos
1480 4517 1730 4570 tribunos

1837 2886 2136 2950 nominavi,
2169 2884 2282 2944 Cic.
2314 2900 2413 2956 pro
2439 2885 2633 2942 Sextio
2659 2895 2712 2942 et
2737 2885 2787 2941 in
2821 2885 3096 2945 Pisonem.
3121 2887 3290 2948 ιεἈιιη.

1911 2958 1999 3012 ib.
2038 2956 2456 3030 Sollicitatoque.
2493 2957 2595 3030 Ed.
2637 2958 2802 3030 Aug.,
2832 2960 3138 3030 Solutoque.
3190 2964 3430 3020 l’rtcfcro

1838 3037 2019 3083 tamen
2052 3028 2510 3106 Vulgatamhnam
2555 3028 2821 3106 inlibera
2858 3028 3104 3086 custodia
3145 3033 3310 3106 fuisse
3349 3037 3431 3091 in-

1837 3114 2005 3155 nuere
2032 3098 2248 3154 videtur
2271 3098 2498 3170 verbum
2527 3098 2924 3167 observabatur;
2953 3111 3214 3170 prasterea
3246 3105 3427 3162 Sexti-

1841 3171 1966 3235 lius,
1994 3187 2060 3226 co
2091 3180 2334 3238 tempore
2362 3168 2564 3225 Africae
2595 3183 2820 3240 praetor,
2851 3168 2963 3228 neci
3000 3176 3215 3230 amicus
3257 3177 3430 3232 Mario

1842 3255 1940 3296 nec
1966 3243 2136 3296 hostis
2165 3240 2332 3294 fuisse
2360 3240 2584 3295 dicitur.
2617 3240 2796 3308 Quare
2827 3243 2960 3298 nihil
3001 3245 3266 3302 violenter
3297 3263 3427 3302 con-

1840 3319 1923 3365 tra
1954 3311 2186 3383 Marium
2221 3309 2495 3383 seniorem
2525 3312 2654 3383 egit,
2688 3313 2782 3366 sed
2810 3328 3032 3383 egresso
3060 3317 3114 3370 in
3145 3317 3292 3372 littus
3333 3319 3427 3374 lic-

1837 3392 2029 3454 torem
2068 3381 2490 3454 tnisitiobvia‘m,
2527 3381 2634 3454 qui
2660 3381 2900 3454 jubere},
2948 3388 3222 3454 provincia
3272 3388 3430 3444 dece-

1837 3452 2154 3530 dere.AV_ide
2181 3451 2457 3508 Plutarch.
2492 3454 2542 3530 in
2577 3452 2694 3506 Vita
2727 3451 2961 3530 Mariip.
2990 3456 3288 3530 @29.Ergo
3314 3461 3422 3515 sol-

1835 3539 1964 3579 vere
1998 3525 2166 3579 filium
2214 3538 2281 3579 ex
2325 3522 2569 3580 custodia
2614 3539 2720 3578 non
2763 3522 2952 3592 potuit.
3003 3527 3200 3583 Marius
3223 3522 3422 3586 'autem

1835 3595 1980 3650 filius
2031 3597 2150 3666 ipse
2181 3609 2213 3650 e
2257 3594 2500 3649 custodia
2529 3594 2669 3666 clam
2700 3595 2973 3666 aufugisse
3018 3597 3254 3655 videtur.
3287 3601 3421 3656 Nam

1836 3667 2110 3733 quomodo
2140 3665 2193 3720 in
2226 3679 2287 3720 re
2317 3666 2493 3720 subita
2525 3675 2578 3719 et
2619 3664 2905 3736 impar-aia,
2932 3668 3068 3721 ultra
3107 3685 3257 3725 mare
3288 3687 3425 3727 nun-

1837 3736 1941 3810 tios
1961 3736 2056 3810 ad
2083 3736 2269 3810 filium
2289 3745 2443 3810 pater
2467 3737 2712 3804 captivus
2750 3738 3041 3810 Minturnis
3074 3741 3294 3795 mittere
3332 3759 3427 3810 po-

1838 3806 1980 3860 tuit?
2009 3806 2233 3878 diarium
2250 3805 2524 3878 iuniorem
2556 3821 2658 3878 una
2676 3821 2796 3860 cum
2820 3808 3057 3878 Cethego
3084 3810 3204 3878 fuga
3233 3805 3426 3878 pervc.

1834 3879 1980 3931 uisse
2005 3877 2072 3930 ad
2098 3891 2278 3947 regem
2309 3875 2576 3947 Numidia:
2607 3876 2964 3947 Hiempsalem
2990 3875 3177 3933 scribit
3212 3875 3426 3936 Plutar-

1833 3947 1976 4018 chus
1997 3949 2047 3999 in
2073 3946 2241 4000 Mario
2270 3959 2324 4018 p.
2353 3946 2481 4018 4:28.
2509 3946 2931 4002 Mandres’talem
2966 3950 3204 4018 appellat
3230 3950 3420 4006 Numi-

1833 4019 1936 4090 dia:
1966 4016 2126 4090 istum
2160 4016 2672 4090 reg_ttltttn_Appi:tn.
2693 4034 2760 4090 γρ.
2809 4018 2934 4090 ᾇ88,
2967 4016 3132 4089 aquo
3164 4031 3424 4090 quantum

1835 4088 2034 4143 deinde
2062 4087 2359 4157 periculum
2396 4088 2578 4159 Mariis
2602 4095 2656 4141 ct
2689 4087 2944 4143 Marianis
2976 4087 3217 4144 creatum
3238 4091 3416 4159 fuerit,

1832 4174 2130 4220 eorumque
2153 4159 2330 4227 fugam
2365 4157 2665 4211 mirabilem
2703 4169 2822 4225 pete
2848 4174 2912 4214 ex
2949 4159 3255 4215 Plutarcho.

1907 4231 1994 4285 15.
2029 4229 2128 4284 Ubi
2156 4229 2209 4281 in
2233 4229 2486 4281 custodia.
2515 4228 2607 4282 Sic
2630 4237 2779 4283 recte
2801 4230 3060 4284 Scribitur
3086 4233 3136 4287 in
3169 4231 3415 4288 Florent.

1837 4316 1925 4372 pr.
1957 4309 2011 4355 el
2044 4308 2168 4355 teri.
2191 4308 2327 4372 utet
2351 4298 2644 4372 cod_.gb_leo.
2673 4300 2743 4352 At
2765 4299 2852 4372 ed.
2889 4305 3024 4372 dog.
3058 4302 3214 4357 habet
3243 4304 3328 4357 ubi
3373 4306 3418 4358 is

1832 4369 2176 4496 iubcustodia,
2204 4371 2384 4442 vulgg.
2408 4369 2494 4424 ubi
2522 4370 2566 4423 is
2603 4371 2857 4425 custodia.
2889 4369 3136 4427 Perizon.
3173 4388 3296 4428 mox
3319 4392 3426 4429 ser-

1832 4460 1892 4496 va
1929 4453 2066 4496 atur.

1831 4453 2066 4497 vabatur.

1907 4515 1994 4569 16.
2027 4513 2206 4567 Cimuc
2230 4511 2450 4566 consuli.
2478 4511 2539 4566 L.
2563 4509 2850 4567 Cornelius
2870 4511 3040 4568 Cinna
3069 4515 3256 4570 consul
3280 4531 3404 4571 cum

151 4565 1730 4659 ᾖίίιῖίῖίίὶἷἑῦίιῖέ’έὶἔέσίἶιὶῖἑιῖιεὲῐρέὶτὲὶιιζἱεὸέᾳᾶόῖῐίὶῶ
1759 4565 1809 4624 ι)
1837 4565 2205 4659 caesar.
2238 4565 2345 4659 tua
2385 4591 2500 4652 post
2530 4565 2734 4638 sunt;
2760 4565 3420 4659 unguii;in;‘,";;“quin;

151 4656 324 4714 litibus
353 4656 694 4715 interfectos.
725 4660 890 4714 Fasti.

213 4732 265 4784 8.
294 4731 629 4786 Attentasset.
663 4732 832 4800 Lugd.
869 4731 1007 4784 Batt.
1043 4735 1155 4800 tres
1176 4743 1300 4800 cum
1321 4727 1460 4783 Coll.
1485 4726 1728 4800 Gronov.

145 4808 405 4924 gnitzlsset.
457 4803 634 4871 Supra
679 4798 777 4872 pro
824 4801 1041 4871 denique
1087 4799 1214 4854 edd.
1264 4809 1396 4854 vett.
1455 4798 1731 4854 nonnulla:

179 4889 258 4924 ειη
298 4891 344 4924 ε.

179 4873 344 4927 ciudc.

210 4945 262 5016 9.
295 4944 670 5016 Nequidquam
705 4959 992 5016 repugnare
1019 4958 1199 4997 ausus.
1232 4939 1333 4996 Ed.
1369 4941 1535 5012 Ang.,
1573 4955 1737 5009 neque

144 5014 421 5087 quidquam
448 5014 940 5087 repugnareiausus.

215 5079 297 5143 1οζ
335 5086 444 5142 Sed
473 5079 601 5139 cuni
622 5103 699 5140 eo.
734 5086 905 5156 Lugd.
938 5087 1077 5141 Batt.
1111 5079 1728 5156 quatuorleIIColl.Gro-

148 5169 262 5211 nov.
279 5201 293 5225 ,
324 5163 424 5212 sed
448 5172 572 5210 cum
600 5159 654 5211 in
677 5154 974 5214 εκηιίιιοι
999 5154 1262 5213 seruorum
1285 5154 1470 5220 iidem,
1502 5161 1732 5222 excepto

145 5228 378 5282 seettndo
412 5243 520 5281 ms.
919 5271 926 5280 .

212 5299 296 5354 11.
344 5297 658 5371 Sulpicius,
707 5299 870 5355 Marii
914 5300 1132 5371 collega.
1161 5298 1247 5371 7P.
1290 5294 1446 5371 Sulp.
1477 5292 1734 5371 tribunus

147 5369 309 5442 plebis
339 5363 518 5439 legent
553 5371 768 5437 tulerat,
804 5383 862 5425 ut
891 5363 1066 5425 Mariti
1090 5370 1289 5442 bellum
1310 5363 1732 5442 Mithridaticum

146 5435 558 5501 decerneretur,
588 5435 763 5508 atque
779 5451 968 5498 auctor
1002 5441 1291 5497 seditionis
1321 5438 1444 5508 fuit,
1476 5437 1594 5508 Liv.
1621 5435 1732 5508 lib.

145 5526 343 5578 vavn,
378 5510 580 5565 Vellei.
614 5505 675 5571 tt,
710 5511 887 5567 Valcr.
924 5513 1017 5566 lib.
1043 5527 1120 5574 vr,
1145 5527 1194 5564 c.
1225 5514 1279 5577 5,
1314 5507 1544 5576 Appian.
1566 5505 1668 5578 lib.
1693 5519 1730 5558 ι.

146 5581 285 5636 Plut.
311 5577 364 5636 in
403 5581 581 5635 Mario
609 5591 667 5636 et
691 5583 862 5647 Sulla,
885 5582 1002 5637 Cic.
1033 5583 1086 5636 in
1117 5583 1305 5650 Bruto,
1345 5579 1528 5634 etalii.
1560 5577 1733 5630 FABR.

217 5652 304 5707 12.
337 5652 474 5708 Suo.
510 5650 679 5706 Abest
699 5666 728 5705 a
751 5653 1000 5708 Perizon.

219 5724 305 5780 15.
335 5721 405 5778 1η
434 5719 881 5781 Minturnensium
909 5729 1017 5795 ναι.
1052 5723 1192 5797 Lege
1220 5730 1418 5795 praeter
1446 5732 1566 5788 eos,
1595 5731 1738 5788 quos

1839 4656 2039 4710 bellum
2081 4656 2432 4725 Octavianum
2460 4663 2788 4709 commotum
2833 4666 2936 4720 est,
2968 4656 3123 4725 cujus
3168 4659 3425 4713 meminit

1839 4726 2035 4780 Cicero
2063 4726 2157 4781 lib.
2183 4741 2221 4780 tt
2250 4727 2316 4780 de
2345 4724 2465 4779 Nat.
2501 4726 2660 4780 Deor.
2697 4725 2838 4794 Lege
2856 4724 3130 4782 Plutarch.
3163 4728 3217 4782 in
3240 4728 3411 4796 Sulla,

1840 4796 2074 4867 Appian.
2123 4797 2218 4852 lib.
2254 4811 2291 4863 ι,
2345 4796 2461 4850 Liv.
2509 4812 2667 4851 um
2713 4805 2768 4850 et
2819 4813 3078 4864 Lxxxvttt,
3135 4797 3422 4867 Velleiutu,

1844 4865 2023 4933 Flor.,
2057 4867 2308 4937 Eutrop.,
2343 4876 2397 4920 ct
2423 4867 2578 4922 alios.
2611 4867 2773 4921 Ften.

1917 4938 2006 4992 17.
2053 4937 2350 4992 Exercitum
2379 4938 2496 4992 sibi.
2539 4937 2708 5008 Lugd.
2744 4938 2881 4992 Batt.
2915 4953 2997 5008 pr.
3039 4947 3095 4994 et
3126 4947 3249 4995 tert.
3293 4954 3418 4996 cum

1842 5007 1986 5081 Coll.
2028 5008 2268 5081 Gronov.
2315 5012 2589 5081 exercitum
2627 5007 2701 5063 sic
2734 5008 2786 5062 in
2816 5007 3038 5078 quatuor
3073 5021 3265 5081 partes,
3313 5019 3419 5067 etc.

1843 5079 1963 5134 Mox
1993 5093 2090 5150 pro
2118 5079 2366 5150 siquidem
2395 5079 2482 5135 ed.
2510 5081 2650 5149 Aug.
2693 5081 2921 5150 quidem.

1912 5151 2002 5204 18.
2045 5147 2256 5203 Partem
2285 5149 2570 5204 Sertorius.
2602 5147 2790 5218 De'Q.
2823 5150 3071 5208 Sertorio
3100 5151 3426 5210 Plutarchus

1835 5220 1893 5276 in
1920 5220 2040 5288 ejus
2067 5217 2206 5288 Vita.
2244 5219 2410 5273 Faun.

1913 5287 1999 5345 19.
2041 5287 2162 5364 lam
2187 5289 2307 5364 hinc
2333 5290 2500 5364 ciuilis
2530 5289 2671 5356 belli,
2713 5302 2820 5348 etc.
2863 5293 3131 5349 Revocavi
3166 5293 3424 5364 pulcher-

1839 5363 2037 5434 rimam
2077 5361 2222 5434 banc
2259 5361 2543 5434 lectionem
2586 5377 2654 5415 ex
2695 5377 2824 5434 mss.
2859 5363 3029 5434 Lugd.
3065 5361 3210 5419 Bati;
3241 5382 3324 5432 pr.
3373 5374 3428 5419 ct

1841 5433 2007 5488 tertio
2035 5445 2156 5486 cum
2185 5431 2320 5485 Coll.
2351 5430 2618 5505 Granum,
2649 5430 2967 5505 quibuscum
3001 5443 3133 5488 velt.
3168 5430 3294 5489 edd.
3323 5436 3430 5505 ple-

1841 5519 2024 5573 rasque
2052 5501 2606 5573 conspirant.Vulg.,
2627 5501 2740 5573 jam
2768 5502 2871 5568 hic,
2898 5506 3051 5558 nauci
3085 5521 3190 5559 non
3222 5501 3333 5559 est.’
3355 5508 3428 5558 De

1844 5571 2082 5630 Antonio
2120 5571 2370 5626 similiter
2403 5571 2644 5640 loquitur
2669 5573 2917 5628 Lucanus
2937 5575 3032 5629 lib.
3060 5590 3112 5640 v,
3131 5588 3275 5629 vers.
3297 5577 3433 5630 478:

1998 5662 2185 5724 Ductor
2209 5661 2318 5724 erat
2337 5657 2714 5724 cunctisaudaag
2728 5660 2963 5724 Antonius
2985 5661 3152 5724 armis,

2001 5723 2110 5774 lam
2139 5731 2244 5776 tum
2261 5719 2393 5774 civili
2413 5719 2678 5773 meditatus
2693 5721 2922 5774 Leucada
2945 5722 3099 5774 bello.
