4028 6326
599 246 712 302 967
1719 245 1760 250 ”’
1937 235 2141 294 PAULI
2190 238 2203 291 l

2314 236 2423 295 )S“
2616 239 2623 246 ’
2686 245 2690 249 ’
2742 235 2772 256 ’⁷
2823 235 2858 250 ’“
3767 234 3861 295 968

599 356 810 413 bellum
842 355 1120 420 excitavit,
1153 353 1295 424 quod
1339 367 1436 422 per
1476 351 1678 407 multos
1724 363 1896 404 annos
1935 350 2188 405 maximis
2217 353 2265 413 Α
2293 352 2460 406 etiam
2489 365 2612 406 cum
2637 351 2835 407 belluis
2869 351 3044 421 pietas
3073 360 3126 408 et
3155 352 3466 409 reverentia
3497 362 3714 422 naturm,
3740 355 3865 423 quod

598 447 976 504 Romanorum
1003 443 1246 498 cladibus
1291 444 1473 497 traxit.
1505 443 1713 496 Cretera
1750 455 1882 496 vero
1919 442 2194 496 exercitus
2300 457 2438 497 unus
2470 443 2788 512 perimcndo
2817 459 2882 498 ac
2911 444 3190 513 pereundo
3225 445 3532 511 commisit,
3574 445 3689 516 quia
3730 446 3781 500 in
3819 460 3870 502 se

603 543 786 612 portio
819 541 1043 594 Cinnam
1071 544 1259 590 secuta
1290 543 1393 588 est.
1447 536 1616 588 Porro
1661 543 1840 588 autem
1887 531 1988 587 Cn.
2039 534 2199 586 l'om-
2300 536 2383 606 agi
2418 547 2624 605 posset,
2655 537 2960 601 intremuit,
3011 551 3246 607 seseque
3277 537 3344 590 ab
3389 537 3693 606 hujusmodi
3737 538 3871 593 incr-

601 634 784 702 peius,
817 631 906 700 qui
933 645 962 682 a
991 639 1181 682 senatu
1205 641 1327 681 cum
1369 627 1618 680 exercitu
1647 627 1968 692 arcessitus,
2001 636 2057 679 ut
2085 626 2194 680 rci-
2301 635 2416 695 pto,
2445 629 2780 682 conscientia
2811 627 3014 692 victus,
3049 629 3288 683 removit
3316 646 3329 682 :
3359 628 3501 696 Quin
3536 629 3712 699 potius
3732 629 3873 683 annis

603 722 832 791 publica:
878 719 1261 789 opitularetur,
1313 728 1366 774 et
1408 718 1498 772 diu
1537 733 1662 773 sese
1701 734 1964 772 novarum
2014 734 2194 772 rerum
2302 721 2415 776 fere
2457 721 2818 792 quadraginta
2860 721 3346 789 consequentibus.
3389 723 3441 776 in
3471 731 3677 776 tantum
3718 724 3876 776 conti-

603 814 969 881 aucupatian
1017 812 1399 881 suSpenderat,
1445 823 1793 882 contemptus
1836 827 1866 864 a
1912 812 2081 866 Mario
2111 813 2196 866 vel
2308 825 2468 867 nnata
2502 824 2629 868 sunt
2663 812 2804 868 bella
2837 814 3040 877 civilia,
3079 824 3132 866 ut
3160 814 3480 884 magnitudo
3512 814 3704 877 laudis,
3732 816 3774 846 ³⁷
3801 830 3879 884 ap-

604 902 802 967 Cinna,
831 903 895 956 ad
925 904 1228 968 Octavium,
1258 905 1488 959 alterum
1520 904 1824 968 consulem,
1853 918 1975 957 sese
2004 912 2198 958 contu-
2301 906 2584 978 pendenda
2613 923 2682 962 ex
2716 907 3094 977 magnitudine
3123 907 3345 962 sceleris
3369 917 3662 976 putaretur.
3693 906 3876 962 Omnes

607 996 692 1063 lit,
720 1006 776 1050 et
796 1011 918 1050 mox
939 1013 1059 1050 cum
1087 996 1335 1052 Sertorio
1363 996 1630 1052 conﬂixit.
1666 997 1941 1052 Infelicem
1968 1011 2198 1066 pugnam
2302 998 2446 1054 enim
2492 1007 2615 1068 post
2647 998 2753 1052 tale
2783 999 3174 1052 documentum
3207 999 3254 1030 ³⁸
3281 1000 3332 1052 in
3365 999 3458 1053 tali
3492 999 3678 1053 militia
3716 997 3875 1067 parri-

608 1090 946 1145 interVentus
993 1092 1168 1144 noctis
1209 1090 1447 1146 diremit.
1491 1091 1536 1122 ²⁰
1570 1090 1826 1146 Sexcenli
1870 1107 1935 1144 ex
1975 1101 2202 1160 utraque
2304 1093 2572 1148 cidiorum
2616 1092 2859 1162 pericula
2909 1091 3260 1161 refugissent,
3306 1093 3406 1145 nisi
3451 1090 3743 1160 parricidia
3774 1091 3878 1160 ipsa

611 1194 770 1254 parte
798 1184 996 1238 milites
1019 1182 1271 1238 trucidati
1301 1193 1448 1237 sunt.
1494 1183 1721 1238 Postera
1749 1192 1927 1238 autem
1961 1180 2050 1237 die
2080 1199 2201 1236 cum
2307 1185 2630 1240 voluissent.
2683 1183 2850 1252 Igitur
2894 1182 3092 1237 Marius
3119 1184 3164 1215 ’θ
3196 1181 3470 1236 coloniam
3508 1183 3798 1237 Ostiensem
3835 1183 3878 1235 vi

615 1277 922 1348 permixtim
951 1290 1185 1345 corpora
1233 1276 1301 1330 ad
1341 1277 1677 1346 sepulturam
1715 1275 2200 1340 discernerentur,
2307 1277 2605 1345 ingressus,
2656 1275 2835 1328 omnia
2881 1273 2953 1327 ibi
3004 1289 3202 1342 genera
3251 1273 3519 1336 libidinis,
3563 1273 3790 1328 avaritia:
3827 1283 3877 1328 et

612 1371 772 1425 miles
801 1369 1169 1440 Pompeianus
1195 1369 1238 1400 "
1272 1367 1461 1424 fratris
1489 1369 1596 1434 sui,
1636 1383 1796 1439 quem
1830 1367 1947 1436 ipse
1975 1366 2202 1421 interfe-
2307 1365 2647 1423 crudelitatis
2691 1365 2958 1452 exercuit.
3000 1364 3322 1433 Pompeius,
3370 1363 3599 1420 fulmine
3653 1365 3874 1429 alllatus,

611 1472 784 1528 cerat,
821 1478 1013 1532 corpus
1044 1462 1282 1533 agnovit.
1331 1462 1389 1516 ln
1427 1477 1694 1516 concursu
1740 1462 1885 1516 enim
1909 1463 1954 1492 “
1987 1462 2206 1531 utrique
2309 1460 2519 1515 interiit
2551 1475 2565 1512 :
2597 1462 2873 1512 exercitus
2913 1471 3047 1511 vero
3075 1455 3196 1526 ejus
3225 1458 3533 1526 pestilentia
3578 1467 3874 1528 correptus,

613 1556 986 1626 cognitionem
1047 1557 1228 1612 vultus
1273 1556 1458 1626 galea,
1510 1556 2008 1612 considerationem
2061 1556 2208 1611 furor
2311 1567 2452 1622 pene
2483 1558 2630 1604 totus
2660 1549 2983 1617 absumptus
3014 1556 3116 1602 est.
3153 1547 3286 1602 Nam
3320 1547 3574 1602 undecim
3612 1549 3768 1602 millia
3800 1547 3877 1601 vi-

613 1650 894 1704 ademcrat
927 1668 941 1702 ;
969 1649 1227 1720 quamvis
1253 1664 1440 1718 parum
1473 1648 1544 1702 sit
1571 1650 1745 1719 culpa:
1770 1650 1920 1710 circa
1949 1649 2206 1719 ignoran-
2312 1639 2580 1696 rorumde
2599 1641 2795 1696 castris
2810 1639 3052 1708 Pompeii
3079 1647 3316 1702 mortua,
3340 1652 3438 1693 sex
3461 1640 3630 1693 millia
3648 1639 3877 1693 autemde

617 1743 773 1808 tiam,
808 1754 868 1796 ut
898 1740 1145 1796 videatur
1177 1742 1421 1796 nescisse
1451 1741 1518 1794 de
1545 1739 1743 1807 fratre,
1769 1756 1929 1810 quem
1961 1756 2067 1794 non
2094 1755 2210 1793 am-
2242 1739 2287 1797 Β
2315 1733 2477 1806 345
2501 1743 2651 1802 parte
2672 1732 2878 1788 Octavii
2902 1733 3144 1788 consulis
3161 1731 3514 1788 "desiderata
3544 1732 3878 1789 sunLMarins

618 1837 821 1906 bigitur
851 1835 1020 1890 scisse
1039 1835 1108 1890 de
1143 1834 1286 1890 cive.
1319 1833 1506 1904 Itaque
1538 1835 1714 1888 victor
1739 1835 1883 1888 victo
1915 1833 2208 1900 infelicior,
2314 1827 2591 1882 "Antium
2615 1834 2672 1880 et
2693 1825 2919 1880 Aritiam
2945 1825 3194 1880 civitates
3216 1825 3494 1879 hostiliter
3523 1825 3736 1896 irrupit,
3764 1839 3876 1879 cuu-

620 1927 712 1984 ubi
741 1937 797 1984 et
828 1928 1011 1982 fratris
1040 1943 1241 1996 corpus
1270 1927 1517 1996 agnovit,
1553 1934 1609 1980 et
1643 1926 1992 1996 parricidium
2027 1941 2206 1980 suum.
2312 1929 2536 1987 closque
2580 1917 2633 1972 in
2682 1916 2766 1971 his
2812 1926 3012 1986 printer
3060 1916 3371 1986 proditores
3417 1915 3722 1982 interfecit,
3751 1915 3872 1970 bona

617 2020 667 2053 ’³
694 2031 1012 2076 exsecratus
1039 2019 1178 2074 bella
1200 2019 1403 2081 civilia,
1435 2019 1586 2073 illico
1619 2030 1805 2086 pectus
1834 2033 1989 2071 suum
2019 2017 2209 2087 gladio
2314 2010 2425 2065 suis
2455 2009 2756 2080 diripienda
2788 2010 3053 2078 permisit.
3088 2010 3215 2064 Post
3242 2009 3414 2063 Cinna
3456 2009 3645 2064 consul
3674 2023 3782 2063 cum
3808 2009 3873 2061 le-

619 2111 1101 2174 transverbcraus,
1151 2109 1421 2180 simulque
1474 2109 1743 2180 lacrymas
1790 2117 1844 2162 ct
1883 2110 2206 2176 sanguinem
2313 2101 2600 2171 gionihuS,
2649 2109 2705 2156 et
2750 2100 2951 2155 Marius
2999 2115 3122 2154 cum
3161 2100 3405 2170 fugitivis
3430 2099 3624 2156 Urbem
3651 2099 3871 2170 ingressi,

618 2201 876 2268 fundens,
908 2216 1073 2272 super
1115 2202 1412 2256 fraternum
1444 2215 1566 2256 sese
1615 2198 1847 2256 cadaver
1888 2200 2108 2269 abjecit.
2144 2202 2210 2256 Et
2315 2193 2361 2226 ³³
2391 2195 2769 2250 nobilissimos
2805 2209 3051 2265 quosque
3078 2209 3110 2250 e
3139 2204 3364 2262 senatu,
3405 2205 3459 2250 et
3485 2195 3738 2265 plurimos
3759 2209 3878 2248 con-

631 2294 758 2365 quid
791 2293 892 2348 huc
918 2292 1123 2363 profuit
1152 2291 1197 2324 "
1221 2293 1286 2346 ad
1319 2291 1692 2346 confusionem
1721 2290 1960 2345 crudelis
1990 2291 2210 2360 incepti,
2315 2289 2525 2343 sulares
2555 2287 2704 2343 viros
2751 2285 3159 2343 interfecerunt.
3203 2285 3316 2342 Sed
3344 2332 3357 2354 ,
3387 2298 3540 2357 quota
3571 2288 3677 2341 lucc
3710 2285 3875 2355 portio

619 2385 761 2454 quod
793 2384 846 2438 in
878 2383 1052 2453 primo
1075 2383 1254 2437 statim
1286 2382 1552 2436 bellorum
1585 2379 1824 2435 civilium
1856 2381 2083 2435 exordio
2127 2382 2211 2435 in-
2314 2390 2601 2436 ostentata:
2639 2381 2877 2436 miseria:
2920 2389 3040 2444 est,
3093 2395 3202 2434 uno
3228 2381 3400 2434 verbo
3427 2380 3666 2434 definisse
3687 2377 3874 2432 eadem

621 2474 777 2529 famis
822 2475 960 2528 fama
1002 2471 1167 2544 3M
1203 2472 1540 2541 percrebuit.
1585 2473 1936 2526 concurrisse
1992 2472 2214 2542 ignaros
2315 2472 2584 2528 bonorum
2611 2512 2628 2538 ,
2677 2470 2832 2542 cujus
2876 2469 2977 2525 fuit
3009 2478 3154 2525 tanta
3187 2472 3574 2532 numerositas.
3604 2479 3741 2524 tanta
3768 2471 3876 2524 diu-

624 2567 845 2638 quidem
870 2566 1092 2624 fratres.
1116 2564 1210 2620 sed
1233 2565 1488 2618 conscios
1508 2563 1657 2618 cives
1682 2583 1694 2616 :
1723 2561 1942 2632 petiisse
1967 2564 2212 2632 fratri-in,
2317 2562 2567 2629 tnrnitas,
2601 2570 2745 2617 tanta
2774 2561 3101 2625 crudelitas,
3151 2569 3405 2632 tantaque
3451 2561 3758 2616 diversitas?
3784 2560 3876 2614 Ve-

631 2661 842 2717 scelere
865 2662 1154 2724 victorem,
1199 2657 1371 2727 spolia
1417 2658 1600 2712 fratris
1626 2658 1788 2712 occisi
1818 2677 1832 2711 :
1860 2672 1924 2711 ac
1951 2673 2072 2712 mox
2100 2667 2216 2712 tan-
2317 2666 2623 2714 rumtamen
2662 2657 2872 2728 aequius
2897 2665 3011 2719 est,
3045 2671 3132 2711 mc
3171 2656 3375 2724 aliquid
3409 2657 3657 2710 utilitatis
3687 2655 3875 2710 subtra-

623 2763 691 2809 ιω
737 2751 1085 2808 immanitatis
1129 2765 1314 2815 reum,
1360 2749 1552 2804 eodem
1590 2748 1770 2820 gladio
1809 2759 1972 2818 atque
2011 2750 2199 2804 eadem
2314 2753 2460 2808 xisse
2490 2767 2671 2806 causa:
2697 2795 2712 2820 ,
2757 2766 2919 2821 quam
2962 2760 3171 2805 tantum
3206 2751 3453 2805 horroris
3492 2752 3772 2822 ingessisse
3796 2765 3877 2803 no-

623 2859 784 2900 maun
813 2857 907 2912 per
924 2855 1076 2894 suam
1112 2855 1299 2895 necem
1332 2839 1700 2910 parricidium,
1723 2840 1864 2910 quod
1894 2839 2210 2908 admiserat,
2315 2843 2453 2900 titizc
2476 2887 2490 2910 ,
2519 2845 2636 2900 sive
2673 2845 2867 2916 peritis
2910 2843 3027 2900 hazc
3051 2888 3067 2914 ,
3103 2845 3216 2900 sive
3257 2845 3531 2914 imperitis
3560 2846 3874 2914 objiciantur.

622 2932 962 2989 vindicasse?
1003 2933 1050 2963 "
1095 2931 1362 3002 Numquid
1403 2931 1641 3002 aliquem
1687 2930 1742 2986 in
1785 2941 2054 2987 tantarum
2096 2933 2216 2986 ani-
2319 2937 2393 2992 De
2424 2937 2595 3007 patria
2626 2935 2921 3005 siquidem,
2945 2934 3014 2991 de
3040 2935 3269 3002 civibus,
3300 2935 3450 2991 etde
3475 2935 3760 3005 majoribus
3793 2950 3876 2988 no-

624 3027 875 3080 mosimc
899 3023 1130 3093 partium
1157 3035 1264 3078 tam
1293 3024 1447 3079 triste
1476 3024 1644 3078 movit
1667 3024 2016 3094 exemplum?
2044 3023 2210 3078 Num-
2316 3030 2444 3084 stris
2483 3027 2604 3083 haec
2650 3027 2955 3098 loquimur:
2999 3027 3090 3096 qui
3132 3027 3216 3082 his
3261 3027 3521 3097 exagitati
3573 3028 3760 3094 malis,
3786 3034 3877 3079 tam

622 3119 751 3190 quid
777 3117 916 3190 apud
944 3133 1267 3188 quemquam
1297 3118 1597 3187 periculum
1625 3117 1847 3172 sceleris
1874 3117 2074 3187 repulit
2103 3129 2210 3174 ter-
2239 3106 2284 3171 C
2316 3120 2676 3177 abominanda
2703 3129 3023 3192 gesserunt,
3053 3119 3122 3175 de
3152 3119 3348 3189 quibus
3370 3119 3537 3174 etiam
3577 3119 3766 3173 auditis
3802 3131 3882 3187 po-

621 3231 714 3271 ror
742 3215 977 3272 erroris?
1005 3217 1052 3248 "
1088 3215 1359 3286 Numquid
1411 3215 1548 3281 haec,
1597 3225 1718 3287 qute
1765 3215 2074 3270 communis
2122 3227 2209 3271 cst
2314 3213 2448 3271 steri
2492 3213 2945 3284 perhorrescant;
2975 3211 3066 3283 qui
3104 3210 3352 3284 profecto
3391 3211 3586 3268 nolunt
3616 3211 3709 3267 ista
3737 3208 3879 3266 nimis

1901 3352 2350 3411 HAVERCMIPI
2393 3349 2626 3426 Noras.

2322 3463 2555 3518 rimendo
2584 3475 2646 3514 ac
2673 3460 2951 3532 pereundo,
2975 3458 3402 3532 commisitaquia
3428 3458 3480 3510 in
3509 3474 3564 3511 se
3591 3457 3677 3528 agi
3701 3464 3878 3532 posset.

2323 3533 2620 3598 intremuit,
2664 3529 2875 3602 seseque
2900 3531 2964 3583 ab
2993 3529 3294 3600 Itujusmodi
3347 3530 3554 3599 incepto
3595 3529 3878 3581 conscientia

2319 3609 2454 3660 victa
2481 3603 2734 3657 removit?

2387 3677 2479 3730 27.
2522 3672 2900 3743 Appendenda.
2924 3671 3042 3726 Meo
3065 3669 3306 3741 periculo
3333 3669 3457 3743 hoc,
3489 3684 3590 3743 pro
3616 3667 3879 3743 appetenda

2319 3755 2497 3801 textus
2518 3741 2766 3813 recipiat,
2793 3752 2868 3807 et,
2895 3743 2998 3797 nisi
3027 3752 3086 3795 ut
3104 3756 3292 3797 verum
3313 3742 3537 3813 verbum
3559 3741 3701 3805 dem,
3725 3741 3878 3813 actio-

2318 3833 2440 3871 nem
2479 3809 2799 3883 injuri'arum
2834 3829 2862 3865 a
2894 3823 3126 3881 praetore
3166 3813 3426 3878 postulet.
3474 3809 3879 3866 Lact—Erui-

2316 3903 2437 3942 mus
2483 3889 2619 3940 hanc
2663 3885 2948 3939 lectionem
2993 3891 3113 3951 post
3151 3883 3401 3937 Lautium
3433 3896 3501 3938 ex
3537 3883 3684 3936 libris
3723 3893 3870 3941 mss.,

2314 3960 2404 4025 qui
2435 3956 2550 4013 lere
2575 3970 2764 4010 omnes
2798 3959 2868 4008 ita
2902 3954 3107 4024 legunt,
3140 3953 3225 4008 vel
3249 3955 3321 4007 ita
3344 3953 3626 4025 legendum
3653 3965 3765 4025 esse
3793 3965 3873 4001 su-

2315 4022 2674 4098 perscriptum
2720 4022 3149 4098 habentﬁvulgo
3178 4023 3491 4098 appetenda,
3530 4022 3682 4098 quod
3698 4035 3877 4098 nequa-

2314 4092 2478 4168 quam
2509 4092 2733 4152 alterius
2761 4096 3028 4168 venustati
3073 4092 3171 4168 par
3213 4092 3320 4149 cst.
3365 4093 3712 4165 Appendenda
3747 4092 3872 4168 enim

691 3469 781 3525 20.
827 3467 1090 3523 Sexcenti.
1132 3467 1293 3522 Solus
1322 3464 1538 3530 Colon.,
1565 3462 1854 3519 sexcenteni
1888 3477 1954 3518 ex
1982 3464 2212 3519 historia

616 3544 825 3609 lntegre
856 3541 1070 3604 scripsit
1108 3553 1204 3608 pro
1241 3538 1488 3609 sexcenti.
1523 3535 1779 3590 Lsur—
1801 3533 1920 3587 Mox
1953 3535 2211 3609 cod._Pc-

618 3605 817 3675 rizon.,
858 3605 1304 3680 mixtim;Lugd.
1347 3607 1489 3662 Batt.
1522 3623 1604 3677 pr.
1649 3613 1704 3660 ct
1745 3614 1874 3660 tert.
1914 3621 2041 3659 cum
2069 3605 2208 3661 Coll.

621 3684 888 3752 Gronov.)
919 3682 1194 3752 permixta.

686 3755 776 3808 21.
819 3745 1028 3806 Fratris
1065 3752 1166 3804 sui.
1210 3749 1413 3804 Lucan.
1445 3748 1541 3802 lib.
1572 3762 1670 3812 vtt,
1697 3745 1802 3801 550
1833 3763 1846 3800 :

777 3851 866 3903 llle
890 3851 1026 3902 locus
1049 3849 1230 3901 fratres
1252 3849 1444 3912 habuit,
1468 3845 1602 3897 locus
1627 3846 1712 3896 ille
1739 3850 1990 3910 parentes.

688 3962 779 4016 92.
814 3958 1052 4030 Utrique.
1073 3957 1200 4012 Mss.
1225 3955 1443 4030 quidam
1465 3953 1692 4030 et.edd.,
1718 3951 1978 4030 utrimque
1992 3965 2011 4015 ;
2034 3949 2206 4022 Lugd.

620 4033 740 4088 Bal.
771 4049 880 4102 pri.
908 4024 964 4084 in
983 4024 1404 4102 concursu’eni‘m
1435 4024 1688 4095 utrimque
1711 4026 1870 4094 facto.

689 4096 785 4158 25.
824 4099 1158 4155 Ετεεεταιιιδ.
1204 4097 1301 4152 Ed.
1331 4096 1583 4166 August.,
1611 4110 1903 4148 exsecraris.

685 4175 779 4228 21.
819 4172 898 4226 Ad
937 4171 1312 4241 confusionem.
1355 4167 1540 4241 Altera
1571 4166 1789 4241 additur
1827 4165 1992 4224 lectio
2027 4171 2079 4225 in
2108 4171 2199 4227 ed,

620 4243 940 4313 Angust.’ad
963 4237 1352 4313 confessionem.
1385 4237 1492 4313 Sed
1519 4238 1693 4313 proba
1717 4243 1803 4290 est
1825 4249 1978 4313 vetns
1997 4255 2050 4296 ei
2073 4243 2212 4297 οι-ο-

621 4307 792 4371 siuna.
828 4312 945 4369 Non
971 4307 1171 4381 profuit
1198 4310 1371 4378 inquit
1404 4308 1617 4381 publice
1647 4307 1817 4374 pietas
1850 4311 2078 4375 privata,
2110 4328 2206 4366 ne-

620 4401 726 4457 que
765 4379 1010 4442 confudit
1045 4383 1338 4457 Romanos,
1366 4390 1424 4457 ιιι
1451 4379 1684 4456 vitarent
1719 4382 1964 4450 exempla
2008 4383 2208 4438 similia

621 4451 676 4511 et
705 4457 1032 4512 desisterent
1062 4470 1089 4504 a
1124 4451 1266 4505 bello
1296 4451 1584 4504 scelerato.
1677 4453 1680 4456 ’

691 4528 782 4581 25.
829 4524 1093 4593 Numquid
1120 4519 1640 4593 uliquem._Urosium
1672 4534 1775 4572 una
1803 4535 1934 4593 voce
1963 4522 2207 4592 locuplc.

622 4598 820 4653 liorem
853 4591 1088 4651 reddidit
1111 4593 1233 4646 cod.
1266 4591 1524 4663 l'crizvn.
1547 4591 1920 4645 interserendo
1947 4591 2199 4663 aliquem.

623 4666 993 4724 Necessariam
1017 4666 1162 4718 illam
1185 4677 1306 4716 esse
1338 4660 1554 4730 negabit
1576 4675 1757 4733 nemo,
1779 4673 1902 4733 cum
1926 4660 2206 4733 sequatur,

624 4735 896 4809 Numquid
914 4733 1066 4809 apud
1095 4729 1554 4809 quetttquant_,‘ctc.
1588 4729 1757 4796 Lugd.
1793 4731 1939 4809 Batt.
1968 4729 2202 4809 quatuor

621 4819 676 4864 ct
727 4802 864 4865 Ul'tr.
913 4802 1128 4875 legunt,
1183 4802 1807 4875 Nnmquid_int_entarum
1852 4804 2205 4861 animositates

620 4881 864 4952 partium.
896 4871 1091 4932 [Sx—stat
1117 4875 1251 4952 ead.
1287 4871 1447 4930 lectio
1473 4873 1524 4926 in
1556 4871 1821 4927 Florentt.
1855 4889 1939 4943 pr.
1979 4884 2033 4929 et
2063 4891 2201 4945 sec.,

621 4947 716 5007 sed
749 4952 801 5005 in
837 4963 951 5004 sec.
990 4947 1300 5016 corrigitur.

689 5023 780 5077 9.6.
826 5019 1097 5089 Numquid
1117 5011 1226 5072 liceo
1243 5031 1378 5086 qua,
1398 5020 1516 5089 etc._
1531 5011 1668 5067 Puto
1689 5026 1812 5068 esse
1830 5013 2194 5089 scribendum,

620 5091 764 5145 Num
788 5092 920 5161 quis,
951 5084 1081 5155 hinc,
1115 5103 1228 5158 qua:
1256 5084 1542 5161 communis
1585 5092 1679 5161 est,
1721 5092 1838 5161 etc._
1862 5084 2000 5161 l‘jum
2038 5087 2194 5161 quis,

623 5152 1244 5231 inquit,intremuithzcc
1269 5158 1305 5212 i.
1340 5171 1392 5210 e.
1415 5153 1485 5231 ad
1517 5152 1669 5231 haec?
1694 5155 1839 5231 quod
1872 5152 2088 5211 firmant
2113 5157 2200 5212 illa

618 5226 740 5302 qua:
772 5240 1098 5302 sequuntur,
1137 5226 1437 5302 seseque‘ab
1465 5226 1761 5302 ltujusmoili
1797 5229 2021 5296 incepto,
2067 5243 2197 5302 con-

618 5295 831 5356 scientia
852 5295 1036 5365 uictus,
1066 5295 1318 5355 removit?
1353 5299 1470 5352 Non
1499 5295 1642 5350 enim
1675 5295 1860 5361 video,
1893 5295 2003 5367 quo
2033 5298 2198 5353 modo

619 5373 778 5427 aliter
801 5373 931 5427 satis
959 5382 1084 5440 apte
1111 5370 1213 5426 sibi
1246 5369 1407 5424 verba
1435 5368 1770 5440 cohaereant.
1809 5367 1937 5440 Vel,
1979 5379 2198 5437 recepta

618 5438 1005 5498 emendatione
1023 5443 1142 5495 cod.
1176 5441 1446 5502 l’erizon.,
1489 5439 1603 5506 qui,
1639 5453 1735 5506 pro
1764 5438 2082 5492 conscientia
2118 5440 2198 5492 vi-

613 5522 750 5578 ctus,
783 5513 910 5582 legit
933 5511 1243 5582 conscientia
1271 5513 1437 5582 victa,
1457 5509 1605 5582 locus
1634 5508 1736 5563 hac
1758 5509 2201 5577 interpunctione

608 5578 878 5652 juvandu's
907 5582 1135 5652 videtur.
1170 5578 1438 5652 Numquid
1475 5581 1609 5652 Ιιιυε,Δ
1647 5594 1764 5649 qua:
1805 5583 2098 5652 communis
2129 5589 2204 5634 est

611 5648 767 5705 etiam
800 5669 914 5707 cum
949 5651 1132 5706 betluis
1173 5648 1300 5720 (vel
1329 5651 1534 5716 belluis,
1581 5648 1766 5704 deleto
1799 5665 1940 5715 cum,
1987 5657 2045 5704 ut
2076 5650 2204 5706 facit

614 5720 894 5795 Perizon.)
925 5723 1085 5794 pietas
1126 5729 1174 5779 et
1202 5720 1482 5778 reverentia
1519 5728 1744 5790 natum,
1776 5721 1920 5793 quod
1950 5737 2084 5779 unus
2112 5736 2202 5792 pe-

2236 4768 2284 4828 υ

2315 4162 2582 4238 signiﬁcat
2615 4169 2974 4238 (aquationem
3005 4162 3176 4219 laudis
3216 4176 3272 4238 et
3301 4162 3556 4238 sceleris;
3593 4178 3742 4232 quam
3774 4162 3873 4238 lau-

2313 4231 2435 4294 dém
2470 4254 2577 4294 non
2610 4231 2740 4292 dicit
2766 4231 2993 4292 Orosius
3033 4251 3154 4292 esse
3181 4235 3502 4304 simpliciter
3541 4231 3870 4304 appetendam

2311 4325 2376 4365 ex
2411 4308 2778 4380 magnitudine
2803 4309 3049 4380 sceleris,
3086 4307 3180 4362 sed
3211 4303 3623 4380 aestimandam,
3651 4303 3872 4380 similitu-

2313 4380 2440 4436 dine
2467 4374 2794 4442 a'lancibus,
2837 4388 2891 4433 et
2918 4378 3081 4433 rebus
3109 4392 3230 4447 quae
3253 4376 3307 4430 in
3337 4376 3528 4430 iisdem
3579 4374 3872 4447 appendun-

2315 4460 2422 4516 tur,
2447 4451 2750 4518 desumpta.
2781 4447 2932 4504 Flor.
2967 4463 3052 4518 pr.
3084 4445 3348 4519 pimterea
3377 4447 3504 4518 legit
3545 4446 3612 4500 ad
3639 4445 3872 4516 magnitu-

2313 4523 2480 4576 dinem
2510 4522 2734 4575 sceleris.

2381 4593 2472 4647 28.
2518 4595 2583 4646 In
2629 4592 2723 4646 tali
2763 4591 2966 4645 militia.
3009 4589 3140 4644 Mss.
3173 4599 3230 4646 et
3271 4587 3398 4644 edd.
3443 4588 3680 4658 quidam,
3713 4587 3762 4640 in
3784 4583 3863 4638 tali

2312 4664 2512 4716 malitia
2533 4703 2548 4726 ,
2580 4671 2634 4717 ct
2666 4677 2789 4716 mox
2809 4703 2822 4724 ,
2854 4663 3124 4732 fugissent.

2381 4735 2470 4787 Ἡ.
2515 4724 2783 4788 Coloniam
2813 4724 3120 4786 Ostiensem.
3163 4730 3276 4785 lloc
3310 4728 3500 4784 scribit
3528 4727 3753 4800 Appian.
3775 4724 3858 4780 lib.

2314 4820 2352 4868 ι,
2397 4805 2538 4859 Plut.
2568 4805 2620 4858 in
2649 4804 2819 4869 Sulla,
2847 4803 2962 4857 Liv.
2988 4801 3079 4856 lib.
3106 4817 3287 4856 Lxxtx.
3317 4800 3482 4855 FABR.
3575 4867 3578 4871 ‘

2385 4876 2476 4930 50.
2519 4873 2824 4928 Desiderato
2870 4883 3008 4926 sunt.
3062 4872 3331 4934 Pcrizon.,
3383 4869 3732 4925 deleta'sunt.
3779 4869 3870 4925 Sed

2313 4955 2424 5001 tres
2449 4945 2618 5014 Lugd.
2652 4944 2792 4998 Bttt.
2823 4957 2946 4998 cum
2994 4943 3132 5014 Coll.
3159 4942 3423 5014 Gronov.,
3466 4943 3694 5014 siderata
3730 4951 3869 4994 sunt:

2309 5016 2464 5086 quasi
2493 5011 2757 5086 dicerent,
2790 5029 2961 5086 pravo
2986 5012 3165 5068 sidere
3186 5023 3316 5086 sunt
3336 5011 3539 5086 albata.
3579 5011 3634 5066 In
3661 5012 3857 5082 August.

2308 5082 2632 5157 qttoquersic
2655 5082 2862 5157 editur,
2880 5084 3128 5157 siderum:
3159 5084 3254 5137 alii
3281 5082 3546 5157 debilitata
3567 5091 3702 5135 sunt.

2378 5151 2470 5232 51.
2509 5156 2719 5232 Antium
2748 5155 3067 5232 et_Aritiant.
3097 5151 3286 5210 "Amoti
3326 5157 3413 5209 καὶ
3441 5155 3656 5232 Ἀρικίαν
3683 5157 3759 5209 καὶ
3778 5166 3866 5206 Λπ-

2304 5229 2506 5283 νοὺϐιον
2539 5227 2766 5295 Appian.
2800 5224 2964 5280 FABR.

2379 5299 2468 5353 52.
2514 5294 2882 5352 Nobilissimos
2911 5311 3157 5366 quosque.
3185 5294 3244 5351 In
3276 5295 3361 5352 his
3393 5294 3613 5366 fuerunt
3637 5303 3740 5350 tres
3764 5307 3865 5366 ora—

2309 5377 2475 5431 tores,
2511 5371 2581 5433 ρ.
2610 5367 2849 5432 Catulus,
2883 5365 2962 5420 Μ.
2994 5364 3249 5420 Antonius
3273 5407 3288 5432 ,
3316 5365 3377 5422 C.
3400 5364 3578 5419 Julius
3604 5367 3780 5426 Cmsar,
3806 5364 3865 5415 de

2313 5438 2514 5506 quibus
2556 5437 2748 5493 Cicero
2800 5439 2851 5491 in
2897 5437 3082 5492 Bruto.
3134 5436 3268 5490 Tum
3310 5451 3527 5506 quoque
3568 5437 3801 5491 Octavius
3817 5439 3863 5506 et

2312 5503 2515 5563 Merula
2563 5522 2710 5563 coss.
2760 5507 2988 5562 Crassus
3038 5514 3192 5574 pater
3235 5517 3292 5561 et
3319 5503 3484 5571 filius,
3515 5507 3765 5576 multique
3787 5503 3861 5556 alii

2312 5579 2622 5635 interfecti:
2672 5579 2740 5634 de
2789 5578 2982 5645 quibus
3022 5578 3300 5646 Appianus
3348 5576 3444 5633 lib.
3487 5591 3526 5646 ι,
3575 5576 3860 5641 Linum,

2311 5649 2515 5708 Lucan.
2549 5649 2641 5706 lib.
2675 5663 2736 5720 tt,
2768 5646 3004 5705 Velleius
3033 5657 3090 5705 et
3110 5645 3223 5703 alii.
3250 5646 3418 5705 FABR.
