4028 6326
479 314 587 375 975

1084 416 1311 474 CAPUT
1348 413 1516 471 XXII.

482 523 751 578 Dictorum
785 519 917 573 velut
955 515 1215 584 epilogum
1253 511 1430 584 recitat
1467 509 1676 584 Auctor.
1719 505 1798 560 De
1824 519 1954 558 noro
1994 511 2078 557 tu-

864 580 1031 642 multu
1059 580 1146 653 per
1168 581 1423 654 Lepidum
1453 580 1694 635 excitato.

560 698 574 728 '
610 693 816 751 Creatis
864 706 1042 774 ilaquc
1086 700 1148 756 Ρ.
1181 697 1416 755 Servilio
1462 704 1517 751 et
1546 694 1650 765 Ap.
1681 690 1907 748 Claudio
1951 704 2080 744 eon-

485 786 694 845 salibus
719 825 734 850 ι
759 785 780 815 ¹
811 783 960 838 Visus
989 799 1067 837 εει
1099 789 1316 846 tandem
1340 787 1490 843 Sulla
1519 785 1779 858 privatus.
1833 783 1945 836 lloc
1974 779 2081 834 line

486 879 741 937 conclusa
769 885 896 932 sum
916 875 1022 930 (1υο
1045 873 1185 930 bella
1211 881 1600 944 funestissima,
1620 877 1816 932 sociale
1838 875 2078 930 Italicum

485 982 542 1029 et
585 971 742 1028 civile
767 969 1070 1026 Sullanum.
1133 967 1260 1022 ll:rc
1299 982 1396 1036 per
1440 986 1612 1028 annos
1650 970 1834 1027 decem
1881 974 2077 1029 tracta,

488 1064 610 1134 plus
639 1077 800 1134 quam
843 1070 1059 1116 centum
1091 1058 1483 1129 quinquaginta
1521 1059 1682 1113 miléia
1713 1057 2079 1113 Romanorum

486 1162 982 1226 consumpserunt,
1031 1161 1348 1222 tantumque
1387 1153 1802 1207 lecti~simorum
1842 1151 2082 1205 virorum

487 1249 1016 1317 vernaculorumque
1043 1244 1272 1300 militum
1299 1243 1469 1298 Roma
1499 1243 1601 1298 hoc
1629 1243 1771 1299 civili
1797 1243 1937 1297 bello
1963 1257 2084 1312 per-

488 1342 647 1409 didit,
680 1350 942 1411 quantum
967 1340 1018 1394 iu
1045 1353 1107 1393 ea
1138 1337 1418 1405 superiore
1447 1348 1707 1406 tempore,
1740 1350 1862 1390 cum
1891 1350 1950 1390 se
1977 1336 2083 1403 jam

489 1435 750 1490 adversus
783 1430 1148 1488 Alexandrum
1181 1430 1429 1500 Magnum
1461 1429 1929 1498 circumspiceret,
1983 1429 2002 1458 ³
2033 1427 2084 1482 in

490 1524 740 1580 discretis
763 1521 1010 1577 retalibus
1034 1535 1232 1576 census
1256 1508 1478 1575 invenit.
1509 1521 1776 1574 Prmterea
1799 1519 1946 1573 viros
1967 1533 2090 1572 con-

489 1617 699 1671 sulares
727 1615 748 1646 δ
799 1614 984 1684 viginti
1017 1622 1248 1684 quatuor
1273 1655 1287 1678 ,
1342 1612 1624 1680 praetorios
1650 1624 1743 1664 sex
1771 1653 1785 1676 ,
1838 1609 2088 1664 mdilitios

487 1709 788 1779 sexaginta,
821 1716 1099 1761 senatores
1132 1705 1244 1760 lere
1271 1704 1535 1758 ducentos
1561 1744 1576 1769 ,
1609 1703 1815 1772 absque
1844 1702 2088 1757 innume-

1898 286 2104 352 PAULI
2142 284 2367 350 OROSII

2103 409 2153 468 Α
2183 402 2399 476 p0pulis
2429 399 2599 457 creeti
2629 408 2684 453 et
2713 396 2994 460 instructi;
3026 393 3144 450 lure
3178 392 3340 462 bella,
3378 397 3639 463 quantum
3685 404 3795 444 ex-

2183 499 2353 555 ternis
2375 495 2643 567 proxima,
2663 502 2869 548 tantum
2900 491 3195 560 longinqua
3229 488 3502 551 civilibus,
3525 485 3652 554 quid
3684 481 3794 537 nisi

2181 589 2399 645 socialia
2431 586 2550 658 jure
2580 586 2907 646 vocitantur,
2939 597 3061 636 cum
3088 581 3189 650 ipsi
3220 577 3448 634 Romani
3473 593 3543 631 ne
3565 572 3796 631 Sertorii

2182 682 2422 752 quidem,
2453 689 2544 736 aut
2589 679 2901 747 Perpernae,
2958 677 3003 709 ¹⁸
3051 685 3144 729 aut
3190 673 3360 739 Crixi,
3408 681 3501 726 aut
3546 667 3797 740 Spartaci

2183 775 2342 841 bella,
2391 773 2574 829 civilia
2617 773 2825 842 uspiam
2874 768 3239 824 nominarint?
3266 766 3323 822 ln
3355 767 3445 820 tali
3474 779 3604 835 ergo
3633 764 3676 794 "
3708 762 3798 818 vel

2183 866 2430 935 delectu,
2483 866 2563 920 vel
2613 863 2988 935 perduellione
3041 862 3336 927 sociorum,
3382 858 3596 912 minore
3645 870 3799 912 nunc

2186 960 2373 1029 utique
2421 957 2626 1013 invidia
2674 957 2973 1022 laboraret,
3015 955 3059 1010 si
3107 953 3356 1009 fortassis
3403 954 3662 1007 existeret
3708 947 3799 1004 vel

2184 1050 2363 1119 gravis
2384 1065 2584 1121 pugna,
2615 1049 2698 1105 vel
2719 1057 2944 1104 cruenta
2973 1046 3228 1103 victoria.
3264 1045 3648 1101 Verumtamen
3670 1056 3798 1097 eum

2187 1144 2233 1176 ⁸⁸
2257 1143 2311 1197 in
2340 1142 2491 1198 hisce
2521 1141 2858 1214 temporibus
2896 1139 3078 1196 omnia
3119 1139 3244 1211 plus
3283 1133 3627 1194 necessitatis
3665 1133 3804 1189 alie-

2186 1244 2304 1290 rant
2344 1244 2396 1290 et
2439 1235 2618 1290 minus
2649 1233 2900 1304 pudoris;
2935 1233 3038 1287 hoc
3065 1241 3150 1287 est
3177 1245 3361 1295 causa,
3393 1243 3592 1300 pugna,
3627 1227 3801 1283 victo-

2188 1330 2304 1394 ria;
2347 1329 2436 1383 vel
2480 1345 2580 1399 pro
2627 1326 3022 1396 exstinguenda
3077 1324 3366 1380 insolentia
3411 1323 3802 1395 tyrannorum,

2189 1421 2270 1476 vel
2298 1434 2394 1491 pro
2413 1420 2720 1476 cobibendo
2742 1419 3013 1475 sociorum
3036 1416 3272 1482 del’ectn,
3299 1415 3383 1472 vel
3409 1430 3506 1487 pro
3534 1413 3812 1470 inurendo

2188 1515 2412 1571 ultionis
2462 1514 2736 1585 exemplo,
2787 1513 2876 1569 cui
2923 1512 3141 1567 tandem
3189 1510 3413 1565 dubium
3461 1517 3566 1575 est,
3597 1516 3812 1578 quanto

2191 1625 2335 1664 nunc
2387 1608 2594 1673 mitius,
2635 1617 2946 1678 quantoque
2979 1603 3304 1660 clementius
3333 1602 3567 1658 excitata
3602 1601 3694 1672 (ut
3723 1598 3811 1655 di-

2191 1702 2342 1774 cunt)
2375 1701 2517 1758 bella
2547 1701 2723 1756 civilia
2754 1709 3040 1770 geruntur,
3085 1699 3250 1752 immo
3289 1698 3665 1767 reprimuntur
3705 1709 3810 1763 μοι

489 1803 567 1858 ris
620 1802 788 1856 totius
843 1799 1008 1854 Italia:
1064 1798 1319 1868 populis,
1384 1796 1474 1866 qui
1534 1795 1734 1866 passim
1783 1795 1902 1850 sine
1956 1810 2088 1850 con-
2121 1787 2168 1848 B
2197 1794 2302 1848 tius
2340 1809 2501 1864 quam
2541 1791 2839 1864 geruntur?
2875 1791 3008 1858 Quis
3036 1791 3182 1846 enim
3209 1805 3377 1845 unum
3407 1788 3570 1844 civile
3602 1788 3807 1843 bellum

489 1894 818 1950 sideratione
869 1890 1033 1946 deleti
1084 1899 1254 1958 sunt,
1315 1890 1335 1920 ⁸
1385 1902 1522 1958 quos
1549 1897 1708 1958 neget
1759 1889 2083 1960 quisquam,

489 1986 537 2041 si
591 1984 772 2050 valet,
840 1982 966 2053 quin
1024 1981 1216 2037 eodem
1280 1979 1478 2034 damno
1533 1994 1630 2034 suo
1671 1979 1692 2009 °
1746 1978 1938 2033 vicerit
1984 1981 2091 2032 llo-

497 2095 583 2136 ma
615 2121 630 2145 ,
685 2094 792 2150 quo
821 2076 995 2132 amisit
1025 2076 1192 2130 Italia.
1224 2076 1243 2106 ⁷
1295 2074 1438 2129 Proh
1482 2073 1694 2144 pudor!
1747 2071 1884 2127 Num
1932 2071 2092 2143 quid-

491 2186 618 2227 nam
647 2172 668 2202 ⁸
694 2180 750 2226 et
775 2169 862 2225 hic
885 2168 1291 2240 comparatione
1318 2167 1566 2236 ambigua
1614 2175 1774 2237 egent
1803 2175 2044 2234 tempora
2070 2164 2094 2218 2

499 2265 670 2320 Immo
700 2306 716 2332 ,
775 2265 860 2319 vel
901 2264 1178 2328 maxime,
1235 2261 1504 2332 inquiunt.
1567 2260 1702 2315 Nam
1739 2259 1867 2330 quid
1915 2261 1935 2292 ’
1985 2270 2092 2314 tam

495 2369 620 2432 apte
646 2401 660 2425 ,
713 2374 872 2429 quam
915 2357 1074 2412 bellis
1111 2353 1360 2410 civilibus
1391 2353 1532 2408 bella
1564 2351 1742 2407 civilia
1771 2366 2094 2420 comparan-

497 2452 632 2507 tur?
698 2449 782 2505 An
843 2447 979 2503 forte
1011 2449 1052 2479 ¹⁰
1100 2447 1344 2511 dicetur,
1397 2446 1562 2500 etiam
1613 2443 1666 2498 in
1717 2443 1802 2498 bis
1839 2440 2096 2512 tempori-

491 2545 596 2602 bus
625 2542 786 2614 353
818 2540 955 2595 bella
998 2538 1176 2594 civilia
1219 2552 1327 2591 non
1371 2534 1571 2591 fuisse?
1615 2535 1824 2605 Quibus
1865 2553 1893 2588 a
1941 2535 2097 2591 nobis

494 2633 934 2706 respondebitur,
963 2630 1002 2662 “
1024 2628 1224 2700 justius
1245 2626 1462 2698 quidem
1487 2627 1710 2683 socialia
1735 2626 1918 2682 vocari
1939 2642 2100 2698 Opor-

495 2736 653 2784 tere:
685 2726 726 2756 ¹²
756 2723 850 2779 sed
902 2722 1056 2777 nobis
1103 2719 1390 2790 prolicere,
1415 2719 1461 2774 si
1501 2719 1678 2773 civilia
1724 2719 2090 2774 nominentur.

497 2820 632 2876 Cum
656 2818 798 2874 enim
815 2813 991 2870 causis
1007 2813 1049 2846 ¹³
1075 2811 1352 2867 vocabulis
1373 2825 1436 2867 ac
1450 2810 1640 2866 studiis
1664 2810 1811 2880 paria
1837 2809 2102 2866 docentur

496 2913 700 2979 omnia,
731 2920 841 2964 tum
872 2907 978 2963 sibi
1005 2907 1056 2961 in
1090 2906 1173 2960 his
1202 2914 1350 2960 tanto
1379 2904 1501 2975 plus
1530 2904 1768 2960 vindicat
1795 2905 2101 2960 reverentia

498 3006 825 3064 Christiana:
868 3001 1168 3073 religionis,
1219 3009 1420 3070 quanto
1465 2999 1644 3055 minus
1693 3000 2105 3070 praesumpserit

501 3102 550 3134 ιι
572 3105 812 3168 potestas
833 3097 963 3150 irata
988 3094 1228 3149 victoris.
1250 3091 1379 3146 Nam
1402 3107 1521 3148 cum
1538 3091 2099 3163 plerumqueimprobi
2123 3093 2126 3096 ’

2195 1904 2291 1958 per
2315 1888 2501 1943 decem
2531 1902 2704 1941 annos
2734 1887 2816 1940 bis
2857 1886 3192 1956 temporibus
3229 1884 3487 1955 agitatum
3529 1881 3810 1938 audierit?

2165 1981 2323 2048 -Qnis
2347 1995 2454 2035 uno
2476 1979 2620 2036 bello
2643 1988 2858 2034 centum
2883 1977 3271 2050 quinquaginta
3299 1978 3465 2032 millia
3495 1976 3802 2040 hominum,

2195 2072 2277 2125 vel
2327 2073 2560 2127 hostium
2602 2075 2669 2127 al)
2699 2071 2969 2141 hostibus,
3000 2079 3056 2125 ut
3085 2084 3194 2126 non
3226 2069 3402 2125 dicam
3432 2069 3633 2125 civium
3663 2085 3692 2124 a
3721 2069 3806 2124 ci-

2195 2161 2375 2229 vibus,
2408 2176 2548 2217 czesa
2582 2161 2930 2217 meminerit?
2960 2161 3092 2230 Quis
3121 2162 3294 2229 illam,
3337 2175 3496 2232 quam
3535 2161 3806 2233 explicare

2197 2251 2418 2324 longum
2466 2263 2572 2321 est,
2627 2255 2955 2325 optimorum
3010 2265 3175 2325 atque
3224 2254 3509 2310 illustrium
3561 2255 3798 2309 virorum

2198 2345 2602 2401 multitudinem
2629 2347 2883 2402 trucidari
2911 2346 2964 2402 in
2991 2362 3122 2418 pace
3142 2347 3494 2419 cognoverit?
3516 2347 3799 2404 Postremo

2197 2439 2322 2510 quis
2354 2440 2474 2494 illas
2505 2439 2736 2497 infames
2763 2441 3268 2497 interﬁciendorum
3301 2443 3506 2497 tabulas
3544 2441 3802 2509 timuerit,

2201 2532 2367 2606 354
2397 2533 2441 2567 ¹⁹
2469 2533 2686 2604 legerit,
2715 2533 2988 2590 senserit?
3015 2549 3080 2589 ac
3102 2549 3208 2590 non
3227 2535 3407 2605 potius
3433 2534 3687 2590 omnibus
3713 2548 3810 2589 no.

2201 2630 2313 2676 tum
2342 2623 2568 2690 sit,‘una
2600 2633 2826 2680 cunctos
2851 2640 2987 2696 pace
3015 2626 3370 2696 compositos,
3419 2637 3583 2697 atque
3619 2626 3805 2682 eadem

2201 2715 2379 2771 salute
2409 2730 2656 2782 securos,
2687 2718 2860 2773 vietus
2900 2719 3242 2788 victoresque
3284 2717 3491 2789 pariter
3534 2717 3808 2774 communi

2205 2809 2512 2866 exsultasse
2544 2810 2754 2879 laetitia,
2790 2813 2837 2846 ²⁰
2859 2827 2922 2868 ac
2942 2813 3104 2867 etiam
3132 2813 3182 2866 in
3210 2813 3374 2867 tantis
3397 2813 3564 2868 totius
3584 2811 3810 2867 Romani

2205 2901 2416 2972 imperii
2447 2904 2766 2972 provinciis,
2798 2904 3021 2960 urbibus
3052 2919 3115 2961 ac
3147 2905 3380 2977 populis,
3413 2906 3457 2936 ³³
3492 2905 3581 2959 vix
3619 2919 3811 2974 paucos

2203 2997 2498 3067 aliquando
2545 2999 2843 3064 exstitisse,
2875 3013 3013 3068 quos
3039 2999 3180 3069 justa
3213 3001 3347 3055 ultio
3377 3002 3422 3032 ³³
3455 2999 3626 3055 invito
3650 3001 3808 3055 etiam

2205 3087 2412 3144 victore
2433 3088 2740 3144 damnat-it?
2769 3091 2853 3157 Et,
2878 3091 2925 3122 ²³
2950 3102 3009 3146 ιιι
3036 3091 3220 3147 verbis
3244 3093 3406 3148 verba
3432 3107 3541 3146 non
3566 3107 3806 3160 onerem,

498 3189 737 3262 tyranni,
774 3198 976 3242 temere
1003 3184 1320 3240 invadentes
1363 3183 1774 3254 rempublicam,
1809 3193 2098 3254 usurpato-
2129 3179 2175 3242 C
2206 3196 2313 3237 non
2346 3191 2549 3240 temere
2577 3183 2832 3252 dixerim,
2864 3193 3066 3241 tantam
3098 3185 3181 3241 vel
3215 3184 3268 3240 in
3295 3185 3436 3241 bello
3477 3185 3667 3241 saltem
3711 3200 3812 3241 ex-

497 3297 605 3353 que
631 3282 780 3351 regio
805 3289 970 3344 statu,
1001 3277 1226 3333 [tertiani
1258 3275 1471 3347 imperii
1516 3291 1711 3346 corpus
1753 3277 2092 3346 abruperint,

501 3384 666 3446 atque
694 3388 760 3429 ex
789 3385 856 3426 eo
886 3370 1026 3426 bella
1069 3369 1154 3424 vel
1196 3383 1291 3438 per
1331 3383 1389 3423 se
1419 3367 1616 3438 injusta
1665 3369 2094 3439 importaverint,

503 3465 591 3523 vel
621 3465 674 3521 in
705 3463 932 3534 sejusta
971 3459 1384 3529 commoverint,
1421 3461 1464 3491 ¹¹³
1505 3459 1779 3515 Britannis
1828 3461 2104 3533 Gallisque

2202 3275 2454 3332 stinclam
2489 3277 2650 3333 modo
2681 3277 2847 3334 fuisse
2875 3279 3249 3350 gregariorum
3292 3278 3520 3332 militum
3568 3292 3810 3343 manum,

2203 3378 2402 3440 quanta
2435 3383 2562 3428 tunc
2593 3370 2639 3402 ⁸³
2679 3387 2820 3427 exesa
2871 3382 2956 3429 est
3001 3372 3055 3428 in
3106 3387 3239 3443 pace
3286 3371 3570 3426 nobilium.
3623 3370 3810 3442 Igitur,

2207 3467 2256 3500 "
2282 3467 2432 3524 Sulla
2463 3479 2700 3537 mortuo,
2734 3467 2993 3540 Lepidus,
3036 3467 3287 3525 Marianae
3331 3468 3504 3540 partis
3550 3475 3812 3536 assertor,

1791 3575 2244 3636 IIAVERCAMPI
2284 3580 2517 3638 NOTAE.

578 3673 706 3728 CAP.
742 3664 1266 3725 XXll.—-l.Creatis
1297 3666 1466 3736 itaque
1501 3664 1566 3722 Ρ.
1601 3667 1844 3723 Servilio.
1881 3668 1941 3722 P.
1975 3669 2101 3725 Ser-

503 3744 665 3801 vilius
697 3743 871 3804 Vatia,
903 3750 958 3795 et
984 3743 1120 3808 App.
1148 3737 1408 3794 Claudius
1438 3737 1671 3792 Pulcher
1699 3739 1953 3794 consules
1987 3742 2104 3795 l'ue-

469 3868 478 3873 .
505 3827 637 3874 runt
666 3829 810 3868 anno
839 3825 1112 3876 DCLXXIII,
1163 3808 1336 3878 iisque
1372 3809 1686 3864 consulibus
1731 3809 1929 3866 creatis
1956 3812 2103 3867 Sulla

504 3887 779 3944 dictatura
819 3898 880 3938 se
911 3883 1054 3936 ultro
1091 3880 1386 3935 abdicavit.
1425 3881 1705 3951 Appianus
1729 3881 1825 3936 lib.
1875 3896 1931 3951 ι,
1978 3884 2106 3939 Plu-

511 3957 732 4014 tarchus
765 3956 817 4009 in
851 3953 1024 4009 Sulla.
1055 3951 1223 4007 FABR.

573 4028 630 4082 Ξ.
671 4027 826 4081 Visus
858 4033 934 4078 est
975 4023 1184 4076 tandem
1219 4020 1391 4080 Sulla.
1421 4022 1652 4090 Quidam
1684 4024 1852 4090 visus,
1883 4025 2106 4081 Veneta:

505 4097 882 4164 Edd.,Lucius
907 4094 1058 4149 Sulla
1087 4093 1293 4147 tandem
1320 4104 1393 4166 est
1415 4096 1672 4166 privatus.

584 4172 638 4226 3.
664 4163 733 4223 'Iu
762 4166 999 4222 discretis
1040 4165 1295 4220 wtatibus.
1342 4163 1514 4235 Lugd.
1546 4165 1686 4220 Batt.
1724 4183 1808 4235 pr.
1854 4176 1912 4224 et
1948 4177 2098 4235 tert.,

471 4283 474 4286 .
506 4257 634 4299 cum
657 4240 796 4295 Coll.
829 4235 1414 4310 Gronov.,indiscreta:
1443 4237 1634 4292 (etatis.
1687 4237 1790 4293 Ed.
1822 4243 1985 4310 Aug.,
2018 4240 2102 4294 in.

509 4313 748 4369 discretis
777 4308 1035 4366 wtatibus.

583 4383 641 4439 4.
674 4382 868 4455 Viginti
890 4388 1132 4450 quatuor.
1159 4377 1336 4436 Unum
1365 4379 1487 4450 plus
1509 4388 1758 4436 numerat
1785 4379 1960 4452 Lugd.
1983 4381 2104 4440 Bat.

513 4465 693 4529 quart.

2209 3671 2341 3728 ﬁsos
2373 3672 2646 3746 Britannis
2672 3673 2943 3746 etiGallis
2969 3674 3145 3746 dixit.
3189 3674 3388 3731 Verum
3429 3689 3531 3746 ego
3571 3674 3620 3730 itt
3661 3671 3814 3731 nullo

2209 3758 2315 3800 ms.
2343 3745 2568 3801 verbum
2598 3745 2776 3810 erecti,
2801 3745 3000 3811 inveni,
3028 3761 3218 3801 omnes
3244 3761 3373 3801 vero
3406 3745 3601 3802 habent
3631 3747 3809 3809 creati,

2212 3824 2266 3868 ut
2291 3823 2344 3870 et
2363 3814 2455 3870 ed.
2484 3817 2732 3885 August;
2757 3832 2925 3887 quare
2954 3827 3141 3873 contra
3171 3832 3304 3887 mss.
3328 3832 3650 3873 consensum
3679 3817 3813 3871 illud

2211 3889 2369 3939 erecti
2399 3887 2622 3943 retineri
2655 3902 2760 3942 non
2781 3886 2952 3956 posse
2974 3887 3182 3956 judico.
3213 3886 3351 3943 Cod.
3383 3904 3557 3954 meus,
3586 3896 3631 3942 et
3653 3888 3817 3941 creati

2213 3965 2260 4009 et
2298 3957 2558 4014 instructi.
2601 3960 2682 4013 Au
2722 3959 2940 4028 scripsit
2975 3959 3236 4016 Orosius?
3263 3976 3295 4013 a
3324 3957 3590 4014 Britannis
3619 3957 3814 4014 Gallis-

2213 4044 2310 4097 que
2341 4029 2547 4098 populis
2577 4038 2623 4098 et
2654 4031 2810 4084 creati
2839 4039 2886 4084 et
2909 4031 3170 4086 instructi.

2285 4099 2374 4154 16.
2414 4097 2518 4155 Aut
2557 4097 2723 4156 Crixi.
2766 4100 2842 4155 De
2880 4098 3036 4156 Crixo
3075 4101 3434 4170 gladiatorum
3488 4101 3624 4157 duce
3670 4098 3810 4154 infra

2211 4173 2391 4244 capite
2416 4171 2539 4244 Ault.
2589 4171 2853 4244 dicemus.
2907 4173 2964 4227 ln
3006 4173 3284 4243 impressis
3325 4173 3484 4244 vulgo
3524 4173 3676 4237 male,
3715 4182 3815 4227 aut

2213 4239 2390 4296 Crassi
2415 4241 2632 4311 legitur.
2663 4240 2830 4300 Fann.

2215 4313 2380 4454 dell};
2407 4311 2502 4368 Vel
2542 4314 2769 4386 defectu.
2812 4315 2904 4371 Sic
2942 4329 3075 4372 mss.
3117 4330 3335 4383 omnes,
3377 4325 3566 4373 contra
3607 4315 3809 4387 vulgg.,

2307 4401 2331 4437 c
2388 4401 2441 4438 ιι.

2253 4393 2441 4438 electu.

2289 4456 2374 4511 18.
2411 4453 2478 4510 In
2509 4457 2664 4532 hisce.
2702 4455 2972 4514 Florentt.
3010 4469 3141 4526 tres,
3172 4459 3248 4516 his
3275 4461 3611 4532 temporibus,
3634 4458 3813 4516 deleto

583 4507 638 4583 ἐξ
655 4507 833 4599 alios.
870 4523 1036 4579 Italia:
1063 4521 1286 4599 sci_licet_
1305 4521 1564 4599 populos,
1589 4524 1730 4576 nam
1759 4522 1955 4599 vitiose
1981 4522 2105 4579 edd.
2136 4507 2189 4570 D
2215 4507 2618 4599 ιηξιὶδιίςὲιιόιὲζ

509 4592 759 4669 quaedam
783 4606 894 4652 vet.
922 4593 1180 4668 quomodo
1205 4592 1291 4648 vel
1320 4594 1484 4664 quod,
1511 4601 1571 4649 ιιι
1599 4603 1654 4650 ct
1681 4594 1804 4650 cod.
1833 4594 2104 4665 Perizon.,

551 4684 618 4723 ιιο
647 4677 817 4723 neaet.

517 4685 618 4741 quo
647 4685 817 4738 neger.

584 4740 640 4795 6.
678 4738 888 4793 Vicerit.
922 4735 1167 4793 Florent.
1195 4751 1305 4807 pr.,
1335 4736 1479 4791 ricit.

583 4812 640 4865 7.
675 4809 816 4865 Prol:
841 4809 1008 4877 pudor
1031 4811 1052 4863 .'
1083 4806 1218 4877 Alii,
1247 4806 1390 4861 Proh
1418 4807 1570 4862 dolor
1590 4807 1612 4862 !

586 4883 644 5007 till.
682 4879 753 4936 Et
781 4881 884 4934 hic.
917 4879 1088 4952 Lugd.
1122 4879 1262 4934 Bait.
1289 4895 1372 4950 pr.
1393 4920 1409 4945 ,
1455 4889 1502 4934 et
1531 4880 1658 4934 lucc.
1694 4879 1938 4936 Florent.
1970 4894 2108 4947 sec.,

628 4970 734 5007 inc.

511 4963 563 5011 et
591 4956 734 5009 hinc.

589 5026 643 5080 9.
680 5025 810 5097 Tam
838 5021 1354 5097 apte._Lugd._Batt.
1387 5021 1494 5078 duo
1515 5061 1529 5086 ,
1563 5031 1666 5097 tarn
1692 5031 1888 5095 aperte.

587 5097 676 5153 10.
713 5094 941 5152 Dicetur.
975 5094 1146 5166 Lugd.
1172 5094 1315 5166 Ball.
1346 5103 1502 5166 teet"
1537 5094 1751 5148 dicitur.

586 5168 676 5224 11.
704 5165 907 5223 lustius
933 5163 1160 5238 quidem.
1209 5165 1378 5236 Lugd.
1413 5163 1532 5220 Bat.
1568 5181 1676 5236 pr.,
1701 5168 1847 5238 juste
1879 5165 2109 5238 quidem.

512 5239 790 5305 Perizon.,
814 5240 1010 5309 justius
1039 5239 1250 5309 quippe.

587 5313 676 5366 1'2.
714 5307 1004 5366 Sednobis.
1039 5307 1329 5378 Perperam
1362 5307 1635 5376 Perizon.,
1672 5308 1777 5364 Sed
1806 5325 1932 5362 non.

510 5453 557 5512 γ
585 5383 673 5508 1'5.
717 5381 1012 5436 Vocabulis.
1041 5380 1131 5436 Sic
1161 5394 1289 5436 mss.
1322 5390 1376 5437 et
1403 5379 1494 5436 ed.
1531 5383 1669 5451 Aug.
1695 5395 1709 5447 ;
1757 5379 2118 5450 vocabulisque

563 5470 594 5510 ιι
619 5470 704 5512 ait.

563 5470 704 5524 utgg.

583 5521 679 5584 ll:
709 5523 946 5578 Potestas
973 5523 1108 5578 irata
1132 5521 1359 5578 victoris.
1408 5522 1577 5594 Lugd.
1620 5522 1755 5577 Batt.
1807 5533 1936 5590 tres,
1985 5536 2108 5577 cum

509 5596 650 5655 Coll.
679 5597 942 5668 tironum,
972 5605 1196 5668 potestas
1225 5595 1346 5648 irati
1375 5596 1603 5668 victoris.

579 5671 670 5727 15.
704 5664 982 5723 Britannis
1022 5665 1292 5736 Gallisque
1335 5666 1541 5736 pepuli:
1586 5665 1744 5721 erecti
1769 5675 1816 5720 et
1842 5664 2104 5736 instructi.

503 5741 848 5804 Carausium,
895 5738 1183 5800 Allectutn,
1235 5734 1649 5791 Constantinum
1696 5736 1942 5806 aliosque
1988 5734 2105 5806 ejus

505 5811 768 5883 temporis
798 5822 1058 5882 tyrannos
1087 5806 1357 5878 intelligit,
1388 5806 1487 5866 hos
1517 5816 1734 5877 erectos,
1763 5806 1816 5863 id
1845 5815 1932 5863 est
1967 5822 2100 5864 con-

2288 4598 2374 4653 19.
2398 4597 2628 4681 .cherit,
2661 4602 2913 4681 senserit?
3067 4601 3229 4673 Aug.,
3251 4603 3500 4672 timuerit,
3529 4601 3808 4681 scripserit,

2212 4672 2450 4732 senserit,
2481 4672 2736 4744 nescierit.
2762 4673 3048 4741 Quomodo
3072 4672 3439 4744 Oppontintur,
3471 4676 3559 4744 qui
3582 4672 3808 4740 scripse-

2214 4748 2343 4823 runt
2369 4751 2421 4796 et
2451 4743 2542 4823 qui
2577 4743 2896 4823 timuerunt,
2924 4761 3018 4823 per
3057 4761 3186 4801 suas
3221 4746 3428 4823 scilicet
3476 4743 3640 4823 vices,
3681 4745 3806 4823 item

2213 4813 2304 4894 qui
2337 4813 2609 4894 senserint
2630 4813 3032 4894 etjnescierint,
3063 4831 3184 4894 cn_m
3205 4816 3424 4894 scilicet
3453 4825 3510 4894 et
3532 4815 3710 4884 scripti
3750 4816 3805 4869 in

2215 4885 2365 4958 iis_et
2401 4900 2505 4958 non
2537 4885 2722 4958 scripti
2738 4886 3082 4958 interierint.
3111 4887 3219 4944 Sed
3251 4887 3395 4942 malo
3420 4888 3705 4958 vulgatam.

2287 4953 2378 5008 20.
2406 4955 2480 5037 Ac
2500 4953 2673 5010 etiam.
2704 4957 2833 5014 Mss.
2863 4957 3103 5027 quidam,
3128 4969 3184 5012 ut
3210 4959 3396 5023 etiam;
3428 4953 3568 5014 forte
3594 4956 3805 5023 melius,

2214 5033 2368 5094 atque
2394 5033 2570 5080 etiam.

2284 5095 2376 5151 2t.
2421 5095 2520 5152 Vix
2544 5114 2755 5172 paucos.
2787 5099 2962 5172 Lugd.
2988 5101 3100 5157 Bal.
3137 5115 3222 5172 pr.
3253 5109 3308 5157 et
3347 5109 3475 5156 tert.
3514 5115 3634 5158 cum
3670 5097 3802 5154 Coll.

2217 5165 2483 5242 Gronov;,
2515 5165 2599 5242 uia;
2628 5165 2933 5242 perpaucos.

2288 5239 2378 5293 22.
2405 5238 2578 5294 Invito
2605 5238 2762 5294 etiam
2787 5243 3009 5310 rictore;
3038 5243 3177 5300 Coll.
3222 5241 3487 5310 Gronom,
3511 5259 3612 5299 uno
3636 5239 3807 5294 'etiant

2216 5310 2438 5382 victore;
2459 5326 2601 5382 mss.
2640 5311 2808 5382 Lugd.
2844 5314 2984 5372 Batt.
3015 5327 3146 5381 tres,
3179 5332 3281 5370 uno
3311 5318 3465 5369 etiam
3493 5324 3708 5368 auctore.

2290 5381 2488 5455 25._U_t_
2517 5383 2678 5455 verbis
2707 5381 2855 5439 uerba
2887 5403 2986 5440 non
3019 5402 3243 5441 onerent.
3275 5386 3411 5442 Tres
3441 5385 3606 5455 Lugd.
3627 5384 3805 5455 ἕπε-ο

2224 5466 2346 5508 cum
2375 5451 2514 5508 Coll.
2543 5453 2808 5521 Gronov.,
2841 5466 2894 5509 ιιι
2923 5457 3076 5510 verba
3105 5474 3224 5512 vera
3252 5474 3354 5512 non
3379 5451 3600 5512 onerent.
3624 5451 3806 5519 Forte,

2226 5532 2281 5577 ut
2310 5539 2426 5577 vera
2455 5523 2618 5577 verbis
2649 5541 2750 5579 non
2782 5543 3009 5581 onerent.

2286 5595 2378 5649 24.
2407 5594 2554 5650 Cresa
2577 5607 2650 5649 est
2679 5597 2733 5650 in
2772 5614 2899 5665 pace
2944 5597 3215 5656 nobilium.
3265 5598 3402 5654 Tres
3452 5598 3608 5653 iidem
3650 5607 3805 5665 mss.,

2215 5679 2337 5741 cum
2369 5665 2506 5720 Coll.
2538 5665 2729 5734 Gron.,
2765 5664 2849 5723 hic
2880 5670 3084 5740 legunt,
3115 5687 3250 5726 cazsa
3277 5679 3352 5725 est
3381 5681 3426 5724 et
3449 5672 3502 5724 in
3523 5664 3807 5741 ραιειιοὸὲο

2213 5735 2379 5798 lium:
2406 5752 2568 5805 supra
2602 5752 2751 5805 vero,
2785 5756 2889 5794 non
2919 5735 3218 5795 intinctam
3245 5742 3418 5796 modo.

2283 5809 2372 5865 25.
2407 5806 2563 5865 Sull‘a
2596 5819 2818 5881 mortuo,
2851 5809 3099 5884 Lepidus.
3141 5813 3215 5869 Μ.
3263 5811 3520 5872 ιΕιιιίιὶιιε
3566 5805 3798 5879 Lepidus
