4028 6274
250 236 386 297 θειι

1330 234 1804 295 ΗΙΞΤΟΒΙΑΒΒΜ
1845 232 2053 291 LIBER
2096 235 2160 291 ν.
2200 235 2355 292 CAP.
2398 234 2589 293 XXIV.

256 355 445 409 sclim
495 351 739 419 evertit,
788 347 1056 422 Corycum
1108 349 1271 437 diruit
1300 392 1316 417 ,
1375 351 1419 384 ”
1468 352 1631 407 Tauri
1685 358 1903 421 queque
1927 354 1980 415 Α
2008 352 2214 421 rapinis
2233 395 2247 421 ,
2274 350 2586 423 stuprlsque
2614 352 2799 408 omnia
2830 353 3152 420 miscerent,
3181 363 3205 395 ³
3233 354 3291 411 in
3315 354 3596 426 exsequiis

254 446 456 521 3.9
483 444 694 501 montis
723 443 894 499 latera
926 444 980 499 in
1008 442 1258 499 Ciliciam
1289 445 1564 515 vergentia
1590 452 1899 515 perscruta-
2001 444 2227 512 captivae
2250 451 2540 509 matronae,
2570 457 2691 514 quia
2716 460 2777 501 se
2803 444 2998 500 dolore
3022 444 3209 502 violati
3239 446 3470 518 pudoris
3504 462 3599 504 ne-

262 548 399 605 uts,
442 537 668 593 Isauros
717 535 861 592 bello
913 536 1136 602 fractos,
1169 539 1218 569 ’⁸
1256 538 1310 592 in
1342 534 1609 593 ditionem
1639 536 1894 610 redegit:

268 631 502 700 primus
528 630 905 686 Romanorum
937 644 1032 699 per
1061 629 1301 685 Taurum
1348 630 1511 685 duxit
1561 631 1890 698 exercitum,

266 737 357 777 ne
388 722 617 777 limitem
650 721 858 777 itineris
889 719 1040 777 fecit.
1074 720 1336 777 Triennio
1363 736 1610 792 emenso,
1638 736 1745 793 quo
1770 721 1889 779 bel-

270 812 405 868 lum
436 822 648 883 gestum
682 823 788 877 est,
824 811 1043 868 lsaurici
1085 828 1285 869 nomen
1336 813 1652 883 assumpsit.
1682 815 1726 848 "
1756 812 1892 870 Cos-

270 902 482 958 conius
513 903 844 973 proconsule
872 902 1101 959 sortitus
1133 903 1433 975 Illyricum.
1486 905 1715 975 protrita
1763 906 1894 961 sub-

274 1004 524 1065 actaque
562 994 853 1058 Dalmatia,
900 994 1151 1057 Salonas,
1207 998 1393 1052 urbem
1424 996 1887 1061 florentissimam,

272 1096 416 1159 post
440 1087 723 1143 biennium
751 1086 972 1143 tandem
1001 1091 1334 1159 expugnavit
1355 1100 1411 1146 et
1435 1092 1601 1161 cepit.

866 1220 1094 1280 CAPUT
1134 1222 1328 1280 XXIV.

276 1312 368 1371 De
387 1315 523 1371 bello
545 1316 882 1387 fugitivorum
907 1332 997 1371 seu
1022 1315 1401 1389 gladiatorum,
1428 1326 1477 1374 et
1498 1320 1732 1376 cladibus
1755 1322 1887 1393 ejus.

359 1452 377 1481 ¹
405 1450 565 1504 Anno
590 1451 661 1505 ab
690 1450 836 1507 Urbe
864 1450 1085 1507 condita
1126 1455 1526 1512 sexcentesimo
1554 1472 1742 1523 Lxxtx,
1777 1457 1883 1513 Lu-

270 1542 433 1599 cullo
458 1550 516 1598 et
544 1543 733 1598 Cassio
758 1542 1100 1609 cbnsulibus,
1132 1544 1152 1574 ²
1176 1545 1514 1616 gladiatores
1539 1551 1886 1620 septuaginta

269 1645 337 1690 et
359 1647 601 1705 quatuor
628 1632 827 1705 Capuae
854 1651 885 1690 a
920 1636 1049 1690 ludo
1068 1636 1237 1708 360
1264 1637 1363 1693 Cn.
1405 1637 1624 1694 Lentuli
1654 1640 1884 1713 diffuge-

1999 542 2240 603 cavcrat,
2274 550 2469 589 munus
2498 534 2861 606 gladiatorum
2890 552 2958 592 ex
2978 536 3397 610 quadringentis
3428 540 3601 610 captis

2001 625 2101 691 vis,
2134 625 2365 692 scilicet,
2395 623 2488 695 qui
2535 627 2816 696 spectandi
2865 627 3106 695 fuerant,
3150 629 3474 698 spectaturi,
3511 636 3599 684 ut-

2002 727 2129 789 pote
2149 717 2381 785 lauistae,
2404 717 2765 789 gladiatorum
2794 719 2971 791 potius
2999 736 3160 791 quam
3185 722 3418 778 militum
3445 723 3599 792 prin-

1998 812 2175 882 cipes,
2195 811 2506 868 ediderunt.
2530 812 2733 868 Deinde
2753 814 3009 870 consules
3031 814 3238 871 Gellius
3261 825 3312 871 et
3335 816 3601 872 Lentulus

1995 903 2258 959 adversus
2281 917 2378 959 eos
2402 918 2524 959 cum
2552 906 2829 962 exercitu'
2851 907 3027 972 missi,
3061 922 3295 977 quorum
3314 909 3355 939 ¹⁰
3379 908 3591 965 Cellius

1994 993 2239 1062 Crixum,
2289 996 2560 1051 acerrime
2606 1006 2979 1068 pugnantem,
3042 999 3230 1067 proelio
3284 1000 3594 1071 oppressit,

1994 1088 2280 1154 Lentulus,
2310 1104 2340 1142 a
2364 1088 2629 1159 Spartaco
2653 1100 2963 1161 superatus,
2999 1092 3226 1162 aufugit.
3257 1091 3392 1146 Post
3422 1093 3590 1148 etiam

1996 1180 2211 1236 collatis
2243 1179 2447 1236 frustra
2481 1181 2640 1236 ambo
2675 1182 2931 1238 consules
2958 1183 3162 1253 copiis,
3195 1191 3414 1253 accepta
3445 1184 3592 1253 gravi

1993 1272 2170 1339 clade,
2213 1272 2488 1343 fugerunt.
2529 1272 2736 1330 Dehinc
2785 1274 2848 1329 C.
2900 1274 3151 1331 Cassium
3208 1277 3591 1345 proconsulem

1997 1365 2184 1421 “idem
2198 1365 2495 1434 Spartacus
2510 1381 2833 1436 Oppressum
2850 1367 2994 1423 bello
3007 1367 3496 1439 interfecit.ltaque
3510 1384 3600 1425 ex-

1994 1458 2180 1513 territa
2201 1454 2433 1512 Civitale
2456 1472 2565 1513 non
2578 1460 2788 1515 minore
2815 1461 3208 1529 propemodum
3234 1471 3406 1527 metu,
3431 1476 3595 1533 quam

1993 1548 2094 1603 sub
2108 1548 2375 1604 Annibale
2385 1547 2526 1605 circa
2543 1560 2727 1618 portas
2751 1550 3017 1607 fremente
3032 1552 3421 1623 trepidaverat,
3435 1570 3596 1610 sena-

1998 1639 2348 1696 tusCrassum
2364 1656 2485 1695 cum
2502 1641 2807 1709 legionibus
2821 1644 2861 1675 ¹²
2874 1645 3160 1700 consulum
3176 1661 3435 1717 novoque
3455 1662 3593 1712 sup-

269 1738 414 1785 runt
438 1744 451 1783 :
475 1729 566 1798 qui
589 1729 877 1795 continuo,
899 1727 1129 1784 ducibus
1152 1728 1174 1760 ³
1197 1728 1362 1786 Crixo
1380 1742 1433 1786 et
1455 1730 1737 1788 (Enomao
1759 1734 1884 1789 Gal-
1919 1736 1961 1794 ll
1988 1732 2263 1802 plemento
2303 1732 2463 1805 361
2485 1733 2713 1789 militum
2732 1735 2896 1790 misit.
2935 1733 2985 1790 Is
3006 1751 3129 1792 mox
3158 1747 3216 1793 ut
3244 1737 3591 1809 fugitivorum

272 1825 371 1891 lis,
406 1834 460 1878 et
482 1823 750 1893 Spartaco
777 1823 1015 1890 Thrace,
1045 1821 1336 1879 Vesuvium
1378 1833 1618 1881 montem
1646 1841 1883 1896 occupa-

270 1924 510 1982 verunt;
545 1914 690 1972 unde
717 1927 1096 1986 erumpentes,
1120 1915 1143 1946 δ
1163 1915 1341 1973 Clodii
1370 1919 1644 1987 praetoris,
1675 1920 1764 1990 qui
1787 1935 1883 1976 eos

267 2010 571 2065 obsidione
604 2010 874 2078 cinxerat,
908 2020 1088 2066 castra
1114 2020 1541 2082 expugnarunt:
1576 2012 1806 2083 ipsoque
1828 2015 1882 2069 in

274 2105 467 2177 fugam
496 2113 640 2173 acto,
673 2113 867 2160 cuncta
901 2105 954 2160 in
984 2104 1224 2175 prtedam
1252 2105 1273 2137 ⁵
1295 2115 1596 2161 verterunt.
1626 2105 1757 2162 lude
1788 2123 1884 2175 per

273 2198 634 2253 Consentiam
675 2208 730 2251 et
776 2197 1149 2267 Metapontum
1204 2199 1585 2266 circumducti,
1640 2200 1883 2269 iugentia

276 2292 437 2347 brevi
460 2293 671 2362 agmina
698 2293 1060 2364 collegerunt.
1089 2293 1223 2350 Nam
1249 2296 1411 2352 Crixo
1431 2296 1623 2352 decem
1651 2298 1883 2353 millium

277 2384 611 2450 multitudo,
645 2386 910 2455 Spartaco
947 2396 1125 2442 autem
1180 2388 1384 2458 triplex
1446 2398 1574 2444 tunc
1620 2402 1884 2445 numerus

277 2477 453 2531 fuisse
483 2477 505 2509 ⁸
532 2477 784 2536 refertur.
812 2479 1129 2536 (Enomaus
1154 2480 1301 2536 enim
1322 2481 1434 2551 jam
1466 2483 1486 2513 ⁷
1510 2482 1564 2538 in
1594 2484 1883 2553 superiore

277 2566 431 2623 bello
460 2569 639 2626 fuerat
664 2570 902 2626 occisus.
931 2572 1118 2642 Itaque
1145 2586 1270 2628 eum
1292 2571 1560 2639 caedibus,
1586 2572 1877 2639 incendiis,

1990 1840 2220 1895 pugnam
2249 1825 2389 1895 iniit,
2407 1841 2500 1882 sex
2527 1827 2691 1883 millia
2729 1843 2917 1884 eorum
2946 1830 3246 1897 interiecit,
3289 1844 3593 1904 nongentos

1989 1936 2119 1976 vero
2141 1921 2449 1990 cepit.lude
2475 1923 2625 1992 prius
2653 1925 3004 1995 quamipsum
3018 1926 3480 1996 Spartacum“ad
3506 1944 3595 1986 ca-

1989 2023 2084 2085 put
2110 2013 2273 2070 Silari
2305 2015 2545 2072 lluminis
2560 2027 3059 2090 castrametantem,
3089 2023 3234 2077 bello
3265 2008 3594 2095 aggredere-

1992 2113 2097 2173 tur,
2120 2104 2303 2161 Gallos
2334 2104 2378 2136 “‘
2400 2108 2753 2165 auxiliatores
2778 2109 2897 2179 ejus
2926 2110 3341 2184 Germanosque
3366 2129 3597 2185 supera-

1991 2199 2106 2262 vit,
2157 2214 2189 2253 e
2226 2198 2424 2268 quibus
2478 2199 2694 2271 triginta
2742 2202 2909 2257 millia
2953 2204 3232 2259 hominum
3283 2222 3405 2262 cum
3462 2208 3593 2277 ipsis

1990 2290 2218 2346 ducibus
2245 2293 2463 2348 occidit.
2477 2293 2781 2351 Novissime
2806 2297 2982 2366 ipsum
3013 2296 3329 2367 Spartacum
3356 2299 3592 2370 disposia

1990 2391 2041 2437 ta
2066 2383 2188 2439 acie
2205 2398 2578 2455 congressum,
2596 2388 2973 2460 maximasque
2999 2404 3123 2447 cum
3142 2406 3209 2447 eo
3235 2392 3589 2464 fugitivorum

1987 2474 2177 2543 copias
2210 2475 2463 2543 perculit.
2478 2476 2613 2532 Nam
2637 2478 2681 2509 ¹⁵
2703 2480 2983 2551 sexaginta
3009 2496 3196 2537 eorum
3229 2483 3397 2538 millia
3423 2498 3587 2551 caesa,

1986 2582 2083 2624 sex
2127 2568 2293 2624 millia
2335 2577 2491 2640 capta
2531 2570 2875 2628 referuntur:
2911 2572 3015 2629 tria
3046 2572 3213 2630 millia
3241 2575 3441 2631 civium
3478 2577 3586 2632 Ro;

1586 2770 2034 2830 HAVERUAMPI
2072 2768 2300 2829 NOTE.

284 2912 374 2967 Ad
421 2908 701 2983 Olympum
737 2919 890 2983 atque
937 2906 1281 2983 Phaselida;_
1314 2911 1491 2983 item,_
1518 2910 1587 2963 ad
1637 2907 1892 2983 Gorqc‘um

281 2984 456 3047 dixit,
488 2980 714 3038 auctore
744 2980 914 3038 Prisc.
956 2983 1049 3038 lib.
1084 2998 1175 3036 xv.
1226 2981 1420 3037 Cicero
1448 2981 1604 3036 Verr.
1634 2996 1665 3033 v
1701 3000 1714 3036 :
1743 2980 1891 3033 Pha-

284 3053 417 3108 selis
442 3054 538 3107 illa
560 3069 714 3123 quam
736 3054 869 3120 cepit
901 3054 966 3108 P.
991 3054 1269 3124 Servilius,
1294 3070 1397 3106 non
1421 3056 1591 3124 fuerat
1621 3051 1743 3105 urbs
1770 3060 1891 3105 ante

284 3124 695 3194 Cilicumiatque
723 3123 1047 3191 pmdonum,
1075 3138 1182 3179 etc.
1208 3123 1375 3179 Faen.

362 3196 454 3250 27.
499 3193 659 3248 Tauri
681 3212 884 3266 quoque
910 3196 1115 3266 montis.
1159 3195 1332 3258 Meus,
1380 3194 1544 3266 Tauri
1573 3210 1774 3266 quoque
1801 3194 1884 3247 la-

285 3277 421 3321 tera.
456 3267 627 3337 Lugd.
664 3264 806 3319 Batt.‘
835 3276 968 3329 tres,
1000 3265 1257 3337 Taurique
1285 3267 1479 3337 montis
1505 3264 1697 3320 latera.

1995 2907 2095 3034 ἕντο
2137 2922 2227 2975 ιιι,
2263 2908 2444 2978 capite
2484 2907 2574 2963 20.
2626 2905 2839 2965 ninam
2878 2912 3184 2987 στρατηγὸν,
3232 2910 3582 2972 Plutarchus.

2041 2994 2162 3034 Αιιι.

2041 2994 2162 3035 ΔΒΕ.

2066 3051 2118 3104 5.
2167 3048 2460 3104 Verteruut.
2496 3049 2744 3120 Plerique
2772 3050 2932 3105 codd.
2962 3066 3120 3123 mss.,
3152 3068 3276 3109 cum
3297 3054 3387 3110 ed.
3420 3058 3587 3128 Aug.,

1991 3130 2304 3176 averterunt.
3366 3151 3373 3157 ·

2061 3190 2419 3335 6.qufertur.
2460 3191 2553 3248 Sic
2574 3192 2821 3248 scribere
2844 3191 3039 3263 iubent
3058 3206 3191 3251 mss.
3223 3197 3339 3255 fore
3368 3200 3584 3269 omnes,

2061 3281 2099 3318 In
2158 3279 2212 3315 er
2239 3280 2319 3316 ur.

1991 3280 2099 3319 non
2135 3279 2319 3319 tertur.

358 3338 450 3393 28.
496 3325 567 3391 1;;
586 3336 835 3391 ditionem
860 3325 1071 3405 redegit.
1116 3325 1193 3391 Ita
1223 3336 1392 3391 edidit
1420 3335 1724 3402 Fabricius,
1756 3348 1879 3390 cum
1909 3325 1955 3390 C
2007 3406 2026 3408 Α
2060 3337 2112 3389 7.
2133 3325 2222 3386 ’1η
2261 3335 2547 3408 superiore.
2592 3335 2706 3408 [luo
2755 3345 2810 3391 et
2845 3336 3024 3408 Lugd.
3078 3338 3246 3405 Batt.,
3277 3348 3401 3394 cum
3434 3339 3575 3397 Coll.

286 3421 414 3464 ante
444 3409 593 3464 illum
617 3408 743 3463 edd.
780 3423 972 3463 omnes
1004 3408 1269 3462 haberent
1298 3408 1350 3461 in
1380 3409 1699 3463 deditionem
1741 3409 1888 3461 rede-

284 3483 386 3552 git,
421 3481 571 3552 quod»
594 3490 679 3534 est
699 3490 978 3552 receptum
1012 3478 1265 3549 loquendi
1293 3492 1485 3549 genus,
1517 3480 1609 3552 ubi
1642 3481 1708 3552 de
1732 3478 1887 3535 hoste

285 3550 382 3619 qui
404 3550 740 3606 deditionem
764 3550 915 3617 facit,
946 3552 1146 3620 agitur,
1174 3561 1336 3619 atque
1359 3550 1636 3605 invenitur
1664 3550 1718 3605 in
1750 3565 1884 3604 mss.

288 3623 461 3692 Lugd.
494 3622 635 3680 Batt.
660 3629 912 3692 quatuor,
946 3622 1194 3676 Perizon.
1231 3628 1287 3675 et
1310 3621 1465 3685 Meo,
1497 3621 1775 3677 scribente
1806 3628 1887 3675 ta-

290 3710 417 3748 men
451 3693 591 3756 Meo,
619 3695 672 3746 in
701 3692 1015 3765 deditionem
1043 3694 1250 3765 recepit.
1285 3693 1393 3765 Pro
1426 3692 1658 3765 Fabricii
1708 3703 1886 3765 tamen

290 3766 531 3820 lectione
563 3773 667 3818 stat
699 3764 823 3819 eod.
857 3762 1225 3833 Longob.,'et
1251 3764 1415 3819 simili
1450 3763 1613 3817 modo
1645 3765 1699 3817 in
1729 3762 1890 3817 ditio-

289 3852 405 3890 nem
453 3835 622 3889 venire
648 3834 782 3889 dixit
816 3834 1146 3903 Pomponius
1170 3833 1239 3889 de
1283 3835 1502 3905 Origine
1542 3833 1887 3905 aeSuccess.

288 3907 592 3991 Dlztgistrat.
624 3921 744 4031 czap.
787 3906 877 3972 l8,
915 3920 969 3989 ρ.
1001 3906 1128 3973 275,
1176 3906 1287 3989 eda
1317 3904 1631 3986 “apertius.
1661 3905 1730 3958 de
1760 3904 1882 3987 Qri~

288 3994 415 4031 autc
463 3992 631 4031 turis:
703 3986 827 4031 aula
855 3976 1039 4030 deinde
1067 3976 1341 4031 Sardinia.
1372 3993 1490 4031 mox
1522 3975 1728 4031 Sicilia.
1765 3983 1882 4028 item

287 3975 415 4045 giuc
457 3977 631 4045 juris:
660 3975 827 4048 Capta
855 3976 1039 4048 deinde
1067 3976 1341 4040 Sardinia,
1372 3993 1490 4031 mea:
1522 3975 1728 4048 Sicilia,
1765 3976 1890 4028 item

291 4044 578 4119 Hispania,
602 4044 787 4103 deinde
814 4047 1168 4119 Narbbnensis
1188 4048 1452 4119 prouincia
1476 4063 1493 4101 :
1518 4044 1732 4119 totidem
1755 4060 1892 4117 pra:-

290 4116 451 4180 tore's,
485 4128 609 4189 quot
631 4118 907 4185 provincia:
934 4120 987 4173 in
1011 4116 1232 4173 ditiones
1256 4124 1526 4189 venerant,
1559 4116 1718 4169 creati
1743 4123 1885 4189 sunt.

298 4187 564 4261 itaquein
590 4190 841 4244 ditionem
868 4189 1080 4261 redegit,
1112 4188 1450 4249 tantumdem
1480 4195 1584 4256 est,
1616 4201 1681 4242 ac
1705 4187 1888 4258 populi

297 4260 531 4313 [inuitaui
560 4263 889 4330 provinciam
912 4260 1061 4315 fecit.

364 4331 458 4384 29.
485 4330 765 4386 Cosconius

294 4401 591 4470 Eutropius
617 4403 754 4458 libro
780 4400 858 4470 vt,
877 4403 966 4459 ubi
995 4402 1120 4457 libri
1149 4404 1199 4457 ei
1228 4401 1351 4457 Cnei
1382 4416 1695 4474 praenomen
1728 4400 1889 4474 dant,

294 4469 606 4543 perperam,
659 4483 718 4528 ut
766 4475 999 4543 opinor:
1032 4482 1115 4528 est
1164 4474 1309 4527 enim
1345 4469 1432 4528 hic
1459 4472 1521 4527 C.
1568 4469 1889 4536 Cosconius,

292 4542 458 4612 cujus
505 4543 702 4600 litteris
747 4542 963 4615 planum
996 4544 1196 4615 factum
1231 4544 1360 4607 fuit,
1393 4544 1662 4615 legionem
1712 4555 1835 4596 esse
1863 4556 1892 4595 ει

1993 3406 2268 3471 Grnnov.,
2290 3406 2575 3473 superiore,
2609 3406 2791 3462 deleto
2820 3410 2895 3461 in.

2063 3479 2116 3533 8.
2162 3476 2227 3529 In
2260 3478 2514 3565 exsequiis
2560 3478 2797 3565 captiva.
2841 3480 3156 3565 Appianus:
3180 3478 3238 3535 '0
3259 3480 3318 3565 di
3345 3484 3586 3565 Σπάρεοι·

1990 3571 2079 3639 ξος
2091 3550 2435 3639 “cptazoeiooc.
2454 3550 3104 3639 Ῥωμαίωνιαίχμαέᾠτογς
3133 3553 3371 3639 ἕνμγὶσαξ
3398 3550 3578 3639 apage»,

1994 3619 2206 3698 ᾅυοδέὶια
2244 3619 2498 3698 popinam:
2535 3619 3000 3698 (Ρωμαίων-ᾖιζῴν
3029 3625 3081 3684 ἐς
3118 3619 3305 3698 Ῥὼρξην
3337 3619 3585 3698 barri-yria.

1995 3686 2283 3759 Spartacus
2297 3686 2383 3743 tibi
2406 3686 2655 3745 trecentos
2671 3686 3185 3761 captivosVRomanos
3197 3686 3351 3748 Crixo
3368 3686 3587 3760 inferias

1991 3763 2154 3832 misit,
2185 3776 2305 3813 cum
2329 3776 2434 3815 cxx
2468 3761 2694 3832 millibus
2726 3763 2956 3832 peditum
2985 3763 3340 3817 llomnnorum
3370 3764 3441 3817 ad
3474 3764 3585 3819 Ur-

1990 3831 2099 3886 bem
2124 3832 2408 3904 contendit.
2444 3833 2577 3886 Ilinc
2606 3831 2801 3904 Florus
2831 3852 2844 3887 :
2873 3833 3255 3901 Defunctorum
3277 3834 3463 3904 prrelio
3486 3837 3586 3888 du-

1995 3918 2110 3956 cum
2137 3903 2322 3968 funera
2349 3901 2692 3973 imperatoriis
2721 3901 2993 3957 celebravit
3018 3901 3292 3974 exsequiis,
3324 3904 3586 3974 captivos-

1994 3989 2093 4041 que
2118 3974 2255 4025 circa
2280 3988 2462 4042 rogum
2484 3974 2641 4043 jussit
2660 3975 2819 4027 armis
2846 3976 3161 4043 depugnare.
3195 3973 3360 4029 Faue.
3378 3973 3450 4015 ὲ-
3466 3975 3589 4032 Mox

2005 4043 2221 4115 mallem
2233 4113 2241 4115 _
2254 4056 2342 4115 mu
2351 4056 2450 4115 nus
2477 4042 2753 4115 gladiatori
2762 4060 2845 4097 nm
2876 4058 2973 4112 pro
2987 4042 3373 4115 gladiatorum.

2075 4113 2128 4169 9.
2165 4111 2338 4183 Missi.
2382 4111 2515 4183 Mss.
2543 4114 2789 4183 quidam,
2820 4111 2937 4168 sunt
2966 4111 3129 4168 missi.

2069 4184 2154 4240 10.
2198 4181 2398 4237 Gellius
2426 4180 2658 4258 Gripum.
2683 4184 2905 4258 Crixum
2930 4183 3077 4239 circa
3100 4184 3413 4258 Garganum
3435 4198 3594 4244 mon-

1997 4266 2104 4329 t_em
2126 4266 2451 4329 oppressum
2479 4254 2982 4329 fuisse,_Appianus
3010 4254 3237 4323 scribit,
3261 4273 3292 4313 a
3319 4270 3451 4329 quo,
3482 4266 3539 4315 et
3558 4274 3594 4316 a

791 4347 1031 4401 procons.
1066 4331 1140 4386 De
1173 4331 1337 4386 rebus
1367 4346 1397 4385 a
1426 4328 1697 4386 Cosconio
1727 4329 1895 4401 gestis
1996 4324 2293 4401 Plutarcho
2321 4325 2475 4401 plura
2500 4337 2645 4395 pete.
2670 4324 2836 4382 FABlt.

2070 4397 2157 4452 ll.
2199 4393 2657 4469 [dem.oFlo‘rent.
2700 4413 2807 4469 pr.,
2836 4398 3049 4453 ibidem.

2070 4469 2156 4527 l2.
2199 4464 2507 4522 Coasulum.
2548 4464 2721 4524 Abest
2743 4464 2812 4525 ab
2833 4473 2918 4524 ed.
2945 4470 3200 4537 Augusl.,
3228 4470 3321 4527 sed
3348 4470 3598 4527 scribunt

1998 4539 2259 4594 consulem
2289 4546 2400 4593 tres
2422 4538 2592 4607 Lugd.
2616 4541 2759 4595 Batt.
2776 4552 2830 4595 et
2855 4541 2998 4595 Coll.
3022 4540 3192 4596 Gron.
3219 4543 3382 4608 male,
3405 4556 3591 4597 consu-

298 4608 474 4669 Bulbo
500 4608 844 4671 sollicitatam
880 4616 931 4671 in
963 4614 1200 4685 Illyrico,
1231 4624 1289 4668 ut
1316 4608 1548 4670 testatur
1577 4612 1768 4668 Cicero
1796 4625 1895 4682 pro
1998 4609 2127 4685 tuin,
2161 4608 2224 4685 id
2248 4617 2335 4664 est
2345 4611 2643 4685 utriusque
2685 4613 2946 4677 consulis,
2971 4613 3119 4685 totis
3136 4613 3341 4681 imperii
3366 4612 3591 4682 viribus,

295 4685 576 4739 Cluentio.
608 4686 774 4742 FABII.

959 4757 1108 4811 Anno
1158 4755 1221 4810 ab
1273 4754 1400 4811 Urb.
1431 4756 1586 4812 cond.
1644 4719 1975 4811 DCLXXIX.D

1998 4692 2058 4754 ut
2083 4681 2319 4751 loquitur
2345 4681 2540 4736 Florus
2567 4684 2662 4754 lib.
2698 4698 2775 4748 ut,
2807 4700 2931 4753 cap.
2955 4684 3047 4737 20.
3077 4683 3372 4754 Utriusque
3393 4681 3598 4739 consu-

2001 4750 2069 4807 lis
2103 4750 2229 4808 tunc
2258 4756 2562 4825 exercitum
2595 4753 2849 4810 habuisse
2877 4750 3156 4825 Crassum,
3184 4750 3419 4825 qui'tum
3452 4771 3600 4822 prae-

297 4825 565 4896 Eutropio
619 4829 707 4883 hic
737 4845 909 4883 anuus
938 4837 1022 4882 est
1050 4842 1352 4891 ncnxxvm;
1405 4829 1529 4883 aliis
1557 4841 1756 4892 ncxxx,
1788 4839 1897 4895 quo
1999 4832 2085 4878 tor
2112 4833 2251 4887 erat,
2285 4824 2339 4877 in
2376 4824 2495 4878 Vita
2524 4822 2708 4881 Crassi
2744 4833 2976 4880 testatur
3006 4822 3335 4881 Plutarchus
3369 4841 3421 4896 p.
3453 4826 3592 4882 548:

298 4901 558 4953 consules
608 4901 832 4955 fuerunt
881 4899 951 4954 bl.
984 4899 1284 4954 Terentius
1310 4898 1483 4954 Varro
1532 4896 1789 4954 Lucullus
1840 4906 1896 4951 et
2001 4903 2286 4963 postquam
2317 4897 2463 4950 enim
2508 4897 2748 4951 narravit
2797 4904 3089 4963 utrumque
3132 4898 3437 4958 consulem.
3470 4896 3602 4951 Gcl-
3692 4948 3703 4953 -

299 4969 369 5023 C.
407 4969 649 5025 Cassius.
682 4970 849 5026 Faue.

371 5038 431 5093 2.
472 5038 804 5097 Gladiatores
852 5056 1031 5097 Lxxtv.
1077 5039 1344 5095 Eutndem
1382 5054 1671 5094 numerum
1725 5037 1895 5093 habet

298 5109 509 5173 Livius,
530 5120 599 5184 et
630 5114 948 5182 Eutropius;
980 5111 1257 5184 Appianus
1277 5152 1290 5171 ,
1320 5107 1901 5184 povopéixoogjé’domi-

295 5198 485 5255 unum;
526 5180 880 5255 Plutarchi"
900 5180 1128 5249 Crasse,
1160 5180 1469 5255 ὁγδοήόεοντὰ
1498 5181 1638 5237 δυοίν
1662 5180 1894 5255 disarm.

302 5252 563 5326 ΙῖΑΒιιλ-έ-
583 5254 755 5326 Lugd.
785 5256 898 5309 Bal.
929 5252 1413 5326 quart_._uum_crat,
1446 5268 1599 5318 xciv;
1622 5252 1719 5326 s_e_d
1745 5258 1897 5318 tert.,

296 5338 426 5378 cum
448 5322 592 5381 Coll.
622 5322 794 5380 Gron.
817 5334 874 5380 et
900 5322 1058 5379 codd.
1086 5324 1226 5386 Meo,
1254 5323 1505 5378 Perizon.
1536 5338 1601 5378 ac
1628 5322 1896 5377 Florenti.

299 5395 510 5467 tribus,
530 5398 818 5467 sexagintrr
835 5406 881 5449 et
906 5407 1129 5467 quatuor
1157 5398 1446 5467 numerant
1470 5393 1583 5447 sive
1604 5392 1873 5467 scribunt.

2003 4965 2134 5021 lium
2168 4976 2227 5022 et
2255 4967 2568 5031 Lentulum,
2602 4977 2792 5022 contra
2827 4967 3083 5036 fugitivos
3130 4969 3357 5023 missum
3406 4967 3601 5036 fuisse,

2002 5038 2174 5104 addit,
2207 5050 2482 5104 senatum,
2504 5040 2824 5093 consulibus
2853 5036 3151 5102 infensum,
3172 5039 3428 5105 iussisse,
3462 5038 3606 5094 nihil

2006 5123 2104 5232 3m
2133 5109 2367 5178 imperio
2395 5118 2453 5162 ιιι
2485 5118 2730 5180 agerent,
2762 5121 2926 5179 atque
2955 5107 3157 5163 Crasso
3190 5108 3391 5164 bellum
3442 5122 3602 5163 man-

2043 5193 2185 5232 asse.

2043 5193 2185 5233 asse.

2086 5253 2166 5320 l3.
2196 5249 2277 5302 Ad
2306 5260 2460 5320 caput
2492 5249 2681 5304 Silari.
2715 5251 2791 5304 De
2818 5248 2997 5305 Silaro
3017 5291 3030 5313 ,
3059 5251 3145 5316 qui
3176 5262 3229 5304 et
3253 5249 3446 5305 Silaris
3471 5250 3609 5305 dici-

2008 5319 2344 5391 tur,gStrabo
2383 5321 2522 5374 libro
2549 5335 2579 5372 ν
2621 5320 2724 5376 sub
2753 5320 2870 5386 liu.,
2900 5321 3106 5375 Plinius
3133 5321 3230 5375 lib.
3263 5336 3321 5375 ιιι
3347 5336 3468 5391 cap.
3501 5321 3607 5376 105

2008 5400 2064 5445 et
2086 5390 2177 5445 ltb.
2199 5405 2257 5443 ιιι
2284 5404 2402 5458 cap.
2424 5391 2476 5445 5.
2514 5391 2588 5445 De
2613 5406 2841 5445 numero
2870 5391 3273 5447 interfectorum
3297 5390 3481 5447 Livius
3506 5392 3604 5447 lib.

375 5467 430 5519 3.
471 5465 630 5521 Crixo
660 5454 708 5520 ’ἐι
738 5454 1032 5521 (nmmo.
1073 5463 1153 5518 lta
1194 5465 1295 5518 ltos
1325 5464 1492 5518 duces
1541 5454 1902 5518 nominandus
2008 5475 2167 5515 xcv".
2208 5454 2375 5515 Faue.

299 5550 428 5591 esse
460 5552 567 5592 non
603 5537 768 5591 modo
794 5537 1095 5605 Appianus,
1129 5550 1318 5590 verum
1352 5534 1515 5589 etiam
1550 5534 1678 5589 libri
1705 5532 1903 5589 vetusti

301 5610 560 5679 probant.
605 5606 775 5679 Esau.

292 5677 317 5725 ,”
372 5678 429 5732 ὦ.
477 5677 655 5732 Clodii

302 5747 475 5805 habet
505 5742 1015 5802 Livius-libroxcm
1040 5742 1280 5800 Clodium
1312 5746 1568 5801 Glabrum
1618 5742 1813 5801 Florus
1845 5744 1907 5798 li-

2083 5530 2168 5584 14.
2246 5532 2594 5604 Auxiliatores
2646 5533 2780 5604 ejus.
2845 5532 2958 5604 Vox
3027 5534 3301 5602 posterior
3340 5534 3510 5604 abeSt
3574 5547 3607 5588 a

2010 5601 2257 5675 Perizon.
2305 5602 2431 5656 dein
2484 5604 2632 5657 Meus
2671 5600 2849 5674 legit;
2891 5600 3283 5675 Germanosque
3334 5600 3466 5658 bello
3512 5616 3607 5656 stt-

702 5676 961 5745 prtctoris.
1005 5674 1280 5745 Claudium
1333 5672 1615 5729 Pulchrum
1666 5674 1904 5743 legatum
2012 5674 2229 5745 paravit.

2086 5743 2173 5799 l5.
2197 5745 2480 5815 Sexaginta
2504 5758 2681 5799 eorum
2706 5744 2893 5800 titillat.
2925 5745 3172 5803 Pcrlwn.
3205 5749 3311 5801 sill
3335 5750 3608 5801 numerat.
