  <div class='ocr_page' id='page_1' title='image "/cluster/home/n/w/nwhite01/storage/ocr_20150623/31/uva.x000826569/499.png"; bbox 0 0 4028 6432; ppageno 0'>
   <div class='ocr_carea' id='block_1_1' title="bbox 547 300 658 358">
    <p class='ocr_par' dir='ltr' id='par_1_1' title="bbox 547 300 658 358">
     <span class='ocr_line' id='line_1_1' title="bbox 547 300 658 358; baseline 0 0"><span class='ocrx_word' id='word_1_1' title='bbox 547 300 658 358; x_wconf 76' lang='lat'><strong>985</strong></span> 
     </span>
    </p>
   </div>
   <div class='ocr_carea' id='block_1_2' title="bbox 1954 286 2425 347">
    <p class='ocr_par' dir='ltr' id='par_1_2' title="bbox 1954 286 2425 347">
     <span class='ocr_line' id='line_1_2' title="bbox 1954 286 2425 347; baseline 0 -2"><span class='ocrx_word' id='word_1_2' title='bbox 1954 286 2161 347; x_wconf 84' lang='lat' dir='ltr'><strong>PAULI</strong></span> <span class='ocrx_word' id='word_1_3' title='bbox 2200 287 2425 346; x_wconf 81' lang='lat' dir='ltr'><strong>OROSII</strong></span> 
     </span>
    </p>
   </div>
   <div class='ocr_carea' id='block_1_3' title="bbox 3720 291 3810 350">
    <p class='ocr_par' dir='ltr' id='par_1_3' title="bbox 3720 291 3810 350">
     <span class='ocr_line' id='line_1_3' title="bbox 3720 291 3810 350; baseline 0 0"><span class='ocrx_word' id='word_1_4' title='bbox 3720 291 3810 350; x_wconf 62' lang='lat'><strong>984</strong></span> 
     </span>
    </p>
   </div>
   <div class='ocr_carea' id='block_1_4' title="bbox 543 397 3814 479">
    <p class='ocr_par' dir='ltr' id='par_1_4' title="bbox 543 397 3814 479">
     <span class='ocr_line' id='line_1_4' title="bbox 543 397 3814 479; baseline -0.004 -9"><span class='ocrx_word' id='word_1_5' title='bbox 543 424 832 470; x_wconf 88' lang='lat' dir='ltr'><strong>manorum</strong></span> <span class='ocrx_word' id='word_1_6' title='bbox 858 414 1077 479; x_wconf 88' lang='lat' dir='ltr'><strong>recepta</strong></span> <span class='ocrx_word' id='word_1_7' title='bbox 1104 410 1249 461; x_wconf 89' lang='lat' dir='ltr'><strong>sunt.</strong></span> <span class='ocrx_word' id='word_1_8' title='bbox 1263 400 1458 460; x_wconf 84' lang='lat' dir='ltr'><strong>Caeteri</strong></span> <span class='ocrx_word' id='word_1_9' title='bbox 1482 400 1572 474; x_wconf 89' lang='lat' dir='ltr'><strong>qui</strong></span> <span class='ocrx_word' id='word_1_10' title='bbox 1599 415 1666 457; x_wconf 81' lang='lat' dir='ltr'><strong>ex</strong></span> <span class='ocrx_word' id='word_1_11' title='bbox 1696 401 1801 458; x_wconf 90' lang='lat' dir='ltr'><strong>hoc</strong></span> <span class='ocrx_word' id='word_1_12' title='bbox 1828 400 1973 458; x_wconf 90' lang='lat' dir='ltr'><strong>bello</strong></span> <span class='ocrx_word' id='word_1_13' title='bbox 2003 400 2141 473; x_wconf 81' lang='lat' dir='ltr'><strong>lapsi</strong></span> <span class='ocrx_word' id='word_1_14' title='bbox 2167 403 2223 464; x_wconf 74' lang='grc' dir='ltr'><strong>Α</strong></span> <span class='ocrx_word' id='word_1_15' title='bbox 2246 399 2499 456; x_wconf 75' lang='lat' dir='ltr'><strong>ardentes</strong></span> <span class='ocrx_word' id='word_1_16' title='bbox 2542 397 2707 455; x_wconf 88' lang='lat' dir='ltr'><strong>sudes</strong></span> <span class='ocrx_word' id='word_1_17' title='bbox 2754 397 2932 470; x_wconf 79' lang='lat' dir='ltr'><strong>sparsi</strong></span> <span class='ocrx_word' id='word_1_18' title='bbox 2972 407 3100 455; x_wconf 91' lang='lat' dir='ltr'><strong>sunt</strong></span> <span class='ocrx_word' id='word_1_19' title='bbox 3129 440 3145 467; x_wconf 92' lang='lat'><strong>,</strong></span> <span class='ocrx_word' id='word_1_20' title='bbox 3185 401 3467 473; x_wconf 85' lang='lat' dir='ltr'><strong>multaque</strong></span> <span class='ocrx_word' id='word_1_21' title='bbox 3496 399 3727 456; x_wconf 84' lang='lat' dir='ltr'><strong>incendia</strong></span> <span class='ocrx_word' id='word_1_22' title='bbox 3758 417 3814 458; x_wconf 75' lang='lat' dir='ltr'><strong>ex</strong></span> 
     </span>
    </p>
   </div>
   <div class='ocr_carea' id='block_1_5' title="bbox 547 492 2149 572">
    <p class='ocr_par' dir='ltr' id='par_1_5' title="bbox 547 492 2149 572">
     <span class='ocr_line' id='line_1_5' title="bbox 547 492 2149 572; baseline -0.009 -9"><span class='ocrx_word' id='word_1_23' title='bbox 547 505 901 572; x_wconf 91' lang='lat' dir='ltr'><strong>oberrabant,</strong></span> <span class='ocrx_word' id='word_1_24' title='bbox 934 515 1032 572; x_wconf 84' lang='lat' dir='ltr'><strong>per</strong></span> <span class='ocrx_word' id='word_1_25' title='bbox 1057 497 1366 570; x_wconf 83' lang='lat' dir='ltr'><strong>complures</strong></span> <span class='ocrx_word' id='word_1_26' title='bbox 1394 496 1561 552; x_wconf 90' lang='lat' dir='ltr'><strong>duces</strong></span> <span class='ocrx_word' id='word_1_27' title='bbox 1599 494 1865 567; x_wconf 92' lang='lat' dir='ltr'><strong>frequenti</strong></span> <span class='ocrx_word' id='word_1_28' title='bbox 1895 492 2149 566; x_wconf 77' lang='lat' dir='ltr'><strong>indagine</strong></span> 
     </span>
    </p>
   </div>
   <div class='ocr_carea' id='block_1_6' title="bbox 548 588 2145 662">
    <p class='ocr_par' dir='ltr' id='par_1_6' title="bbox 548 588 2145 662">
     <span class='ocr_line' id='line_1_6' title="bbox 548 588 2145 662; baseline -0.006 -9"><span class='ocrx_word' id='word_1_29' title='bbox 548 600 595 632; x_wconf 86' lang='grc'><strong>¹⁶</strong></span> <span class='ocrx_word' id='word_1_30' title='bbox 642 597 810 653; x_wconf 88' lang='lat' dir='ltr'><strong>attriti</strong></span> <span class='ocrx_word' id='word_1_31' title='bbox 848 603 996 651; x_wconf 90' lang='lat' dir='ltr'><strong>sunt.</strong></span> <span class='ocrx_word' id='word_1_32' title='bbox 1049 594 1120 648; x_wconf 84' lang='lat' dir='ltr'><strong>At</strong></span> <span class='ocrx_word' id='word_1_33' title='bbox 1169 606 1270 662; x_wconf 82' lang='lat' dir='ltr'><strong>ego</strong></span> <span class='ocrx_word' id='word_1_34' title='bbox 1320 590 1514 645; x_wconf 90' lang='lat' dir='ltr'><strong>iterum</strong></span> <span class='ocrx_word' id='word_1_35' title='bbox 1570 603 1636 645; x_wconf 88' lang='lat' dir='ltr'><strong>ac</strong></span> <span class='ocrx_word' id='word_1_36' title='bbox 1680 588 1881 660; x_wconf 62' lang='lat' dir='ltr'><strong>sapius</strong></span> <span class='ocrx_word' id='word_1_37' title='bbox 1920 596 2145 659; x_wconf 85' lang='lat' dir='ltr'><strong>repeto,</strong></span> 
     </span>
    </p>
   </div>
   <div class='ocr_carea' id='block_1_7' title="bbox 551 682 2149 761">
    <p class='ocr_par' dir='ltr' id='par_1_7' title="bbox 551 682 2149 761">
     <span class='ocr_line' id='line_1_7' title="bbox 551 682 2149 761; baseline -0.008 -13"><span class='ocrx_word' id='word_1_38' title='bbox 551 695 736 748; x_wconf 85' lang='lat' dir='ltr'><strong>&quot;num</strong></span> <span class='ocrx_word' id='word_1_39' title='bbox 749 688 1006 761; x_wconf 82' lang='lat' dir='ltr'><strong>quidnam</strong></span> <span class='ocrx_word' id='word_1_40' title='bbox 1028 696 1083 743; x_wconf 91' lang='lat' dir='ltr'><strong>et</strong></span> <span class='ocrx_word' id='word_1_41' title='bbox 1113 682 1808 755; x_wconf 87' lang='lat' dir='ltr'><strong>hiccomparationealiqua</strong></span> <span class='ocrx_word' id='word_1_42' title='bbox 1832 690 1992 753; x_wconf 86' lang='lat' dir='ltr'><strong>egent</strong></span> <span class='ocrx_word' id='word_1_43' title='bbox 2016 692 2149 736; x_wconf 84' lang='lat' dir='ltr'><strong>tent-</strong></span> 
     </span>
    </p>
   </div>
   <div class='ocr_carea' id='block_1_8' title="bbox 547 772 2149 856">
    <p class='ocr_par' dir='ltr' id='par_1_8' title="bbox 547 772 2149 856">
     <span class='ocr_line' id='line_1_8' title="bbox 547 772 2149 856; baseline -0.007 -17"><span class='ocrx_word' id='word_1_44' title='bbox 547 782 709 856; x_wconf 83' lang='lat' dir='ltr'><strong>pora?</strong></span> <span class='ocrx_word' id='word_1_45' title='bbox 728 781 881 850; x_wconf 85' lang='lat' dir='ltr'><strong>Quis,</strong></span> <span class='ocrx_word' id='word_1_46' title='bbox 897 792 1053 849; x_wconf 89' lang='lat' dir='ltr'><strong>rogo,</strong></span> <span class='ocrx_word' id='word_1_47' title='bbox 1077 775 1264 833; x_wconf 89' lang='lat' dir='ltr'><strong>audire</strong></span> <span class='ocrx_word' id='word_1_48' title='bbox 1288 791 1396 833; x_wconf 92' lang='lat' dir='ltr'><strong>non</strong></span> <span class='ocrx_word' id='word_1_49' title='bbox 1411 776 1653 838; x_wconf 82' lang='lat' dir='ltr'><strong>horreat.</strong></span> <span class='ocrx_word' id='word_1_50' title='bbox 1678 789 1786 831; x_wconf 93' lang='lat' dir='ltr'><strong>non</strong></span> <span class='ocrx_word' id='word_1_51' title='bbox 1799 774 1977 830; x_wconf 90' lang='lat' dir='ltr'><strong>dicam</strong></span> <span class='ocrx_word' id='word_1_52' title='bbox 2004 772 2149 830; x_wconf 89' lang='lat' dir='ltr'><strong>bella</strong></span> 
     </span>
    </p>
   </div>
   <div class='ocr_carea' id='block_1_9' title="bbox 547 868 2148 943">
    <p class='ocr_par' dir='ltr' id='par_1_9' title="bbox 547 868 2148 943">
     <span class='ocr_line' id='line_1_9' title="bbox 547 868 2148 943; baseline -0.007 -11"><span class='ocrx_word' id='word_1_53' title='bbox 547 876 707 943; x_wconf 90' lang='lat' dir='ltr'><strong>talia,</strong></span> <span class='ocrx_word' id='word_1_54' title='bbox 758 873 855 930; x_wconf 89' lang='lat' dir='ltr'><strong>sed</strong></span> <span class='ocrx_word' id='word_1_55' title='bbox 900 872 985 927; x_wconf 89' lang='lat' dir='ltr'><strong>vel</strong></span> <span class='ocrx_word' id='word_1_56' title='bbox 1016 870 1235 928; x_wconf 90' lang='lat' dir='ltr'><strong>nomina</strong></span> <span class='ocrx_word' id='word_1_57' title='bbox 1264 870 1307 902; x_wconf 80' lang='lat'>“&#39;</span> <span class='ocrx_word' id='word_1_58' title='bbox 1347 877 1495 925; x_wconf 90' lang='lat' dir='ltr'><strong>tanta</strong></span> <span class='ocrx_word' id='word_1_59' title='bbox 1534 868 1801 924; x_wconf 88' lang='lat' dir='ltr'><strong>bellorum</strong></span> <span class='ocrx_word' id='word_1_60' title='bbox 1828 908 1844 933; x_wconf 92' lang='lat'><strong>,</strong></span> <span class='ocrx_word' id='word_1_61' title='bbox 1885 877 2148 934; x_wconf 79' lang='lat' dir='ltr'><strong>externa,</strong></span> 
     </span>
    </p>
   </div>
   <div class='ocr_carea' id='block_1_10' title="bbox 546 960 2152 1034">
    <p class='ocr_par' dir='ltr' id='par_1_10' title="bbox 546 960 2152 1034">
     <span class='ocr_line' id='line_1_10' title="bbox 546 960 2152 1034; baseline -0.008 -8"><span class='ocrx_word' id='word_1_62' title='bbox 546 968 797 1034; x_wconf 82' lang='lat' dir='ltr'><strong>servilia,</strong></span> <span class='ocrx_word' id='word_1_63' title='bbox 828 964 1073 1031; x_wconf 83' lang='lat' dir='ltr'><strong>socialia,</strong></span> <span class='ocrx_word' id='word_1_64' title='bbox 1092 962 1298 1028; x_wconf 84' lang='lat' dir='ltr'><strong>civilia,</strong></span> <span class='ocrx_word' id='word_1_65' title='bbox 1329 960 1826 1034; x_wconf 84' lang='lat' dir='ltr'><strong>fugitivorumque?</strong></span> <span class='ocrx_word' id='word_1_66' title='bbox 1851 960 1891 993; x_wconf 74' lang='grc' dir='ltr'><strong>⁸ο</strong></span> <span class='ocrx_word' id='word_1_67' title='bbox 1931 974 2053 1031; x_wconf 71' lang='lat' dir='ltr'><strong>qua:</strong></span> <span class='ocrx_word' id='word_1_68' title='bbox 2081 972 2152 1013; x_wconf 91' lang='lat' dir='ltr'><strong>ne</strong></span> 
     </span>
    </p>
   </div>
   <div class='ocr_carea' id='block_1_11' title="bbox 552 1050 2154 1131">
    <p class='ocr_par' dir='ltr' id='par_1_11' title="bbox 552 1050 2154 1131">
     <span class='ocr_line' id='line_1_11' title="bbox 552 1050 2154 1131; baseline -0.009 -13"><span class='ocrx_word' id='word_1_69' title='bbox 552 1061 634 1119; x_wconf 92' lang='lat' dir='ltr'><strong>sic</strong></span> <span class='ocrx_word' id='word_1_70' title='bbox 681 1058 903 1131; x_wconf 84' lang='lat' dir='ltr'><strong>quidem</strong></span> <span class='ocrx_word' id='word_1_71' title='bbox 950 1056 1143 1112; x_wconf 90' lang='lat' dir='ltr'><strong>saltem</strong></span> <span class='ocrx_word' id='word_1_72' title='bbox 1174 1068 1316 1120; x_wconf 87' lang='lat' dir='ltr'><strong>sese,</strong></span> <span class='ocrx_word' id='word_1_73' title='bbox 1346 1063 1408 1109; x_wconf 91' lang='lat' dir='ltr'><strong>ut</strong></span> <span class='ocrx_word' id='word_1_74' title='bbox 1434 1053 1690 1109; x_wconf 75' lang='lat' dir='ltr'><strong>commoti</strong></span> <span class='ocrx_word' id='word_1_75' title='bbox 1718 1051 1885 1107; x_wconf 88' lang='lat' dir='ltr'><strong>maris</strong></span> <span class='ocrx_word' id='word_1_76' title='bbox 1930 1050 2154 1118; x_wconf 84' lang='lat' dir='ltr'><strong>ﬂuctus,</strong></span> 
     </span>
    </p>
   </div>
   <div class='ocr_carea' id='block_1_12' title="bbox 555 1141 2157 1223">
    <p class='ocr_par' dir='ltr' id='par_1_12' title="bbox 555 1141 2157 1223">
     <span class='ocr_line' id='line_1_12' title="bbox 555 1141 2157 1223; baseline -0.002 -16"><span class='ocrx_word' id='word_1_77' title='bbox 555 1154 605 1185; x_wconf 79' lang='grc' dir='ltr'><strong>³ο</strong></span> <span class='ocrx_word' id='word_1_78' title='bbox 620 1150 867 1223; x_wconf 75' lang='lat' dir='ltr'><strong>quamvis</strong></span> <span class='ocrx_word' id='word_1_79' title='bbox 886 1147 1126 1204; x_wconf 80' lang='lat' dir='ltr'><strong>molibus</strong></span> <span class='ocrx_word' id='word_1_80' title='bbox 1137 1144 1367 1216; x_wconf 87' lang='lat' dir='ltr'><strong>magnis,</strong></span> <span class='ocrx_word' id='word_1_81' title='bbox 1382 1153 1702 1216; x_wconf 77' lang='lat' dir='ltr'><strong>Sequuntur,</strong></span> <span class='ocrx_word' id='word_1_82' title='bbox 1716 1143 1812 1201; x_wconf 89' lang='lat' dir='ltr'><strong>sed</strong></span> <span class='ocrx_word' id='word_1_83' title='bbox 1827 1141 2126 1213; x_wconf 80' lang='lat' dir='ltr'><strong>undiquedi</strong></span> <span class='ocrx_word' id='word_1_84' title='bbox 2137 1172 2157 1184; x_wconf 92' lang='lat'><strong>-</strong></span> 
     </span>
    </p>
   </div>
   <div class='ocr_carea' id='block_1_13' title="bbox 553 1236 2152 1313">
    <p class='ocr_par' dir='ltr' id='par_1_13' title="bbox 553 1236 2152 1313">
     <span class='ocr_line' id='line_1_13' title="bbox 553 1236 2152 1313; baseline -0.007 -12"><span class='ocrx_word' id='word_1_85' title='bbox 553 1244 736 1301; x_wconf 85' lang='lat' dir='ltr'><strong>versis</strong></span> <span class='ocrx_word' id='word_1_86' title='bbox 773 1242 985 1308; x_wconf 84' lang='lat' dir='ltr'><strong>causis,</strong></span> <span class='ocrx_word' id='word_1_87' title='bbox 1013 1238 1313 1313; x_wconf 76' lang='lat' dir='ltr'><strong>vocabulis,</strong></span> <span class='ocrx_word' id='word_1_88' title='bbox 1363 1237 1576 1306; x_wconf 92' lang='lat' dir='ltr'><strong>formis,</strong></span> <span class='ocrx_word' id='word_1_89' title='bbox 1607 1236 1875 1307; x_wconf 81' lang='lat' dir='ltr'><strong>malisque</strong></span> <span class='ocrx_word' id='word_1_90' title='bbox 1898 1236 2152 1304; x_wconf 80' lang='lat' dir='ltr'><strong>excitata,</strong></span> 
     </span>
    </p>
   </div>
   <div class='ocr_carea' id='block_1_14' title="bbox 554 1331 2153 1405">
    <p class='ocr_par' dir='ltr' id='par_1_14' title="bbox 554 1331 2153 1405">
     <span class='ocr_line' id='line_1_14' title="bbox 554 1331 2153 1405; baseline -0.005 -11"><span class='ocrx_word' id='word_1_91' title='bbox 554 1339 601 1371; x_wconf 77' lang='grc'><strong>³⁸</strong></span> <span class='ocrx_word' id='word_1_92' title='bbox 623 1346 1048 1405; x_wconf 87' lang='lat' dir='ltr'><strong>coacervataque</strong></span> <span class='ocrx_word' id='word_1_93' title='bbox 1069 1341 1421 1390; x_wconf 90' lang='lat' dir='ltr'><strong>concurrunt.</strong></span> <span class='ocrx_word' id='word_1_94' title='bbox 1445 1331 1518 1389; x_wconf 88' lang='lat' dir='ltr'><strong>Ut</strong></span> <span class='ocrx_word' id='word_1_95' title='bbox 1552 1346 1584 1388; x_wconf 90' lang='lat' dir='ltr'><strong>e</strong></span> <span class='ocrx_word' id='word_1_96' title='bbox 1609 1331 1855 1403; x_wconf 78' lang='lat' dir='ltr'><strong>proximo</strong></span> <span class='ocrx_word' id='word_1_97' title='bbox 1887 1339 2153 1403; x_wconf 83' lang='lat' dir='ltr'><strong>repetam,</strong></span> 
     </span>
    </p>
   </div>
   <div class='ocr_carea' id='block_1_15' title="bbox 556 1424 2160 1497">
    <p class='ocr_par' dir='ltr' id='par_1_15' title="bbox 556 1424 2160 1497">
     <span class='ocr_line' id='line_1_15' title="bbox 556 1424 2160 1497; baseline -0.006 -9"><span class='ocrx_word' id='word_1_98' title='bbox 556 1440 613 1489; x_wconf 90' lang='lat' dir='ltr'><strong>et</strong></span> <span class='ocrx_word' id='word_1_99' title='bbox 637 1430 838 1487; x_wconf 89' lang='lat' dir='ltr'><strong>infame</strong></span> <span class='ocrx_word' id='word_1_100' title='bbox 878 1428 1008 1485; x_wconf 87' lang='lat' dir='ltr'><strong>illud</strong></span> <span class='ocrx_word' id='word_1_101' title='bbox 1035 1427 1234 1484; x_wconf 88' lang='lat' dir='ltr'><strong>servile</strong></span> <span class='ocrx_word' id='word_1_102' title='bbox 1263 1434 1609 1497; x_wconf 64' lang='lat' dir='ltr'><strong>praeteream,</strong></span> <span class='ocrx_word' id='word_1_103' title='bbox 1640 1424 2019 1496; x_wconf 71' lang='lat' dir='ltr'><strong>Iugurthinum</strong></span> <span class='ocrx_word' id='word_1_104' title='bbox 2046 1424 2160 1480; x_wconf 90' lang='lat' dir='ltr'><strong>bel-</strong></span> 
     </span>
    </p>
   </div>
   <div class='ocr_carea' id='block_1_16' title="bbox 556 1515 2162 1587">
    <p class='ocr_par' dir='ltr' id='par_1_16' title="bbox 556 1515 2162 1587">
     <span class='ocr_line' id='line_1_16' title="bbox 556 1515 2162 1587; baseline -0.004 -7"><span class='ocrx_word' id='word_1_105' title='bbox 556 1524 671 1580; x_wconf 88' lang='lat' dir='ltr'><strong>lum</strong></span> <span class='ocrx_word' id='word_1_106' title='bbox 699 1521 936 1578; x_wconf 91' lang='lat' dir='ltr'><strong>nondum</strong></span> <span class='ocrx_word' id='word_1_107' title='bbox 955 1519 1132 1577; x_wconf 89' lang='lat' dir='ltr'><strong>adhuc</strong></span> <span class='ocrx_word' id='word_1_108' title='bbox 1154 1518 1223 1575; x_wconf 90' lang='lat' dir='ltr'><strong>ab</strong></span> <span class='ocrx_word' id='word_1_109' title='bbox 1247 1518 1434 1574; x_wconf 85' lang='lat' dir='ltr'><strong>Africo</strong></span> <span class='ocrx_word' id='word_1_110' title='bbox 1452 1520 1497 1551; x_wconf 83' lang='grc'><strong>”</strong></span> <span class='ocrx_word' id='word_1_111' title='bbox 1515 1517 1860 1587; x_wconf 84' lang='lat' dir='ltr'><strong>detonuerat,</strong></span> <span class='ocrx_word' id='word_1_112' title='bbox 1880 1517 1991 1587; x_wconf 89' lang='lat' dir='ltr'><strong>jam</strong></span> <span class='ocrx_word' id='word_1_113' title='bbox 2014 1515 2162 1573; x_wconf 89' lang='lat' dir='ltr'><strong>Cim-</strong></span> 
     </span>
    </p>
   </div>
   <div class='ocr_carea' id='block_1_17' title="bbox 558 1610 2162 1671">
    <p class='ocr_par' dir='ltr' id='par_1_17' title="bbox 558 1610 2162 1671">
     <span class='ocr_line' id='line_1_17' title="bbox 558 1610 2162 1671; baseline -0.003 0"><span class='ocrx_word' id='word_1_114' title='bbox 558 1615 768 1671; x_wconf 85' lang='lat' dir='ltr'><strong>bricum</strong></span> <span class='ocrx_word' id='word_1_115' title='bbox 789 1628 821 1669; x_wconf 89' lang='lat' dir='ltr'><strong>a</strong></span> <span class='ocrx_word' id='word_1_116' title='bbox 842 1611 1018 1669; x_wconf 91' lang='lat' dir='ltr'><strong>Circio</strong></span> <span class='ocrx_word' id='word_1_117' title='bbox 1042 1610 1464 1666; x_wconf 89' lang='lat' dir='ltr'><strong>fulminabat.De</strong></span> <span class='ocrx_word' id='word_1_118' title='bbox 1483 1610 1776 1667; x_wconf 88' lang='lat' dir='ltr'><strong>Cimbricis</strong></span> <span class='ocrx_word' id='word_1_119' title='bbox 1801 1611 1909 1667; x_wconf 90' lang='lat' dir='ltr'><strong>illis</strong></span> <span class='ocrx_word' id='word_1_120' title='bbox 1929 1611 2162 1667; x_wconf 90' lang='lat' dir='ltr'><strong>nubibus</strong></span> 
     </span>
    </p>
   </div>
   <div class='ocr_carea' id='block_1_18' title="bbox 557 1704 2158 1777">
    <p class='ocr_par' dir='ltr' id='par_1_18' title="bbox 557 1704 2158 1777">
     <span class='ocr_line' id='line_1_18' title="bbox 557 1704 2158 1777; baseline -0.004 -11"><span class='ocrx_word' id='word_1_121' title='bbox 557 1710 736 1766; x_wconf 87' lang='lat' dir='ltr'><strong>adhuc</strong></span> <span class='ocrx_word' id='word_1_122' title='bbox 778 1707 907 1764; x_wconf 69' lang='grc' dir='ltr'><strong>[αιὐί</strong></span> <span class='ocrx_word' id='word_1_123' title='bbox 928 1706 1176 1777; x_wconf 88' lang='lat' dir='ltr'><strong>vastique</strong></span> <span class='ocrx_word' id='word_1_124' title='bbox 1204 1713 1477 1767; x_wconf 87' lang='lat' dir='ltr'><strong>torrentes</strong></span> <span class='ocrx_word' id='word_1_125' title='bbox 1513 1704 1668 1773; x_wconf 83' lang='lat' dir='ltr'><strong>eli‘usi</strong></span> <span class='ocrx_word' id='word_1_126' title='bbox 1713 1704 1995 1776; x_wconf 87' lang='lat' dir='ltr'><strong>sanguinis</strong></span> <span class='ocrx_word' id='word_1_127' title='bbox 2031 1720 2158 1776; x_wconf 86' lang='lat' dir='ltr'><strong>age-</strong></span> 
     </span>
    </p>
   </div>
   <div class='ocr_carea' id='block_1_19' title="bbox 2250 488 3818 563">
    <p class='ocr_par' dir='ltr' id='par_1_19' title="bbox 2250 488 3818 563">
     <span class='ocr_line' id='line_1_19' title="bbox 2250 488 3818 563; baseline 0.001 -17"><span class='ocrx_word' id='word_1_128' title='bbox 2250 505 2359 547; x_wconf 93' lang='lat' dir='ltr'><strong>uuo</strong></span> <span class='ocrx_word' id='word_1_129' title='bbox 2385 489 2573 546; x_wconf 81' lang='lat' dir='ltr'><strong>fomite</strong></span> <span class='ocrx_word' id='word_1_130' title='bbox 2590 488 2944 547; x_wconf 86' lang='lat' dir='ltr'><strong>dill&#39;uderunt.</strong></span> <span class='ocrx_word' id='word_1_131' title='bbox 2967 489 3099 546; x_wconf 85' lang='lat' dir='ltr'><strong>Nam</strong></span> <span class='ocrx_word' id='word_1_132' title='bbox 3120 490 3355 563; x_wconf 85' lang='lat' dir='ltr'><strong>Lepidus</strong></span> <span class='ocrx_word' id='word_1_133' title='bbox 3384 500 3442 547; x_wconf 88' lang='lat' dir='ltr'><strong>et</strong></span> <span class='ocrx_word' id='word_1_134' title='bbox 3463 491 3641 561; x_wconf 87' lang='lat' dir='ltr'><strong>Scipio</strong></span> <span class='ocrx_word' id='word_1_135' title='bbox 3659 492 3707 547; x_wconf 90' lang='lat' dir='ltr'><strong>in</strong></span> <span class='ocrx_word' id='word_1_136' title='bbox 3727 492 3818 548; x_wconf 55' lang='lat' dir='ltr'><strong>ita.</strong></span> 
     </span>
    </p>
   </div>
   <div class='ocr_carea' id='block_1_20' title="bbox 2249 584 3816 661">
    <p class='ocr_par' dir='ltr' id='par_1_20' title="bbox 2249 584 3816 661">
     <span class='ocr_line' id='line_1_20' title="bbox 2249 584 3816 661; baseline 0 -18"><span class='ocrx_word' id='word_1_137' title='bbox 2249 587 2362 653; x_wconf 88' lang='lat' dir='ltr'><strong>lia,</strong></span> <span class='ocrx_word' id='word_1_138' title='bbox 2408 584 2610 641; x_wconf 88' lang='lat' dir='ltr'><strong>Brutus</strong></span> <span class='ocrx_word' id='word_1_139' title='bbox 2656 585 2715 640; x_wconf 88' lang='lat' dir='ltr'><strong>in</strong></span> <span class='ocrx_word' id='word_1_140' title='bbox 2758 584 2971 651; x_wconf 89' lang='lat' dir='ltr'><strong>Callia,</strong></span> <span class='ocrx_word' id='word_1_141' title='bbox 3001 585 3292 652; x_wconf 85' lang='lat' dir='ltr'><strong>Domitius,</strong></span> <span class='ocrx_word' id='word_1_142' title='bbox 3339 585 3525 642; x_wconf 71' lang='lat' dir='ltr'><strong>Cinnae</strong></span> <span class='ocrx_word' id='word_1_143' title='bbox 3572 601 3745 661; x_wconf 80' lang='lat' dir='ltr'><strong>gener,</strong></span> <span class='ocrx_word' id='word_1_144' title='bbox 3772 587 3816 643; x_wconf 91' lang='lat' dir='ltr'><strong>in</strong></span> 
     </span>
    </p>
   </div>
   <div class='ocr_carea' id='block_1_21' title="bbox 2251 676 3823 750">
    <p class='ocr_par' dir='ltr' id='par_1_21' title="bbox 2251 676 3823 750">
     <span class='ocr_line' id='line_1_21' title="bbox 2251 676 3823 750; baseline 0.001 -15"><span class='ocrx_word' id='word_1_145' title='bbox 2251 677 2461 747; x_wconf 76' lang='lat' dir='ltr'><strong>Africa,</strong></span> <span class='ocrx_word' id='word_1_146' title='bbox 2488 676 2667 734; x_wconf 88' lang='lat' dir='ltr'><strong>Carbo</strong></span> <span class='ocrx_word' id='word_1_147' title='bbox 2690 678 2745 734; x_wconf 88' lang='lat' dir='ltr'><strong>in</strong></span> <span class='ocrx_word' id='word_1_148' title='bbox 2785 676 3020 735; x_wconf 77' lang='lat' dir='ltr'><strong>Cossum</strong></span> <span class='ocrx_word' id='word_1_149' title='bbox 3050 688 3108 735; x_wconf 87' lang='lat' dir='ltr'><strong>et</strong></span> <span class='ocrx_word' id='word_1_150' title='bbox 3141 678 3354 747; x_wconf 83' lang='lat' dir='ltr'><strong>Sicilia,</strong></span> <span class='ocrx_word' id='word_1_151' title='bbox 3387 678 3657 750; x_wconf 83' lang='lat' dir='ltr'><strong>Perperna</strong></span> <span class='ocrx_word' id='word_1_152' title='bbox 3681 680 3729 735; x_wconf 91' lang='lat' dir='ltr'><strong>in</strong></span> <span class='ocrx_word' id='word_1_153' title='bbox 3748 680 3823 736; x_wconf 63' lang='lat' dir='ltr'><strong>Liv</strong></span> 
     </span>
    </p>
   </div>
   <div class='ocr_carea' id='block_1_22' title="bbox 2251 769 3823 845">
    <p class='ocr_par' dir='ltr' id='par_1_22' title="bbox 2251 769 3823 845">
     <span class='ocr_line' id='line_1_22' title="bbox 2251 769 3823 845; baseline 0.003 -20"><span class='ocrx_word' id='word_1_154' title='bbox 2251 770 2427 840; x_wconf 86' lang='lat' dir='ltr'><strong>guria,</strong></span> <span class='ocrx_word' id='word_1_155' title='bbox 2456 779 2509 824; x_wconf 90' lang='lat' dir='ltr'><strong>et</strong></span> <span class='ocrx_word' id='word_1_156' title='bbox 2536 778 2657 841; x_wconf 90' lang='lat' dir='ltr'><strong>post</strong></span> <span class='ocrx_word' id='word_1_157' title='bbox 2695 785 2818 825; x_wconf 90' lang='lat' dir='ltr'><strong>cum</strong></span> <span class='ocrx_word' id='word_1_158' title='bbox 2841 769 3088 827; x_wconf 85' lang='lat' dir='ltr'><strong>Sertorio</strong></span> <span class='ocrx_word' id='word_1_159' title='bbox 3109 771 3163 827; x_wconf 93' lang='lat' dir='ltr'><strong>in</strong></span> <span class='ocrx_word' id='word_1_160' title='bbox 3192 771 3478 842; x_wconf 67' lang='lat' dir='ltr'><strong>Hispania,</strong></span> <span class='ocrx_word' id='word_1_161' title='bbox 3503 772 3823 845; x_wconf 87' lang='lat' dir='ltr'><strong>omniumque</strong></span> 
     </span>
    </p>
   </div>
   <div class='ocr_carea' id='block_1_23' title="bbox 2252 863 3822 937">
    <p class='ocr_par' dir='ltr' id='par_1_23' title="bbox 2252 863 3822 937">
     <span class='ocr_line' id='line_1_23' title="bbox 2252 863 3822 937; baseline 0.003 -18"><span class='ocrx_word' id='word_1_162' title='bbox 2252 864 2627 922; x_wconf 88' lang='lat' dir='ltr'><strong>atrocissimus</strong></span> <span class='ocrx_word' id='word_1_163' title='bbox 2652 863 2930 921; x_wconf 88' lang='lat' dir='ltr'><strong>Sertorius</strong></span> <span class='ocrx_word' id='word_1_164' title='bbox 2959 865 3015 921; x_wconf 91' lang='lat' dir='ltr'><strong>in</strong></span> <span class='ocrx_word' id='word_1_165' title='bbox 3045 865 3235 923; x_wconf 89' lang='lat' dir='ltr'><strong>eadem</strong></span> <span class='ocrx_word' id='word_1_166' title='bbox 3269 865 3550 937; x_wconf 89' lang='lat' dir='ltr'><strong>Hispania,</strong></span> <span class='ocrx_word' id='word_1_167' title='bbox 3580 866 3687 922; x_wconf 78' lang='lat' dir='ltr'><strong>lucc</strong></span> <span class='ocrx_word' id='word_1_168' title='bbox 3716 877 3822 924; x_wconf 81' lang='lat' dir='ltr'><strong>utne</strong></span> 
     </span>
    </p>
   </div>
   <div class='ocr_carea' id='block_1_24' title="bbox 2254 957 3823 1030">
    <p class='ocr_par' dir='ltr' id='par_1_24' title="bbox 2254 957 3823 1030">
     <span class='ocr_line' id='line_1_24' title="bbox 2254 957 3823 1030; baseline 0.003 -17"><span class='ocrx_word' id='word_1_169' title='bbox 2254 957 2455 1024; x_wconf 84' lang='lat' dir='ltr'><strong>civilia,</strong></span> <span class='ocrx_word' id='word_1_170' title='bbox 2497 957 2583 1014; x_wconf 90' lang='lat' dir='ltr'><strong>vel</strong></span> <span class='ocrx_word' id='word_1_171' title='bbox 2605 974 2714 1030; x_wconf 88' lang='lat' dir='ltr'><strong>quo</strong></span> <span class='ocrx_word' id='word_1_172' title='bbox 2744 958 2852 1014; x_wconf 90' lang='lat' dir='ltr'><strong>alia</strong></span> <span class='ocrx_word' id='word_1_173' title='bbox 2888 958 3122 1015; x_wconf 88' lang='lat' dir='ltr'><strong>dicenda</strong></span> <span class='ocrx_word' id='word_1_174' title='bbox 3157 968 3286 1016; x_wconf 91' lang='lat' dir='ltr'><strong>sunt</strong></span> <span class='ocrx_word' id='word_1_175' title='bbox 3325 960 3568 1029; x_wconf 90' lang='lat' dir='ltr'><strong>nomine,</strong></span> <span class='ocrx_word' id='word_1_176' title='bbox 3590 959 3721 1015; x_wconf 85' lang='lat' dir='ltr'><strong>bella</strong></span> <span class='ocrx_word' id='word_1_177' title='bbox 3743 977 3823 1018; x_wconf 78' lang='lat' dir='ltr'><strong>ex-</strong></span> 
     </span>
    </p>
   </div>
   <div class='ocr_carea' id='block_1_25' title="bbox 2255 1050 3820 1123">
    <p class='ocr_par' dir='ltr' id='par_1_25' title="bbox 2255 1050 3820 1123">
     <span class='ocr_line' id='line_1_25' title="bbox 2255 1050 3820 1123; baseline 0.003 -18"><span class='ocrx_word' id='word_1_178' title='bbox 2255 1053 2511 1117; x_wconf 90' lang='lat' dir='ltr'><strong>citantes,</strong></span> <span class='ocrx_word' id='word_1_179' title='bbox 2534 1050 2604 1106; x_wconf 92' lang='lat' dir='ltr'><strong>de</strong></span> <span class='ocrx_word' id='word_1_180' title='bbox 2624 1066 2735 1108; x_wconf 92' lang='lat' dir='ltr'><strong>uno</strong></span> <span class='ocrx_word' id='word_1_181' title='bbox 2756 1051 2948 1120; x_wconf 89' lang='lat' dir='ltr'><strong>multa,</strong></span> <span class='ocrx_word' id='word_1_182' title='bbox 2974 1052 3022 1084; x_wconf 80' lang='grc'><strong>³⁸</strong></span> <span class='ocrx_word' id='word_1_183' title='bbox 3047 1051 3116 1109; x_wconf 89' lang='lat' dir='ltr'><strong>de</strong></span> <span class='ocrx_word' id='word_1_184' title='bbox 3139 1066 3306 1123; x_wconf 90' lang='lat' dir='ltr'><strong>parvo</strong></span> <span class='ocrx_word' id='word_1_185' title='bbox 3344 1067 3538 1123; x_wconf 87' lang='lat' dir='ltr'><strong>magna</strong></span> <span class='ocrx_word' id='word_1_186' title='bbox 3568 1053 3820 1120; x_wconf 88' lang='lat' dir='ltr'><strong>fecerunt;</strong></span> 
     </span>
    </p>
   </div>
   <div class='ocr_carea' id='block_1_26' title="bbox 2255 1141 3826 1214">
    <p class='ocr_par' dir='ltr' id='par_1_26' title="bbox 2255 1141 3826 1214">
     <span class='ocr_line' id='line_1_26' title="bbox 2255 1141 3826 1214; baseline 0.003 -18"><span class='ocrx_word' id='word_1_187' title='bbox 2255 1141 2462 1213; x_wconf 77' lang='lat' dir='ltr'><strong>absque</strong></span> <span class='ocrx_word' id='word_1_188' title='bbox 2486 1142 2596 1198; x_wconf 89' lang='lat' dir='ltr'><strong>illis</strong></span> <span class='ocrx_word' id='word_1_189' title='bbox 2620 1141 2793 1198; x_wconf 90' lang='lat' dir='ltr'><strong>tribus</strong></span> <span class='ocrx_word' id='word_1_190' title='bbox 2806 1143 3128 1198; x_wconf 85' lang='lat' dir='ltr'><strong>vastissimis</strong></span> <span class='ocrx_word' id='word_1_191' title='bbox 3151 1144 3331 1209; x_wconf 88' lang='lat' dir='ltr'><strong>bellis,</strong></span> <span class='ocrx_word' id='word_1_192' title='bbox 3349 1159 3474 1214; x_wconf 66' lang='lat' dir='ltr'><strong>quae</strong></span> <span class='ocrx_word' id='word_1_193' title='bbox 3494 1151 3826 1201; x_wconf 73' lang='lat' dir='ltr'><strong>tuncexterna</strong></span> 
     </span>
    </p>
   </div>
   <div class='ocr_carea' id='block_1_27' title="bbox 2260 1234 3827 1310">
    <p class='ocr_par' dir='ltr' id='par_1_27' title="bbox 2260 1234 3827 1310">
     <span class='ocr_line' id='line_1_27' title="bbox 2260 1234 3827 1310; baseline 0.002 -19"><span class='ocrx_word' id='word_1_194' title='bbox 2260 1237 2620 1304; x_wconf 80' lang='lat' dir='ltr'><strong>vocabantur,</strong></span> <span class='ocrx_word' id='word_1_195' title='bbox 2652 1234 2757 1292; x_wconf 86' lang='lat' dir='ltr'><strong>hoc</strong></span> <span class='ocrx_word' id='word_1_196' title='bbox 2780 1245 2885 1305; x_wconf 88' lang='lat' dir='ltr'><strong>est,</strong></span> <span class='ocrx_word' id='word_1_197' title='bbox 2920 1235 3289 1308; x_wconf 85' lang='lat' dir='ltr'><strong>Pamphylico,</strong></span> <span class='ocrx_word' id='word_1_198' title='bbox 3322 1236 3665 1295; x_wconf 76' lang='lat' dir='ltr'><strong>Macedonico</strong></span> <span class='ocrx_word' id='word_1_199' title='bbox 3686 1250 3827 1310; x_wconf 86' lang='lat' dir='ltr'><strong>atque</strong></span> 
     </span>
    </p>
   </div>
   <div class='ocr_carea' id='block_1_28' title="bbox 2262 1328 3827 1400">
    <p class='ocr_par' dir='ltr' id='par_1_28' title="bbox 2262 1328 3827 1400">
     <span class='ocr_line' id='line_1_28' title="bbox 2262 1328 3827 1400; baseline 0.002 -16"><span class='ocrx_word' id='word_1_200' title='bbox 2262 1328 2592 1398; x_wconf 86' lang='lat' dir='ltr'><strong>Dalmatico,</strong></span> <span class='ocrx_word' id='word_1_201' title='bbox 2607 1328 2950 1385; x_wconf 90' lang='lat' dir='ltr'><strong>dissimulato</strong></span> <span class='ocrx_word' id='word_1_202' title='bbox 2963 1330 3127 1384; x_wconf 89' lang='lat' dir='ltr'><strong>etiam</strong></span> <span class='ocrx_word' id='word_1_203' title='bbox 3142 1343 3349 1400; x_wconf 82' lang='lat' dir='ltr'><strong>magno</strong></span> <span class='ocrx_word' id='word_1_204' title='bbox 3363 1329 3457 1386; x_wconf 91' lang='lat' dir='ltr'><strong>illo</strong></span> <span class='ocrx_word' id='word_1_205' title='bbox 3478 1328 3827 1398; x_wconf 73' lang='lat' dir='ltr'><strong>Mithridatico,</strong></span> 
     </span>
    </p>
   </div>
   <div class='ocr_carea' id='block_1_29' title="bbox 2262 1420 3833 1492">
    <p class='ocr_par' dir='ltr' id='par_1_29' title="bbox 2262 1420 3833 1492">
     <span class='ocr_line' id='line_1_29' title="bbox 2262 1420 3833 1492; baseline 0 -15"><span class='ocrx_word' id='word_1_206' title='bbox 2262 1422 2421 1492; x_wconf 90' lang='lat' dir='ltr'><strong>longe</strong></span> <span class='ocrx_word' id='word_1_207' title='bbox 2468 1421 2710 1477; x_wconf 91' lang='lat' dir='ltr'><strong>omnium</strong></span> <span class='ocrx_word' id='word_1_208' title='bbox 2754 1420 2801 1452; x_wconf 80' lang='lat'>&quot;</span> <span class='ocrx_word' id='word_1_209' title='bbox 2838 1420 3298 1485; x_wconf 84' lang='lat' dir='ltr'><strong>diuturnissimo,</strong></span> <span class='ocrx_word' id='word_1_210' title='bbox 3357 1420 3738 1488; x_wconf 88' lang='lat' dir='ltr'><strong>infestissimo,</strong></span> <span class='ocrx_word' id='word_1_211' title='bbox 3780 1437 3833 1477; x_wconf 85' lang='lat' dir='ltr'><strong>ac</strong></span> 
     </span>
    </p>
   </div>
   <div class='ocr_carea' id='block_1_30' title="bbox 2261 1514 3835 1586">
    <p class='ocr_par' dir='ltr' id='par_1_30' title="bbox 2261 1514 3835 1586">
     <span class='ocr_line' id='line_1_30' title="bbox 2261 1514 3835 1586; baseline 0.001 -16"><span class='ocrx_word' id='word_1_212' title='bbox 2261 1514 2770 1571; x_wconf 88' lang='lat' dir='ltr'><strong>formidolosissimo</strong></span> <span class='ocrx_word' id='word_1_213' title='bbox 2792 1532 2805 1570; x_wconf 92' lang='lat'><strong>:</strong></span> <span class='ocrx_word' id='word_1_214' title='bbox 2831 1514 3053 1583; x_wconf 89' lang='lat' dir='ltr'><strong>deinde,</strong></span> <span class='ocrx_word' id='word_1_215' title='bbox 3086 1514 3266 1571; x_wconf 84' lang='lat' dir='ltr'><strong>adhuc</strong></span> <span class='ocrx_word' id='word_1_216' title='bbox 3291 1514 3632 1586; x_wconf 81' lang='lat' dir='ltr'><strong>Hispaniensi</strong></span> <span class='ocrx_word' id='word_1_217' title='bbox 3667 1515 3835 1572; x_wconf 71' lang='lat' dir='ltr'><strong>Serto~</strong></span> 
     </span>
    </p>
   </div>
   <div class='ocr_carea' id='block_1_31' title="bbox 2265 1606 3835 1681">
    <p class='ocr_par' dir='ltr' id='par_1_31' title="bbox 2265 1606 3835 1681">
     <span class='ocr_line' id='line_1_31' title="bbox 2265 1606 3835 1681; baseline -0.001 -18"><span class='ocrx_word' id='word_1_218' title='bbox 2265 1606 2420 1663; x_wconf 91' lang='lat' dir='ltr'><strong>riano</strong></span> <span class='ocrx_word' id='word_1_219' title='bbox 2458 1607 2698 1663; x_wconf 91' lang='lat' dir='ltr'><strong>nondum</strong></span> <span class='ocrx_word' id='word_1_220' title='bbox 2731 1606 2905 1673; x_wconf 88' lang='lat' dir='ltr'><strong>linito,</strong></span> <span class='ocrx_word' id='word_1_221' title='bbox 2929 1608 3096 1663; x_wconf 91' lang='lat' dir='ltr'><strong>immo</strong></span> <span class='ocrx_word' id='word_1_222' title='bbox 3138 1607 3257 1678; x_wconf 90' lang='lat' dir='ltr'><strong>ipso</strong></span> <span class='ocrx_word' id='word_1_223' title='bbox 3284 1606 3466 1663; x_wconf 88' lang='lat' dir='ltr'><strong>adhuc</strong></span> <span class='ocrx_word' id='word_1_224' title='bbox 3493 1608 3698 1681; x_wconf 71' lang='lat' dir='ltr'><strong>vivente</strong></span> <span class='ocrx_word' id='word_1_225' title='bbox 3721 1608 3835 1664; x_wconf 89' lang='lat' dir='ltr'><strong>Scr-</strong></span> 
     </span>
    </p>
   </div>
   <div class='ocr_carea' id='block_1_32' title="bbox 2267 1698 3837 1771">
    <p class='ocr_par' dir='ltr' id='par_1_32' title="bbox 2267 1698 3837 1771">
     <span class='ocr_line' id='line_1_32' title="bbox 2267 1698 3837 1771; baseline -0.001 -17"><span class='ocrx_word' id='word_1_226' title='bbox 2267 1698 2428 1766; x_wconf 90' lang='lat' dir='ltr'><strong>torio,</strong></span> <span class='ocrx_word' id='word_1_227' title='bbox 2453 1699 2556 1756; x_wconf 87' lang='lat' dir='ltr'><strong>hoc</strong></span> <span class='ocrx_word' id='word_1_228' title='bbox 2583 1698 2957 1769; x_wconf 78' lang='lat' dir='ltr'><strong>fugitivorum,</strong></span> <span class='ocrx_word' id='word_1_229' title='bbox 2980 1709 3037 1756; x_wconf 91' lang='lat' dir='ltr'><strong>et</strong></span> <span class='ocrx_word' id='word_1_230' title='bbox 3065 1700 3109 1732; x_wconf 83' lang='grc'>²⁷</span> <span class='ocrx_word' id='word_1_231' title='bbox 3139 1709 3201 1755; x_wconf 83' lang='grc' dir='ltr'><strong>ιιι</strong></span> <span class='ocrx_word' id='word_1_232' title='bbox 3229 1700 3412 1755; x_wconf 84' lang='lat' dir='ltr'><strong>verius</strong></span> <span class='ocrx_word' id='word_1_233' title='bbox 3438 1700 3634 1766; x_wconf 89' lang='lat' dir='ltr'><strong>dicam,</strong></span> <span class='ocrx_word' id='word_1_234' title='bbox 3660 1700 3837 1771; x_wconf 79' lang='lat' dir='ltr'><strong>gladia-</strong></span> 
     </span>
    </p>
   </div>
   <div class='ocr_carea' id='block_1_33' title="bbox 560 1793 3834 1875">
    <p class='ocr_par' dir='ltr' id='par_1_33' title="bbox 560 1793 3834 1875">
     <span class='ocr_line' id='line_1_33' title="bbox 560 1793 3834 1875; baseline -0.004 -13"><span class='ocrx_word' id='word_1_235' title='bbox 560 1806 779 1872; x_wconf 89' lang='lat' dir='ltr'><strong>bantur,</strong></span> <span class='ocrx_word' id='word_1_236' title='bbox 809 1804 922 1875; x_wconf 86' lang='lat' dir='ltr'><strong>jam</strong></span> <span class='ocrx_word' id='word_1_237' title='bbox 953 1801 1171 1858; x_wconf 87' lang='lat' dir='ltr'><strong>socialis</strong></span> <span class='ocrx_word' id='word_1_238' title='bbox 1200 1801 1247 1834; x_wconf 79' lang='grc'><strong>’³</strong></span> <span class='ocrx_word' id='word_1_239' title='bbox 1276 1800 1401 1856; x_wconf 86' lang='lat' dir='ltr'><strong>belli</strong></span> <span class='ocrx_word' id='word_1_240' title='bbox 1431 1800 1595 1872; x_wconf 71' lang='lat'><strong>362</strong></span> <span class='ocrx_word' id='word_1_241' title='bbox 1622 1798 1848 1856; x_wconf 82' lang='lat' dir='ltr'><strong>nebulas</strong></span> <span class='ocrx_word' id='word_1_242' title='bbox 1888 1800 1942 1854; x_wconf 91' lang='lat' dir='ltr'><strong>in</strong></span> <span class='ocrx_word' id='word_1_243' title='bbox 1968 1813 2159 1869; x_wconf 88' lang='lat' dir='ltr'><strong>magna</strong></span> <span class='ocrx_word' id='word_1_244' title='bbox 2192 1795 2238 1855; x_wconf 83' lang='grc' dir='ltr'><strong>Β</strong></span> <span class='ocrx_word' id='word_1_245' title='bbox 2269 1796 2464 1850; x_wconf 89' lang='lat' dir='ltr'><strong>torium</strong></span> <span class='ocrx_word' id='word_1_246' title='bbox 2511 1794 2713 1849; x_wconf 90' lang='lat' dir='ltr'><strong>bellum</strong></span> <span class='ocrx_word' id='word_1_247' title='bbox 2755 1793 3058 1860; x_wconf 87' lang='lat' dir='ltr'><strong>inhorruit,</strong></span> <span class='ocrx_word' id='word_1_248' title='bbox 3097 1794 3211 1864; x_wconf 88' lang='lat' dir='ltr'><strong>jam</strong></span> <span class='ocrx_word' id='word_1_249' title='bbox 3264 1808 3375 1849; x_wconf 91' lang='lat' dir='ltr'><strong>non</strong></span> <span class='ocrx_word' id='word_1_250' title='bbox 3432 1795 3481 1826; x_wconf 82' lang='lat'>“</span> <span class='ocrx_word' id='word_1_251' title='bbox 3516 1794 3834 1865; x_wconf 82' lang='lat' dir='ltr'><strong>spectandum</strong></span> 
     </span>
    </p>
   </div>
   <div class='ocr_carea' id='block_1_34' title="bbox 561 1890 2166 1962">
    <p class='ocr_par' dir='ltr' id='par_1_34' title="bbox 561 1890 2166 1962">
     <span class='ocr_line' id='line_1_34' title="bbox 561 1890 2166 1962; baseline -0.006 -6"><span class='ocrx_word' id='word_1_252' title='bbox 561 1897 821 1956; x_wconf 91' lang='lat' dir='ltr'><strong>continuo</strong></span> <span class='ocrx_word' id='word_1_253' title='bbox 845 1896 1111 1952; x_wconf 89' lang='lat' dir='ltr'><strong>malorum</strong></span> <span class='ocrx_word' id='word_1_254' title='bbox 1146 1893 1328 1949; x_wconf 89' lang='lat' dir='ltr'><strong>nubila</strong></span> <span class='ocrx_word' id='word_1_255' title='bbox 1358 1893 1631 1962; x_wconf 89' lang='lat' dir='ltr'><strong>coituras,</strong></span> <span class='ocrx_word' id='word_1_256' title='bbox 1655 1893 1851 1948; x_wconf 89' lang='lat' dir='ltr'><strong>misera</strong></span> <span class='ocrx_word' id='word_1_257' title='bbox 1876 1890 2166 1947; x_wconf 77' lang='lat' dir='ltr'><strong>exhalabat</strong></span> 
     </span>
    </p>
   </div>
   <div class='ocr_carea' id='block_1_35' title="bbox 564 1984 2165 2059">
    <p class='ocr_par' dir='ltr' id='par_1_35' title="bbox 564 1984 2165 2059">
     <span class='ocr_line' id='line_1_35' title="bbox 564 1984 2165 2059; baseline -0.006 -11"><span class='ocrx_word' id='word_1_258' title='bbox 564 1992 738 2048; x_wconf 79' lang='lat' dir='ltr'><strong>Italia.</strong></span> <span class='ocrx_word' id='word_1_259' title='bbox 769 1990 960 2046; x_wconf 83' lang='lat' dir='ltr'><strong>Adhuc</strong></span> <span class='ocrx_word' id='word_1_260' title='bbox 984 2003 1114 2043; x_wconf 85' lang='lat' dir='ltr'><strong>vero</strong></span> <span class='ocrx_word' id='word_1_261' title='bbox 1141 1996 1262 2059; x_wconf 90' lang='lat' dir='ltr'><strong>post</strong></span> <span class='ocrx_word' id='word_1_262' title='bbox 1313 1984 1578 2041; x_wconf 80' lang='lat' dir='ltr'><strong>inﬁnitam</strong></span> <span class='ocrx_word' id='word_1_263' title='bbox 1610 1986 1972 2056; x_wconf 75' lang='lat' dir='ltr'><strong>crebrumque</strong></span> <span class='ocrx_word' id='word_1_264' title='bbox 2002 1984 2165 2040; x_wconf 88' lang='lat' dir='ltr'><strong>Italici</strong></span> 
     </span>
    </p>
   </div>
   <div class='ocr_carea' id='block_1_36' title="bbox 565 2077 2167 2152">
    <p class='ocr_par' dir='ltr' id='par_1_36' title="bbox 565 2077 2167 2152">
     <span class='ocr_line' id='line_1_36' title="bbox 565 2077 2167 2152; baseline -0.002 -14"><span class='ocrx_word' id='word_1_265' title='bbox 565 2083 695 2139; x_wconf 82' lang='lat' dir='ltr'><strong>belli</strong></span> <span class='ocrx_word' id='word_1_266' title='bbox 735 2089 1109 2152; x_wconf 85' lang='lat' dir='ltr'><strong>tempestatem</strong></span> <span class='ocrx_word' id='word_1_267' title='bbox 1156 2078 1390 2134; x_wconf 89' lang='lat' dir='ltr'><strong>discurri</strong></span> <span class='ocrx_word' id='word_1_268' title='bbox 1430 2088 1547 2133; x_wconf 87' lang='lat' dir='ltr'><strong>tuto</strong></span> <span class='ocrx_word' id='word_1_269' title='bbox 1573 2093 1669 2149; x_wconf 89' lang='lat' dir='ltr'><strong>per</strong></span> <span class='ocrx_word' id='word_1_270' title='bbox 1696 2077 1903 2133; x_wconf 80' lang='lat' dir='ltr'><strong>italiam</strong></span> <span class='ocrx_word' id='word_1_271' title='bbox 1944 2077 2167 2135; x_wconf 85' lang='lat' dir='ltr'><strong>minime</strong></span> 
     </span>
    </p>
   </div>
   <div class='ocr_carea' id='block_1_37' title="bbox 568 2168 2168 2248">
    <p class='ocr_par' dir='ltr' id='par_1_37' title="bbox 568 2168 2168 2248">
     <span class='ocr_line' id='line_1_37' title="bbox 568 2168 2168 2248; baseline -0.007 -16"><span class='ocrx_word' id='word_1_272' title='bbox 568 2183 784 2248; x_wconf 78' lang='lat' dir='ltr'><strong>poterat</strong></span> <span class='ocrx_word' id='word_1_273' title='bbox 811 2192 825 2229; x_wconf 89' lang='lat'><strong>:</strong></span> <span class='ocrx_word' id='word_1_274' title='bbox 854 2174 927 2228; x_wconf 89' lang='lat' dir='ltr'><strong>ita</strong></span> <span class='ocrx_word' id='word_1_275' title='bbox 954 2187 1145 2228; x_wconf 86' lang='lat' dir='ltr'><strong>omnes</strong></span> <span class='ocrx_word' id='word_1_276' title='bbox 1174 2172 1378 2241; x_wconf 81' lang='lat' dir='ltr'><strong>absque</strong></span> <span class='ocrx_word' id='word_1_277' title='bbox 1409 2170 1515 2225; x_wconf 90' lang='lat' dir='ltr'><strong>illis</strong></span> <span class='ocrx_word' id='word_1_278' title='bbox 1544 2168 2024 2240; x_wconf 69' lang='lat' dir='ltr'><strong>periculo&lt;issimis</strong></span> <span class='ocrx_word' id='word_1_279' title='bbox 2065 2168 2168 2223; x_wconf 85' lang='lat' dir='ltr'><strong>iui-</strong></span> 
     </span>
    </p>
   </div>
   <div class='ocr_carea' id='block_1_38' title="bbox 565 2258 2167 2332">
    <p class='ocr_par' dir='ltr' id='par_1_38' title="bbox 565 2258 2167 2332">
     <span class='ocr_line' id='line_1_38' title="bbox 565 2258 2167 2332; baseline -0.007 -9"><span class='ocrx_word' id='word_1_280' title='bbox 565 2267 832 2323; x_wconf 88' lang='lat' dir='ltr'><strong>micarum</strong></span> <span class='ocrx_word' id='word_1_281' title='bbox 882 2264 1094 2320; x_wconf 90' lang='lat' dir='ltr'><strong>urbium</strong></span> <span class='ocrx_word' id='word_1_282' title='bbox 1122 2261 1503 2332; x_wconf 80' lang='lat' dir='ltr'><strong>voraginibus,</strong></span> <span class='ocrx_word' id='word_1_283' title='bbox 1548 2260 1810 2315; x_wconf 72' lang='lat' dir='ltr'><strong>dissoluta</strong></span> <span class='ocrx_word' id='word_1_284' title='bbox 1856 2275 1919 2314; x_wconf 91' lang='lat' dir='ltr'><strong>ac</strong></span> <span class='ocrx_word' id='word_1_285' title='bbox 1957 2258 2167 2314; x_wconf 89' lang='lat' dir='ltr'><strong>lubrica</strong></span> 
     </span>
    </p>
   </div>
   <div class='ocr_carea' id='block_1_39' title="bbox 565 2351 2166 2433">
    <p class='ocr_par' dir='ltr' id='par_1_39' title="bbox 565 2351 2166 2433">
     <span class='ocr_line' id='line_1_39' title="bbox 565 2351 2166 2433; baseline -0.007 -17"><span class='ocrx_word' id='word_1_286' title='bbox 565 2376 702 2433; x_wconf 87' lang='lat' dir='ltr'><strong>pace</strong></span> <span class='ocrx_word' id='word_1_287' title='bbox 724 2358 1055 2414; x_wconf 85' lang='lat' dir='ltr'><strong>titubabaut:</strong></span> <span class='ocrx_word' id='word_1_288' title='bbox 1085 2357 1195 2427; x_wconf 85' lang='lat' dir='ltr'><strong>jam</strong></span> <span class='ocrx_word' id='word_1_289' title='bbox 1224 2355 1329 2410; x_wconf 86' lang='lat' dir='ltr'><strong>sibi</strong></span> <span class='ocrx_word' id='word_1_290' title='bbox 1354 2353 1649 2409; x_wconf 79' lang='lat' dir='ltr'><strong>Marianum</strong></span> <span class='ocrx_word' id='word_1_291' title='bbox 1677 2361 1840 2424; x_wconf 88' lang='lat' dir='ltr'><strong>atque</strong></span> <span class='ocrx_word' id='word_1_292' title='bbox 1863 2351 2166 2407; x_wconf 86' lang='lat' dir='ltr'><strong>Cinnanum</strong></span> 
     </span>
    </p>
   </div>
   <div class='ocr_carea' id='block_1_40' title="bbox 568 2444 2171 2519">
    <p class='ocr_par' dir='ltr' id='par_1_40' title="bbox 568 2444 2171 2519">
     <span class='ocr_line' id='line_1_40' title="bbox 568 2444 2171 2519; baseline -0.004 -13"><span class='ocrx_word' id='word_1_293' title='bbox 568 2450 742 2506; x_wconf 81' lang='lat' dir='ltr'><strong>Roma</strong></span> <span class='ocrx_word' id='word_1_294' title='bbox 771 2447 1111 2519; x_wconf 90' lang='lat' dir='ltr'><strong>parturiebat</strong></span> <span class='ocrx_word' id='word_1_295' title='bbox 1128 2445 1423 2511; x_wconf 79' lang='lat' dir='ltr'><strong>excidium,</strong></span> <span class='ocrx_word' id='word_1_296' title='bbox 1449 2455 1501 2500; x_wconf 91' lang='lat' dir='ltr'><strong>et</strong></span> <span class='ocrx_word' id='word_1_297' title='bbox 1524 2444 1673 2501; x_wconf 88' lang='lat' dir='ltr'><strong>aliud</strong></span> <span class='ocrx_word' id='word_1_298' title='bbox 1693 2460 1724 2500; x_wconf 91' lang='lat' dir='ltr'><strong>e</strong></span> <span class='ocrx_word' id='word_1_299' title='bbox 1746 2444 1962 2500; x_wconf 89' lang='lat' dir='ltr'><strong>diverso</strong></span> <span class='ocrx_word' id='word_1_300' title='bbox 1978 2445 2171 2500; x_wconf 86' lang='lat' dir='ltr'><strong>Oriens</strong></span> 
     </span>
    </p>
   </div>
   <div class='ocr_carea' id='block_1_41' title="bbox 569 2537 2167 2613">
    <p class='ocr_par' dir='ltr' id='par_1_41' title="bbox 569 2537 2167 2613">
     <span class='ocr_line' id='line_1_41' title="bbox 569 2537 2167 2613; baseline -0.004 -14"><span class='ocrx_word' id='word_1_301' title='bbox 569 2554 732 2613; x_wconf 83' lang='lat' dir='ltr'><strong>atque</strong></span> <span class='ocrx_word' id='word_1_302' title='bbox 770 2541 990 2610; x_wconf 85' lang='lat' dir='ltr'><strong>Aquilo,</strong></span> <span class='ocrx_word' id='word_1_303' title='bbox 1025 2540 1127 2594; x_wconf 87' lang='lat' dir='ltr'><strong>hoc</strong></span> <span class='ocrx_word' id='word_1_304' title='bbox 1157 2547 1240 2594; x_wconf 87' lang='lat' dir='ltr'><strong>est</strong></span> <span class='ocrx_word' id='word_1_305' title='bbox 1279 2537 1325 2569; x_wconf 65' lang='grc'><strong>’⁸</strong></span> <span class='ocrx_word' id='word_1_306' title='bbox 1371 2537 1790 2593; x_wconf 85' lang='lat' dir='ltr'><strong>Mithridaticum</strong></span> <span class='ocrx_word' id='word_1_307' title='bbox 1842 2538 2167 2604; x_wconf 82' lang='lat' dir='ltr'><strong>minabatur,</strong></span> 
     </span>
    </p>
   </div>
   <div class='ocr_carea' id='block_1_42' title="bbox 571 2629 2171 2705">
    <p class='ocr_par' dir='ltr' id='par_1_42' title="bbox 571 2629 2171 2705">
     <span class='ocr_line' id='line_1_42' title="bbox 571 2629 2171 2705; baseline -0.001 -16"><span class='ocrx_word' id='word_1_308' title='bbox 571 2634 717 2705; x_wconf 87' lang='lat' dir='ltr'><strong>quod</strong></span> <span class='ocrx_word' id='word_1_309' title='bbox 742 2633 959 2705; x_wconf 89' lang='lat' dir='ltr'><strong>quidem</strong></span> <span class='ocrx_word' id='word_1_310' title='bbox 1006 2630 1430 2686; x_wconf 80' lang='lat' dir='ltr'><strong>Mithridaticum</strong></span> <span class='ocrx_word' id='word_1_311' title='bbox 1468 2644 1498 2683; x_wconf 91' lang='lat' dir='ltr'><strong>a</strong></span> <span class='ocrx_word' id='word_1_312' title='bbox 1525 2629 1905 2702; x_wconf 75' lang='lat' dir='ltr'><strong>superioribus</strong></span> <span class='ocrx_word' id='word_1_313' title='bbox 1934 2639 2171 2701; x_wconf 71' lang='lat' dir='ltr'><strong>emptum</strong></span> 
     </span>
    </p>
   </div>
   <div class='ocr_carea' id='block_1_43' title="bbox 574 2723 2175 2801">
    <p class='ocr_par' dir='ltr' id='par_1_43' title="bbox 574 2723 2175 2801">
     <span class='ocr_line' id='line_1_43' title="bbox 574 2723 2175 2801; baseline -0.003 -16"><span class='ocrx_word' id='word_1_314' title='bbox 574 2744 740 2801; x_wconf 88' lang='lat' dir='ltr'><strong>porro</strong></span> <span class='ocrx_word' id='word_1_315' title='bbox 772 2729 826 2783; x_wconf 92' lang='lat' dir='ltr'><strong>in</strong></span> <span class='ocrx_word' id='word_1_316' title='bbox 857 2727 1116 2782; x_wconf 87' lang='lat' dir='ltr'><strong>ulteriora</strong></span> <span class='ocrx_word' id='word_1_317' title='bbox 1153 2726 1465 2796; x_wconf 85' lang='lat' dir='ltr'><strong>porrigitur.</strong></span> <span class='ocrx_word' id='word_1_318' title='bbox 1493 2725 1569 2779; x_wconf 88' lang='lat' dir='ltr'><strong>De</strong></span> <span class='ocrx_word' id='word_1_319' title='bbox 1599 2724 1838 2779; x_wconf 85' lang='lat' dir='ltr'><strong>Mariana</strong></span> <span class='ocrx_word' id='word_1_320' title='bbox 1867 2723 1986 2780; x_wconf 88' lang='lat' dir='ltr'><strong>face</strong></span> <span class='ocrx_word' id='word_1_321' title='bbox 2015 2740 2175 2797; x_wconf 90' lang='lat' dir='ltr'><strong>rogus</strong></span> 
     </span>
    </p>
   </div>
   <div class='ocr_carea' id='block_1_44' title="bbox 572 2815 2176 2887">
    <p class='ocr_par' dir='ltr' id='par_1_44' title="bbox 572 2815 2176 2887">
     <span class='ocr_line' id='line_1_44' title="bbox 572 2815 2176 2887; baseline -0.002 -10"><span class='ocrx_word' id='word_1_322' title='bbox 572 2821 809 2878; x_wconf 72' lang='lat' dir='ltr'><strong>Sullanae</strong></span> <span class='ocrx_word' id='word_1_323' title='bbox 834 2817 1002 2875; x_wconf 86' lang='lat' dir='ltr'><strong>cladis</strong></span> <span class='ocrx_word' id='word_1_324' title='bbox 1021 2832 1287 2873; x_wconf 83' lang='lat' dir='ltr'><strong>accensus</strong></span> <span class='ocrx_word' id='word_1_325' title='bbox 1306 2825 1414 2883; x_wconf 90' lang='lat' dir='ltr'><strong>est,</strong></span> <span class='ocrx_word' id='word_1_326' title='bbox 1433 2817 1502 2873; x_wconf 91' lang='lat' dir='ltr'><strong>de</strong></span> <span class='ocrx_word' id='word_1_327' title='bbox 1521 2817 1624 2871; x_wconf 90' lang='lat' dir='ltr'><strong>isto</strong></span> <span class='ocrx_word' id='word_1_328' title='bbox 1645 2830 1778 2887; x_wconf 86' lang='lat' dir='ltr'><strong>rogo</strong></span> <span class='ocrx_word' id='word_1_329' title='bbox 1804 2815 2176 2874; x_wconf 87' lang='lat' dir='ltr'><strong>funestissimo</strong></span> 
     </span>
    </p>
   </div>
   <div class='ocr_carea' id='block_1_45' title="bbox 575 2911 2178 2982">
    <p class='ocr_par' dir='ltr' id='par_1_45' title="bbox 575 2911 2178 2982">
     <span class='ocr_line' id='line_1_45' title="bbox 575 2911 2178 2982; baseline -0.002 -10"><span class='ocrx_word' id='word_1_330' title='bbox 575 2914 786 2973; x_wconf 91' lang='lat' dir='ltr'><strong>Sullani</strong></span> <span class='ocrx_word' id='word_1_331' title='bbox 813 2925 865 2971; x_wconf 91' lang='lat' dir='ltr'><strong>et</strong></span> <span class='ocrx_word' id='word_1_332' title='bbox 892 2912 1071 2970; x_wconf 74' lang='lat' dir='ltr'><strong>civilis</strong></span> <span class='ocrx_word' id='word_1_333' title='bbox 1108 2911 1237 2968; x_wconf 86' lang='lat' dir='ltr'><strong>belli</strong></span> <span class='ocrx_word' id='word_1_334' title='bbox 1277 2926 1373 2982; x_wconf 91' lang='lat' dir='ltr'><strong>per</strong></span> <span class='ocrx_word' id='word_1_335' title='bbox 1404 2912 1666 2981; x_wconf 88' lang='lat' dir='ltr'><strong>plurimas</strong></span> <span class='ocrx_word' id='word_1_336' title='bbox 1697 2922 1965 2967; x_wconf 89' lang='lat' dir='ltr'><strong>terrarum</strong></span> <span class='ocrx_word' id='word_1_337' title='bbox 1997 2920 2178 2982; x_wconf 85' lang='lat' dir='ltr'><strong>partes</strong></span> 
     </span>
    </p>
   </div>
   <div class='ocr_carea' id='block_1_46' title="bbox 2270 1885 3834 1958">
    <p class='ocr_par' dir='ltr' id='par_1_46' title="bbox 2270 1885 3834 1958">
     <span class='ocr_line' id='line_1_46' title="bbox 2270 1885 3834 1958; baseline -0.001 -16"><span class='ocrx_word' id='word_1_338' title='bbox 2270 1887 2479 1958; x_wconf 88' lang='lat' dir='ltr'><strong>paucis,</strong></span> <span class='ocrx_word' id='word_1_339' title='bbox 2512 1886 2609 1942; x_wconf 92' lang='lat' dir='ltr'><strong>sed</strong></span> <span class='ocrx_word' id='word_1_340' title='bbox 2640 1885 2838 1956; x_wconf 88' lang='lat' dir='ltr'><strong>ubique</strong></span> <span class='ocrx_word' id='word_1_341' title='bbox 2866 1886 3242 1942; x_wconf 89' lang='lat' dir='ltr'><strong>metuendum.</strong></span> <span class='ocrx_word' id='word_1_342' title='bbox 3274 1885 3430 1955; x_wconf 88' lang='lat' dir='ltr'><strong>Quod</strong></span> <span class='ocrx_word' id='word_1_343' title='bbox 3460 1887 3582 1956; x_wconf 89' lang='lat' dir='ltr'><strong>quia</strong></span> <span class='ocrx_word' id='word_1_344' title='bbox 3610 1885 3834 1955; x_wconf 81' lang='lat' dir='ltr'><strong>fugitivo-</strong></span> 
     </span>
    </p>
   </div>
   <div class='ocr_carea' id='block_1_47' title="bbox 2272 1978 3833 2046">
    <p class='ocr_par' dir='ltr' id='par_1_47' title="bbox 2272 1978 3833 2046">
     <span class='ocr_line' id='line_1_47' title="bbox 2272 1978 3833 2046; baseline 0.001 -12"><span class='ocrx_word' id='word_1_345' title='bbox 2272 1994 2391 2034; x_wconf 89' lang='lat' dir='ltr'><strong>rum</strong></span> <span class='ocrx_word' id='word_1_346' title='bbox 2424 1978 2625 2035; x_wconf 89' lang='lat' dir='ltr'><strong>bellum</strong></span> <span class='ocrx_word' id='word_1_347' title='bbox 2651 1979 2873 2046; x_wconf 90' lang='lat' dir='ltr'><strong>dicitur,</strong></span> <span class='ocrx_word' id='word_1_348' title='bbox 2898 1980 3223 2036; x_wconf 88' lang='lat' dir='ltr'><strong>neminivile</strong></span> <span class='ocrx_word' id='word_1_349' title='bbox 3250 1981 3515 2035; x_wconf 83' lang='lat' dir='ltr'><strong>habeatur</strong></span> <span class='ocrx_word' id='word_1_350' title='bbox 3535 1995 3599 2035; x_wconf 82' lang='lat' dir='ltr'><strong>ex</strong></span> <span class='ocrx_word' id='word_1_351' title='bbox 3625 1979 3833 2035; x_wconf 88' lang='lat' dir='ltr'><strong>nomine.</strong></span> 
     </span>
    </p>
   </div>
   <div class='ocr_carea' id='block_1_48' title="bbox 2269 2070 3836 2144">
    <p class='ocr_par' dir='ltr' id='par_1_48' title="bbox 2269 2070 3836 2144">
     <span class='ocr_line' id='line_1_48' title="bbox 2269 2070 3836 2144; baseline -0.001 -15"><span class='ocrx_word' id='word_1_352' title='bbox 2269 2070 2427 2143; x_wconf 67' lang='lat' dir='ltr'><strong>Smpe</strong></span> <span class='ocrx_word' id='word_1_353' title='bbox 2451 2074 2503 2128; x_wconf 91' lang='lat' dir='ltr'><strong>in</strong></span> <span class='ocrx_word' id='word_1_354' title='bbox 2525 2087 2589 2128; x_wconf 89' lang='lat' dir='ltr'><strong>eo</strong></span> <span class='ocrx_word' id='word_1_355' title='bbox 2611 2072 2809 2144; x_wconf 84' lang='lat' dir='ltr'><strong>singuli</strong></span> <span class='ocrx_word' id='word_1_356' title='bbox 2834 2082 2888 2128; x_wconf 91' lang='lat' dir='ltr'><strong>et</strong></span> <span class='ocrx_word' id='word_1_357' title='bbox 2913 2073 3207 2143; x_wconf 84' lang='lat' dir='ltr'><strong>aliquando</strong></span> <span class='ocrx_word' id='word_1_358' title='bbox 3233 2073 3393 2129; x_wconf 89' lang='lat' dir='ltr'><strong>simul</strong></span> <span class='ocrx_word' id='word_1_359' title='bbox 3421 2088 3543 2128; x_wconf 90' lang='lat' dir='ltr'><strong>cum</strong></span> <span class='ocrx_word' id='word_1_360' title='bbox 3571 2073 3836 2144; x_wconf 84' lang='lat' dir='ltr'><strong>agminibus</strong></span> 
     </span>
    </p>
   </div>
   <div class='ocr_carea' id='block_1_49' title="bbox 2273 2165 3837 2236">
    <p class='ocr_par' dir='ltr' id='par_1_49' title="bbox 2273 2165 3837 2236">
     <span class='ocr_line' id='line_1_49' title="bbox 2273 2165 3837 2236; baseline 0 -15"><span class='ocrx_word' id='word_1_361' title='bbox 2273 2166 2476 2221; x_wconf 90' lang='lat' dir='ltr'><strong>frustra</strong></span> <span class='ocrx_word' id='word_1_362' title='bbox 2503 2165 2711 2236; x_wconf 86' lang='lat' dir='ltr'><strong>junctis</strong></span> <span class='ocrx_word' id='word_1_363' title='bbox 2740 2166 2901 2222; x_wconf 81' lang='lat' dir='ltr'><strong>ambo</strong></span> <span class='ocrx_word' id='word_1_364' title='bbox 2928 2168 3181 2223; x_wconf 86' lang='lat' dir='ltr'><strong>consules</strong></span> <span class='ocrx_word' id='word_1_365' title='bbox 3210 2166 3338 2222; x_wconf 84' lang='lat' dir='ltr'><strong>victi</strong></span> <span class='ocrx_word' id='word_1_366' title='bbox 3366 2175 3515 2232; x_wconf 90' lang='lat' dir='ltr'><strong>sunt,</strong></span> <span class='ocrx_word' id='word_1_367' title='bbox 3548 2166 3837 2236; x_wconf 85' lang='lat' dir='ltr'><strong>plurimique</strong></span> 
     </span>
    </p>
   </div>
   <div class='ocr_carea' id='block_1_50' title="bbox 2272 2259 3831 2330">
    <p class='ocr_par' dir='ltr' id='par_1_50' title="bbox 2272 2259 3831 2330">
     <span class='ocr_line' id='line_1_50' title="bbox 2272 2259 3831 2330; baseline -0.003 -14"><span class='ocrx_word' id='word_1_368' title='bbox 2272 2260 2484 2316; x_wconf 83' lang='lat' dir='ltr'><strong>nobiles</strong></span> <span class='ocrx_word' id='word_1_369' title='bbox 2504 2259 2777 2315; x_wconf 84' lang='lat' dir='ltr'><strong>trucidati.</strong></span> <span class='ocrx_word' id='word_1_370' title='bbox 2795 2259 2900 2330; x_wconf 85' lang='lat' dir='ltr'><strong>Ipsi</strong></span> <span class='ocrx_word' id='word_1_371' title='bbox 2917 2269 3097 2315; x_wconf 88' lang='lat' dir='ltr'><strong>autem</strong></span> <span class='ocrx_word' id='word_1_372' title='bbox 3118 2259 3321 2329; x_wconf 82' lang='lat' dir='ltr'><strong>fugitivi</strong></span> <span class='ocrx_word' id='word_1_373' title='bbox 3342 2259 3465 2328; x_wconf 84' lang='lat' dir='ltr'><strong>plus</strong></span> <span class='ocrx_word' id='word_1_374' title='bbox 3479 2273 3624 2329; x_wconf 84' lang='lat' dir='ltr'><strong>quam</strong></span> <span class='ocrx_word' id='word_1_375' title='bbox 3638 2267 3831 2312; x_wconf 86' lang='lat' dir='ltr'><strong>centum</strong></span> 
     </span>
    </p>
   </div>
   <div class='ocr_carea' id='block_1_51' title="bbox 2273 2351 3836 2424">
    <p class='ocr_par' dir='ltr' id='par_1_51' title="bbox 2273 2351 3836 2424">
     <span class='ocr_line' id='line_1_51' title="bbox 2273 2351 3836 2424; baseline -0.002 -16"><span class='ocrx_word' id='word_1_376' title='bbox 2273 2354 2440 2409; x_wconf 87' lang='lat' dir='ltr'><strong>millia</strong></span> <span class='ocrx_word' id='word_1_377' title='bbox 2466 2351 2645 2421; x_wconf 87' lang='lat' dir='ltr'><strong>fuere,</strong></span> <span class='ocrx_word' id='word_1_378' title='bbox 2678 2353 2770 2424; x_wconf 90' lang='lat' dir='ltr'><strong>qui</strong></span> <span class='ocrx_word' id='word_1_379' title='bbox 2807 2354 2935 2409; x_wconf 79' lang='lat' dir='ltr'><strong>caesi</strong></span> <span class='ocrx_word' id='word_1_380' title='bbox 2966 2362 3116 2409; x_wconf 89' lang='lat' dir='ltr'><strong>sunt.</strong></span> <span class='ocrx_word' id='word_1_381' title='bbox 3152 2352 3230 2407; x_wconf 78' lang='lat' dir='ltr'><strong>Ex</strong></span> <span class='ocrx_word' id='word_1_382' title='bbox 3259 2368 3371 2423; x_wconf 88' lang='lat' dir='ltr'><strong>quo</strong></span> <span class='ocrx_word' id='word_1_383' title='bbox 3402 2353 3751 2419; x_wconf 89' lang='lat' dir='ltr'><strong>admonemus,</strong></span> <span class='ocrx_word' id='word_1_384' title='bbox 3779 2361 3836 2405; x_wconf 92' lang='lat' dir='ltr'><strong>ut</strong></span> 
     </span>
    </p>
   </div>
   <div class='ocr_carea' id='block_1_52' title="bbox 2272 2445 3834 2527">
    <p class='ocr_par' dir='ltr' id='par_1_52' title="bbox 2272 2445 3834 2527">
     <span class='ocr_line' id='line_1_52' title="bbox 2272 2445 3834 2527; baseline -0.003 -25"><span class='ocrx_word' id='word_1_385' title='bbox 2272 2446 2386 2518; x_wconf 88' lang='lat' dir='ltr'><strong>ipsa</strong></span> <span class='ocrx_word' id='word_1_386' title='bbox 2440 2461 2499 2501; x_wconf 92' lang='lat' dir='ltr'><strong>se</strong></span> <span class='ocrx_word' id='word_1_387' title='bbox 2547 2446 2859 2501; x_wconf 84' lang='lat' dir='ltr'><strong>consoletur</strong></span> <span class='ocrx_word' id='word_1_388' title='bbox 2903 2445 3055 2527; x_wconf 73' lang='lat' dir='ltr'><strong>italia</strong></span> <span class='ocrx_word' id='word_1_389' title='bbox 3087 2445 3155 2500; x_wconf 93' lang='lat' dir='ltr'><strong>de</strong></span> <span class='ocrx_word' id='word_1_390' title='bbox 3204 2446 3496 2501; x_wconf 80' lang='lat' dir='ltr'><strong>vexatione</strong></span> <span class='ocrx_word' id='word_1_391' title='bbox 3520 2453 3834 2500; x_wconf 80' lang='lat' dir='ltr'><strong>externorum</strong></span> 
     </span>
    </p>
   </div>
   <div class='ocr_carea' id='block_1_53' title="bbox 2276 2537 3836 2611">
    <p class='ocr_par' dir='ltr' id='par_1_53' title="bbox 2276 2537 3836 2611">
     <span class='ocr_line' id='line_1_53' title="bbox 2276 2537 3836 2611; baseline -0.004 -15"><span class='ocrx_word' id='word_1_392' title='bbox 2276 2540 2623 2611; x_wconf 76' lang='lat' dir='ltr'><strong>przcsentium</strong></span> <span class='ocrx_word' id='word_1_393' title='bbox 2654 2583 2667 2607; x_wconf 94' lang='lat'><strong>,</strong></span> <span class='ocrx_word' id='word_1_394' title='bbox 2755 2554 2853 2610; x_wconf 88' lang='lat' dir='ltr'><strong>per</strong></span> <span class='ocrx_word' id='word_1_395' title='bbox 2946 2537 3387 2594; x_wconf 88' lang='lat' dir='ltr'><strong>recordationem</strong></span> <span class='ocrx_word' id='word_1_396' title='bbox 3468 2537 3836 2607; x_wconf 65' lang='lat' dir='ltr'><strong>praeteritorum</strong></span> 
     </span>
    </p>
   </div>
   <div class='ocr_carea' id='block_1_54' title="bbox 2275 2628 3831 2703">
    <p class='ocr_par' dir='ltr' id='par_1_54' title="bbox 2275 2628 3831 2703">
     <span class='ocr_line' id='line_1_54' title="bbox 2275 2628 3831 2703; baseline -0.004 -14"><span class='ocrx_word' id='word_1_397' title='bbox 2275 2635 2322 2668; x_wconf 76' lang='grc'><strong>¹⁹</strong></span> <span class='ocrx_word' id='word_1_398' title='bbox 2353 2648 2419 2689; x_wconf 79' lang='lat' dir='ltr'><strong>ex</strong></span> <span class='ocrx_word' id='word_1_399' title='bbox 2449 2647 2509 2688; x_wconf 89' lang='lat' dir='ltr'><strong>se</strong></span> <span class='ocrx_word' id='word_1_400' title='bbox 2563 2642 2725 2703; x_wconf 86' lang='lat' dir='ltr'><strong>atque</strong></span> <span class='ocrx_word' id='word_1_401' title='bbox 2778 2632 2832 2687; x_wconf 94' lang='lat' dir='ltr'><strong>in</strong></span> <span class='ocrx_word' id='word_1_402' title='bbox 2900 2646 3003 2698; x_wconf 88' lang='lat' dir='ltr'><strong>se;</strong></span> <span class='ocrx_word' id='word_1_403' title='bbox 3061 2640 3116 2686; x_wconf 88' lang='lat' dir='ltr'><strong>et</strong></span> <span class='ocrx_word' id='word_1_404' title='bbox 3146 2632 3319 2702; x_wconf 81' lang='lat' dir='ltr'><strong>ipsam</strong></span> <span class='ocrx_word' id='word_1_405' title='bbox 3375 2646 3438 2687; x_wconf 89' lang='lat' dir='ltr'><strong>se</strong></span> <span class='ocrx_word' id='word_1_406' title='bbox 3466 2628 3831 2701; x_wconf 62' lang='lat' dir='ltr'><strong>incomparabi-</strong></span> 
     </span>
    </p>
   </div>
   <div class='ocr_carea' id='block_1_55' title="bbox 2281 2725 3840 2799">
    <p class='ocr_par' dir='ltr' id='par_1_55' title="bbox 2281 2725 3840 2799">
     <span class='ocr_line' id='line_1_55' title="bbox 2281 2725 3840 2799; baseline -0.004 -16"><span class='ocrx_word' id='word_1_407' title='bbox 2281 2728 2409 2783; x_wconf 87' lang='lat' dir='ltr'><strong>liter</strong></span> <span class='ocrx_word' id='word_1_408' title='bbox 2461 2726 2623 2799; x_wconf 77' lang='lat'><strong>363</strong></span> <span class='ocrx_word' id='word_1_409' title='bbox 2670 2726 2945 2782; x_wconf 84' lang='lat' dir='ltr'><strong>crudelius</strong></span> <span class='ocrx_word' id='word_1_410' title='bbox 2998 2726 3350 2782; x_wconf 89' lang='lat' dir='ltr'><strong>dilaceratam</strong></span> <span class='ocrx_word' id='word_1_411' title='bbox 3392 2727 3604 2782; x_wconf 80' lang='lat' dir='ltr'><strong>noverit</strong></span> <span class='ocrx_word' id='word_1_412' title='bbox 3652 2740 3681 2779; x_wconf 91' lang='lat' dir='ltr'><strong>a</strong></span> <span class='ocrx_word' id='word_1_413' title='bbox 3723 2725 3840 2779; x_wconf 87' lang='lat' dir='ltr'><strong>suis.</strong></span> 
     </span>
    </p>
   </div>
   <div class='ocr_carea' id='block_1_56' title="bbox 2287 2817 3843 2888">
    <p class='ocr_par' dir='ltr' id='par_1_56' title="bbox 2287 2817 3843 2888">
     <span class='ocr_line' id='line_1_56' title="bbox 2287 2817 3843 2888; baseline -0.003 -13"><span class='ocrx_word' id='word_1_414' title='bbox 2287 2819 2654 2888; x_wconf 85' lang='lat' dir='ltr'><strong>Quamobrem</strong></span> <span class='ocrx_word' id='word_1_415' title='bbox 2692 2819 2736 2855; x_wconf 72' lang='grc' dir='ltr'><strong>’θ</strong></span> <span class='ocrx_word' id='word_1_416' title='bbox 2771 2819 2895 2875; x_wconf 92' lang='lat' dir='ltr'><strong>huic</strong></span> <span class='ocrx_word' id='word_1_417' title='bbox 2925 2834 3067 2875; x_wconf 90' lang='lat' dir='ltr'><strong>nunc</strong></span> <span class='ocrx_word' id='word_1_418' title='bbox 3096 2821 3285 2888; x_wconf 80' lang='lat' dir='ltr'><strong>quinto</strong></span> <span class='ocrx_word' id='word_1_419' title='bbox 3313 2818 3573 2873; x_wconf 83' lang='lat' dir='ltr'><strong>volumini</strong></span> <span class='ocrx_word' id='word_1_420' title='bbox 3606 2817 3755 2873; x_wconf 89' lang='lat' dir='ltr'><strong>linem</strong></span> <span class='ocrx_word' id='word_1_421' title='bbox 3781 2817 3843 2870; x_wconf 86' lang='lat' dir='ltr'><strong>fc-</strong></span> 
     </span>
    </p>
   </div>
   <div class='ocr_carea' id='block_1_57' title="bbox 2285 2907 3842 2985">
    <p class='ocr_par' dir='ltr' id='par_1_57' title="bbox 2285 2907 3842 2985">
     <span class='ocr_line' id='line_1_57' title="bbox 2285 2907 3842 2985; baseline -0.005 -17"><span class='ocrx_word' id='word_1_422' title='bbox 2285 2913 2476 2981; x_wconf 88' lang='lat' dir='ltr'><strong>cerim,</strong></span> <span class='ocrx_word' id='word_1_423' title='bbox 2510 2920 2568 2967; x_wconf 88' lang='lat' dir='ltr'><strong>ut</strong></span> <span class='ocrx_word' id='word_1_424' title='bbox 2592 2912 2737 2968; x_wconf 84' lang='lat' dir='ltr'><strong>bella</strong></span> <span class='ocrx_word' id='word_1_425' title='bbox 2763 2911 2945 2968; x_wconf 88' lang='lat' dir='ltr'><strong>civilia</strong></span> <span class='ocrx_word' id='word_1_426' title='bbox 2977 2914 3223 2969; x_wconf 81' lang='lat' dir='ltr'><strong>externis</strong></span> <span class='ocrx_word' id='word_1_427' title='bbox 3256 2911 3456 2985; x_wconf 88' lang='lat' dir='ltr'><strong>ubique</strong></span> <span class='ocrx_word' id='word_1_428' title='bbox 3486 2910 3755 2983; x_wconf 78' lang='lat' dir='ltr'><strong>permixta,</strong></span> <span class='ocrx_word' id='word_1_429' title='bbox 3777 2907 3842 2963; x_wconf 71' lang='lat' dir='ltr'><strong>vel</strong></span> 
     </span>
    </p>
   </div>
   <div class='ocr_carea' id='block_1_58' title="bbox 1804 3048 2619 3111">
    <p class='ocr_par' dir='ltr' id='par_1_58' title="bbox 1804 3048 2619 3111">
     <span class='ocr_line' id='line_1_58' title="bbox 1804 3048 2619 3111; baseline -0.007 0"><span class='ocrx_word' id='word_1_430' title='bbox 1804 3049 2312 3111; x_wconf 50' lang='lat' dir='ltr'><strong>’lIAVERCAMPl</strong></span> <span class='ocrx_word' id='word_1_431' title='bbox 2353 3048 2584 3108; x_wconf 69' lang='lat' dir='ltr'><strong>NOTAE.</strong></span> <span class='ocrx_word' id='word_1_432' title='bbox 2607 3054 2619 3062; x_wconf 86' lang='lat'><strong>&#39;</strong></span> 
     </span>
    </p>
   </div>
   <div class='ocr_carea' id='block_1_59' title="bbox 656 3171 1937 3245">
    <p class='ocr_par' dir='ltr' id='par_1_59' title="bbox 656 3171 1937 3245">
     <span class='ocr_line' id='line_1_59' title="bbox 656 3171 1937 3245; baseline -0.007 -10"><span class='ocrx_word' id='word_1_433' title='bbox 656 3179 746 3235; x_wconf 75' lang='lat' dir='ltr'><strong>l6.</strong></span> <span class='ocrx_word' id='word_1_434' title='bbox 779 3176 951 3232; x_wconf 77' lang='lat' dir='ltr'><strong>Attriti</strong></span> <span class='ocrx_word' id='word_1_435' title='bbox 974 3184 1110 3231; x_wconf 77' lang='lat' dir='ltr'><strong>sunt.</strong></span> <span class='ocrx_word' id='word_1_436' title='bbox 1141 3172 1242 3229; x_wconf 86' lang='lat' dir='ltr'><strong>Ed.</strong></span> <span class='ocrx_word' id='word_1_437' title='bbox 1279 3171 1763 3245; x_wconf 74' lang='lat' dir='ltr'><strong>August.,contriti</strong></span> <span class='ocrx_word' id='word_1_438' title='bbox 1795 3181 1937 3245; x_wconf 79' lang='lat' dir='ltr'><strong>sunt.</strong></span> 
     </span>
    </p>
   </div>
   <div class='ocr_carea' id='block_1_60' title="bbox 656 3243 2177 3315">
    <p class='ocr_par' dir='ltr' id='par_1_60' title="bbox 656 3243 2177 3315">
     <span class='ocr_line' id='line_1_60' title="bbox 656 3243 2177 3315; baseline -0.005 -9"><span class='ocrx_word' id='word_1_439' title='bbox 656 3252 746 3306; x_wconf 81' lang='grc' dir='ltr'><strong>ΓΙ.</strong></span> <span class='ocrx_word' id='word_1_440' title='bbox 778 3247 1171 3315; x_wconf 82' lang='lat' dir='ltr'><strong>Numquidnam</strong></span> <span class='ocrx_word' id='word_1_441' title='bbox 1203 3252 1249 3298; x_wconf 87' lang='lat' dir='ltr'><strong>et</strong></span> <span class='ocrx_word' id='word_1_442' title='bbox 1280 3243 1383 3299; x_wconf 78' lang='lat' dir='ltr'><strong>hic.</strong></span> <span class='ocrx_word' id='word_1_443' title='bbox 1415 3244 1584 3315; x_wconf 87' lang='lat' dir='ltr'><strong>Lugd.</strong></span> <span class='ocrx_word' id='word_1_444' title='bbox 1618 3243 1736 3299; x_wconf 83' lang='lat' dir='ltr'><strong>Bat.</strong></span> <span class='ocrx_word' id='word_1_445' title='bbox 1770 3259 1851 3315; x_wconf 88' lang='lat' dir='ltr'><strong>pr.</strong></span> <span class='ocrx_word' id='word_1_446' title='bbox 1887 3243 2019 3315; x_wconf 84' lang='lat' dir='ltr'><strong>legit</strong></span> <span class='ocrx_word' id='word_1_447' title='bbox 2043 3243 2177 3310; x_wconf 72' lang='lat' dir='ltr'><strong>lucc,</strong></span> 
     </span>
    </p>
   </div>
   <div class='ocr_carea' id='block_1_61' title="bbox 585 3318 1145 3383">
    <p class='ocr_par' dir='ltr' id='par_1_61' title="bbox 585 3318 1145 3383">
     <span class='ocr_line' id='line_1_61' title="bbox 585 3318 1145 3383; baseline -0.014 -5"><span class='ocrx_word' id='word_1_448' title='bbox 585 3322 739 3377; x_wconf 83' lang='lat' dir='ltr'><strong>Meus</strong></span> <span class='ocrx_word' id='word_1_449' title='bbox 762 3319 912 3373; x_wconf 70' lang='lat' dir='ltr'><strong>delet</strong></span> <span class='ocrx_word' id='word_1_450' title='bbox 947 3318 1145 3383; x_wconf 83' lang='lat' dir='ltr'><strong>aliqua.</strong></span> 
     </span>
    </p>
   </div>
   <div class='ocr_carea' id='block_1_62' title="bbox 660 3385 2187 3455">
    <p class='ocr_par' dir='ltr' id='par_1_62' title="bbox 660 3385 2187 3455">
     <span class='ocr_line' id='line_1_62' title="bbox 660 3385 2187 3455; baseline -0.005 -8"><span class='ocrx_word' id='word_1_451' title='bbox 660 3394 746 3447; x_wconf 74' lang='grc'><strong>18.</strong></span> <span class='ocrx_word' id='word_1_452' title='bbox 779 3389 970 3443; x_wconf 83' lang='lat' dir='ltr'><strong>Tanta.</strong></span> <span class='ocrx_word' id='word_1_453' title='bbox 1008 3386 1250 3443; x_wconf 82' lang='lat' dir='ltr'><strong>Florent.</strong></span> <span class='ocrx_word' id='word_1_454' title='bbox 1283 3402 1431 3449; x_wconf 84' lang='lat' dir='ltr'><strong>sec.,</strong></span> <span class='ocrx_word' id='word_1_455' title='bbox 1466 3395 1749 3439; x_wconf 86' lang='lat' dir='ltr'><strong>tantorum.</strong></span> <span class='ocrx_word' id='word_1_456' title='bbox 1795 3385 1939 3450; x_wconf 79' lang='lat' dir='ltr'><strong>Mox,</strong></span> <span class='ocrx_word' id='word_1_457' title='bbox 1972 3399 2072 3454; x_wconf 91' lang='lat' dir='ltr'><strong>pro</strong></span> <span class='ocrx_word' id='word_1_458' title='bbox 2101 3386 2187 3455; x_wconf 79' lang='lat' dir='ltr'><strong>fu-</strong></span> 
     </span>
    </p>
   </div>
   <div class='ocr_carea' id='block_1_63' title="bbox 600 3456 2109 3535">
    <p class='ocr_par' dir='ltr' id='par_1_63' title="bbox 600 3456 2109 3535">
     <span class='ocr_line' id='line_1_63' title="bbox 600 3456 2109 3535; baseline -0.005 -18"><span class='ocrx_word' id='word_1_459' title='bbox 600 3465 900 3535; x_wconf 33' lang='lat' dir='ltr'><strong>gitiroru‘m,</strong></span> <span class='ocrx_word' id='word_1_460' title='bbox 927 3458 1170 3535; x_wconf 78' lang='lat' dir='ltr'><strong>l’erizou.</strong></span> <span class='ocrx_word' id='word_1_461' title='bbox 1204 3469 1260 3535; x_wconf 72' lang='lat' dir='ltr'><strong>et</strong></span> <span class='ocrx_word' id='word_1_462' title='bbox 1285 3456 2109 3535; x_wconf 61' lang='lat' dir='ltr'><strong>bleus_r_ectc,_fugitivorumque.</strong></span> 
     </span>
    </p>
   </div>
   <div class='ocr_carea' id='block_1_64' title="bbox 665 3526 2189 3597">
    <p class='ocr_par' dir='ltr' id='par_1_64' title="bbox 665 3526 2189 3597">
     <span class='ocr_line' id='line_1_64' title="bbox 665 3526 2189 3597; baseline -0.004 -10"><span class='ocrx_word' id='word_1_463' title='bbox 665 3533 753 3587; x_wconf 80' lang='lat' dir='ltr'><strong>l9.</strong></span> <span class='ocrx_word' id='word_1_464' title='bbox 797 3531 925 3597; x_wconf 79' lang='lat' dir='ltr'><strong>Qua:</strong></span> <span class='ocrx_word' id='word_1_465' title='bbox 964 3544 1027 3583; x_wconf 85' lang='lat' dir='ltr'><strong>ne</strong></span> <span class='ocrx_word' id='word_1_466' title='bbox 1055 3529 1130 3581; x_wconf 75' lang='lat' dir='ltr'><strong>sic</strong></span> <span class='ocrx_word' id='word_1_467' title='bbox 1173 3527 1416 3597; x_wconf 52' lang='lat' dir='ltr'><strong>quidem.</strong></span> <span class='ocrx_word' id='word_1_468' title='bbox 1442 3530 1569 3581; x_wconf 83' lang='lat' dir='ltr'><strong>Mss.</strong></span> <span class='ocrx_word' id='word_1_469' title='bbox 1627 3526 1737 3581; x_wconf 83' lang='lat' dir='ltr'><strong>fere</strong></span> <span class='ocrx_word' id='word_1_470' title='bbox 1767 3540 1961 3597; x_wconf 88' lang='lat' dir='ltr'><strong>omnes</strong></span> <span class='ocrx_word' id='word_1_471' title='bbox 2001 3541 2098 3596; x_wconf 87' lang='lat' dir='ltr'><strong>pro</strong></span> <span class='ocrx_word' id='word_1_472' title='bbox 2127 3543 2189 3581; x_wconf 87' lang='lat' dir='ltr'><strong>ne</strong></span> 
     </span>
    </p>
   </div>
   <div class='ocr_carea' id='block_1_65' title="bbox 596 3595 2190 3666">
    <p class='ocr_par' dir='ltr' id='par_1_65' title="bbox 596 3595 2190 3666">
     <span class='ocr_line' id='line_1_65' title="bbox 596 3595 2190 3666; baseline -0.004 -6"><span class='ocrx_word' id='word_1_473' title='bbox 596 3595 845 3660; x_wconf 82' lang='lat' dir='ltr'><strong>scribunt</strong></span> <span class='ocrx_word' id='word_1_474' title='bbox 892 3615 1029 3665; x_wconf 85' lang='lat' dir='ltr'><strong>nec;</strong></span> <span class='ocrx_word' id='word_1_475' title='bbox 1058 3608 1112 3654; x_wconf 90' lang='lat' dir='ltr'><strong>at</strong></span> <span class='ocrx_word' id='word_1_476' title='bbox 1137 3595 1344 3666; x_wconf 79' lang='lat' dir='ltr'><strong>quidem</strong></span> <span class='ocrx_word' id='word_1_477' title='bbox 1386 3595 1572 3651; x_wconf 88' lang='lat' dir='ltr'><strong>delent</strong></span> <span class='ocrx_word' id='word_1_478' title='bbox 1600 3597 1769 3666; x_wconf 83' lang='lat' dir='ltr'><strong>Lugd.</strong></span> <span class='ocrx_word' id='word_1_479' title='bbox 1811 3596 1951 3650; x_wconf 84' lang='lat' dir='ltr'><strong>Batt.</strong></span> <span class='ocrx_word' id='word_1_480' title='bbox 1998 3595 2190 3653; x_wconf 82' lang='lat' dir='ltr'><strong>Omnes</strong></span> 
     </span>
    </p>
   </div>
   <div class='ocr_carea' id='block_1_66' title="bbox 593 3667 1761 3731">
    <p class='ocr_par' dir='ltr' id='par_1_66' title="bbox 593 3667 1761 3731">
     <span class='ocr_line' id='line_1_66' title="bbox 593 3667 1761 3731; baseline -0.006 -1"><span class='ocrx_word' id='word_1_481' title='bbox 593 3689 716 3731; x_wconf 87' lang='lat' dir='ltr'><strong>cum</strong></span> <span class='ocrx_word' id='word_1_482' title='bbox 738 3672 875 3728; x_wconf 86' lang='lat' dir='ltr'><strong>Coll.</strong></span> <span class='ocrx_word' id='word_1_483' title='bbox 901 3668 1097 3729; x_wconf 88' lang='lat' dir='ltr'><strong>Gron..</strong></span> <span class='ocrx_word' id='word_1_484' title='bbox 1120 3672 1247 3724; x_wconf 89' lang='lat' dir='ltr'><strong>item</strong></span> <span class='ocrx_word' id='word_1_485' title='bbox 1271 3683 1421 3722; x_wconf 89' lang='lat' dir='ltr'><strong>meus</strong></span> <span class='ocrx_word' id='word_1_486' title='bbox 1438 3677 1493 3722; x_wconf 87' lang='lat' dir='ltr'><strong>et</strong></span> <span class='ocrx_word' id='word_1_487' title='bbox 1513 3667 1761 3723; x_wconf 83' lang='lat' dir='ltr'><strong>Perizon.</strong></span> 
     </span>
    </p>
   </div>
   <div class='ocr_carea' id='block_1_67' title="bbox 664 3738 1867 3809">
    <p class='ocr_par' dir='ltr' id='par_1_67' title="bbox 664 3738 1867 3809">
     <span class='ocr_line' id='line_1_67' title="bbox 664 3738 1867 3809; baseline -0.008 -10"><span class='ocrx_word' id='word_1_488' title='bbox 664 3744 757 3798; x_wconf 73' lang='lat' dir='ltr'><strong>2U.</strong></span> <span class='ocrx_word' id='word_1_489' title='bbox 782 3741 1044 3807; x_wconf 79' lang='lat' dir='ltr'><strong>Quamvis.</strong></span> <span class='ocrx_word' id='word_1_490' title='bbox 1077 3739 1248 3809; x_wconf 86' lang='lat' dir='ltr'><strong>Lugd.</strong></span> <span class='ocrx_word' id='word_1_491' title='bbox 1281 3738 1398 3792; x_wconf 87' lang='lat' dir='ltr'><strong>Bat.</strong></span> <span class='ocrx_word' id='word_1_492' title='bbox 1426 3753 1541 3809; x_wconf 52' lang='grc' dir='ltr'><strong>ρι’..</strong></span> <span class='ocrx_word' id='word_1_493' title='bbox 1564 3738 1867 3802; x_wconf 77' lang='lat' dir='ltr'><strong>quantisris.</strong></span> 
     </span>
    </p>
   </div>
   <div class='ocr_carea' id='block_1_68' title="bbox 663 3808 2191 3880">
    <p class='ocr_par' dir='ltr' id='par_1_68' title="bbox 663 3808 2191 3880">
     <span class='ocr_line' id='line_1_68' title="bbox 663 3808 2191 3880; baseline -0.005 -8"><span class='ocrx_word' id='word_1_494' title='bbox 663 3816 754 3871; x_wconf 74' lang='grc'><strong>21.</strong></span> <span class='ocrx_word' id='word_1_495' title='bbox 787 3808 1212 3880; x_wconf 81' lang='lat' dir='ltr'><strong>Coaccrvataque.</strong></span> <span class='ocrx_word' id='word_1_496' title='bbox 1245 3810 1337 3865; x_wconf 90' lang='lat' dir='ltr'><strong>Sic</strong></span> <span class='ocrx_word' id='word_1_497' title='bbox 1365 3808 1737 3880; x_wconf 83' lang='lat' dir='ltr'><strong>confidenter,</strong></span> <span class='ocrx_word' id='word_1_498' title='bbox 1780 3810 1896 3863; x_wconf 58' lang='lat' dir='ltr'><strong>haec</strong></span> <span class='ocrx_word' id='word_1_499' title='bbox 1939 3808 2191 3866; x_wconf 87' lang='lat' dir='ltr'><strong>laudante</strong></span> 
     </span>
    </p>
   </div>
   <div class='ocr_carea' id='block_1_69' title="bbox 592 3879 2191 3949">
    <p class='ocr_par' dir='ltr' id='par_1_69' title="bbox 592 3879 2191 3949">
     <span class='ocr_line' id='line_1_69' title="bbox 592 3879 2191 3949; baseline -0.004 -6"><span class='ocrx_word' id='word_1_500' title='bbox 592 3886 864 3943; x_wconf 87' lang='lat' dir='ltr'><strong>Palmerio</strong></span> <span class='ocrx_word' id='word_1_501' title='bbox 895 3924 909 3945; x_wconf 88' lang='lat'><strong>.</strong></span> <span class='ocrx_word' id='word_1_502' title='bbox 964 3879 1163 3948; x_wconf 89' lang='lat' dir='ltr'><strong>posui,</strong></span> <span class='ocrx_word' id='word_1_503' title='bbox 1227 3895 1324 3949; x_wconf 86' lang='lat' dir='ltr'><strong>pro</strong></span> <span class='ocrx_word' id='word_1_504' title='bbox 1376 3879 1636 3949; x_wconf 86' lang='lat' dir='ltr'><strong>vulgari,</strong></span> <span class='ocrx_word' id='word_1_505' title='bbox 1691 3888 1991 3934; x_wconf 79' lang='lat' dir='ltr'><strong>coacervata</strong></span> <span class='ocrx_word' id='word_1_506' title='bbox 2023 3926 2037 3948; x_wconf 92' lang='lat'><strong>,</strong></span> <span class='ocrx_word' id='word_1_507' title='bbox 2089 3897 2191 3937; x_wconf 89' lang='lat' dir='ltr'><strong>nec</strong></span> 
     </span>
    </p>
   </div>
   <div class='ocr_carea' id='block_1_70' title="bbox 592 3950 2188 4023">
    <p class='ocr_par' dir='ltr' id='par_1_70' title="bbox 592 3950 2188 4023">
     <span class='ocr_line' id='line_1_70' title="bbox 592 3950 2188 4023; baseline -0.004 -10"><span class='ocrx_word' id='word_1_508' title='bbox 592 3957 773 4014; x_wconf 88' lang='lat' dir='ltr'><strong>adhuc</strong></span> <span class='ocrx_word' id='word_1_509' title='bbox 830 3953 1058 4019; x_wconf 81' lang='lat' dir='ltr'><strong>diffide,</strong></span> <span class='ocrx_word' id='word_1_510' title='bbox 1131 3952 1261 4023; x_wconf 86' lang='lat' dir='ltr'><strong>quin</strong></span> <span class='ocrx_word' id='word_1_511' title='bbox 1320 3951 1411 4006; x_wconf 88' lang='lat' dir='ltr'><strong>alii</strong></span> <span class='ocrx_word' id='word_1_512' title='bbox 1465 3965 1680 4021; x_wconf 90' lang='lat' dir='ltr'><strong>quoque</strong></span> <span class='ocrx_word' id='word_1_513' title='bbox 1728 3950 1836 4006; x_wconf 90' lang='lat' dir='ltr'><strong>sint</strong></span> <span class='ocrx_word' id='word_1_514' title='bbox 1891 3951 2188 4016; x_wconf 88' lang='lat' dir='ltr'><strong>probaturi.</strong></span> 
     </span>
    </p>
   </div>
   <div class='ocr_carea' id='block_1_71' title="bbox 590 4029 770 4085">
    <p class='ocr_par' dir='ltr' id='par_1_71' title="bbox 590 4029 770 4085">
     <span class='ocr_line' id='line_1_71' title="bbox 590 4029 770 4085; baseline -0.028 0"><span class='ocrx_word' id='word_1_515' title='bbox 590 4029 770 4085; x_wconf 68' lang='lat' dir='ltr'><strong>Laur.</strong></span> 
     </span>
    </p>
   </div>
   <div class='ocr_carea' id='block_1_72' title="bbox 664 4093 2194 4163">
    <p class='ocr_par' dir='ltr' id='par_1_72' title="bbox 664 4093 2194 4163">
     <span class='ocr_line' id='line_1_72' title="bbox 664 4093 2194 4163; baseline -0.003 -11"><span class='ocrx_word' id='word_1_516' title='bbox 664 4100 755 4153; x_wconf 68' lang='lat'><strong>21’.</strong></span> <span class='ocrx_word' id='word_1_517' title='bbox 811 4095 1152 4150; x_wconf 83' lang='lat' dir='ltr'><strong>Delonucrat.</strong></span> <span class='ocrx_word' id='word_1_518' title='bbox 1193 4093 1365 4163; x_wconf 87' lang='lat' dir='ltr'><strong>Lugd.</strong></span> <span class='ocrx_word' id='word_1_519' title='bbox 1417 4093 1531 4147; x_wconf 89' lang='lat' dir='ltr'><strong>Bat.</strong></span> <span class='ocrx_word' id='word_1_520' title='bbox 1573 4107 1685 4148; x_wconf 88' lang='lat' dir='ltr'><strong>sec.</strong></span> <span class='ocrx_word' id='word_1_521' title='bbox 1713 4109 1835 4149; x_wconf 89' lang='lat' dir='ltr'><strong>cum</strong></span> <span class='ocrx_word' id='word_1_522' title='bbox 1868 4094 2040 4150; x_wconf 90' lang='lat' dir='ltr'><strong>tribus</strong></span> <span class='ocrx_word' id='word_1_523' title='bbox 2071 4093 2194 4148; x_wconf 82' lang='lat' dir='ltr'><strong>Flo-</strong></span> 
     </span>
    </p>
   </div>
   <div class='ocr_carea' id='block_1_73' title="bbox 598 4163 2191 4236">
    <p class='ocr_par' dir='ltr' id='par_1_73' title="bbox 598 4163 2191 4236">
     <span class='ocr_line' id='line_1_73' title="bbox 598 4163 2191 4236; baseline -0.003 -12"><span class='ocrx_word' id='word_1_524' title='bbox 598 4168 829 4224; x_wconf 85' lang='lat' dir='ltr'><strong>rentinis</strong></span> <span class='ocrx_word' id='word_1_525' title='bbox 852 4175 906 4222; x_wconf 89' lang='lat' dir='ltr'><strong>ct</strong></span> <span class='ocrx_word' id='word_1_526' title='bbox 931 4167 1015 4223; x_wconf 81' lang='lat' dir='ltr'><strong>ed.</strong></span> <span class='ocrx_word' id='word_1_527' title='bbox 1042 4166 1180 4236; x_wconf 84' lang='lat' dir='ltr'><strong>Aug.</strong></span> <span class='ocrx_word' id='word_1_528' title='bbox 1208 4163 1845 4236; x_wconf 78' lang='lat' dir='ltr'><strong>lcgunt.perdelonueral;</strong></span> <span class='ocrx_word' id='word_1_529' title='bbox 1875 4164 2019 4234; x_wconf 85' lang='lat' dir='ltr'><strong>quod</strong></span> <span class='ocrx_word' id='word_1_530' title='bbox 2051 4164 2191 4221; x_wconf 84' lang='lat' dir='ltr'><strong>idem</strong></span> 
     </span>
    </p>
   </div>
   <div class='ocr_carea' id='block_1_74' title="bbox 597 4236 2192 4307">
    <p class='ocr_par' dir='ltr' id='par_1_74' title="bbox 597 4236 2192 4307">
     <span class='ocr_line' id='line_1_74' title="bbox 597 4236 2192 4307; baseline -0.001 -15"><span class='ocrx_word' id='word_1_531' title='bbox 597 4242 737 4297; x_wconf 88' lang='lat' dir='ltr'><strong>velle</strong></span> <span class='ocrx_word' id='word_1_532' title='bbox 750 4240 969 4307; x_wconf 39' lang='lat' dir='ltr'><strong>,videtur</strong></span> <span class='ocrx_word' id='word_1_533' title='bbox 994 4237 1133 4292; x_wconf 85' lang='lat' dir='ltr'><strong>Coll.</strong></span> <span class='ocrx_word' id='word_1_534' title='bbox 1163 4236 1434 4301; x_wconf 83' lang='lat' dir='ltr'><strong>Grouov.,</strong></span> <span class='ocrx_word' id='word_1_535' title='bbox 1462 4251 1583 4307; x_wconf 85' lang='lat' dir='ltr'><strong>cum</strong></span> <span class='ocrx_word' id='word_1_536' title='bbox 1618 4237 1789 4291; x_wconf 92' lang='lat' dir='ltr'><strong>tribus</strong></span> <span class='ocrx_word' id='word_1_537' title='bbox 1811 4236 2032 4306; x_wconf 86' lang='lat' dir='ltr'><strong>reliquis</strong></span> <span class='ocrx_word' id='word_1_538' title='bbox 2062 4252 2192 4291; x_wconf 91' lang='lat' dir='ltr'><strong>mss.</strong></span> 
     </span>
    </p>
   </div>
   <div class='ocr_carea' id='block_1_75' title="bbox 602 4306 2201 4380">
    <p class='ocr_par' dir='ltr' id='par_1_75' title="bbox 602 4306 2201 4380">
     <span class='ocr_line' id='line_1_75' title="bbox 602 4306 2201 4380; baseline -0.003 -14"><span class='ocrx_word' id='word_1_539' title='bbox 602 4306 776 4380; x_wconf 84' lang='lat' dir='ltr'><strong>Lugd.</strong></span> <span class='ocrx_word' id='word_1_540' title='bbox 811 4311 978 4376; x_wconf 85' lang='lat' dir='ltr'><strong>Batt.,</strong></span> <span class='ocrx_word' id='word_1_541' title='bbox 1004 4309 1057 4362; x_wconf 89' lang='lat' dir='ltr'><strong>in</strong></span> <span class='ocrx_word' id='word_1_542' title='bbox 1080 4308 1384 4380; x_wconf 83' lang='lat' dir='ltr'><strong>quibusest</strong></span> <span class='ocrx_word' id='word_1_543' title='bbox 1414 4306 1675 4380; x_wconf 80' lang='lat' dir='ltr'><strong>perditum</strong></span> <span class='ocrx_word' id='word_1_544' title='bbox 1702 4317 1932 4374; x_wconf 84' lang='lat' dir='ltr'><strong>noverat,</strong></span> <span class='ocrx_word' id='word_1_545' title='bbox 1965 4309 2059 4380; x_wconf 14' lang='lat' dir='ltr'><strong>vel,</strong></span> <span class='ocrx_word' id='word_1_546' title='bbox 2082 4323 2201 4380; x_wconf 84' lang='lat' dir='ltr'><strong>per-</strong></span> 
     </span>
    </p>
   </div>
   <div class='ocr_carea' id='block_1_76' title="bbox 601 4378 2197 4446">
    <p class='ocr_par' dir='ltr' id='par_1_76' title="bbox 601 4378 2197 4446">
     <span class='ocr_line' id='line_1_76' title="bbox 601 4378 2197 4446; baseline -0.003 -9"><span class='ocrx_word' id='word_1_547' title='bbox 601 4378 709 4437; x_wconf 78' lang='lat' dir='ltr'><strong>dito</strong></span> <span class='ocrx_word' id='word_1_548' title='bbox 749 4390 969 4435; x_wconf 78' lang='lat' dir='ltr'><strong>moverat</strong></span> <span class='ocrx_word' id='word_1_549' title='bbox 993 4420 1009 4445; x_wconf 92' lang='lat'><strong>,</strong></span> <span class='ocrx_word' id='word_1_550' title='bbox 1047 4380 1132 4433; x_wconf 82' lang='lat' dir='ltr'><strong>vel</strong></span> <span class='ocrx_word' id='word_1_551' title='bbox 1180 4378 1414 4446; x_wconf 85' lang='lat' dir='ltr'><strong>denique</strong></span> <span class='ocrx_word' id='word_1_552' title='bbox 1463 4379 1720 4445; x_wconf 78' lang='lat' dir='ltr'><strong>perditum</strong></span> <span class='ocrx_word' id='word_1_553' title='bbox 1756 4386 2004 4432; x_wconf 70' lang='lat' dir='ltr'><strong>artaverat.</strong></span> <span class='ocrx_word' id='word_1_554' title='bbox 2046 4379 2197 4434; x_wconf 85' lang='lat' dir='ltr'><strong>Meus</strong></span> 
     </span>
    </p>
   </div>
   <div class='ocr_carea' id='block_1_77' title="bbox 599 4448 2194 4520">
    <p class='ocr_par' dir='ltr' id='par_1_77' title="bbox 599 4448 2194 4520">
     <span class='ocr_line' id='line_1_77' title="bbox 599 4448 2194 4520; baseline -0.004 -12"><span class='ocrx_word' id='word_1_555' title='bbox 599 4468 731 4508; x_wconf 80' lang='lat' dir='ltr'><strong>vero</strong></span> <span class='ocrx_word' id='word_1_556' title='bbox 744 4452 911 4507; x_wconf 80' lang='lat' dir='ltr'><strong>codex</strong></span> <span class='ocrx_word' id='word_1_557' title='bbox 931 4449 1513 4520; x_wconf 73' lang='lat' dir='ltr'><strong>exbibetpertmiucrat.</strong></span> <span class='ocrx_word' id='word_1_558' title='bbox 1529 4448 1646 4502; x_wconf 79' lang='lat' dir='ltr'><strong>Mox</strong></span> <span class='ocrx_word' id='word_1_559' title='bbox 1673 4455 1843 4520; x_wconf 83' lang='lat' dir='ltr'><strong>ctjam</strong></span> <span class='ocrx_word' id='word_1_560' title='bbox 1858 4448 2194 4520; x_wconf 85' lang='lat' dir='ltr'><strong>Cimbricnm,</strong></span> 
     </span>
    </p>
   </div>
   <div class='ocr_carea' id='block_1_78' title="bbox 597 4519 2196 4592">
    <p class='ocr_par' dir='ltr' id='par_1_78' title="bbox 597 4519 2196 4592">
     <span class='ocr_line' id='line_1_78' title="bbox 597 4519 2196 4592; baseline -0.003 -12"><span class='ocrx_word' id='word_1_561' title='bbox 597 4533 763 4592; x_wconf 85' lang='lat' dir='ltr'><strong>atque</strong></span> <span class='ocrx_word' id='word_1_562' title='bbox 791 4520 1068 4591; x_wconf 79' lang='lat' dir='ltr'><strong>aliquanto</strong></span> <span class='ocrx_word' id='word_1_563' title='bbox 1098 4529 1218 4588; x_wconf 86' lang='lat' dir='ltr'><strong>post</strong></span> <span class='ocrx_word' id='word_1_564' title='bbox 1236 4562 1250 4588; x_wconf 90' lang='lat'><strong>,</strong></span> <span class='ocrx_word' id='word_1_565' title='bbox 1295 4530 1341 4572; x_wconf 88' lang='lat' dir='ltr'><strong>et</strong></span> <span class='ocrx_word' id='word_1_566' title='bbox 1354 4522 1472 4591; x_wconf 83' lang='lat' dir='ltr'><strong>jam</strong></span> <span class='ocrx_word' id='word_1_567' title='bbox 1497 4519 1706 4573; x_wconf 73' lang='lat' dir='ltr'><strong>socialia</strong></span> <span class='ocrx_word' id='word_1_568' title='bbox 1734 4519 1854 4573; x_wconf 81' lang='lat' dir='ltr'><strong>belli</strong></span> <span class='ocrx_word' id='word_1_569' title='bbox 1892 4519 2017 4574; x_wconf 89' lang='lat' dir='ltr'><strong>edd.</strong></span> <span class='ocrx_word' id='word_1_570' title='bbox 2044 4519 2196 4591; x_wconf 47' lang='lat' dir='ltr'><strong>qua»</strong></span> 
     </span>
    </p>
   </div>
   <div class='ocr_carea' id='block_1_79' title="bbox 600 4594 1569 4652">
    <p class='ocr_par' dir='ltr' id='par_1_79' title="bbox 600 4594 1569 4652">
     <span class='ocr_line' id='line_1_79' title="bbox 600 4594 1569 4652; baseline -0.01 0"><span class='ocrx_word' id='word_1_571' title='bbox 600 4597 748 4652; x_wconf 75' lang='lat' dir='ltr'><strong>dant.</strong></span> <span class='ocrx_word' id='word_1_572' title='bbox 776 4594 921 4649; x_wconf 85' lang='lat' dir='ltr'><strong>Vctt.</strong></span> <span class='ocrx_word' id='word_1_573' title='bbox 1558 4596 1569 4605; x_wconf 85' lang='lat'><strong><em>‘</em></strong></span> 
     </span>
    </p>
   </div>
   <div class='ocr_carea' id='block_1_80' title="bbox 670 4657 2049 4729">
    <p class='ocr_par' dir='ltr' id='par_1_80' title="bbox 670 4657 2049 4729">
     <span class='ocr_line' id='line_1_80' title="bbox 670 4657 2049 4729; baseline -0.004 -11"><span class='ocrx_word' id='word_1_574' title='bbox 670 4665 763 4722; x_wconf 73' lang='lat'><strong>25.</strong></span> <span class='ocrx_word' id='word_1_575' title='bbox 790 4663 927 4719; x_wconf 65' lang='lat' dir='ltr'><strong>Belli</strong></span> <span class='ocrx_word' id='word_1_576' title='bbox 954 4661 1191 4729; x_wconf 79' lang='lat' dir='ltr'><strong>nebulas,</strong></span> <span class='ocrx_word' id='word_1_577' title='bbox 1236 4669 1343 4716; x_wconf 89' lang='lat' dir='ltr'><strong>etc.</strong></span> <span class='ocrx_word' id='word_1_578' title='bbox 1380 4658 1528 4729; x_wconf 83' lang='lat' dir='ltr'><strong>Virg.</strong></span> <span class='ocrx_word' id='word_1_579' title='bbox 1558 4657 1781 4715; x_wconf 66' lang='lat' dir='ltr'><strong>Aineid.</strong></span> <span class='ocrx_word' id='word_1_580' title='bbox 1815 4675 1875 4726; x_wconf 71' lang='grc' dir='ltr'><strong>ι,</strong></span> <span class='ocrx_word' id='word_1_581' title='bbox 1907 4659 2049 4717; x_wconf 88' lang='lat'><strong>809:</strong></span> 
     </span>
    </p>
   </div>
   <div class='ocr_carea' id='block_1_81' title="bbox 761 4771 1945 4889">
    <p class='ocr_par' dir='ltr' id='par_1_81' title="bbox 761 4771 1945 4889">
     <span class='ocr_line' id='line_1_81' title="bbox 761 4771 1945 4889; baseline -0.003 -63"><span class='ocrx_word' id='word_1_582' title='bbox 761 4774 1164 4889; x_wconf 46' lang='lat' dir='ltr'><strong>Sllinleas‘nubern</strong></span> <span class='ocrx_word' id='word_1_583' title='bbox 1188 4771 1327 4837; x_wconf 89' lang='lat' dir='ltr'><strong>belli,</strong></span> <span class='ocrx_word' id='word_1_584' title='bbox 1353 4772 1469 4822; x_wconf 88' lang='lat' dir='ltr'><strong>dum</strong></span> <span class='ocrx_word' id='word_1_585' title='bbox 1492 4772 1720 4836; x_wconf 91' lang='lat' dir='ltr'><strong>detonet,</strong></span> <span class='ocrx_word' id='word_1_586' title='bbox 1746 4785 1945 4824; x_wconf 89' lang='lat' dir='ltr'><strong>omnem</strong></span> 
     </span>
     <span class='ocr_line' id='line_1_82' title="bbox 801 4852 1003 4889; baseline 0 -1"><span class='ocrx_word' id='word_1_587' title='bbox 801 4852 856 4888; x_wconf 89' lang='lat' dir='ltr'><strong>us</strong></span> <span class='ocrx_word' id='word_1_588' title='bbox 881 4852 960 4889; x_wconf 87' lang='lat' dir='ltr'><strong>me</strong></span> <span class='ocrx_word' id='word_1_589' title='bbox 990 4875 1003 4888; x_wconf 94' lang='lat'><strong>.</strong></span> 
     </span>
    </p>
   </div>
   <div class='ocr_carea' id='block_1_82' title="bbox 801 4852 1003 4889">
    <p class='ocr_par' dir='ltr' id='par_1_82' title="bbox 801 4852 1003 4889">
     <span class='ocr_line' id='line_1_83' title="bbox 801 4852 1003 4889; baseline 0 -1"><span class='ocrx_word' id='word_1_590' title='bbox 801 4852 1003 4889; x_wconf 70' lang='lat' dir='ltr'><strong>“Sllilel.</strong></span> 
     </span>
    </p>
   </div>
   <div class='ocr_carea' id='block_1_83' title="bbox 669 4941 2196 5013">
    <p class='ocr_par' dir='ltr' id='par_1_83' title="bbox 669 4941 2196 5013">
     <span class='ocr_line' id='line_1_84' title="bbox 669 4941 2196 5013; baseline -0.001 -12"><span class='ocrx_word' id='word_1_591' title='bbox 669 4946 763 5003; x_wconf 56' lang='grc' dir='ltr'><strong>ει.</strong></span> <span class='ocrx_word' id='word_1_592' title='bbox 815 4943 1249 4999; x_wconf 76' lang='lat' dir='ltr'><strong>Mithridaticum.</strong></span> <span class='ocrx_word' id='word_1_593' title='bbox 1306 4941 1480 5013; x_wconf 88' lang='lat' dir='ltr'><strong>Lugd.</strong></span> <span class='ocrx_word' id='word_1_594' title='bbox 1534 4942 1676 4997; x_wconf 89' lang='lat' dir='ltr'><strong>Batt.</strong></span> <span class='ocrx_word' id='word_1_595' title='bbox 1736 4950 1848 4997; x_wconf 85' lang='lat' dir='ltr'><strong>tres</strong></span> <span class='ocrx_word' id='word_1_596' title='bbox 1886 4955 2007 4997; x_wconf 89' lang='lat' dir='ltr'><strong>cum</strong></span> <span class='ocrx_word' id='word_1_597' title='bbox 2054 4942 2196 5000; x_wconf 85' lang='lat' dir='ltr'><strong>Coll.</strong></span> 
     </span>
    </p>
   </div>
   <div class='ocr_carea' id='block_1_84' title="bbox 597 5013 1411 5086">
    <p class='ocr_par' dir='ltr' id='par_1_84' title="bbox 597 5013 1411 5086">
     <span class='ocr_line' id='line_1_85' title="bbox 597 5013 1411 5086; baseline -0.007 -11"><span class='ocrx_word' id='word_1_598' title='bbox 597 5019 840 5075; x_wconf 84' lang='lat' dir='ltr'><strong>Gronov.</strong></span> <span class='ocrx_word' id='word_1_599' title='bbox 868 5016 1170 5086; x_wconf 74' lang='lat' dir='ltr'><strong>adiungunt</strong></span> <span class='ocrx_word' id='word_1_600' title='bbox 1198 5013 1411 5069; x_wconf 85' lang='lat' dir='ltr'><strong>bellum.</strong></span> 
     </span>
    </p>
   </div>
   <div class='ocr_carea' id='block_1_85' title="bbox 668 5082 2204 5157">
    <p class='ocr_par' dir='ltr' id='par_1_85' title="bbox 668 5082 2204 5157">
     <span class='ocr_line' id='line_1_86' title="bbox 668 5082 2204 5157; baseline -0.002 -13"><span class='ocrx_word' id='word_1_601' title='bbox 668 5088 760 5144; x_wconf 60' lang='grc' dir='ltr'><strong>ἐῢ.</strong></span> <span class='ocrx_word' id='word_1_602' title='bbox 792 5086 869 5141; x_wconf 84' lang='lat' dir='ltr'><strong>De</strong></span> <span class='ocrx_word' id='word_1_603' title='bbox 896 5082 1062 5153; x_wconf 70' lang='lat' dir='ltr'><strong>parra</strong></span> <span class='ocrx_word' id='word_1_604' title='bbox 1086 5102 1283 5157; x_wconf 74' lang='lat' dir='ltr'><strong>magna</strong></span> <span class='ocrx_word' id='word_1_605' title='bbox 1312 5089 1563 5154; x_wconf 75' lang='lat' dir='ltr'><strong>fecerunt.</strong></span> <span class='ocrx_word' id='word_1_606' title='bbox 1600 5082 1741 5157; x_wconf 81' lang='lat' dir='ltr'><strong>Edd.</strong></span> <span class='ocrx_word' id='word_1_607' title='bbox 1773 5092 1933 5150; x_wconf 86' lang='lat' dir='ltr'><strong>vett.,</strong></span> <span class='ocrx_word' id='word_1_608' title='bbox 1965 5085 2030 5139; x_wconf 87' lang='lat' dir='ltr'><strong>de</strong></span> <span class='ocrx_word' id='word_1_609' title='bbox 2052 5087 2204 5141; x_wconf 84' lang='lat' dir='ltr'><strong>mini-</strong></span> 
     </span>
    </p>
   </div>
   <div class='ocr_carea' id='block_1_86' title="bbox 597 5154 2201 5229">
    <p class='ocr_par' dir='ltr' id='par_1_86' title="bbox 597 5154 2201 5229">
     <span class='ocr_line' id='line_1_87' title="bbox 597 5154 2201 5229; baseline -0.001 -15"><span class='ocrx_word' id='word_1_610' title='bbox 597 5175 684 5214; x_wconf 85' lang='lat' dir='ltr'><strong>mo</strong></span> <span class='ocrx_word' id='word_1_611' title='bbox 720 5175 911 5229; x_wconf 84' lang='lat' dir='ltr'><strong>magna</strong></span> <span class='ocrx_word' id='word_1_612' title='bbox 958 5154 1209 5229; x_wconf 76' lang='lat' dir='ltr'><strong>fecerunt.</strong></span> <span class='ocrx_word' id='word_1_613' title='bbox 1239 5156 1369 5210; x_wconf 83' lang='lat' dir='ltr'><strong>Mss.</strong></span> <span class='ocrx_word' id='word_1_614' title='bbox 1418 5171 1632 5222; x_wconf 85' lang='lat' dir='ltr'><strong>omnes,</strong></span> <span class='ocrx_word' id='word_1_615' title='bbox 1656 5154 1731 5229; x_wconf 28' lang='lat' dir='ltr'><strong>Ade</strong></span> <span class='ocrx_word' id='word_1_616' title='bbox 1759 5172 1947 5228; x_wconf 87' lang='lat' dir='ltr'><strong>magno</strong></span> <span class='ocrx_word' id='word_1_617' title='bbox 1976 5174 2201 5229; x_wconf 83' lang='lat' dir='ltr'><strong>magna;</strong></span> 
     </span>
    </p>
   </div>
   <div class='ocr_carea' id='block_1_87' title="bbox 598 5226 2202 5301">
    <p class='ocr_par' dir='ltr' id='par_1_87' title="bbox 598 5226 2202 5301">
     <span class='ocr_line' id='line_1_88' title="bbox 598 5226 2202 5301; baseline 0 -18"><span class='ocrx_word' id='word_1_618' title='bbox 598 5226 1092 5301; x_wconf 59' lang='lat' dir='ltr'><strong>unicus&#39;l’eriz&#39;on.,</strong></span> <span class='ocrx_word' id='word_1_619' title='bbox 1123 5226 1187 5281; x_wconf 82' lang='lat' dir='ltr'><strong>dc</strong></span> <span class='ocrx_word' id='word_1_620' title='bbox 1210 5242 1396 5296; x_wconf 81' lang='lat' dir='ltr'><strong>magno</strong></span> <span class='ocrx_word' id='word_1_621' title='bbox 1418 5229 1620 5298; x_wconf 87' lang='lat' dir='ltr'><strong>majora</strong></span> <span class='ocrx_word' id='word_1_622' title='bbox 1642 5226 1906 5301; x_wconf 57' lang='lat' dir='ltr'><strong>fecerunt,</strong></span> <span class='ocrx_word' id='word_1_623' title='bbox 1925 5226 2079 5297; x_wconf 74' lang='lat' dir='ltr'><strong>quod</strong></span> <span class='ocrx_word' id='word_1_624' title='bbox 2099 5244 2202 5301; x_wconf 86' lang='lat' dir='ltr'><strong>ego</strong></span> 
     </span>
    </p>
   </div>
   <div class='ocr_carea' id='block_1_88' title="bbox 598 5298 2202 5369">
    <p class='ocr_par' dir='ltr' id='par_1_88' title="bbox 598 5298 2202 5369">
     <span class='ocr_line' id='line_1_89' title="bbox 598 5298 2202 5369; baseline 0 -14"><span class='ocrx_word' id='word_1_625' title='bbox 598 5317 713 5368; x_wconf 68' lang='lat' dir='ltr'><strong>pra:</strong></span> <span class='ocrx_word' id='word_1_626' title='bbox 743 5299 970 5369; x_wconf 79' lang='lat' dir='ltr'><strong>reliquis</strong></span> <span class='ocrx_word' id='word_1_627' title='bbox 997 5308 1257 5369; x_wconf 63' lang='lat' dir='ltr'><strong>praestare</strong></span> <span class='ocrx_word' id='word_1_628' title='bbox 1283 5306 1436 5367; x_wconf 87' lang='lat' dir='ltr'><strong>puto,</strong></span> <span class='ocrx_word' id='word_1_629' title='bbox 1458 5313 1633 5369; x_wconf 88' lang='lat' dir='ltr'><strong>neque</strong></span> <span class='ocrx_word' id='word_1_630' title='bbox 1664 5298 1807 5351; x_wconf 89' lang='lat' dir='ltr'><strong>enim</strong></span> <span class='ocrx_word' id='word_1_631' title='bbox 1823 5298 2077 5366; x_wconf 81' lang='lat' dir='ltr'><strong>exiguum</strong></span> <span class='ocrx_word' id='word_1_632' title='bbox 2103 5298 2202 5356; x_wconf 79' lang='lat' dir='ltr'><strong>fuit</strong></span> 
     </span>
    </p>
   </div>
   <div class='ocr_carea' id='block_1_89' title="bbox 598 5368 2198 5442">
    <p class='ocr_par' dir='ltr' id='par_1_89' title="bbox 598 5368 2198 5442">
     <span class='ocr_line' id='line_1_90' title="bbox 598 5368 2198 5442; baseline 0.003 -18"><span class='ocrx_word' id='word_1_633' title='bbox 598 5371 732 5427; x_wconf 89' lang='lat' dir='ltr'><strong>illud</strong></span> <span class='ocrx_word' id='word_1_634' title='bbox 758 5368 957 5427; x_wconf 87' lang='lat' dir='ltr'><strong>bellum</strong></span> <span class='ocrx_word' id='word_1_635' title='bbox 981 5368 1141 5424; x_wconf 86' lang='lat' dir='ltr'><strong>civile</strong></span> <span class='ocrx_word' id='word_1_636' title='bbox 1167 5369 1281 5424; x_wconf 82' lang='lat' dir='ltr'><strong>sive</strong></span> <span class='ocrx_word' id='word_1_637' title='bbox 1310 5369 1511 5425; x_wconf 84' lang='lat' dir='ltr'><strong>sociale</strong></span> <span class='ocrx_word' id='word_1_638' title='bbox 1538 5370 1794 5439; x_wconf 88' lang='lat' dir='ltr'><strong>primum,</strong></span> <span class='ocrx_word' id='word_1_639' title='bbox 1820 5369 1963 5424; x_wconf 87' lang='lat' dir='ltr'><strong>unde</strong></span> <span class='ocrx_word' id='word_1_640' title='bbox 1993 5372 2198 5442; x_wconf 82' lang='lat' dir='ltr'><strong>reliqua</strong></span> 
     </span>
    </p>
   </div>
   <div class='ocr_carea' id='block_1_90' title="bbox 599 5449 986 5510">
    <p class='ocr_par' dir='ltr' id='par_1_90' title="bbox 599 5449 986 5510">
     <span class='ocr_line' id='line_1_91' title="bbox 599 5449 986 5510; baseline -0.008 -15"><span class='ocrx_word' id='word_1_641' title='bbox 599 5449 986 5510; x_wconf 89' lang='lat' dir='ltr'><strong>provenerunt.</strong></span> 
     </span>
    </p>
   </div>
   <div class='ocr_carea' id='block_1_91' title="bbox 664 5510 2191 5579">
    <p class='ocr_par' dir='ltr' id='par_1_91' title="bbox 664 5510 2191 5579">
     <span class='ocr_line' id='line_1_92' title="bbox 664 5510 2191 5579; baseline 0.002 -12"><span class='ocrx_word' id='word_1_642' title='bbox 664 5513 757 5569; x_wconf 73' lang='grc'><strong>26.</strong></span> <span class='ocrx_word' id='word_1_643' title='bbox 790 5510 1219 5565; x_wconf 76' lang='lat' dir='ltr'><strong>Diumrnissima.</strong></span> <span class='ocrx_word' id='word_1_644' title='bbox 1254 5510 1654 5579; x_wconf 74' lang='lat' dir='ltr'><strong>Superlativuzn</strong></span> <span class='ocrx_word' id='word_1_645' title='bbox 1686 5513 1827 5569; x_wconf 90' lang='lat' dir='ltr'><strong>hunc</strong></span> <span class='ocrx_word' id='word_1_646' title='bbox 1854 5514 2063 5575; x_wconf 83' lang='lat' dir='ltr'><strong>nolunt.</strong></span> <span class='ocrx_word' id='word_1_647' title='bbox 2093 5514 2191 5570; x_wconf 82' lang='lat' dir='ltr'><strong>sed</strong></span> 
     </span>
    </p>
   </div>
   <div class='ocr_carea' id='block_1_92' title="bbox 592 5580 2186 5655">
    <p class='ocr_par' dir='ltr' id='par_1_92' title="bbox 592 5580 2186 5655">
     <span class='ocr_line' id='line_1_93' title="bbox 592 5580 2186 5655; baseline 0.001 -17"><span class='ocrx_word' id='word_1_648' title='bbox 592 5584 837 5655; x_wconf 49' lang='lat' dir='ltr'><strong>diuturno</strong></span> <span class='ocrx_word' id='word_1_649' title='bbox 875 5580 1283 5655; x_wconf 67' lang='lat' dir='ltr'><strong>sprihunt,_tr_cs</strong></span> <span class='ocrx_word' id='word_1_650' title='bbox 1305 5582 1594 5655; x_wconf 82' lang='lat' dir='ltr'><strong>_Ftorent.,</strong></span> <span class='ocrx_word' id='word_1_651' title='bbox 1634 5591 1746 5641; x_wconf 91' lang='lat' dir='ltr'><strong>tres</strong></span> <span class='ocrx_word' id='word_1_652' title='bbox 1797 5584 1971 5655; x_wconf 86' lang='lat' dir='ltr'><strong>Lugd.</strong></span> <span class='ocrx_word' id='word_1_653' title='bbox 2017 5584 2186 5653; x_wconf 89' lang='lat' dir='ltr'><strong>Batt.,</strong></span> 
     </span>
    </p>
   </div>
   <div class='ocr_carea' id='block_1_93' title="bbox 594 5649 1536 5722">
    <p class='ocr_par' dir='ltr' id='par_1_93' title="bbox 594 5649 1536 5722">
     <span class='ocr_line' id='line_1_94' title="bbox 594 5649 1536 5722; baseline -0.002 -14"><span class='ocrx_word' id='word_1_654' title='bbox 594 5651 763 5722; x_wconf 76' lang='lat' dir='ltr'><strong>Meus,</strong></span> <span class='ocrx_word' id='word_1_655' title='bbox 788 5649 1040 5722; x_wconf 86' lang='lat' dir='ltr'><strong>Perizon.</strong></span> <span class='ocrx_word' id='word_1_656' title='bbox 1067 5659 1123 5706; x_wconf 88' lang='lat' dir='ltr'><strong>et</strong></span> <span class='ocrx_word' id='word_1_657' title='bbox 1142 5651 1277 5706; x_wconf 89' lang='lat' dir='ltr'><strong>Coll.</strong></span> <span class='ocrx_word' id='word_1_658' title='bbox 1294 5651 1536 5722; x_wconf 88' lang='lat' dir='ltr'><strong>Gro_nov.</strong></span> 
     </span>
    </p>
   </div>
   <div class='ocr_carea' id='block_1_94' title="bbox 660 5720 2065 5782">
    <p class='ocr_par' dir='ltr' id='par_1_94' title="bbox 660 5720 2065 5782">
     <span class='ocr_line' id='line_1_95' title="bbox 660 5720 2065 5782; baseline -0.002 -2"><span class='ocrx_word' id='word_1_659' title='bbox 660 5720 757 5781; x_wconf 74' lang='lat'><strong>27.</strong></span> <span class='ocrx_word' id='word_1_660' title='bbox 786 5722 859 5780; x_wconf 84' lang='lat' dir='ltr'><strong>Ut</strong></span> <span class='ocrx_word' id='word_1_661' title='bbox 896 5721 1067 5774; x_wconf 77' lang='lat' dir='ltr'><strong>verius</strong></span> <span class='ocrx_word' id='word_1_662' title='bbox 1089 5722 1279 5775; x_wconf 76' lang='lat' dir='ltr'><strong>dicam.</strong></span> <span class='ocrx_word' id='word_1_663' title='bbox 1304 5722 1361 5776; x_wconf 86' lang='lat' dir='ltr'><strong>In</strong></span> <span class='ocrx_word' id='word_1_664' title='bbox 1390 5720 1630 5777; x_wconf 80' lang='lat' dir='ltr'><strong>Florent.</strong></span> <span class='ocrx_word' id='word_1_665' title='bbox 1658 5739 1774 5781; x_wconf 89' lang='lat' dir='ltr'><strong>sec.</strong></span> <span class='ocrx_word' id='word_1_666' title='bbox 1802 5726 1957 5782; x_wconf 84' lang='lat' dir='ltr'><strong>deest</strong></span> <span class='ocrx_word' id='word_1_667' title='bbox 1987 5735 2065 5779; x_wconf 84' lang='lat' dir='ltr'><strong>ut.</strong></span> 
     </span>
    </p>
   </div>
   <div class='ocr_carea' id='block_1_95' title="bbox 588 5789 2182 5866">
    <p class='ocr_par' dir='ltr' id='par_1_95' title="bbox 588 5789 2182 5866">
     <span class='ocr_line' id='line_1_96' title="bbox 588 5789 2182 5866; baseline 0.001 -16"><span class='ocrx_word' id='word_1_668' title='bbox 588 5821 604 5833; x_wconf 89' lang='lat'><strong>-</strong></span> <span class='ocrx_word' id='word_1_669' title='bbox 659 5797 752 5851; x_wconf 67' lang='lat'><strong>38.</strong></span> <span class='ocrx_word' id='word_1_670' title='bbox 775 5790 1135 5863; x_wconf 79' lang='lat' dir='ltr'><strong>Spectandum</strong></span> <span class='ocrx_word' id='word_1_671' title='bbox 1162 5792 1363 5862; x_wconf 74' lang='lat' dir='ltr'><strong>paucis.</strong></span> <span class='ocrx_word' id='word_1_672' title='bbox 1400 5789 1505 5848; x_wconf 88' lang='lat' dir='ltr'><strong>Per</strong></span> <span class='ocrx_word' id='word_1_673' title='bbox 1531 5795 1863 5866; x_wconf 85' lang='lat' dir='ltr'><strong>voluptatem</strong></span> <span class='ocrx_word' id='word_1_674' title='bbox 1894 5796 2107 5854; x_wconf 78' lang='lat' dir='ltr'><strong>scilicet</strong></span> <span class='ocrx_word' id='word_1_675' title='bbox 2127 5796 2182 5852; x_wconf 93' lang='lat' dir='ltr'><strong>in</strong></span> 
     </span>
    </p>
   </div>
   <div class='ocr_carea' id='block_1_96' title="bbox 2206 3168 3846 3245">
    <p class='ocr_par' dir='ltr' id='par_1_96' title="bbox 2206 3168 3846 3245">
     <span class='ocr_line' id='line_1_97' title="bbox 2206 3168 3846 3245; baseline -0.009 -10"><span class='ocrx_word' id='word_1_676' title='bbox 2206 3173 2253 3235; x_wconf 90' lang='lat' dir='ltr'><strong>C</strong></span> <span class='ocrx_word' id='word_1_677' title='bbox 2285 3173 2796 3245; x_wconf 80' lang='lat' dir='ltr'><strong>amphitheatran</strong></span> <span class='ocrx_word' id='word_1_678' title='bbox 2844 3188 2953 3245; x_wconf 89' lang='lat' dir='ltr'><strong>quo</strong></span> <span class='ocrx_word' id='word_1_679' title='bbox 2994 3173 3235 3229; x_wconf 89' lang='lat' dir='ltr'><strong>inclusos</strong></span> <span class='ocrx_word' id='word_1_680' title='bbox 3281 3171 3604 3244; x_wconf 85' lang='lat' dir='ltr'><strong>depugnare</strong></span> <span class='ocrx_word' id='word_1_681' title='bbox 3650 3168 3780 3225; x_wconf 87' lang='lat' dir='ltr'><strong>inter</strong></span> <span class='ocrx_word' id='word_1_682' title='bbox 3800 3181 3846 3222; x_wconf 83' lang='lat' dir='ltr'><strong>se</strong></span> 
     </span>
    </p>
   </div>
   <div class='ocr_carea' id='block_1_97' title="bbox 2290 3244 3829 3321">
    <p class='ocr_par' dir='ltr' id='par_1_97' title="bbox 2290 3244 3829 3321">
     <span class='ocr_line' id='line_1_98' title="bbox 2290 3244 3829 3321; baseline 0.001 -20"><span class='ocrx_word' id='word_1_683' title='bbox 2290 3257 2578 3321; x_wconf 63' lang='lat' dir='ltr'><strong>cernerent</strong></span> <span class='ocrx_word' id='word_1_684' title='bbox 2607 3244 2937 3321; x_wconf 82' lang='lat' dir='ltr'><strong>gladiatores</strong></span> <span class='ocrx_word' id='word_1_685' title='bbox 2968 3246 3154 3301; x_wconf 82' lang='lat' dir='ltr'><strong>Otiosi.</strong></span> <span class='ocrx_word' id='word_1_686' title='bbox 3464 3315 3477 3321; x_wconf 90' lang='lat'>_</span> <span class='ocrx_word' id='word_1_687' title='bbox 3759 3310 3829 3321; x_wconf 25' lang='grc' dir='ltr'><strong>Α</strong></span> 
     </span>
    </p>
   </div>
   <div class='ocr_carea' id='block_1_98' title="bbox 2358 3312 3847 3391">
    <p class='ocr_par' dir='ltr' id='par_1_98' title="bbox 2358 3312 3847 3391">
     <span class='ocr_line' id='line_1_99' title="bbox 2358 3312 3847 3391; baseline -0.005 -21"><span class='ocrx_word' id='word_1_688' title='bbox 2358 3312 2750 3391; x_wconf 37' lang='grc' dir='ltr'><strong>Ξξὶηιζπεᾱιᾳαε</strong></span> <span class='ocrx_word' id='word_1_689' title='bbox 2764 3318 2828 3391; x_wconf 87' lang='lat' dir='ltr'><strong>_in</strong></span> <span class='ocrx_word' id='word_1_690' title='bbox 2847 3334 2901 3371; x_wconf 85' lang='lat' dir='ltr'><strong>se</strong></span> <span class='ocrx_word' id='word_1_691' title='bbox 2920 3318 3062 3391; x_wconf 63' lang='lat' dir='ltr'><strong>ipsa,</strong></span> <span class='ocrx_word' id='word_1_692' title='bbox 3085 3333 3180 3372; x_wconf 87' lang='lat' dir='ltr'><strong>nec</strong></span> <span class='ocrx_word' id='word_1_693' title='bbox 3206 3324 3431 3391; x_wconf 58' lang='lat' dir='ltr'><strong>putatae</strong></span> <span class='ocrx_word' id='word_1_694' title='bbox 3454 3312 3847 3391; x_wconf 48' lang='lat' dir='ltr'><strong>incomparabili:</strong></span> 
     </span>
    </p>
   </div>
   <div class='ocr_carea' id='block_1_99' title="bbox 2289 3385 3846 3450">
    <p class='ocr_par' dir='ltr' id='par_1_99' title="bbox 2289 3385 3846 3450">
     <span class='ocr_line' id='line_1_100' title="bbox 2289 3385 3846 3450; baseline -0.004 -9"><span class='ocrx_word' id='word_1_695' title='bbox 2289 3396 2368 3441; x_wconf 84' lang='lat' dir='ltr'><strong>ter</strong></span> <span class='ocrx_word' id='word_1_696' title='bbox 2397 3387 2698 3442; x_wconf 84' lang='lat' dir='ltr'><strong>dilacerari.</strong></span> <span class='ocrx_word' id='word_1_697' title='bbox 2731 3385 2974 3443; x_wconf 74' lang='lat' dir='ltr'><strong>Monstra</strong></span> <span class='ocrx_word' id='word_1_698' title='bbox 3024 3388 3272 3443; x_wconf 86' lang='lat' dir='ltr'><strong>Herculis</strong></span> <span class='ocrx_word' id='word_1_699' title='bbox 3320 3386 3410 3441; x_wconf 86' lang='lat' dir='ltr'><strong>hic</strong></span> <span class='ocrx_word' id='word_1_700' title='bbox 3434 3385 3640 3439; x_wconf 89' lang='lat' dir='ltr'><strong>domui.</strong></span> <span class='ocrx_word' id='word_1_701' title='bbox 3671 3385 3846 3450; x_wconf 84' lang='lat' dir='ltr'><strong>Scripti</strong></span> 
     </span>
    </p>
   </div>
   <div class='ocr_carea' id='block_1_100' title="bbox 2289 3455 3850 3535">
    <p class='ocr_par' dir='ltr' id='par_1_100' title="bbox 2289 3455 3850 3535">
     <span class='ocr_line' id='line_1_101' title="bbox 2289 3455 3850 3535; baseline -0.005 -22"><span class='ocrx_word' id='word_1_702' title='bbox 2289 3474 2501 3535; x_wconf 78' lang='lat' dir='ltr'><strong>omnes,</strong></span> <span class='ocrx_word' id='word_1_703' title='bbox 2550 3457 2632 3535; x_wconf 57' lang='lat' dir='ltr'><strong>Ea:</strong></span> <span class='ocrx_word' id='word_1_704' title='bbox 2649 3476 2702 3512; x_wconf 77' lang='lat' dir='ltr'><strong>se</strong></span> <span class='ocrx_word' id='word_1_705' title='bbox 2731 3467 2885 3535; x_wconf 75' lang='lat' dir='ltr'><strong>atque</strong></span> <span class='ocrx_word' id='word_1_706' title='bbox 2909 3460 3057 3535; x_wconf 56' lang='lat' dir='ltr'><strong>inae</strong></span> <span class='ocrx_word' id='word_1_707' title='bbox 3074 3456 3555 3535; x_wconf 69' lang='lat' dir='ltr'><strong>incomparabiliter</strong></span> <span class='ocrx_word' id='word_1_708' title='bbox 3592 3455 3850 3535; x_wconf 65' lang='lat' dir='ltr'><strong>dilaceran-</strong></span> 
     </span>
    </p>
   </div>
   <div class='ocr_carea' id='block_1_101' title="bbox 2292 3527 3851 3601">
    <p class='ocr_par' dir='ltr' id='par_1_101' title="bbox 2292 3527 3851 3601">
     <span class='ocr_line' id='line_1_102' title="bbox 2292 3527 3851 3601; baseline -0.004 -18"><span class='ocrx_word' id='word_1_709' title='bbox 2292 3529 2444 3601; x_wconf 80' lang='lat' dir='ltr'><strong>tium,</strong></span> <span class='ocrx_word' id='word_1_710' title='bbox 2477 3531 2673 3601; x_wconf 89' lang='lat' dir='ltr'><strong>quibus</strong></span> <span class='ocrx_word' id='word_1_711' title='bbox 2697 3527 2822 3601; x_wconf 86' lang='lat' dir='ltr'><strong>quid</strong></span> <span class='ocrx_word' id='word_1_712' title='bbox 2848 3529 3169 3586; x_wconf 88' lang='lat' dir='ltr'><strong>confusius?</strong></span> <span class='ocrx_word' id='word_1_713' title='bbox 3195 3527 3302 3586; x_wconf 71' lang='lat' dir='ltr'><strong>seu</strong></span> <span class='ocrx_word' id='word_1_714' title='bbox 3327 3536 3516 3584; x_wconf 88' lang='lat' dir='ltr'><strong>tamen</strong></span> <span class='ocrx_word' id='word_1_715' title='bbox 3544 3537 3600 3581; x_wconf 90' lang='lat' dir='ltr'><strong>ut</strong></span> <span class='ocrx_word' id='word_1_716' title='bbox 3628 3527 3851 3601; x_wconf 77' lang='lat' dir='ltr'><strong>mibitri-</strong></span> 
     </span>
    </p>
   </div>
   <div class='ocr_carea' id='block_1_102' title="bbox 2293 3597 3851 3672">
    <p class='ocr_par' dir='ltr' id='par_1_102' title="bbox 2293 3597 3851 3672">
     <span class='ocr_line' id='line_1_103' title="bbox 2293 3597 3851 3672; baseline -0.004 -18"><span class='ocrx_word' id='word_1_717' title='bbox 2293 3600 2451 3655; x_wconf 79' lang='lat' dir='ltr'><strong>huani</strong></span> <span class='ocrx_word' id='word_1_718' title='bbox 2485 3597 2981 3672; x_wconf 48' lang='lat' dir='ltr'><strong>fecissefexeatquc</strong></span> <span class='ocrx_word' id='word_1_719' title='bbox 3016 3602 3071 3656; x_wconf 87' lang='lat' dir='ltr'><strong>in</strong></span> <span class='ocrx_word' id='word_1_720' title='bbox 3097 3618 3152 3656; x_wconf 80' lang='lat' dir='ltr'><strong>sc</strong></span> <span class='ocrx_word' id='word_1_721' title='bbox 3176 3602 3291 3671; x_wconf 80' lang='lat' dir='ltr'><strong>ipsa</strong></span> <span class='ocrx_word' id='word_1_722' title='bbox 3327 3605 3395 3654; x_wconf 90' lang='lat' dir='ltr'><strong>de</strong></span> <span class='ocrx_word' id='word_1_723' title='bbox 3424 3615 3488 3653; x_wconf 80' lang='lat' dir='ltr'><strong>ea:</strong></span> <span class='ocrx_word' id='word_1_724' title='bbox 3513 3614 3566 3653; x_wconf 77' lang='lat' dir='ltr'><strong>se</strong></span> <span class='ocrx_word' id='word_1_725' title='bbox 3590 3607 3734 3672; x_wconf 75' lang='lat' dir='ltr'><strong>atque</strong></span> <span class='ocrx_word' id='word_1_726' title='bbox 3752 3597 3851 3672; x_wconf 74' lang='lat' dir='ltr'><strong>inae</strong></span> 
     </span>
    </p>
   </div>
   <div class='ocr_carea' id='block_1_103' title="bbox 2292 3667 3851 3741">
    <p class='ocr_par' dir='ltr' id='par_1_103' title="bbox 2292 3667 3851 3741">
     <span class='ocr_line' id='line_1_104' title="bbox 2292 3667 3851 3741; baseline -0.003 -16"><span class='ocrx_word' id='word_1_727' title='bbox 2292 3672 2426 3741; x_wconf 80' lang='lat' dir='ltr'><strong>ipsa,</strong></span> <span class='ocrx_word' id='word_1_728' title='bbox 2464 3673 2540 3727; x_wconf 83' lang='lat' dir='ltr'><strong>ita</strong></span> <span class='ocrx_word' id='word_1_729' title='bbox 2569 3672 2775 3727; x_wconf 84' lang='lat' dir='ltr'><strong>Veneto</strong></span> <span class='ocrx_word' id='word_1_730' title='bbox 2802 3667 2943 3727; x_wconf 78' lang='lat' dir='ltr'><strong>libro</strong></span> <span class='ocrx_word' id='word_1_731' title='bbox 2983 3672 3139 3737; x_wconf 90' lang='lat' dir='ltr'><strong>illud,</strong></span> <span class='ocrx_word' id='word_1_732' title='bbox 3172 3667 3262 3725; x_wconf 78' lang='lat' dir='ltr'><strong>nec</strong></span> <span class='ocrx_word' id='word_1_733' title='bbox 3294 3681 3431 3741; x_wconf 79' lang='lat' dir='ltr'><strong>putet</strong></span> <span class='ocrx_word' id='word_1_734' title='bbox 3454 3669 3745 3741; x_wconf 9' lang='lat' dir='ltr'><strong>se,gtuerito</strong></span> <span class='ocrx_word' id='word_1_735' title='bbox 3771 3667 3851 3723; x_wconf 82' lang='lat' dir='ltr'><strong>dc-</strong></span> 
     </span>
    </p>
   </div>
   <div class='ocr_carea' id='block_1_104' title="bbox 2294 3739 3852 3816">
    <p class='ocr_par' dir='ltr' id='par_1_104' title="bbox 2294 3739 3852 3816">
     <span class='ocr_line' id='line_1_105' title="bbox 2294 3739 3852 3816; baseline 0.003 -19"><span class='ocrx_word' id='word_1_736' title='bbox 2294 3739 2419 3797; x_wconf 82' lang='lat' dir='ltr'><strong>beu.</strong></span> <span class='ocrx_word' id='word_1_737' title='bbox 2466 3741 2939 3816; x_wconf 71' lang='lat' dir='ltr'><strong>LAuT.——_Veneta:</strong></span> <span class='ocrx_word' id='word_1_738' title='bbox 2980 3744 3140 3816; x_wconf 80' lang='lat' dir='ltr'><strong>(quas</strong></span> <span class='ocrx_word' id='word_1_739' title='bbox 3190 3739 3442 3816; x_wconf 80' lang='lat' dir='ltr'><strong>respicit)</strong></span> <span class='ocrx_word' id='word_1_740' title='bbox 3487 3739 3852 3816; x_wconf 67' lang='lat' dir='ltr'><strong>edd_.__lcguu|.</strong></span> 
     </span>
    </p>
   </div>
   <div class='ocr_carea' id='block_1_105' title="bbox 2295 3811 3854 3885">
    <p class='ocr_par' dir='ltr' id='par_1_105' title="bbox 2295 3811 3854 3885">
     <span class='ocr_line' id='line_1_106' title="bbox 2295 3811 3854 3885; baseline -0.004 -19"><span class='ocrx_word' id='word_1_741' title='bbox 2295 3823 2537 3885; x_wconf 68' lang='lat' dir='ltr'><strong>caecique</strong></span> <span class='ocrx_word' id='word_1_742' title='bbox 2553 3814 2611 3885; x_wconf 79' lang='lat' dir='ltr'><strong>in</strong></span> <span class='ocrx_word' id='word_1_743' title='bbox 2638 3814 2882 3885; x_wconf 81' lang='lat' dir='ltr'><strong>seipsam,</strong></span> <span class='ocrx_word' id='word_1_744' title='bbox 2906 3811 3000 3870; x_wconf 79' lang='lat' dir='ltr'><strong>nec</strong></span> <span class='ocrx_word' id='word_1_745' title='bbox 3030 3822 3172 3885; x_wconf 83' lang='lat' dir='ltr'><strong>putet</strong></span> <span class='ocrx_word' id='word_1_746' title='bbox 3200 3830 3255 3869; x_wconf 74' lang='lat' dir='ltr'><strong>sc</strong></span> <span class='ocrx_word' id='word_1_747' title='bbox 3275 3811 3741 3885; x_wconf 75' lang='lat' dir='ltr'><strong>incomparabiliter</strong></span> <span class='ocrx_word' id='word_1_748' title='bbox 3757 3824 3854 3862; x_wconf 79' lang='lat' dir='ltr'><strong>cru-</strong></span> 
     </span>
    </p>
   </div>
   <div class='ocr_carea' id='block_1_106' title="bbox 2295 3881 3851 3955">
    <p class='ocr_par' dir='ltr' id='par_1_106' title="bbox 2295 3881 3851 3955">
     <span class='ocr_line' id='line_1_107' title="bbox 2295 3881 3851 3955; baseline -0.004 -18"><span class='ocrx_word' id='word_1_749' title='bbox 2295 3881 2467 3937; x_wconf 72' lang='lat' dir='ltr'><strong>delius</strong></span> <span class='ocrx_word' id='word_1_750' title='bbox 2486 3881 2780 3939; x_wconf 71' lang='lat' dir='ltr'><strong>dilacerari.</strong></span> <span class='ocrx_word' id='word_1_751' title='bbox 2810 3886 2992 3955; x_wconf 83' lang='lat' dir='ltr'><strong>anue</strong></span> <span class='ocrx_word' id='word_1_752' title='bbox 3021 3881 3263 3941; x_wconf 87' lang='lat' dir='ltr'><strong>omnium</strong></span> <span class='ocrx_word' id='word_1_753' title='bbox 3287 3883 3573 3955; x_wconf 12' lang='lat' dir='ltr'><strong>vett.iedd.</strong></span> <span class='ocrx_word' id='word_1_754' title='bbox 3600 3881 3749 3936; x_wconf 89' lang='lat' dir='ltr'><strong>lectio</strong></span> <span class='ocrx_word' id='word_1_755' title='bbox 3766 3888 3851 3942; x_wconf 85' lang='lat' dir='ltr'><strong>cst,</strong></span> 
     </span>
    </p>
   </div>
   <div class='ocr_carea' id='block_1_107' title="bbox 2297 3954 3853 4028">
    <p class='ocr_par' dir='ltr' id='par_1_107' title="bbox 2297 3954 3853 4028">
     <span class='ocr_line' id='line_1_108' title="bbox 2297 3954 3853 4028; baseline -0.006 -18"><span class='ocrx_word' id='word_1_756' title='bbox 2297 3964 2655 4028; x_wconf 60' lang='lat' dir='ltr'><strong>praeterquam</strong></span> <span class='ocrx_word' id='word_1_757' title='bbox 2686 3956 2775 4011; x_wconf 92' lang='lat' dir='ltr'><strong>cd.</strong></span> <span class='ocrx_word' id='word_1_758' title='bbox 2806 3954 3059 4026; x_wconf 80' lang='lat' dir='ltr'><strong>August.,</strong></span> <span class='ocrx_word' id='word_1_759' title='bbox 3092 3971 3211 4028; x_wconf 79' lang='lat' dir='ltr'><strong>qua:</strong></span> <span class='ocrx_word' id='word_1_760' title='bbox 3245 3956 3326 4028; x_wconf 87' lang='lat' dir='ltr'><strong>sic</strong></span> <span class='ocrx_word' id='word_1_761' title='bbox 3354 3954 3640 4028; x_wconf 49' lang='lat' dir='ltr'><strong>habet,”</strong></span> <span class='ocrx_word' id='word_1_762' title='bbox 3656 3968 3706 4006; x_wconf 75' lang='lat' dir='ltr'><strong>se</strong></span> <span class='ocrx_word' id='word_1_763' title='bbox 3726 3960 3853 4028; x_wconf 63' lang='lat' dir='ltr'><strong>atque</strong></span> 
     </span>
    </p>
   </div>
   <div class='ocr_carea' id='block_1_108' title="bbox 2296 4022 3853 4098">
    <p class='ocr_par' dir='ltr' id='par_1_108' title="bbox 2296 4022 3853 4098">
     <span class='ocr_line' id='line_1_109' title="bbox 2296 4022 3853 4098; baseline -0.004 -19"><span class='ocrx_word' id='word_1_764' title='bbox 2296 4026 2351 4081; x_wconf 86' lang='lat' dir='ltr'><strong>in</strong></span> <span class='ocrx_word' id='word_1_765' title='bbox 2381 4043 2434 4079; x_wconf 71' lang='lat' dir='ltr'><strong>ac</strong></span> <span class='ocrx_word' id='word_1_766' title='bbox 2468 4022 2636 4098; x_wconf 72' lang='lat' dir='ltr'><strong>ipsam</strong></span> <span class='ocrx_word' id='word_1_767' title='bbox 2675 4022 3153 4098; x_wconf 72' lang='lat' dir='ltr'><strong>incomparabiliter</strong></span> <span class='ocrx_word' id='word_1_768' title='bbox 3180 4027 3448 4098; x_wconf 70' lang='lat' dir='ltr'><strong>crudelius</strong></span> <span class='ocrx_word' id='word_1_769' title='bbox 3494 4022 3853 4080; x_wconf 66' lang='lat' dir='ltr'><strong>dilacerandum</strong></span> 
     </span>
    </p>
   </div>
   <div class='ocr_carea' id='block_1_109' title="bbox 2298 4096 3852 4170">
    <p class='ocr_par' dir='ltr' id='par_1_109' title="bbox 2298 4096 3852 4170">
     <span class='ocr_line' id='line_1_110' title="bbox 2298 4096 3852 4170; baseline -0.004 -20"><span class='ocrx_word' id='word_1_770' title='bbox 2298 4096 2536 4170; x_wconf 76' lang='lat' dir='ltr'><strong>suorum,</strong></span> <span class='ocrx_word' id='word_1_771' title='bbox 2565 4113 2709 4170; x_wconf 73' lang='lat' dir='ltr'><strong>qua:</strong></span> <span class='ocrx_word' id='word_1_772' title='bbox 2756 4096 2977 4170; x_wconf 83' lang='lat' dir='ltr'><strong>quoque</strong></span> <span class='ocrx_word' id='word_1_773' title='bbox 3006 4098 3128 4153; x_wconf 90' lang='lat' dir='ltr'><strong>cod.</strong></span> <span class='ocrx_word' id='word_1_774' title='bbox 3176 4096 3425 4168; x_wconf 76' lang='lat' dir='ltr'><strong>Langob.</strong></span> <span class='ocrx_word' id='word_1_775' title='bbox 3481 4098 3741 4170; x_wconf 83' lang='lat' dir='ltr'><strong>scriptura</strong></span> <span class='ocrx_word' id='word_1_776' title='bbox 3765 4102 3852 4153; x_wconf 74' lang='lat' dir='ltr'><strong>eat,</strong></span> 
     </span>
    </p>
   </div>
   <div class='ocr_carea' id='block_1_110' title="bbox 2300 4167 3855 4239">
    <p class='ocr_par' dir='ltr' id='par_1_110' title="bbox 2300 4167 3855 4239">
     <span class='ocr_line' id='line_1_111' title="bbox 2300 4167 3855 4239; baseline -0.005 -17"><span class='ocrx_word' id='word_1_777' title='bbox 2300 4168 2400 4222; x_wconf 89' lang='lat' dir='ltr'><strong>nisi</strong></span> <span class='ocrx_word' id='word_1_778' title='bbox 2433 4168 2579 4238; x_wconf 83' lang='lat' dir='ltr'><strong>quod</strong></span> <span class='ocrx_word' id='word_1_779' title='bbox 2609 4167 2806 4238; x_wconf 78' lang='lat' dir='ltr'><strong>augeat</strong></span> <span class='ocrx_word' id='word_1_780' title='bbox 2838 4167 2935 4237; x_wconf 77' lang='lat' dir='ltr'><strong>ita,</strong></span> <span class='ocrx_word' id='word_1_781' title='bbox 2968 4186 3031 4225; x_wconf 83' lang='lat' dir='ltr'><strong>ea:</strong></span> <span class='ocrx_word' id='word_1_782' title='bbox 3053 4186 3127 4236; x_wconf 75' lang='lat' dir='ltr'><strong>se,</strong></span> <span class='ocrx_word' id='word_1_783' title='bbox 3161 4167 3317 4239; x_wconf 78' lang='lat' dir='ltr'><strong>atque</strong></span> <span class='ocrx_word' id='word_1_784' title='bbox 3344 4170 3397 4221; x_wconf 85' lang='lat' dir='ltr'><strong>iu</strong></span> <span class='ocrx_word' id='word_1_785' title='bbox 3423 4184 3499 4233; x_wconf 81' lang='lat' dir='ltr'><strong>se,</strong></span> <span class='ocrx_word' id='word_1_786' title='bbox 3533 4177 3582 4221; x_wconf 84' lang='lat' dir='ltr'><strong>ct</strong></span> <span class='ocrx_word' id='word_1_787' title='bbox 3624 4167 3776 4239; x_wconf 63' lang='lat' dir='ltr'><strong>ipsum</strong></span> <span class='ocrx_word' id='word_1_788' title='bbox 3815 4178 3855 4215; x_wconf 71' lang='lat' dir='ltr'><strong>re</strong></span> 
     </span>
    </p>
   </div>
   <div class='ocr_carea' id='block_1_111' title="bbox 2299 4234 3848 4311">
    <p class='ocr_par' dir='ltr' id='par_1_111' title="bbox 2299 4234 3848 4311">
     <span class='ocr_line' id='line_1_112' title="bbox 2299 4234 3848 4311; baseline -0.005 -19"><span class='ocrx_word' id='word_1_789' title='bbox 2299 4234 2564 4310; x_wconf 73' lang='lat' dir='ltr'><strong>inconip.;</strong></span> <span class='ocrx_word' id='word_1_790' title='bbox 2597 4234 2779 4311; x_wconf 73' lang='lat' dir='ltr'><strong>neque</strong></span> <span class='ocrx_word' id='word_1_791' title='bbox 2820 4256 2848 4293; x_wconf 87' lang='lat' dir='ltr'><strong>a</strong></span> <span class='ocrx_word' id='word_1_792' title='bbox 2882 4234 3126 4311; x_wconf 45' lang='lat' dir='ltr'><strong>L&#39;ungob.</strong></span> <span class='ocrx_word' id='word_1_793' title='bbox 3164 4234 3489 4311; x_wconf 71' lang='lat' dir='ltr'><strong>discrepant</strong></span> <span class='ocrx_word' id='word_1_794' title='bbox 3530 4236 3698 4311; x_wconf 85' lang='lat' dir='ltr'><strong>Lugd.</strong></span> <span class='ocrx_word' id='word_1_795' title='bbox 3734 4234 3848 4311; x_wconf 59' lang='lat' dir='ltr'><strong>item.</strong></span> 
     </span>
    </p>
   </div>
   <div class='ocr_carea' id='block_1_112' title="bbox 2300 4305 3855 4385">
    <p class='ocr_par' dir='ltr' id='par_1_112' title="bbox 2300 4305 3855 4385">
     <span class='ocr_line' id='line_1_113' title="bbox 2300 4305 3855 4385; baseline -0.003 -24"><span class='ocrx_word' id='word_1_796' title='bbox 2300 4305 2559 4385; x_wconf 64' lang='lat' dir='ltr'><strong>quatuoc</strong></span> <span class='ocrx_word' id='word_1_797' title='bbox 2584 4305 2705 4364; x_wconf 81' lang='lat' dir='ltr'><strong>cum</strong></span> <span class='ocrx_word' id='word_1_798' title='bbox 2754 4310 2893 4366; x_wconf 90' lang='lat' dir='ltr'><strong>Coll.</strong></span> <span class='ocrx_word' id='word_1_799' title='bbox 2927 4305 3166 4385; x_wconf 72' lang='lat' dir='ltr'><strong>Gronov.</strong></span> <span class='ocrx_word' id='word_1_800' title='bbox 3197 4321 3253 4385; x_wconf 86' lang='lat' dir='ltr'><strong>et</strong></span> <span class='ocrx_word' id='word_1_801' title='bbox 3290 4305 3415 4365; x_wconf 61' lang='grc' dir='ltr'><strong>ουὶΙ.</strong></span> <span class='ocrx_word' id='word_1_802' title='bbox 3463 4309 3711 4385; x_wconf 83' lang='lat' dir='ltr'><strong>Perizon.</strong></span> <span class='ocrx_word' id='word_1_803' title='bbox 3738 4305 3855 4385; x_wconf 67' lang='lat' dir='ltr'><strong>licus</strong></span> 
     </span>
    </p>
   </div>
   <div class='ocr_carea' id='block_1_113' title="bbox 2302 4376 3854 4453">
    <p class='ocr_par' dir='ltr' id='par_1_113' title="bbox 2302 4376 3854 4453">
     <span class='ocr_line' id='line_1_114' title="bbox 2302 4376 3854 4453; baseline -0.005 -19"><span class='ocrx_word' id='word_1_804' title='bbox 2302 4376 2433 4453; x_wconf 58' lang='lat' dir='ltr'><strong>vero</strong></span> <span class='ocrx_word' id='word_1_805' title='bbox 2460 4379 2607 4451; x_wconf 82' lang='lat' dir='ltr'><strong>legit,</strong></span> <span class='ocrx_word' id='word_1_806' title='bbox 2637 4397 2701 4435; x_wconf 78' lang='lat' dir='ltr'><strong>ea:</strong></span> <span class='ocrx_word' id='word_1_807' title='bbox 2725 4398 2779 4435; x_wconf 81' lang='lat' dir='ltr'><strong>se</strong></span> <span class='ocrx_word' id='word_1_808' title='bbox 2799 4390 2953 4453; x_wconf 84' lang='lat' dir='ltr'><strong>atque</strong></span> <span class='ocrx_word' id='word_1_809' title='bbox 2978 4384 3033 4436; x_wconf 83' lang='lat' dir='ltr'><strong>in</strong></span> <span class='ocrx_word' id='word_1_810' title='bbox 3057 4399 3144 4449; x_wconf 82' lang='lat' dir='ltr'><strong>se;</strong></span> <span class='ocrx_word' id='word_1_811' title='bbox 3170 4392 3216 4435; x_wconf 86' lang='lat' dir='ltr'><strong>et</strong></span> <span class='ocrx_word' id='word_1_812' title='bbox 3237 4383 3407 4452; x_wconf 79' lang='lat' dir='ltr'><strong>ipsum</strong></span> <span class='ocrx_word' id='word_1_813' title='bbox 3433 4399 3486 4435; x_wconf 77' lang='lat' dir='ltr'><strong>se</strong></span> <span class='ocrx_word' id='word_1_814' title='bbox 3512 4376 3854 4453; x_wconf 27' lang='lat' dir='ltr'><strong>incomparabil-</strong></span> 
     </span>
    </p>
   </div>
   <div class='ocr_carea' id='block_1_114' title="bbox 2302 4445 3853 4517">
    <p class='ocr_par' dir='ltr' id='par_1_114' title="bbox 2302 4445 3853 4517">
     <span class='ocr_line' id='line_1_115' title="bbox 2302 4445 3853 4517; baseline 0 -13"><span class='ocrx_word' id='word_1_815' title='bbox 2302 4450 2421 4505; x_wconf 83' lang='lat' dir='ltr'><strong>liter</strong></span> <span class='ocrx_word' id='word_1_816' title='bbox 2458 4445 2725 4507; x_wconf 54' lang='lat' dir='ltr'><strong>crudelius</strong></span> <span class='ocrx_word' id='word_1_817' title='bbox 2771 4445 3341 4508; x_wconf 29' lang='lat' dir='ltr'><strong>dilaceratam&#39;noverit</strong></span> <span class='ocrx_word' id='word_1_818' title='bbox 3373 4470 3405 4505; x_wconf 83' lang='grc' dir='ltr'><strong>ιι</strong></span> <span class='ocrx_word' id='word_1_819' title='bbox 3439 4452 3571 4507; x_wconf 78' lang='lat' dir='ltr'><strong>suis.</strong></span> <span class='ocrx_word' id='word_1_820' title='bbox 3602 4445 3728 4517; x_wconf 71' lang='lat' dir='ltr'><strong>Qua:</strong></span> <span class='ocrx_word' id='word_1_821' title='bbox 3764 4445 3853 4499; x_wconf 64' lang='lat' dir='ltr'><strong>Sull</strong></span> 
     </span>
    </p>
   </div>
   <div class='ocr_carea' id='block_1_115' title="bbox 2224 4518 3854 4626">
    <p class='ocr_par' dir='ltr' id='par_1_115' title="bbox 2224 4518 3854 4626">
     <span class='ocr_line' id='line_1_116' title="bbox 2224 4518 3854 4626; baseline 0 0"><span class='ocrx_word' id='word_1_822' title='bbox 2224 4565 2280 4626; x_wconf 85' lang='grc'>1)</span> <span class='ocrx_word' id='word_1_823' title='bbox 2305 4522 2440 4626; x_wconf 66' lang='lat' dir='ltr'><strong>ei“:</strong></span> <span class='ocrx_word' id='word_1_824' title='bbox 2466 4524 3192 4626; x_wconf 53' lang='grc' dir='ltr'><strong>ξετίιηῐῑιὲειυτηοςεεξέιιέίξιηξ</strong></span> <span class='ocrx_word' id='word_1_825' title='bbox 3236 4518 3854 4626; x_wconf 51' lang='grc' dir='ltr'><strong>ίοφξηῖηξθέεδξιέίίῑῂκὲ·</strong></span> 
     </span>
    </p>
   </div>
   <div class='ocr_carea' id='block_1_116' title="bbox 2307 4588 3852 4665">
    <p class='ocr_par' dir='ltr' id='par_1_116' title="bbox 2307 4588 3852 4665">
     <span class='ocr_line' id='line_1_117' title="bbox 2307 4588 3852 4665; baseline 0.001 -18"><span class='ocrx_word' id='word_1_826' title='bbox 2307 4594 2380 4648; x_wconf 88' lang='lat' dir='ltr'><strong>tio</strong></span> <span class='ocrx_word' id='word_1_827' title='bbox 2406 4594 2555 4657; x_wconf 72' lang='lat' dir='ltr'><strong>enim</strong></span> <span class='ocrx_word' id='word_1_828' title='bbox 2588 4609 2925 4665; x_wconf 85' lang='lat' dir='ltr'><strong>nequaquam</strong></span> <span class='ocrx_word' id='word_1_829' title='bbox 2947 4588 3218 4663; x_wconf 72' lang='lat' dir='ltr'><strong>plausum,</strong></span> <span class='ocrx_word' id='word_1_830' title='bbox 3247 4609 3407 4664; x_wconf 86' lang='lat' dir='ltr'><strong>quem</strong></span> <span class='ocrx_word' id='word_1_831' title='bbox 3438 4594 3545 4650; x_wconf 74' lang='lat' dir='ltr'><strong>sibi</strong></span> <span class='ocrx_word' id='word_1_832' title='bbox 3576 4592 3755 4665; x_wconf 78' lang='lat' dir='ltr'><strong>tribuit</strong></span> <span class='ocrx_word' id='word_1_833' title='bbox 3775 4588 3852 4665; x_wconf 73' lang='lat' dir='ltr'><strong>do.</strong></span> 
     </span>
    </p>
   </div>
   <div class='ocr_carea' id='block_1_117' title="bbox 2307 4661 3851 4739">
    <p class='ocr_par' dir='ltr' id='par_1_117' title="bbox 2307 4661 3851 4739">
     <span class='ocr_line' id='line_1_118' title="bbox 2307 4661 3851 4739; baseline 0.003 -24"><span class='ocrx_word' id='word_1_834' title='bbox 2307 4680 2431 4739; x_wconf 81' lang='lat' dir='ltr'><strong>nam</strong></span> <span class='ocrx_word' id='word_1_835' title='bbox 2462 4661 3000 4739; x_wconf 46' lang='lat' dir='ltr'><strong>externa&#39;prazsentia,</strong></span> <span class='ocrx_word' id='word_1_836' title='bbox 3043 4667 3111 4722; x_wconf 89' lang='lat' dir='ltr'><strong>de</strong></span> <span class='ocrx_word' id='word_1_837' title='bbox 3149 4661 3351 4739; x_wconf 85' lang='lat' dir='ltr'><strong>quibus</strong></span> <span class='ocrx_word' id='word_1_838' title='bbox 3379 4661 3851 4739; x_wconf 71' lang='lat' dir='ltr'><strong>loquitur_()_rosiu§.</strong></span> 
     </span>
    </p>
   </div>
   <div class='ocr_carea' id='block_1_118' title="bbox 2306 4734 3853 4808">
    <p class='ocr_par' dir='ltr' id='par_1_118' title="bbox 2306 4734 3853 4808">
     <span class='ocr_line' id='line_1_119' title="bbox 2306 4734 3853 4808; baseline -0.005 -19"><span class='ocrx_word' id='word_1_839' title='bbox 2306 4734 2508 4808; x_wconf 80' lang='lat' dir='ltr'><strong>debent</strong></span> <span class='ocrx_word' id='word_1_840' title='bbox 2535 4736 2639 4791; x_wconf 91' lang='lat' dir='ltr'><strong>sibi</strong></span> <span class='ocrx_word' id='word_1_841' title='bbox 2670 4736 2868 4791; x_wconf 83' lang='lat' dir='ltr'><strong>habere</strong></span> <span class='ocrx_word' id='word_1_842' title='bbox 2895 4736 3097 4808; x_wconf 89' lang='lat' dir='ltr'><strong>aliquid</strong></span> <span class='ocrx_word' id='word_1_843' title='bbox 3124 4734 3459 4806; x_wconf 86' lang='lat' dir='ltr'><strong>oppositum,</strong></span> <span class='ocrx_word' id='word_1_844' title='bbox 3489 4734 3637 4808; x_wconf 89' lang='lat' dir='ltr'><strong>quod</strong></span> <span class='ocrx_word' id='word_1_845' title='bbox 3662 4734 3853 4790; x_wconf 78' lang='lat' dir='ltr'><strong>tleeStin</strong></span> 
     </span>
    </p>
   </div>
   <div class='ocr_carea' id='block_1_119' title="bbox 2308 4805 3853 4880">
    <p class='ocr_par' dir='ltr' id='par_1_119' title="bbox 2308 4805 3853 4880">
     <span class='ocr_line' id='line_1_120' title="bbox 2308 4805 3853 4880; baseline -0.001 -20"><span class='ocrx_word' id='word_1_846' title='bbox 2308 4805 2572 4880; x_wconf 73' lang='lat' dir='ltr'><strong>Latitiana</strong></span> <span class='ocrx_word' id='word_1_847' title='bbox 2601 4805 3008 4880; x_wconf 72' lang='lat' dir='ltr'><strong>emendatione,</strong></span> <span class='ocrx_word' id='word_1_848' title='bbox 3037 4805 3317 4880; x_wconf 82' lang='lat' dir='ltr'><strong>invenitur</strong></span> <span class='ocrx_word' id='word_1_849' title='bbox 3355 4816 3539 4880; x_wconf 86' lang='lat' dir='ltr'><strong>autem</strong></span> <span class='ocrx_word' id='word_1_850' title='bbox 3583 4806 3636 4860; x_wconf 93' lang='lat' dir='ltr'><strong>in</strong></span> <span class='ocrx_word' id='word_1_851' title='bbox 3677 4812 3853 4880; x_wconf 69' lang='lat' dir='ltr'><strong>nostra.</strong></span> 
     </span>
    </p>
   </div>
   <div class='ocr_carea' id='block_1_120' title="bbox 2309 4876 3853 4946">
    <p class='ocr_par' dir='ltr' id='par_1_120' title="bbox 2309 4876 3853 4946">
     <span class='ocr_line' id='line_1_121' title="bbox 2309 4876 3853 4946; baseline -0.006 -17"><span class='ocrx_word' id='word_1_852' title='bbox 2309 4876 2567 4933; x_wconf 88' lang='lat' dir='ltr'><strong>videlicet</strong></span> <span class='ocrx_word' id='word_1_853' title='bbox 2591 4879 2854 4946; x_wconf 76' lang='lat' dir='ltr'><strong>prwterita</strong></span> <span class='ocrx_word' id='word_1_854' title='bbox 2875 4879 2966 4933; x_wconf 88' lang='lat' dir='ltr'><strong>illa</strong></span> <span class='ocrx_word' id='word_1_855' title='bbox 2989 4879 3126 4934; x_wconf 86' lang='lat' dir='ltr'><strong>bella</strong></span> <span class='ocrx_word' id='word_1_856' title='bbox 3154 4880 3270 4933; x_wconf 68' lang='lat' dir='ltr'><strong>sive</strong></span> <span class='ocrx_word' id='word_1_857' title='bbox 3301 4878 3465 4943; x_wconf 78' lang='lat' dir='ltr'><strong>mala,</strong></span> <span class='ocrx_word' id='word_1_858' title='bbox 3496 4893 3562 4931; x_wconf 78' lang='lat' dir='ltr'><strong>ea:</strong></span> <span class='ocrx_word' id='word_1_859' title='bbox 3589 4893 3642 4931; x_wconf 82' lang='lat' dir='ltr'><strong>se</strong></span> <span class='ocrx_word' id='word_1_860' title='bbox 3670 4876 3853 4941; x_wconf 77' lang='lat' dir='ltr'><strong>atquin</strong></span> 
     </span>
    </p>
   </div>
   <div class='ocr_carea' id='block_1_121' title="bbox 2308 4946 3853 5018">
    <p class='ocr_par' dir='ltr' id='par_1_121' title="bbox 2308 4946 3853 5018">
     <span class='ocr_line' id='line_1_122' title="bbox 2308 4946 3853 5018; baseline 0.001 -17"><span class='ocrx_word' id='word_1_861' title='bbox 2308 4964 2381 5002; x_wconf 86' lang='lat' dir='ltr'><strong>se.</strong></span> <span class='ocrx_word' id='word_1_862' title='bbox 2403 4948 2483 5002; x_wconf 83' lang='lat' dir='ltr'><strong>Ad</strong></span> <span class='ocrx_word' id='word_1_863' title='bbox 2510 4951 2647 5002; x_wconf 85' lang='lat' dir='ltr'><strong>hanc</strong></span> <span class='ocrx_word' id='word_1_864' title='bbox 2665 4964 2881 5018; x_wconf 85' lang='lat' dir='ltr'><strong>quoque</strong></span> <span class='ocrx_word' id='word_1_865' title='bbox 2895 4950 3337 5005; x_wconf 81' lang='lat' dir='ltr'><strong>emendationem</strong></span> <span class='ocrx_word' id='word_1_866' title='bbox 3354 4948 3559 5014; x_wconf 78' lang='lat' dir='ltr'><strong>aliquid</strong></span> <span class='ocrx_word' id='word_1_867' title='bbox 3582 4946 3853 5018; x_wconf 71' lang='lat' dir='ltr'><strong>conferunt.</strong></span> 
     </span>
    </p>
   </div>
   <div class='ocr_carea' id='block_1_122' title="bbox 2311 5017 3855 5088">
    <p class='ocr_par' dir='ltr' id='par_1_122' title="bbox 2311 5017 3855 5088">
     <span class='ocr_line' id='line_1_123' title="bbox 2311 5017 3855 5088; baseline -0.001 -16"><span class='ocrx_word' id='word_1_868' title='bbox 2311 5019 2487 5073; x_wconf 78' lang='lat' dir='ltr'><strong>vitiosi</strong></span> <span class='ocrx_word' id='word_1_869' title='bbox 2519 5020 2569 5073; x_wconf 89' lang='lat' dir='ltr'><strong>in</strong></span> <span class='ocrx_word' id='word_1_870' title='bbox 2605 5019 2901 5088; x_wconf 87' lang='lat' dir='ltr'><strong>prioribus,</strong></span> <span class='ocrx_word' id='word_1_871' title='bbox 2934 5020 3175 5075; x_wconf 76' lang='lat' dir='ltr'><strong>Floreut.</strong></span> <span class='ocrx_word' id='word_1_872' title='bbox 3206 5035 3320 5076; x_wconf 82' lang='lat' dir='ltr'><strong>sec.</strong></span> <span class='ocrx_word' id='word_1_873' title='bbox 3344 5030 3399 5075; x_wconf 90' lang='lat' dir='ltr'><strong>et</strong></span> <span class='ocrx_word' id='word_1_874' title='bbox 3427 5026 3582 5084; x_wconf 86' lang='lat' dir='ltr'><strong>tert.,</strong></span> <span class='ocrx_word' id='word_1_875' title='bbox 3605 5034 3672 5074; x_wconf 78' lang='lat' dir='ltr'><strong>ex</strong></span> <span class='ocrx_word' id='word_1_876' title='bbox 3699 5017 3855 5088; x_wconf 84' lang='lat' dir='ltr'><strong>quibus</strong></span> 
     </span>
    </p>
   </div>
   <div class='ocr_carea' id='block_1_123' title="bbox 2311 5087 3852 5162">
    <p class='ocr_par' dir='ltr' id='par_1_123' title="bbox 2311 5087 3852 5162">
     <span class='ocr_line' id='line_1_124' title="bbox 2311 5087 3852 5162; baseline -0.003 -18"><span class='ocrx_word' id='word_1_877' title='bbox 2311 5103 2423 5144; x_wconf 88' lang='lat' dir='ltr'><strong>sec.</strong></span> <span class='ocrx_word' id='word_1_878' title='bbox 2450 5087 2850 5162; x_wconf 88' lang='lat' dir='ltr'><strong>(consentiente</strong></span> <span class='ocrx_word' id='word_1_879' title='bbox 2882 5090 3048 5162; x_wconf 86' lang='lat' dir='ltr'><strong>Ultr.)</strong></span> <span class='ocrx_word' id='word_1_880' title='bbox 3085 5092 3237 5162; x_wconf 80' lang='lat' dir='ltr'><strong>legit,</strong></span> <span class='ocrx_word' id='word_1_881' title='bbox 3274 5100 3523 5152; x_wconf 72' lang='lat' dir='ltr'><strong>cacatqne</strong></span> <span class='ocrx_word' id='word_1_882' title='bbox 3551 5094 3606 5144; x_wconf 85' lang='lat' dir='ltr'><strong>in</strong></span> <span class='ocrx_word' id='word_1_883' title='bbox 3636 5106 3707 5155; x_wconf 77' lang='lat' dir='ltr'><strong>se,</strong></span> <span class='ocrx_word' id='word_1_884' title='bbox 3729 5098 3772 5162; x_wconf 83' lang='lat' dir='ltr'><strong>et</strong></span> <span class='ocrx_word' id='word_1_885' title='bbox 3796 5087 3852 5155; x_wconf 80' lang='lat' dir='ltr'><strong>ip-</strong></span> 
     </span>
    </p>
   </div>
   <div class='ocr_carea' id='block_1_124' title="bbox 2305 5160 3855 5229">
    <p class='ocr_par' dir='ltr' id='par_1_124' title="bbox 2305 5160 3855 5229">
     <span class='ocr_line' id='line_1_125' title="bbox 2305 5160 3855 5229; baseline -0.003 -15"><span class='ocrx_word' id='word_1_886' title='bbox 2305 5176 2416 5214; x_wconf 75' lang='lat' dir='ltr'><strong>sam</strong></span> <span class='ocrx_word' id='word_1_887' title='bbox 2446 5160 2500 5215; x_wconf 70' lang='lat' dir='ltr'><strong>re</strong></span> <span class='ocrx_word' id='word_1_888' title='bbox 2526 5162 2998 5229; x_wconf 82' lang='lat' dir='ltr'><strong>incomparabiliter</strong></span> <span class='ocrx_word' id='word_1_889' title='bbox 3029 5160 3299 5217; x_wconf 77' lang='lat' dir='ltr'><strong>crudelius</strong></span> <span class='ocrx_word' id='word_1_890' title='bbox 3343 5162 3716 5215; x_wconf 82' lang='lat' dir='ltr'><strong>dilacerantunt</strong></span> <span class='ocrx_word' id='word_1_891' title='bbox 3746 5160 3855 5229; x_wconf 81' lang='lat' dir='ltr'><strong>(eor-</strong></span> 
     </span>
    </p>
   </div>
   <div class='ocr_carea' id='block_1_125' title="bbox 2305 5230 3853 5301">
    <p class='ocr_par' dir='ltr' id='par_1_125' title="bbox 2305 5230 3853 5301">
     <span class='ocr_line' id='line_1_126' title="bbox 2305 5230 3853 5301; baseline 0 -16"><span class='ocrx_word' id='word_1_892' title='bbox 2305 5240 2514 5286; x_wconf 87' lang='lat' dir='ltr'><strong>rcctum</strong></span> <span class='ocrx_word' id='word_1_893' title='bbox 2561 5230 2663 5287; x_wconf 91' lang='lat' dir='ltr'><strong>fuit</strong></span> <span class='ocrx_word' id='word_1_894' title='bbox 2706 5235 2757 5287; x_wconf 91' lang='lat' dir='ltr'><strong>in</strong></span> <span class='ocrx_word' id='word_1_895' title='bbox 2811 5233 3054 5289; x_wconf 87' lang='lat' dir='ltr'><strong>Florent.</strong></span> <span class='ocrx_word' id='word_1_896' title='bbox 3087 5232 3461 5301; x_wconf 84' lang='lat' dir='ltr'><strong>dilaceratam)</strong></span> <span class='ocrx_word' id='word_1_897' title='bbox 3487 5233 3853 5296; x_wconf 55' lang='lat' dir='ltr'><strong>morumne!!-</strong></span> 
     </span>
    </p>
   </div>
   <div class='ocr_carea' id='block_1_126' title="bbox 2304 5303 3855 5377">
    <p class='ocr_par' dir='ltr' id='par_1_126' title="bbox 2304 5303 3855 5377">
     <span class='ocr_line' id='line_1_127' title="bbox 2304 5303 3855 5377; baseline -0.001 -22"><span class='ocrx_word' id='word_1_898' title='bbox 2304 5316 2457 5377; x_wconf 73' lang='lat' dir='ltr'><strong>vero,</strong></span> <span class='ocrx_word' id='word_1_899' title='bbox 2492 5314 2739 5377; x_wconf 45' lang='lat' dir='ltr'><strong>exegitque</strong></span> <span class='ocrx_word' id='word_1_900' title='bbox 2766 5305 2820 5359; x_wconf 87' lang='lat' dir='ltr'><strong>in</strong></span> <span class='ocrx_word' id='word_1_901' title='bbox 2849 5322 2903 5377; x_wconf 76' lang='lat' dir='ltr'><strong>se</strong></span> <span class='ocrx_word' id='word_1_902' title='bbox 2928 5312 2974 5359; x_wconf 86' lang='lat' dir='ltr'><strong>et</strong></span> <span class='ocrx_word' id='word_1_903' title='bbox 3004 5306 3173 5377; x_wconf 79' lang='lat' dir='ltr'><strong>ipsum</strong></span> <span class='ocrx_word' id='word_1_904' title='bbox 3190 5319 3246 5358; x_wconf 76' lang='lat' dir='ltr'><strong>se</strong></span> <span class='ocrx_word' id='word_1_905' title='bbox 3266 5303 3739 5377; x_wconf 63' lang='lat' dir='ltr'><strong>incomparabiliter</strong></span> <span class='ocrx_word' id='word_1_906' title='bbox 3770 5313 3855 5377; x_wconf 67' lang='lat' dir='ltr'><strong>crt-</strong></span> 
     </span>
    </p>
   </div>
   <div class='ocr_carea' id='block_1_127' title="bbox 2302 5370 3852 5448">
    <p class='ocr_par' dir='ltr' id='par_1_127' title="bbox 2302 5370 3852 5448">
     <span class='ocr_line' id='line_1_128' title="bbox 2302 5370 3852 5448; baseline -0.003 -20"><span class='ocrx_word' id='word_1_907' title='bbox 2302 5373 2470 5448; x_wconf 52' lang='lat' dir='ltr'><strong>(lelius</strong></span> <span class='ocrx_word' id='word_1_908' title='bbox 2501 5370 2849 5448; x_wconf 70' lang='lat' dir='ltr'><strong>dilaceratam</strong></span> <span class='ocrx_word' id='word_1_909' title='bbox 2881 5370 3333 5448; x_wconf 70' lang='lat' dir='ltr'><strong>(superSCribitur</strong></span> <span class='ocrx_word' id='word_1_910' title='bbox 3361 5370 3654 5447; x_wconf 75' lang='lat' dir='ltr'><strong>adﬂrclam)</strong></span> <span class='ocrx_word' id='word_1_911' title='bbox 3674 5370 3852 5428; x_wconf 68' lang='lat' dir='ltr'><strong>noverit.</strong></span> 
     </span>
    </p>
   </div>
   <div class='ocr_carea' id='block_1_128' title="bbox 2302 5442 3855 5517">
    <p class='ocr_par' dir='ltr' id='par_1_128' title="bbox 2302 5442 3855 5517">
     <span class='ocr_line' id='line_1_129' title="bbox 2302 5442 3855 5517; baseline 0.001 -19"><span class='ocrx_word' id='word_1_912' title='bbox 2302 5442 2584 5517; x_wconf 77' lang='lat' dir='ltr'><strong>Fabricius</strong></span> <span class='ocrx_word' id='word_1_913' title='bbox 2615 5454 2670 5500; x_wconf 88' lang='lat' dir='ltr'><strong>et</strong></span> <span class='ocrx_word' id='word_1_914' title='bbox 2704 5442 2924 5501; x_wconf 82' lang='lat' dir='ltr'><strong>Scottus</strong></span> <span class='ocrx_word' id='word_1_915' title='bbox 2960 5442 3269 5514; x_wconf 80' lang='lat' dir='ltr'><strong>vulgarunt,</strong></span> <span class='ocrx_word' id='word_1_916' title='bbox 3302 5442 3708 5517; x_wconf 59' lang='lat' dir='ltr'><strong>prmt&#39;critora&#39;m.</strong></span> <span class='ocrx_word' id='word_1_917' title='bbox 3736 5460 3797 5499; x_wconf 72' lang='lat' dir='ltr'><strong>ex</strong></span> <span class='ocrx_word' id='word_1_918' title='bbox 3821 5452 3855 5491; x_wconf 73' lang='grc' dir='ltr'><strong>δε</strong></span> 
     </span>
    </p>
   </div>
   <div class='ocr_carea' id='block_1_129' title="bbox 2298 5516 3853 5589">
    <p class='ocr_par' dir='ltr' id='par_1_129' title="bbox 2298 5516 3853 5589">
     <span class='ocr_line' id='line_1_130' title="bbox 2298 5516 3853 5589; baseline -0.003 -20"><span class='ocrx_word' id='word_1_919' title='bbox 2298 5525 2453 5585; x_wconf 84' lang='lat' dir='ltr'><strong>atque</strong></span> <span class='ocrx_word' id='word_1_920' title='bbox 2480 5516 2534 5569; x_wconf 90' lang='lat' dir='ltr'><strong>in</strong></span> <span class='ocrx_word' id='word_1_921' title='bbox 2556 5517 2780 5589; x_wconf 79' lang='lat' dir='ltr'><strong>seipsam</strong></span> <span class='ocrx_word' id='word_1_922' title='bbox 2804 5516 3281 5587; x_wconf 83' lang='lat' dir='ltr'><strong>incomparabiliter</strong></span> <span class='ocrx_word' id='word_1_923' title='bbox 3306 5516 3577 5571; x_wconf 71' lang='lat' dir='ltr'><strong>crudelius</strong></span> <span class='ocrx_word' id='word_1_924' title='bbox 3605 5518 3853 5570; x_wconf 56' lang='lat' dir='ltr'><strong>dilacerate</strong></span> 
     </span>
    </p>
   </div>
   <div class='ocr_carea' id='block_1_130' title="bbox 2300 5589 3174 5654">
    <p class='ocr_par' dir='ltr' id='par_1_130' title="bbox 2300 5589 3174 5654">
     <span class='ocr_line' id='line_1_131' title="bbox 2300 5589 3174 5654; baseline -0.002 -14"><span class='ocrx_word' id='word_1_925' title='bbox 2300 5589 2450 5642; x_wconf 76' lang='lat' dir='ltr'><strong>tium.</strong></span> <span class='ocrx_word' id='word_1_926' title='bbox 3154 5633 3174 5654; x_wconf 78' lang='grc'><em>,</em></span> 
     </span>
    </p>
   </div>
   <div class='ocr_carea' id='block_1_131' title="bbox 2368 5656 3850 5727">
    <p class='ocr_par' dir='ltr' id='par_1_131' title="bbox 2368 5656 3850 5727">
     <span class='ocr_line' id='line_1_132' title="bbox 2368 5656 3850 5727; baseline -0.001 -14"><span class='ocrx_word' id='word_1_927' title='bbox 2368 5658 2459 5713; x_wconf 77' lang='lat'><strong>30.</strong></span> <span class='ocrx_word' id='word_1_928' title='bbox 2495 5658 2633 5713; x_wconf 86' lang='lat' dir='ltr'><strong>Iluic</strong></span> <span class='ocrx_word' id='word_1_929' title='bbox 2661 5673 2819 5712; x_wconf 86' lang='lat' dir='ltr'><strong>nunc.</strong></span> <span class='ocrx_word' id='word_1_930' title='bbox 2866 5656 2940 5711; x_wconf 78' lang='lat' dir='ltr'><strong>Ita</strong></span> <span class='ocrx_word' id='word_1_931' title='bbox 2981 5656 3167 5727; x_wconf 85' lang='lat' dir='ltr'><strong>legere</strong></span> <span class='ocrx_word' id='word_1_932' title='bbox 3188 5656 3387 5725; x_wconf 80' lang='lat' dir='ltr'><strong>jubent</strong></span> <span class='ocrx_word' id='word_1_933' title='bbox 3429 5672 3565 5713; x_wconf 91' lang='lat' dir='ltr'><strong>mss.</strong></span> <span class='ocrx_word' id='word_1_934' title='bbox 3610 5657 3850 5717; x_wconf 85' lang='lat' dir='ltr'><strong>meliores.</strong></span> 
     </span>
    </p>
   </div>
   <div class='ocr_carea' id='block_1_132' title="bbox 2295 5727 3683 5802">
    <p class='ocr_par' dir='ltr' id='par_1_132' title="bbox 2295 5727 3683 5802">
     <span class='ocr_line' id='line_1_133' title="bbox 2295 5727 3683 5802; baseline -0.002 -18"><span class='ocrx_word' id='word_1_935' title='bbox 2295 5727 2388 5786; x_wconf 89' lang='lat' dir='ltr'><strong>alii</strong></span> <span class='ocrx_word' id='word_1_936' title='bbox 2414 5738 2470 5787; x_wconf 92' lang='lat' dir='ltr'><strong>et</strong></span> <span class='ocrx_word' id='word_1_937' title='bbox 2496 5730 2679 5802; x_wconf 82' lang='lat' dir='ltr'><strong>vulgg.</strong></span> <span class='ocrx_word' id='word_1_938' title='bbox 2721 5727 2874 5798; x_wconf 90' lang='lat' dir='ltr'><strong>edd.,</strong></span> <span class='ocrx_word' id='word_1_939' title='bbox 2915 5727 3038 5782; x_wconf 82' lang='lat' dir='ltr'><strong>huic</strong></span> <span class='ocrx_word' id='word_1_940' title='bbox 3063 5728 3247 5796; x_wconf 76' lang='lat' dir='ltr'><strong>quinto</strong></span> <span class='ocrx_word' id='word_1_941' title='bbox 3279 5728 3531 5784; x_wconf 75' lang='lat' dir='ltr'><strong>volumini</strong></span> <span class='ocrx_word' id='word_1_942' title='bbox 3547 5730 3683 5799; x_wconf 81' lang='lat' dir='ltr'><strong>jam.</strong></span> 
     </span>
    </p>
   </div>
  </div>
