4028 6372
247 281 369 341 935

1382 279 1864 340 HISTORIABUM
1901 281 2110 340 LIBER
2148 281 2234 342 Vl.
2277 282 2433 341 CAP.
2477 284 2520 341 1.

3493 287 3604 345 986

244 411 379 469 qua:
412 395 579 453 dicta
626 403 772 464 sunt,
814 394 901 451 vel
932 395 1096 452 etiam
1127 409 1248 477 quae
1278 404 1604 467 sequuntur,
1635 395 1764 467 quia
1797 396 1877 453 sic
1903 402 1955 463 Α
1982 407 2194 467 serunt,
2225 396 2350 455 libri
2379 396 2574 455 saltem
2598 399 2834 457 termino
2856 409 3201 473 separentur.

242 490 354 549 sibi
382 489 432 522 ³⁸
459 488 627 548 serie
664 496 969 561 temporum
989 488 1034 521 ³³
1060 497 1115 545 et
1142 488 1303 545 malis
1330 488 1664 561 sequacibus
1693 489 1878 546 colun-

1580 628 2033 685 llAVERCAMPl
2072 630 2308 688 NOTAE.

318 749 387 803 3|
403 787 419 802 .
456 746 627 803 Serie
647 753 973 817 temporum.
991 742 1166 817 Mens,
1185 744 1392 799 miserie
1418 752 1730 817 temporum.

323 819 428 875 δὲ.
462 817 541 874 Et
570 819 728 873 malis
747 815 1048 888 sequacibus
1070 814 1219 871 Flor.
1250 830 1391 884 sec.,
1425 824 1481 870 ut
1512 814 1667 870 malis
1694 831 1879 885 sequa-

258 891 432 947 cibus.

324 963 386 1017 in
421 976 536 1016 ms.
574 960 706 1017 cod.
744 957 1197 1027 Longobardico,

252 1034 321 1089 cii
361 1032 464 1088 lib.
507 1031 557 1086 V
599 1030 833 1103 explicit.
870 1030 1071 1103 Incipit
1107 1030 1201 1086 lib.

1270 966 1357 1014 ost
1399 958 1518 1025 illa,
1554 957 1714 1012 Pauli
1746 956 1886 1012 Oro-

1289 1028 1345 1099 Ι,
1394 1031 1584 1086 notitia
1633 1031 1882 1101 quantam

1993 745 2396 819 prtcclariejus
2421 746 2628 802 codicis
2658 748 2928 819 sequitur,
2958 748 3226 819 scriptura
3261 755 3476 815 eadem,
3512 750 3599 809 liis

1993 816 2174 904 verbis
2206 816 2524 904 zyonfectus
2567 816 2811 901 collemin
2836 816 3340 904 statione—magistri
3378 820 3600 904 ltili-aric

1993 819 2174 871 verbis
2206 833 2220 873 :
2247 819 2524 942 Gorgectus
2567 819 2730 873 codex
2758 821 2811 872 in
2844 822 3063 875 statione
3098 821 3340 892 magistri
3378 820 3592 878 Viliaric

1990 888 2293 956 antiquarii.
2376 905 2436 942 ra
2455 905 2548 960 pro
2580 906 2660 944 me
2687 891 2959 962 scriptore,
2985 892 3060 946 sic
3087 890 3371 947 Dominum
3397 892 3592 951 habeas

1992 967 2356 1030 protectorem.

1337 1298 1819 1411 LIBER
1898 1296 2542 1407 SEXTUS.

711 1584 876 1659 334
898 1584 1125 1643 CAPUT
1163 1583 1456 1643 nemon.

315 1682 502 1739 Unum
526 1680 724 1750 Deum,
760 1690 866 1735 tam
896 1679 1184 1806 Gentilium
1215 1698 1372 1753 quant
1399 1679 1811 1737 Christianorum

970 1770 1025 1806 ιιι
1068 1769 1187 1806 mo.

960 1769 1187 1824 JlllllClO.

2000 1586 2130 1642 dum
2161 1585 2203 1618 ¹²
2228 1584 2437 1642 intento
2459 1584 2661 1643 mentis
2680 1587 2859 1644 studio
2876 1597 3148 1660 quaerunt,
3171 1598 3590 1664 scrutanturque

1979 1677 2187 1745 omnia,
2221 1693 2384 1732 unum
2408 1676 2581 1733 Deum
2593 1687 2869 1736 auctorem
2896 1681 3139 1737 omnium
3158 1682 3201 1713 ¹³
3223 1694 3569 1754 repererunt,

1978 1768 2047 1826 ad
2090 1784 2255 1842 quem
2303 1785 2470 1825 unum
2524 1771 2706 1827 omnia
2739 1772 3168 1831 “referrentur:
3223 1774 3370 1832 uude
3408 1778 3574 1833 etiam

330 1848 545 1926 Omnes
581 1867 850 1933 homines,
887 1868 905 1898 ¹
937 1866 1231 1939 cujuslibet
1265 1866 1350 1923 vel
1388 1875 1577 1936 sectae,
1616 1866 1700 1922 vel
1726 1866 1872 1934 vitae,
1905 1847 1954 1908 Β
1980 1879 2123 1921 nunc
2154 1866 2369 1937 pagani,
2399 1865 2444 1896 “
2474 1880 2608 1935 quos
2640 1864 2754 1937 jam
2797 1866 3075 1923 declarata
3114 1868 3313 1925 veritas
3339 1868 3409 1926 de
3434 1884 3572 1927 con-

258 1964 347 2020 vel
378 1964 608 2034 patrias,
643 1962 718 2019 ita
748 1975 966 2032 semper
986 1961 1053 2016 ad
1085 1970 1431 2032 prOSpectum
1465 1958 1760 2031 prudentia:
1790 1975 1878 2012 ua-

263 2056 435 2113 turali
482 2056 639 2111 bono
671 2057 692 2087 ²
721 2054 1026 2132 eriguntur,
1075 2061 1131 2108 ut
1182 2052 1582 2108 oblectamento
1630 2050 1878 2122 corporis

259 2151 545 2208 rationale
597 2150 818 2215 mentis,
865 2148 969 2204 etsi
1012 2163 1121 2203 non
1166 2158 1288 2204 actu
1320 2146 1638 2218 prmleraut,
1669 2146 1877 2218 judicio

263 2252 448 2299 tamen
472 2240 884 2314 prmlcrendum
915 2241 1114 2297 sciant.
1132 2240 1266 2310 Qua:
1289 2255 1467 2305 mens,
1495 2241 1706 2294 ratione
1735 2244 1876 2295 duce

264 2334 287 2368 ³
317 2335 626 2405 illustrata,
668 2334 724 2388 iu
769 2333 951 2389 medio
985 2334 1268 2401 virtutum,
1302 2333 1497 2405 quibus
1537 2332 1772 2404 genuino
1803 2333 1878 2386 la-

264 2442 426 2499 vore,
455 2427 720 2497 quamvis
748 2426 896 2481 vitiis
919 2425 1236 2493 inclinetur,
1255 2426 1511 2496 assurgit,
1540 2425 1563 2457 δ
1582 2426 1876 2481 scientiam

267 2520 364 2577 Dei
411 2520 581 2591 quasi
630 2533 814 2575 arcem
865 2518 1146 2588 prospicit.
1174 2519 1194 2548 ⁵
1223 2517 1411 2573 DEUM
1465 2517 1609 2572 enim
1652 2516 1882 2589 quilibet

270 2613 562 2668 hominum
636 2620 994 2667 contemnere
1065 2608 1133 2665 ad
1190 2617 1405 2680 tempus
1478 2618 1708 2680 potest,
1780 2624 1877 2665 ne-

268 2706 411 2763 scire
439 2707 462 2737 ⁶
493 2706 552 2760 in
609 2712 781 2761 totum
828 2719 936 2759 non
984 2711 1182 2775 potest.
1236 2703 1391 2759 Unde
1434 2702 1678 2770 quidam,
1704 2705 1724 2735 ⁷
1750 2701 1878 2757 dum

272 2799 326 2855 in
370 2799 563 2855 multis
618 2798 789 2852 Deum
838 2797 1106 2862 credunt,
1149 2797 1353 2853 multos
1389 2796 1522 2853 deos
1583 2795 1881 2852 indiscrete

270 2889 434 2963 365
467 2892 672 2945 timore
702 2888 997 2945 ﬁnxerunt.
1025 2889 1047 2921 ⁸
1072 2888 1180 2945 Sed
1215 2890 1341 2944 hinc
1366 2888 1477 2957 jam
1509 2888 1591 2943 vel
1620 2888 1876 2958 maxime,

270 2995 395 3038 cum
440 2982 774 3039 auctoritate
803 2981 1050 3037 veritatis
1079 2991 1374 3053 operante,
1418 2990 1530 3035 tum
1564 2980 1676 3050 ipsa
1716 2980 1878 3035 etiam

271 3075 488 3131 ratione
541 3075 910 3143 discutiente,
967 3073 1266 3130 discessum
1324 3083 1427 3131 est.
1459 3073 1716 3146 9Quippe
1756 3089 1879 3130 cum

274 3177 329 3222 ct
350 3168 395 3199 ¹⁰
416 3165 734 3240 philosophi
754 3181 966 3233 eorum,
991 3176 1048 3222 ut
1067 3166 1137 3222 de
1162 3167 1368 3223 nosu'is
1387 3167 1645 3223 “sanctis
1667 3167 1877 3233 sileam,

1981 1957 2216 2014 tumacia
2247 1956 2416 2029 magis
2442 1972 2605 2029 quam
2637 1957 2706 2015 de
2734 1959 3037 2031 ignorantia
3057 1961 3102 1992 “
3122 1961 3420 2031 convincit,
3453 1979 3577 2020 cum

1978 2065 2008 2105 a
2036 2050 2193 2105 nobis
2222 2049 2609 2121 discutiuntur,
2637 2065 2744 2107 non
2771 2066 2832 2107 se
2858 2051 3043 2121 plures
3064 2052 3202 2110 deos
3244 2056 3396 2126 sequi
3422 2097 3438 2123 ,
3481 2056 3581 2113 scd

1978 2142 2081 2199 sub
2108 2158 2217 2198 uno
2248 2143 2364 2199 Deo
2394 2145 2435 2177 ιτ
2466 2158 2662 2215 magno
2695 2144 2885 2215 plures
2915 2146 3198 2203 ministros
3224 2150 3476 2206 venerari
3503 2150 3584 2207 l'a-

1980 2242 2187 2291 tentur.
2224 2234 2418 2291 Restat
2465 2236 2628 2307 igitur
2669 2235 2738 2292 de
2774 2236 3131 2307 intelligentia
3182 2239 3298 2295 vcri
3349 2240 3443 2295 Dei
3483 2255 3584 2312 per

1979 2330 2184 2385 multas
2211 2329 2553 2401 intelligendi
2584 2330 2926 2402 suspiciones
2957 2333 3000 2364 “‘
3026 2331 3253 2389 confusa
3283 2332 3582 2402 dissensio,

1980 2423 2108 2494 quia
2137 2423 2207 2479 de
2229 2438 2338 2479 uno
2361 2424 2472 2480 Deo
2497 2425 2744 2479 omnium
2774 2439 2915 2496 pene
2950 2440 3054 2481 una
3083 2424 3270 2495 Opinio
3297 2433 3402 2486 est.
3434 2426 3578 2483 linc—

1982 2532 2156 2588 usquc
2202 2517 2434 2573 humana
2484 2518 2781 2587 scrutatio,
2835 2518 2937 2573 etsi
2977 2533 3099 2574 cum
3146 2518 3368 2585 labore,
3412 2520 3455 2553 "
3488 2535 3584 2590 po-

1984 2613 2124 2669 tuit:
2155 2621 2212 2668 at
2241 2613 2331 2669 ubi
2364 2612 2709 2668 ratiocinatio
2753 2613 2800 2644 ¹θ
2824 2611 3047 2679 defecit,
3068 2612 3203 2669 ﬁdes
3229 2614 3273 2646 ²¹
3302 2614 3582 2671 subvenit.

1981 2706 2093 2763 Nisi
2126 2706 2269 2762 enim
2290 2706 2707 2772 crediderimus,
2738 2722 2846 2763 non
2878 2708 2923 2739 ¹¹
2951 2707 3339 2779 intelligemus.
3360 2708 3443 2764 Ab
3465 2709 3585 2780 ipso

1983 2797 2178 2854 audias
2198 2840 2213 2864 ,
2239 2799 2454 2870 ipsique
2487 2801 2596 2856 Deo
2630 2800 2822 2857 credas
2844 2842 2859 2867 ,
2890 2800 3034 2871 quod
3064 2815 3251 2856 verum
3277 2800 3415 2857 velis
3442 2801 3586 2857 scire

1982 2888 2051 2945 de
2073 2890 2205 2946 Deo.
2240 2889 2429 2959 Itaque
2456 2890 2501 2923 “
2529 2890 2669 2946 idem
2702 2905 2841 2947 unus
2872 2901 2927 2948 et
2951 2907 3117 2947 verus
3147 2891 3309 2955 Deus.
3344 2892 3396 2946 in
3423 2907 3583 2963 quem

1982 2981 2185 3050 omnis,
2217 2988 2277 3035 ut
2303 2978 2560 3044 diximus.
2592 2981 2695 3037 etsi
2720 2996 2784 3037 cx
2808 2982 3041 3038 diversis
3067 2982 3413 3052 Opinionibus
3434 2991 3586 3038 secta

1984 3075 2281 3141 concurrit,
2301 3083 2518 3130 mutans
2540 3089 2727 3145 regna,
2751 3083 2804 3129 et
2820 3076 2985 3149 366
3006 3075 3583 3149 disponeustempora,

1985 3174 2209 3239 peccata
2244 3181 2459 3239 quoque
2484 3166 2740 3238 puniens,
2773 3167 2821 3200 “
2849 3183 2969 3240 qua:
3002 3169 3215 3224 inllrma
3247 3179 3373 3224 sunt
3400 3166 3585 3223 mundi

1570 3280 2024 3339 HAVEBCAMPI
2060 3279 2288 3338 NOTAE.

346 3378 480 3436 CAP.
517 3381 562 3436 1.
593 3409 667 3421 -
695 3380 748 3436 1.
782 3377 1074 3449 Cujuslibet
1110 3377 1188 3433 vel
1235 3387 1408 3440 seclaz,
1451 3378 1530 3432 vel
1564 3377 1700 3449 eine.
1748 3379 1878 3432 Mss.
1910 3378 1956 3442 C
1986 3374 2264 3449 Perizory.
2298 3375 2415 3431 Scis
2449 3390 2471 3449 ί
2495 3374 2640 3449 unde
2660 3382 2782 3449 nata
2808 3375 3345 3449 varietaslectionis.

278 3458 386 3506 tres
416 3468 488 3507 ex
523 3452 703 3520 Lugd.
735 3448 880 3518 Bat.’,
901 3451 1037 3505 Coll.
1082 3450 1345 3517 Gronov.,
1374 3448 1521 3503 Meus
1547 3460 1600 3502 et
1632 3448 1876 3520 Florent.

275 3536 362 3590 pr.
387 3523 578 3578 deleto
614 3519 786 3591 primo
811 3522 911 3586 vel,
944 3521 1174 3584 malunt,
1199 3521 1479 3593 cujuslibet
1506 3530 1676 3593 sectag.
1702 3519 1780 3573 vel
1808 3519 1881 3593 ιιὶτ

277 3600 363 3659 tte,
399 3596 478 3649 rel
510 3590 723 3668 patrita.
773 3593 919 3648 Edd.
971 3593 1206 3664 antiqua:
1250 3590 1610 3662 trauspouuut
1642 3590 1759 3657 illa,
1803 3590 1882 3644 rel

279 3674 455 3730 sectae,
483 3668 565 3722 vel
588 3668 724 3721 vitta.

344 3735 401 3790 2.
436 3735 757 3810 Eriguntur.
780 3734 920 3792 Coll.
955 3736 1222 3803 Gronov.,
1254 3734 1554 3806 exiguntur.
1595 3733 1719 3789 Mox
1745 3740 1799 3785 ut
1826 3731 1880 3787 in

283 3804 434 3861 Flor.
460 3804 559 3877 pr:
583 3809 763 3864 abest.

347 3878 404 3933 ’5.
434 3875 738 3935 lllustrata.
783 3878 938 3934 Meus
979 3878 1121 3934 male
1166 3878 1387 3932 lustrata
1432 3887 1488 3933 et
1515 3891 1613 3946 pro
1653 3875 1879 3947 genuino

281 3962 404 4003 mox
430 3952 643 4020 gemino
673 3950 843 4014 Lugd.
874 3950 992 4004 Bat.
1028 3959 1156 4005 tert.

349 4022 405 4075 tl.
430 4015 727 4077 Sciendum
754 4020 877 4092 Dei.
908 4021 1076 4092 Lugd.
1112 4021 1255 4076 Batt.
1287 4028 1398 4075 tres
1420 4032 1545 4074 cum
1567 4015 1709 4073 Coll.
1739 4015 1881 4072 Gro-

282 4103 409 4145 nov.
441 4094 512 4146 ad
538 4094 813 4147 scientiam
849 4091 966 4145 Dei.

351 4162 405 4216 5.
444 4162 609 4234 Qeum
635 4165 771 4217 enim
799 4162 1040 4234 quilibet,
1074 4172 1182 4220 etc.
1216 4162 1351 4234 lliuc
1372 4160 1880 4234 auimam,»natnra-

288 4229 406 4286 liter
445 4229 1044 4311 _C_Irristiat_tam'vocavit
1068 4233 1391 4311 Tertulliau.
1408 4305 1417 4311 _
1433 4234 1505 4311 iu_
1530 4230 1879 4311 Apolttgclico

282 4315 404 4372 (³³1)-
438 4306 526 4374 17,
564 4307 772 4375 p.176,
801 4320 926 4362 cum
965 4319 1123 4361 antea
1160 4308 1275 4359 haec
1314 4302 1626 4375 scripsisset
1662 4319 1674 4355 :
1708 4300 1879 4375 Vultis

284 4388 348 4427 ea:
376 4372 579 4432 (minue
598 4378 762 4449 ipsius
800 4378 1094 4432 testimonio
1132 4372 1562 4449 comprobemus?
1593 4389 1729 4449 ante,
1765 4372 1880 4449 licet

284 4458 488 4503 carcere
500 4444 740 4518 corporis
761 4464 963 4518 pressa,
997 4449 1116 4502 licet
1144 4445 1556 4501 institutionibus
1586 4444 1757 4513 pravis
1779 4444 1881 4518 cir-

287 4517 641 4600 cumscripta,
670 4518 792 4600 licet
822 4519 1224 4600 libidinibusnac
1248 4518 1681 4586 concupiscentiis
1708 4517 1882 4600 evigo-

287 4596 424 4709 rat‘a,
464 4590 583 4645 licet
612 4589 762 4660 falsis
798 4590 901 4645 diis
935 4590 1274 4656 exancillata,
1316 4604 1433 4645 cum
1474 4600 1642 4643 tamen
1692 4589 1881 4658 resipi-

287 4670 356 4709 sci
388 4701 403 4709 -
430 4669 536 4709 etc.

286 4669 403 4723 sat,
430 4669 536 4716 etc.

2064 3444 2155 3501 l2.
2190 3446 2421 3501 lntento.
2450 3445 2623 3514 Lugd.
2658 3446 2776 3501 Bat.
2806 3461 2919 3503 sec.
2954 3459 3008 3503 ct
3030 3447 3194 3514 Ultr.,
3224 3449 3438 3502 intente.
3465 3446 3586 3502 Mox

1988 3517 2205 3573 iu‘UItr.
2233 3519 2390 3574 abest
2417 3519 2613 3576 omnia.

2058 3590 2146 3644 15.
2178 3589 2523 3662 liepcrernnt.
2561 3590 2734 3661 Lugd.
2766 3590 2888 3645 Bal.
2917 3600 3097 3661 quart.
3118 3635 3133 3659 ,
3165 3589 3474 3662 reperimus.

2056 3662 2144 3715 14.
2178 3660 2520 3733 ΗεῙινναῃων.
2554 3662 2704 3733 biens
2727 3660 3070 3733 referrentur,
3100 3660 3242 3733 quod
3272 3661 3507 3730 prmtuli.

2055 3734 2142 3787 15.
2178 3732 2342 3804 Quos.
2373 3731 2547 3804 Lugd.
2580 3732 2699 3787 Bat.
2733 3731 2844 3801 pr.,
2877 3733 3039 3804 quod.

2056 3804 2146 3857 16.
2173 3802 2459 3873 Cotinincit.
2484 3801 2665 3873 Lugd.
2703 3803 2819 3857 Bal.
2850 3801 3058 3873 quam,
3090 3803 3329 3859 convicit.

2056 3874 2144 3945 17.
2186 3871 2401 3945 ριαρηο.
2432 3872 2602 3945 Abest
2629 3888 2659 3945 a
2687 3871 2932 3945 Floreat.
2966 3889 3052 3945 pr.

2054 3944 2143 3997 18.
2174 3941 2408 4015 Confusa
2443 3943 2719 4015 dissensio.
2758 3944 2933 4015 Lugd.
2964 3943 3082 4000 Dat.
3111 3952 3288 4015 quart.
3312 3983 3326 4006 ,
3359 3944 3577 4015 confusa

1981 4013 2248 4068 discretio.
2284 4012 2441 4068 Male.
2479 4013 2718 4079 Omnes,
2754 4012 2922 4083 inquit
2946 4059 2961 4080 ,
3006 4015 3060 4069 in
3092 4012 3159 4069 eo
3196 4013 3579 4083 consentiunt,

1984 4100 2148 4139 tuuun
2172 4098 2295 4138 esse
2317 4083 2484 4138 Deum
2504 4124 2517 4146 ,
2543 4084 2640 4139 sed
2666 4086 2719 4138 in
2751 4082 2856 4139 isto
2881 4100 3153 4141 consensu
3189 4082 3431 4140 confusae
3460 4086 3578 4154 plu-

1981 4171 2071 4213 res
2100 4154 2335 4217 plurium
2367 4164 2491 4208 sunt
2524 4155 2829 4221 Opiniones.

2055 4226 2143 4281 l9.
2171 4224 2402 4279 Tametsi
2429 4240 2546 4279 cum
2574 4225 2769 4284 labore.
2796 4228 2985 4295 potuit.
3012 4224 3237 4282 Addidit
3263 4225 3564 4294 Fabricius,

1981 4297 2293 4358 deliberare,
2343 4311 2448 4351 non
2490 4305 2657 4351 recte.
2702 4296 2964 4354 Ahsolute
2990 4297 3135 4351 enim
3179 4297 3311 4352 illud
3348 4299 3575 4352 verbum

1984 4367 2265 4440 eleganter
2293 4368 2533 4437 ponitur.
2565 4366 2714 4439 Virg.
2750 4367 2847 4423 lib.
2877 4383 2912 4424 ll
2943 4368 3165 4425 xEneid.
3203 4386 3217 4423 :

2229 4519 2501 4587 Hactenus,
2525 4521 2650 4573 Acca
2685 4533 2839 4586 soror,
2869 4523 3024 4587 potui.
3294 4519 3447 4573 Laur.

1981 4667 2214 4726 Temere
2258 4678 2407 4725 certe
2463 4668 2588 4726 fecit
2631 4671 2939 4741 Fabricius,
2971 4671 3112 4743 quod
3157 4680 3347 4727 contra
3386 4687 3578 4729 omnes

355 4729 407 4814 ξ·
440 4731 507 4814 lg
531 4741 717 4814 ιοιιιῃι.
746 4731 919 4814 Lugd.
954 4732 1096 4814 lia“.
1137 4747 1222 4803 pr.
1251 4740 1307 4814 ei
1335 4740 1538 4814 altar},
1557 4732 1623 4814 in
1653 4738 1872 4814 ιαηιξιπι-
1904 4753 1957 4814 D
1984 4755 2123 4814 mss.
2142 4756 2442 4814 omnesque
2467 4742 2594 4798 edd.
2624 4752 2757 4800 vett.
2777 4729 3002 4800 verbum
3035 4729 3164 4799 illud
3202 4744 3271 4798 de
3301 4758 3401 4799 suo
3429 4746 3575 4798 inse-

357 4796 414 4885 ῃ.
455 4802 596 4885 tum
638 4805 694 4885 si.
740 4796 917 4885 multis
958 4796 1403 4885 licam-credunt.
1455 4796 1874 4885 saansaan
1904 4796 1954 4814 ν
1979 4812 2172 4885 ruerit.
2210 4796 2799 4870 εααςςηηέιηίηιεέές-
2823 4796 3105 4885 agisque
3144 4796 3577 4883 nausiam,-

286 4878 446 4950 vett”
484 4875 619 4950 Qum
651 4876 705 4930 in
742 4874 928 4950 multis
958 4875 1059 4950 diis
1093 4874 1332 4950 credunt,
1372 4875 1557 4950 multos
1596 4875 1873 4929 indiscreta

289 4945 468 4999 timore
494 4947 778 5015 ﬁnxerunt.
822 4945 928 5001 Sed
969 4946 1151 5001 Orosii
1181 4945 1470 5000 verborum
1502 4946 1591 5000 hic
1626 4954 1711 5001 est
1750 4960 1875 5001 seu-

287 5022 407 5065 sus:
436 5015 568 5071 Dum
595 5016 814 5087 quidam
843 5016 1136 5086 opinantur
1165 5016 1349 5070 multis
1378 5016 1544 5087 rebus
1567 5017 1749 5072 inesse
1771 5032 1873 5070 uu-

293 5086 633 5162 lneu,_atque
650 5087 801 5155 ipsos
823 5087 985 5162 Deos,
1010 5088 1172 5162 veluti
1203 5089 1257 5141 in
1280 5086 1536 5162 familiam
1561 5087 1871 5162 distinctos,

292 5158 531 5227 singulos
559 5167 808 5227 separata
830 5158 985 5213 obire
1015 5161 1221 5221 munia,
1255 5172 1369 5227 non
1392 5158 1530 5213 bene
1557 5159 1874 5214 discernen-

293 5229 372 5343 ἷξε
398 5225 729 5284 individuam
767 5229 1048 5296 deitatem,
1082 5229 1282 5284 multos
1311 5226 1415 5283 sibi
1454 5229 1587 5286 deos
1613 5229 1874 5285 colendos

330 5308 577 5343 llXtEI'IIIIL

330 5308 580 5355 ιιΧοιοιιηι.

359 5365 410 5442 ξ.
445 5369 553 5442 Sed
574 5371 715 5427 hinc.
750 5370 898 5427 Flor.
928 5386 1037 5442 pr.,
1068 5371 1177 5428 Sed
1205 5370 1312 5427 hic.

360 5435 414 5515 9.
445 5439 649 5515 Quippe
692 5459 846 5515 cum.
878 5435 1248 5498 Posteriorem
1293 5455 1481 5498 vocem
1521 5442 1707 5502 delent
1744 5445 1868 5502 cod.

294 5500 429 5583 Ultr.
450 5500 515 5583 et
537 5500 663 5568 edd.
693 5513 939 5583 quasdam
967 5521 1103 5569 vett.

361 5578 812 5655 10._Pltilosophi.
848 5584 986 5655 Vide
1018 5598 1139 5654 quas
1175 5582 1245 5655 de
1289 5582 1518 5655 Platone
1556 5594 1615 5640 et
1650 5585 1875 5643 Thalete

294 5651 591 5784 gptgtggmus
634 5651 712 5710 ad
750 5651 1162 5728 Apologeticum
1208 5654 1526 5712 Tertulliani
1585 5671 1706 5728 cap.
1762 5659 1874 5729 46,

367 5791 449 5846 ll.
478 5794 705 5853 Sanctis.
734 5794 903 5872 Lugd.
939 5798 1056 5856 Bat.
1088 5813 1202 5871 pr.,
1228 5798 1414 5857 sacris.
1444 5797 1594 5857 Meus
1616 5809 1795 5859 autem
1822 5810 1877 5860 et

1976 4882 2078 4957 sed
2104 4888 2359 4957 August...
2390 4898 2511 4939 cum
2555 4882 2939 4957 mss.,.potuit.
2963 4882 3067 4941 Pro
3109 4888 3305 4940 tametsi
3348 4882 3481 4941 mss.
3520 4897 3575 4940 ct

1976 4953 2494 5028 cdd._meli_oris_etsi
2514 4953 2829 5028 praeferunt,
2860 4956 2943 5028 vel
2980 4967 3028 5010 et
3054 4959 3147 5013 sic.
3173 4998 3189 5024 ,
3219 4957 3363 5028 quod
3389 4966 3572 5013 exstat

1975 5024 2030 5079 iu
2059 5025 2230 5080 tribus
2252 5024 2421 5091 Lugd.
2454 5024 2595 5080 Batt.
2626 5036 2679 5081 et
2699 5027 2841 5083 Coll.
2873 5026 3114 5082 Gronov.

2047 5096 2136 5168 $0.
2172 5095 2390 5168 Defecit.
2427 5096 2527 5150 Ed.
2563 5114 2649 5168 pr.
2674 5097 2894 5153 etillam
2917 5111 3140 5163 secntze,
3171 5099 3365 5166 deﬁcit.

2048 5164 2140 5237 2|.
2175 5164 2444 5237 .f'ubvenit.
2478 5164 2651 5236 Lugd.
2684 5168 2821 5222 Batt.
2854 5180 2987 5234 tres,
3008 5164 3327 5237 supervenit.

2046 5236 2140 5291 ἓξ.
2172 5235 2753 5312 Ιηιριιῑμηιιιείιιυεά.
2797 5240 2917 5295 Bal.
2957 5255 3041 5312 pr.
3074 5235 3132 5298 et
3159 5249 3284 5298 ωτι.
3314 5255 3436 5297 cum
3478 5241 3568 5296 ed.

1976 5308 2231 5379 August.,
2257 5309 2613 5379 intelligimus.

2175 5378 2326 5433 Idem
2347 5397 2503 5455 unus.
2529 5382 2718 5455 Delelo
2746 5382 2903 5455 idem,
2925 5398 3065 5455 mss.
3093 5392 3202 5441 tres
3222 5383 3397 5455 Lugd.
3426 5382 3571 5438 Batt.

1979 5456 2039 5504 et
2061 5448 2214 5523 ligus
2242 5465 2364 5505 cum
2388 5450 2531 5523 coll.
2572 5453 2745 5509 Gron.
2779 5448 3005 5521 malunt,
3043 5454 3228 5523 Itaque
3257 5448 3393 5510 unus
3419 5465 3465 5509 et
3490 5471 3573 5509 ve-

1980 5535 2072 5597 rus
2098 5518 2261 5575 Deus.
2286 5523 2353 5576 At
2382 5521 2471 5577 ed.
2498 5525 2727 5597 August:
2754 5524 2891 5580 hanc
2922 5518 3570 5597 suppeditatlectionem.

1980 5591 2313 5717 ivtaquzumts
2343 5603 2421 5648 est
2443 5602 2491 5649 et
2512 5591 2662 5651 verus
2694 5594 2851 5654 Deus.
2884 5598 2941 5652 In
2978 5591 3105 5653 cod.
3140 5596 3388 5653 Perizon.
3419 5596 3578 5653 abest

2019 5678 2088 5717 ox
2173 5679 2280 5717 eus.

1983 5675 2088 5719 V0!
2123 5675 2259 5718 Deus
2267 5704 2280 5717 .

2191 5734 2324 5804 Quae
2349 5736 2578 5816 inﬁrma.
2611 5739 2690 5798 Ex
2714 5738 2888 5814 Epist.
2939 5739 3114 5814 prima
3162 5738 3313 5800 Pauli
3358 5738 3428 5796 ad
3465 5738 3571 5797 (Ζοι

1985 5807 2150 5867 rintlt.
2179 5822 2300 5881 cap.
2328 5823 2368 5881 ι,
2393 5807 2485 5864 27.
