4028 6364
197 250 327 309 939
962 260 969 290 ῖ
1343 257 1617 315 ιιιετυιιι
1630 258 1822 317 ΛΜΗ

1972 259 2065 317 :88
2112 260 2195 315 Vt.
2246 260 2400 319 CAP.
2445 262 2486 320 1.
3422 262 3427 267 ’
3482 262 3588 325 990

200 363 496 419 stodierc
532 365 810 423 cultores.
861 367 1004 439 Ergo
1035 368 1253 437 praescii
1292 378 1435 424 sunt.
1468 370 1515 401 ⁸³
1553 370 1608 428 Si
1658 372 1877 443 praescii
1904 379 1954 435 Α
1984 370 2362 429 destituendos
2408 373 2697 431 viderent?
2737 376 3081 447 Quamquam
3131 376 3177 430 si
3227 374 3299 429 ab
3355 374 3582 446 inritis,

207 465 385 523 sunt,
420 472 548 514 cur
582 459 691 515 hoc
719 460 1002 532 imperium
1034 461 1080 493 “
1110 462 1254 517 inter
1285 470 1358 515 tot
1392 479 1659 519 annorum
1684 465 1882 521 sa-cula
1988 464 2163 520 danda
2187 466 2367 532 venia,
2399 479 2499 522 nec
2520 466 2563 499 ⁸⁷
2589 466 2880 524 deserendi
2911 467 3164 532 fuerunt;
3202 466 3304 522 sia
3337 467 3585 524 volunta-

201 563 279 604 eo
314 549 717 619 potissimum
751 559 997 623 tempore
1018 552 1085 607 ad
1112 568 1381 608 summam
1414 557 1676 625 potentiae
1698 572 1882 611 arcem
1988 557 2116 623 riis,
2147 556 2413 613 servanda
2443 559 2787 628 praescieutia
2811 594 2828 625 ,
2870 574 2970 614 nec
3000 559 3150 627 prius
3188 557 3405 615 fuerant
3433 559 3588 629 adju—

205 640 677 711 perduxerunt,
714 641 761 673 ⁸⁸
790 658 896 712 quo
928 642 1022 698 ille
1048 645 1198 700 nasci
1232 644 1375 700 inter
1418 645 1668 701 homines
1715 657 1881 718 atque
1985 652 2168 705 vandi.
2206 649 2318 705 lloc
2346 647 2550 704 factum
2584 657 2671 706 est
2696 690 2712 719 ,
2744 650 2993 721 inquiunt
3024 667 3041 701 :
3074 666 3197 705 nam
3223 653 3585 708 excitavimus

206 732 474 803 agnosci
517 743 588 789 ut
625 733 791 791 homo
820 734 1015 804 voluit,
1048 728 1095 768 “
1127 743 1253 807 post
1277 735 1431 808 cujus
1465 753 1662 793 nomen
1693 744 1749 793 et
1778 739 1880 821 ipsi
1983 751 2197 813 gentes,
2232 741 2586 798 accendimus
2612 758 2793 814 reges,
2826 742 3164 800 instituimus
3195 742 3365 815 leges,
3394 744 3581 813 dispo—

209 838 326 896 pro
357 824 571 882 nihilo
606 826 905 897 contempti
931 835 1098 896 sunt,
1144 838 1348 884 etcum
1375 828 1632 885 universo
1675 829 1878 885 mundo
1979 834 2187 888 sttimtts
2209 834 2465 904 iudices,
2500 838 2926 906 praeparavlmus
2960 851 3151 906 pinnas
3191 836 3482 907 suppliciis
3518 843 3581 892 et

206 918 393 973 etiam
426 918 548 984 illi,
581 934 722 987 quos
753 919 855 988 ipsi
885 930 1269 989 provexerant,
1291 920 1335 953 "
1355 920 1876 980 cucurrerunt?Sed
1980 926 2234 982 crucibus
2263 966 2278 991 ,
2311 926 2505 982 urbem
2554 933 2724 981 totum
2769 927 2999 983 scrutati
3039 942 3228 983 sumus
3256 969 3270 993 ,
3304 928 3349 959 ⁸⁸
3394 929 3440 984 si
3472 942 3582 999 quo

207 1006 543 1068 humiliter
582 1004 636 1045 “
664 1011 936 1083 obrepsit,
963 1010 1238 1084 inquiunt,
1272 1023 1325 1069 et
1358 1014 1592 1069 latenter
1624 1015 1875 1070 intravit.
1986 1019 2152 1072 modo
2180 1018 2555 1073 Christianum
2585 1032 2785 1074 nomen
2807 1032 2861 1075 et
2887 1020 3068 1075 cultus
3100 1021 3355 1077 universo
3378 1020 3582 1077 mundo

205 1103 498 1161 Latentis
517 1106 585 1162 et
622 1104 843 1162 humilis
873 1106 1016 1162 unde
1032 1115 1135 1161 tam
1160 1096 1874 1164 celebrisfamahantindd-
1979 1118 2169 1181 posset
2206 1110 2422 1168 abradi.
2458 1113 2575 1167 lloc
2607 1119 2836 1169 eatenus
2876 1113 3071 1168 factum
3122 1123 3206 1168 est
3229 1157 3244 1183 ,
3287 1114 3461 1170 donec
3507 1115 3584 1171 fc-

208 1198 400 1255 bitata
421 1197 1327 1270 fides?tammanifestapmentia?
1347 1200 1532 1273 Signis
1550 1201 1873 1270 quibusdam
1977 1207 2155 1261 cunda
2181 1206 2482 1262 crudelitas
2503 1220 2750 1277 eousque
2782 1208 2925 1262 inter
2948 1216 3220 1263 tormenta
3251 1223 3315 1263 ac
3343 1224 3439 1278 per
3469 1216 3582 1265 tor-

210 1301 272 1348 ει
539 1292 845 1348 virtutibus
891 1302 1102 1348 mentes
1150 1294 1429 1348 hominum
1483 1294 1875 1365 superstitione
1977 1310 2158 1356 menta
2188 1300 2355 1374 31o
2374 1301 2689 1372 proficeret,
2721 1302 2985 1371 quamdiu
3020 1304 3197 1371 ipsum
3229 1304 3436 1374 regium
3468 1303 3582 1361 cul-

213 1384 261 1419 ⁶⁹
298 1384 615 1441 sollicitas
640 1385 787 1454 cepit
814 1392 871 1440 et
897 1387 1094 1440 tenuit.
1132 1388 1202 1440 At
1226 1386 1342 1441 haec
1371 1387 1415 1441 si
1456 1384 1619 1440 homo
1658 1386 1868 1456 potuit,
1977 1408 2138 1457 inen,
2174 1408 2272 1463 per
2312 1393 2455 1463 quod
2496 1395 2674 1448 solum
2715 1393 2758 1427 "
2787 1393 3063 1464 prohiberi
3097 1406 3339 1466 potuerat
3369 1440 3384 1463 ,
3418 1412 3583 1452 occu-

212 1470 308 1533 Dii
342 1477 546 1548 magis
584 1468 635 1508 ⁶⁶
658 1488 822 1548 posse
843 1472 1169 1533 debuerunt.
1200 1477 1283 1533 Au
1315 1478 1441 1549 quia
1487 1477 1577 1532 ille
1611 1477 1749 1532 hanc
1775 1492 1874 1547 ρο·
1974 1490 2149 1555 paret.
2175 1485 2241 1540 Et
2262 1485 2392 1556 quid
2424 1495 2612 1555 postea
2639 1495 2994 1541 causecutum
3025 1487 3151 1542 est?
3184 1486 3566 1556 Imperatores,

216 1572 476 1627 tentiam
504 1584 537 1623 ιι
572 1570 740 1625 Patre
758 1569 864 1625 sibi
889 1570 1142 1625 traditam
1167 1570 1517 1640 praedicabat,
1549 1578 1868 1641 perventum

214 1672 306 1719 est
339 1662 675 1733 aliquando
702 1658 771 1716 ad
814 1661 1236 1732 intelligentiam
1268 1662 1414 1718 illius
1448 1663 1560 1717 noti
1592 1670 1649 1718 et
1698 1661 1867 1733 ignoti

215 1754 374 1823 Dei,
402 1762 600 1826 quam
635 1753 1085 1826 apprehendere,
1119 1764 1176 1810 ut
1218 1755 1327 1811 dixi
1358 1797 1374 1823 ,
1427 1770 1588 1811 nemo
1620 1756 1719 1811 nisi
1770 1770 1864 1826 per
1896 1759 1940 1820 Β

217 1849 411 1920 ipsum
447 1849 694 1920 petest?
722 1846 834 1905 Nec
855 1850 1143 1921 quisquam
1181 1858 1389 1920 potest,
1420 1852 1522 1906 uisi
1549 1846 1592 1882 “
1625 1850 1718 1922 qui
1750 1846 1863 1906 toto

214 1957 281 1998 se
306 1948 641 2013 perspecto
670 1954 733 1999 ac
763 1941 1026 2011 destiecto
1051 1988 1065 2012 ,
1091 1957 1390 1999 conversus
1420 1942 1487 1999 ad
1533 1942 1862 2015 sapientiam

222 2033 329 2090 Dei
353 2032 407 2067 ⁸¹
437 2046 683 2091 omnem
709 2032 993 2107 quaarcndi
1021 2034 1495 2092 ratiocinationem
1521 2028 1864 2092 transtulerit

222 2128 296 2184 ad
328 2123 624 2186 credendi
657 2126 844 2185 fidem.
882 2126 1267 2184 Verumtamen
1314 2128 1561 2185 breviter
1601 2128 1859 2185 discutit).

224 2222 310 2278 Dii
349 2223 475 2289 isti,
507 2212 662 2293 quos
687 2226 865 2278 tantos
887 2219 1091 2287 ferunt,
1124 2230 1181 2276 ιιι
1212 2221 1514 2277 Romanam
1556 2216 1854 2293 rempubli-

224 2330 350 2369 cam
389 2322 452 2371 et
482 2314 726 2386 prepitii
762 2314 1113 2384 provexisse,
1147 2312 1467 2371 et“aversi
1503 2312 1864 2373 afflixissevi-

226 2410 510 2475 deautur,
541 2422 618 2465 eo
641 2418 797 2465 certe
822 2417 1089 2480 tempore,
1118 2409 1261 2480 quml
1288 2411 1465 2480 palam
1493 2418 1727 2476 constat,
1754 2422 1862 2481 quo

225 2502 384 2558 nasci
416 2496 694 2558 Christus
723 2500 918 2570 voluit,
950 2510 1006 2556 et
1033 2502 1346 2557 annuntiari
1376 2498 1422 2533 ⁸⁸
1447 2501 1703 2573 gentibus
1744 2516 1859 2558 cte-

228 2594 349 2662 pit,
384 2588 437 2625 ⁶⁸
480 2592 860 2649 devotissime
903 2602 1064 2664 atque
1108 2592 1481 2650 iuteutissime
1508 2595 1853 2652 colebantur.

225 2682 303 2741 Ita
339 2682 421 2741 illi
450 2728 468 2751 ,
520 2685 886 2742 consulentes
916 2692 969 2742 et
997 2684 1102 2743 sibi
1139 2697 1196 2742 et
1224 2678 1523 2742 cultoribus
1554 2687 1670 2743 suis
1696 2731 1711 2755 ,
1744 2702 1853 2745 non

229 2789 544 2851 potuerunt
562 2781 656 2836 vel
676 2781 997 2851 reprimere,
1012 2778 1098 2836 vel
1119 2779 1387 2851 repellere
1408 2782 1851 2851 superstitionem

225 2874 369 2943 ejus,
395 2882 643 2943 propter
661 2886 819 2943 qumn
846 2862 1185 2943 spernendos
1208 2880 1264 2927 Se
1281 2873 1635 2943 cultoresque
1656 2872 1702 2904 “
1722 2886 1851 2931 suos

1973 1580 2225 1650 inquiunt
2246 1620 2260 1645 ,
2285 1578 2585 1635 Christiani
2616 1593 2837 1635 cessare
2865 1594 3042 1648 sacra,
3076 1586 3133 1634 et
3156 1579 3335 1635 claudi
3365 1581 3565 1651 templa

1965 1672 2282 1742 jusserunt,
2316 1680 2484 1743 atque
2520 1671 2644 1727 ideo

2126 1785 2404 1851 Excessere
2424 1796 2619 1851 omnes,
2643 1786 2799 1851 adytis
2822 1787 2870 1819 τυ
2894 1788 3094 1851 arisque
3116 1786 3327 1849 relictis,

2121 1849 2221 1909 Dii,
2245 1850 2426 1912 quibus
2446 1849 2711 1912 imperium
2736 1850 2828 1900 hoc
2848 1849 3080 1919 steterat,

1958 1954 2012 2025 ,0
2039 1962 2239 2025 quanta
2282 1963 2337 2009 et
2365 1969 2525 2026 quam
2562 1954 2823 2010 iuoileusu
2853 1954 2941 2008 lux
2972 1954 3216 2009 veritatis
3244 1963 3352 2022 est,
3385 1954 3429 2009 si
3462 1969 3571 2011 non

1965 2047 2231 2102 adversus
2258 2062 2378 2103 eam
2426 2046 2571 2102 ultro
2602 2061 2724 2103 sese
2763 2046 3082 2102 offerentem
3110 2048 3154 2080 ⁷⁸
3191 2046 3447 2104 imbecilli
3479 2048 3567 2103 in-

1978 2144 2208 2201 feliciter
2234 2144 2377 2200 oculi
2432 2142 2858 2200 clauderentur!
2907 2143 2953 2175 "
2984 2142 3040 2197 Si
3086 2141 3392 2198 Christiana
3436 2142 3572 2199 fides

1969 2253 2064 2307 per
2092 2238 2257 2293 multa
2290 2246 2437 2293 retro
2458 2238 2504 2270 ⁷³
2532 2245 2799 2307 tempora,
2824 2236 3175 2291 sazvientibus
3203 2237 3443 2306 undique
3464 2235 3566 2293 ad-

1967 2347 2186 2387 versum
2217 2346 2279 2388 se
2310 2332 2563 2402 gentibus
2589 2375 2604 2401 ,
2634 2330 2856 2401 regibus
2881 2370 2896 2395 ,
2929 2329 3138 2399 legibus
3163 2373 3179 2396 ,
3212 2329 3256 2360 ⁷⁸
3283 2331 3526 2387 caedibus
3546 2370 3569 2400 ,

1966 2424 2221 2480 crucibus
2254 2439 2321 2480 ac
2362 2424 2634 2479 mortibus
2657 2464 2672 2489 ,
2707 2423 2929 2494 reprimi
2976 2422 3128 2478 nullo
3157 2421 3324 2478 modo
3352 2425 3525 2494 potuit
3550 2465 3567 2492 ,

1967 2517 2160 2591 immo,
2186 2525 2243 2571 ut
2276 2515 2386 2570 dixi
2413 2555 2430 2582 ,
2462 2515 2606 2570 inter
2636 2515 2754 2571 hac
2788 2524 2843 2570 et
2875 2530 2972 2585 per
2992 2514 3112 2570 hac
3136 2513 3331 2583 crevit,
3377 2515 3564 2571 cultus

1964 2618 2147 2663 autem
2183 2606 2452 2663 idolorum
2475 2607 2586 2678 jam
2614 2604 3022 2678 quodammodo
3049 2621 3118 2660 ex
3159 2618 3219 2660 se
3259 2605 3525 2662 deﬁciens
3548 2647 3565 2674 ,

1963 2717 2027 2757 ae
2054 2702 2158 2758 sibi
2185 2701 2518 2757 erubescens
2535 2740 2550 2767 ,
2576 2699 2641 2754 ad
2674 2714 2835 2754 unam
2859 2697 3341 2753 clementissimam
3366 2697 3571 2767 iussio-

1964 2808 2086 2848 nem
2126 2794 2244 2848 sinc
2277 2793 2389 2848 ullo
2420 2791 2617 2861 poenali
2670 2801 2879 2846 terrore
2909 2789 3173 2855 cessavit;
3206 2790 3291 2844 cui
3342 2790 3566 2847 dubium

1960 2888 2066 2947 est,
2100 2878 2200 2932 hoc
2230 2894 2328 2949 per
2357 2878 2514 2934 istius
2541 2875 2911 2947 iutelligeutia-
2936 2874 3462 2930 demonstrationem
3495 2876 3565 2932 de

1544 2984 1993 3047 IIAVERCAMPI
2031 2992 2260 3048 ΝΟΤιΕ.

299 3080 395 3155 53.
432 3082 499 3155 Si
524 3082 740 3155 praescii
765 3090 910 3155 sunt.
943 3078 1042 3137 Ed.
1077 3095 1187 3152 pr.,
1219 3080 1265 3134 si
1285 3096 1411 3155 ergo
1437 3081 1638 3155 ρναξιρᾱὶ
1667 3090 1804 3134 sunt.
1872 3082 1916 3141 C
1950 3080 2593 3155 superstitionesoilicitus
2615 3091 2764 3136 recte
2788 3091 2963 3145 vocat,
2992 3081 3119 3135 dum
3154 3080 3378 3155 respicit
3403 3080 3563 3155 inep-

232 3224 245 3235 _
299 3154 394 3209 54.
425 3150 608 3209 Inter.
638 3153 808 3224 Lugd.
837 3152 976 3208 Batt.
1009 3150 1140 3215 tres,
1192 3166 1317 3206 cum
1348 3150 1499 3207 Coll.
1555 3150 1799 3207 Gronov.
1826 3192 1842 3218 ,

226 3241 305 3278 tn.

301 3294 395 3351 55.
433 3296 560 3363 Quo
588 3294 687 3349 ille
718 3293 879 3350 nasci.
915 3289 991 3350 lta
1023 3294 1287 3350 exhibent
1315 3310 1507 3350 omnes
1553 3294 1676 3350 libri
1712 3306 1845 3349 mss.

230 3375 287 3422 et
331 3383 401 3423 ex
465 3367 605 3422 edd.
639 3376 773 3422 vett.
805 3365 1007 3434 prima,
1042 3366 1212 3421 Paris.
1272 3375 1327 3420 et
1371 3365 1613 3422 Venetae.
1647 3365 1847 3420 Verum

231 3437 519 3508 Bolsuing.
548 3446 610 3493 et
647 3438 802 3492 illum
844 3437 1105 3508 deinceps
1137 3448 1340 3492 secutae
1374 3439 1597 3506 reliqua:
1633 3438 1842 3492 malue-

231 3517 357 3563 runt
383 3506 590 3578 edere,
627 3525 733 3579 quo
759 3525 812 3562 se
834 3506 926 3562 ille
957 3506 1119 3574 nosci,
1149 3519 1256 3564 etc.
1290 3510 1464 3575 Quam
1503 3510 1792 3564 lectionem
1822 3552 1837 3577 ,

229 3584 484 3646 quamvis
520 3580 574 3635 in
611 3581 993 3650 August.edit.
1020 3595 1236 3650 quoque
1267 3580 1848 3650 invenerim,probare

230 3660 413 3704 tamen
442 3666 688 3721 nequeo.

301 3720 393 3777 ὅθι
419 3720 554 3777 Post
577 3726 734 3789 cuius
762 3737 969 3777 nomen.
1001 3721 1134 3775 Cum
1163 3723 1215 3776 in
1244 3721 1474 3776 Fabricii
1526 3721 1682 3776 editt.
1736 3720 1848 3791 pri-

232 3791 333 3865 mis
359 3794 686 3863 irrepsisset
712 3794 893 3865 hujus,
910 3794 1151 3865 reliquae,
1179 3804 1232 3849 et
1256 3792 1371 3862 ipsa
1386 3793 1577 3865 Scotti,
1608 3794 1843 3860 ineptam

230 3861 404 3928 illam,
429 3861 489 3919 et
511 3882 581 3921 ex
610 3861 931 3936 typograpbi
957 3861 1156 3919 mendo
1182 3861 1383 3929 natam,
1411 3864 1701 3936 lcetionem
1729 3878 1847 3918 ser—

234 3944 515 4006 referant.
550 3937 608 3991 In
636 3934 835 4006 codice,
854 3952 974 3990 meo
1002 3936 1198 4004 legitur
1228 3937 1364 4006 ejus.
1396 3935 1447 3988 in
1478 3934 1701 4003 reliquis
1729 3950 1845 3987 om-

232 4002 392 4077 nibus
411 4016 563 4064 recte
584 4008 763 4077 cujus.
796 4004 972 4073 Flor.,
998 4002 1080 4075 pr.
1130 4022 1220 4076 per
1248 4002 1402 4076 cujus
1429 4002 1614 4059 nomen
1642 4043 1657 4069 ,
1687 4013 1792 4058 etc.
1827 4021 1841 4057 :

229 4087 353 4147 quae
375 4076 541 4132 lectio
564 4076 786 4133 videtur
807 4078 1115 4147 significare
1146 4077 1405 4132 virtutem
1449 4083 1506 4131 et
1546 4077 1841 4145 potentiam

233 4143 354 4212 ejus
381 4151 648 4217 nominis,
674 4148 728 4204 id
751 4143 1044 4215 estfipsius
1072 4146 1300 4203 Christi.

302 4217 393 4271 57.
448 4216 852 4275 Cttcurreruut?
896 4218 1209 4275 Lectiouem
1262 4233 1395 4275 sane
1444 4216 1585 4272 hanc
1640 4231 1840 4272 conco-

239 4299 404 4354 quere
435 4290 523 4345 vix
553 4306 802 4357 possum.
835 4289 974 4359 Quid
1004 4290 1154 4344 enim
1183 4299 1269 4346 est
1307 4305 1519 4343 currere
1563 4303 1681 4355 cum
1723 4287 1845 4342 uni-

236 4371 378 4411 verso
398 4364 629 4417 mundo?
652 4362 896 4416 Florent.
924 4359 1147 4416 secundi
1183 4360 1518 4416 tolerabilior
1540 4369 1624 4416 est
1656 4361 1843 4423 lectio,

236 4441 639 4504 concurrerunt.
673 4432 984 4504 Setlneque
1016 4432 1105 4504 illa
1137 4432 1269 4487 mihi
1298 4430 1584 4504 satisfacit.
1611 4428 1841 4504 corrigo

239 4499 752 4577 igitnr‘rorrueruut.
779 4503 846 4559 Et
868 4499 971 4577 ipsi
998 4502 1071 4558 dii
1094 4504 1321 4577 (inquit)
1355 4503 1456 4577 illi,
1478 4518 1617 4577 quos
1644 4499 1840 4555 Roma-

237 4571 289 4620 ni
319 4571 422 4625 sibi
450 4574 758 4644 elegerant,
791 4582 847 4630 et
874 4571 1128 4641 Romani,
1160 4571 1254 4644 qui
1286 4589 1382 4642 per
1403 4575 1545 4629 istos
1562 4572 1694 4644 deos
1715 4586 1837 4627 sese

238 4645 380 4720 [ﬁtilla
402 4643 650 4720 potentia
670 4653 865 4720 auctos
890 4643 1211 4720 credebant,
1236 4645 1430 4720 domiti
1464 4652 1604 4720 sunt
1624 4643 1836 4720 _virtute

240 4706 332 4762 Dei
365 4706 507 4785 inter
534 4714 786 4772 homines
810 4718 918 4771 nati
941 4726 996 4770 et
1022 4727 1080 4770 ut
1111 4706 1273 4771 homo
1310 4715 1502 4785 agniti.
1542 4714 1708 4783 Cujus
1747 4729 1835 4770 re-

233 4790 398 4844 gnum
423 4783 511 4857 ubi
532 4786 720 4857 _venit,
749 4794 808 4842 et
837 4789 935 4854 ipsi
966 4786 1043 4841 illi
1064 4787 1139 4843 dii
1168 4783 1461 4857 lictitii‘pro
1494 4787 1666 4841 nihilo
1693 4799 1828 4839 con-

242 4856 426 4931 teutpti
459 4855 738 4931 habitique
758 4868 906 4923 sunt,
928 4867 983 4931 et
1012 4855 1381 4931 Romanorum
1405 4857 1689 4931 imperium
1707 4871 1833 4931 cor-

241 4926 376 4998 i‘pit;
408 4928 553 4998 quod
585 4944 686 4982 una
716 4945 840 4984 cum
869 4929 1129 4984 universo
1168 4930 1370 4984 mundo
1411 4926 1565 4989 venit
1602 4929 1702 4982 sub
1751 4926 1835 4998 di-

241 4995 439 5072 tionem
478 4997 761 5072 ejushttui
812 5010 865 5056 et
897 5000 1124 5072 imperia
1156 5013 1213 5056 et
1229 5000 1598 5072 imperatores
1630 4997 1836 5072 coneti-

243 5065 361 5127 tuit,
385 5073 441 5119 et
471 5069 555 5122 cui
585 5085 615 5124 a
648 5069 809 5126 Patre
839 5086 939 5125 suo
965 5065 1166 5125 dudum
1225 5065 1517 5125 hereditas
1558 5070 1828 5124 universa:

243 5135 397 5212 terra:
423 5141 780 5212 (turpiumque
807 5158 1099 5212 regnorum
1129 5143 1367 5212 regimen
1399 5148 1559 5212 erant
1594 5138 1829 5212 promis-

239 5212 318 5254 sa.
345 5202 469 5261 lltec
498 5202 707 5280 Orosii;
736 5220 796 5268 ut
814 5202 1436 5282 scriptorisClﬁ‘isliani,
1465 5202 1829 5266 ιιιίιιῗνὶιιθιιιτ

242 5282 360 5326 esse
387 5283 678 5337 sententia.

247 5344 424 5427 34758..
451 5347 709 5427 Obrepsit.
748 5352 942 5424 Recte,
993 5369 1171 5427 neque
1205 5363 1415 5427 mutare
1470 5354 1652 5409 malim
1705 5358 1828 5411 cuni

243 5424 643 5495 tnrfpsit,_quud
679 5426 730 5477 in
761 5440 883 5480 meo
912 5424 1099 5482 codice
1124 5426 1338 5495 legitur.

453 5482 764 5567 Sollicitas.
806 5495 1088 5553 Editiunes
1121 5482 1253 5552 velt.
1305 5510 1498 5567 omnes
1526 5495 1830 5567 (exceptis

245 5545 469 5639 llittorp.
499 5572 552 5639 et
582 5545 1829 5639 va.';.;tts,‘i.;‘2.'.;ti.1..'1.;3..J.;§.;}Lu‘u;;)'itsi

247 5632 371 5710 ipse.
394 5630 483 5710 sic
503 5629 714 5710 legunt,
747 5629 1145 5710 pragtcr'Lugd.
1170 5635 1311 5693 Batt.
1341 5651 1454 5710 sec.
1484 5647 1538 5692 et
1567 5629 1824 5710 primum.

247 5683 1150 5781 [ιξξρριιριιιοἷιέέξιιῗδᾶἶῧςῖιᾶἇῖ
1252 5683 1703 5781 ’ἰή-υἷιμῆ
1713 5683 1827 5765 's'iil

247 5769 609 5831 Perscribitur.
653 5775 889 5836 Retineo
936 5769 1230 5852 vulgatam.
1288 5778 1496 5838 Metttes
1532 5769 1821 5837 hominum

1954 3162 2059 3206 tam
2078 3153 2221 3208 illam
2240 3152 2686 3221 Sollicitudinem,
2702 3168 2823 3221 quite
2856 3168 2920 3206 ex
2944 3152 3336 3221 superstitione
3354 3154 3551 3207 oritur.

1940 3246 1949 3253 ·
2021 3225 2110 3281 60.
2142 3223 2322 3278 Posse.
2355 3223 2525 3293 Lugd.
2554 3220 2694 3278 Batti.
2720 3220 2954 3293 quatitur
2975 3238 3098 3277 cum
3116 3220 3259 3277 Coll.
3284 3221 3554 3291 6")"qu

1950 3298 2204 3370 Potitius-

2020 3366 2108 3422 61.
2148 3367 2251 3434 Qui
2281 3374 2385 3438 toto
2415 3382 2468 3418 se
2491 3375 2761 3437 perspecto
2791 3381 2851 3419 ac
2879 3366 3139 3438 despecto.
3192 3363 3290 3419 Ed.
3327 3367 3559 3435 August.

1949 3438 2271 3506 simpliciter
2297 3437 2449 3506 legit,
2481 3438 2574 3507 qui
2600 3448 2704 3490 toto
2728 3449 3023 3506 prospectu.

2022 3508 2112 3563 62.
2141 3508 2377 3563 Omnem.
2396 3508 2563 3563 Abi-st
2597 3507 2714 3562 haec
2745 3524 2845 3563 vox
2873 3523 2902 3561 ιι
2931 3507 3173 3563 Fturent.
3203 3523 3283 3573 pr.
3312 3507 3435 3561 Mox
3462 3523 3564 3577 pro

1948 3582 2299 3644 transtulerit,
2325 3580 2496 3649 Lugd.
2534 3580 2673 3634 liatt.
2701 3586 2813 3632 tres
2842 3594 2965 3634 cum
3009 3579 3148 3633 Coll.
3184 3577 3433 3633 Gronov.
3478 3586 3556 3632 le.-

1949 3660 2085 3720 gunt
2113 3648 2648 3706 translulithitiose
2681 3665 2899 3721 quoque
2941 3651 2991 3703 in
3023 3649 3191 3704 Scotti
3228 3648 3315 3704 ed.
3365 3651 3565 3719 legitur

1946 3724 2227 3778 rationem.

2020 3794 2109 3848 65.
2144 3793 2342 3847 Aversi.
2377 3790 2453 3845 Ita
2487 3804 2619 3846 mss.
2644 3809 2660 3855 ;
2683 3793 2883 3846 aduersi
2907 3792 3035 3846 cdd.
3061 3790 3307 3860 quaedam
3333 3806 3397 3846 ex
3423 3799 3560 3846 vctt.

1948 3863 2073 3918 Mox
2116 3865 2421 3917 videbantur
2467 3873 2700 3932 quatuor
2729 3861 2901 3929 Lugd.
2940 3862 3078 3915 Batt.
3118 3876 3241 3915 cum
3274 3860 3416 3932 Ultr.
3454 3877 3555 3928 pro

1949 3934 2253 3997 videantur;
2284 3942 2356 3997 et,
2386 3930 2571 3995 pro'eo
2587 3940 2722 3986 certe
2740 3942 2988 4003 tempore,
3017 3933 3167 3987 Meus
3189 3941 3243 3985 et
3274 3930 3555 3997 Perizon.,

1946 4021 2007 4059 eo
2040 4014 2178 4060 rerto
2204 4018 2463 4075 tempore,
2488 4004 2630 4073 quod
2663 4016 2715 4057 et
2746 4002 3015 4057 Flu’reutt.
3064 4015 3174 4056 sec.
3209 4010 3266 4057 et
3300 4010 3427 4056 tert.
3464 4016 3560 4058 ex-

1950 4077 2161 4129 bibent.

2020 4148 2111 4200 04.
2166 4144 2436 4199 Gentibus.
2485 4144 2672 4213 Inepte
2724 4145 2776 4201 in
2825 4158 2958 4199 mss.
2999 4159 3108 4199 uno
3137 4152 3232 4197 aut
3273 4143 3448 4198 altero
3490 4160 3559 4199 ex

1948 4215 2121 4282 Lugd.
2158 4215 2298 4270 Batt.
2329 4212 2595 4284 adjicitur
2618 4214 2952 4282 Christianis,
2988 4215 3071 4268 vel
3103 4212 3383 4284 Christum.

2021 4289 2109 4343 65.
2144 4283 2502 4342 Devotissime.
2543 4286 2712 4353 Lugd.
2748 4287 2886 4341 Batt.
2927 4299 3203 4352 tres,cum
3235 4283 3377 4339 Coll.
3411 4284 3554 4341 Gro-

1951 4375 2103 4420 nov.,
2132 4359 2443 4413 diutissime.
2480 4359 2616 4414 Ultr.
2650 4370 2704 4413 et
2729 4358 2903 4429 Lugd.
2934 4358 3051 4412 Bat.
3081 4370 3173 4411 see
3188 4356 3345 4423 uud.,
3371 4372 3559 4424 quam-

1950 4432 2022 4484 vis
2044 4430 2397 4487 devotissime.

1869 4470 1923 4531 D
2513 4516 2543 4555 a
2567 4500 2738 4573 Lugd.
2769 4502 2913 4556 Batt.
2945 4509 3071 4557 tert.
3094 4507 3149 4555 et
3171 4507 3367 4570 quarto
3392 4506 3558 4570 atque

1942 4570 2080 4628 Coll.
2111 4572 2355 4628 Gronov.

2013 4644 2101 4698 67.
2136 4642 2440 4698 Deserendi.
2487 4644 2625 4699 Edd.
2659 4644 2831 4715 prima
2860 4682 2875 4711 ,
2910 4644 3088 4699 Puris.
3122 4648 3178 4696 et
3211 4640 3436 4715 Veneta:
3466 4641 3556 4697 de-

1939 4716 2206 4786 sperandi.
2239 4716 2295 4769 In
2328 4716 2395 4770 iis
2420 4731 2551 4770 vero
2578 4713 2698 4785 quin
2723 4717 3060 4785 praecedunt.
3096 4713 3555 4786 tititattt_ititet'ro-

1940 4782 2122 4855 g'audi,
2151 4803 2257 4857 qua
2288 4802 2482 4842 sensus
2513 4782 2822 4842 obéem-itas
2852 4787 3082 4850 tollitur.
3117 4782 3327 4857 addidi.

2012 4854 2113 4912 68.7
2135 4854 2196 4913 Si
2232 4875 2336 4929 quo
2367 4857 2541 4914 modo.
2582 4858 2753 4929 Lugd.
2786 4858 2923 4912 Batt.
2967 4867 3097 4929 tres,
3132 4854 3266 4913 Ultr.
3302 4866 3363 4929 Aet
3410 4856 3550 4912 Coll.

1940 4928 2189 5000 Gronov.
2208 4926 2342 4985 ‘c'um
2378 4929 2508 4985 edd.
2543 4926 2865 5000 qttiliit~dam
2892 4928 3156 5000 adjiciunt
3183 4926 3422 5000 tundent.

2009 4999 2097 5055 69.
2133 4999 2408 5056 Prohiberi
2441 4997 2697 5068 potuerat.
2730 4997 2980 5054 Perizou.
3012 5039 3027 5061 ,
3058 4998 3321 5066 impediri.
3373 4997 3546 5068 Lugd.

1940 5068 2080 5140 Bait.
2115 5072 2235 5127 tert.
2264 5082 2317 5126 et
2337 5067 2541 5140 quart..
2567 5088 2689 5127 cum
2721 5072 2839 5125 Meo
2861 5078 2916 5124 et
2938 5069 3183 5125 Perizon.
3214 5079 3377 5137 atque
3400 5067 3543 5125 Coll.

1938 5139 2215 5215 Gronov.,
2245 5143 2508 5215 prohiberi
2540 5152 2761 5215 poterat.

1933 5215 2093 5335 duro.
2127 5210 2351 5284 Arisque
2379 5210 2571 5268 relictis
2603 5213 2711 5268 Dii.
2762 5211 2861 5268 Ed.
2899 5214 3125 5283 August.
3145 5252 3160 5277 ,
3213 5210 3321 5264 aris
3351 5210 3550 5266 relictis

1971 5298 2153 5335 usque.

1971 5298 2153 5349 usque.

2006 5353 2091 5426 71.
2130 5354 2405 5426 Ιιηὺινίεὶιιί.
2439 5355 2604 5426 Lugd.
2642 5357 2782 5426 Ball.
2814 5370 2896 5425 pr.
2929 5363 2984 5411 et
3012 5368 3149 5421 sec.,
3184 5351 3512 5407 imbecilles.‘

2002 5425 2091 5481 72.
2124 5426 2188 5482 Si
2216 5425 2690 5495 Christiana’ﬁdes.
2715 5425 2847 5481 Mea:
2875 5426 3233 5491 mentbranm,
3263 5432 3548 5493 expuncto

1931 5496 1999 5562 si,
2039 5498 2219 5567 legunt
2250 5498 2380 5567 ﬁdes
2409 5496 2732 5565 Christiana,
2769 5506 2875 5553 etc.

2003 5566 2403 5635 75.7Tem'pora.
2435 5568 2604 5638 Lugd.
2642 5568 2758 5623 Bal.
2796 5584 2904 5637 pr.,
2940 5566 3157 5622 macula.

2000 5638 2090 5694 74.
2117 5638 2374 5706 Caedibus,
2402 5636 2660 5693 crucibus.
2695 5636 2851 5694 Prior
2882 5654 2983 5693 vox
3010 5642 3059 5691 in
3086 5636 3254 5706 Lugd.
3291 5640 3426 5691 ltatt.
3459 5651 3541 5702 pr.

1927 5709 2290 5773 desideratur,
2316 5725 2413 5781 pro
2435 5711 2605 5766 altera
2631 5711 2681 5764 in
2708 5710 2795 5765 ed.
2825 5719 2957 5766 vett.
2983 5709 3306 5780 quibusdam
3332 5707 3535 5779 legitur

1927 5782 2264 5838 cruciatibus.
