4028 6414
505 261 606 320 991

505 472 598 530 illa
621 484 850 531 eatenus
875 486 971 544 per
999 469 1179 526 varias
1205 468 1654 525 ratiocinationes
1684 468 1904 537 mentis,
1930 467 2110 525 inten-

507 577 578 625 ta:
604 567 903 641 quamlibet
929 607 945 632 ,
979 565 1102 621 aliis
1127 563 1410 620 obfuscata
1439 562 1718 635 qumsierit
1741 605 1758 632 ,
1788 576 1853 618 ac
1882 576 1980 633 per
2006 560 2110 619 hoc

510 661 697 716 statim
722 657 897 715 amori
926 657 1045 729 ejus
1069 701 1084 723 ,
1124 671 1283 728 quem
1313 657 1480 714 etiam
1509 657 1765 729 ignorans
1794 655 2068 712 dilexerat
2093 697 2109 722 ,

509 753 832 810 inlnesisse?
861 752 969 808 Nec
992 752 1155 822 igitur
1176 752 1374 807 mirum
1397 759 1502 818 est,
1535 751 1582 806 si
1607 750 1659 806 in
1688 765 1880 822 magna
1911 750 2112 806 familia

513 846 560 878 ’⁸
582 844 937 902 inveniuntur
958 843 1123 915 aliqui
1143 842 1312 908 servi,
1327 842 1441 914 qui,
1460 840 2115 898 consuetudinelascivia-

508 953 616 1010 que
641 935 995 994 seductorum
1037 933 1369 1003 assuefacti,
1413 932 1673 1004 patientia
1705 931 1915 988 domini
1937 931 2021 988 sui
2047 931 2114 987 ad

511 1039 886 1100 contemptum
910 1027 1084 1099 ipsius
1110 1026 1425 1095 abutantur,
1451 1027 1494 1057 "
1521 1024 1662 1080 unde
1681 1033 1736 1080 et
1758 1024 1950 1080 merito
1972 1023 2116 1079 Deus

508 1124 600 1182 vel
638 1124 904 1196 ingratos,
931 1120 1020 1177 vel
1044 1119 1376 1186 incredulos,
1401 1119 1448 1151 ⁷⁸
1471 1118 1555 1173 vel
1577 1117 1740 1173 etiam
1765 1125 2116 1173 contumaces

503 1218 674 1274 variis
687 1215 1126 1288 eorreptionihtts
1141 1213 1315 1284 arguit
1335 1230 1348 1267 :
1364 1211 1508 1283 quod
1521 1226 1738 1282 semper
1751 1211 1940 1282 utique
1952 1210 2118 1266 laten-

510 1315 639 1371 dum
667 1322 772 1384 est,
796 1311 960 1384 369
983 1320 1106 1366 tunc
1129 1319 1310 1364 tamen
1328 1307 1618 1378 praecipue,
1640 1308 1684 1340 ⁷³
1706 1305 1922 1377 quando
1943 1303 2120 1361 adhuc

510 1421 614 1478 per
639 1405 951 1460 universum
979 1399 1244 1456 mundum
1273 1399 1416 1454 nulla
1447 1407 1564 1456 erat
1589 1397 1842 1466 ecclesia,
1887 1412 2006 1468 qua:
2038 1398 2120 1452 in-

509 1505 762 1554 terventu
812 1494 1052 1550 ﬁdelium
1088 1507 1308 1564 precum
1344 1490 1568 1546 meritas
1597 1489 1782 1545 mundi
1814 1502 2006 1558 pmnas
2027 1487 2115 1559 ju-

508 1601 760 1662 stumque
780 1587 1045 1660 judicium
1070 1585 1191 1654 Dei,
1219 1592 1444 1640 exorata
1465 1583 1633 1655 ipsius
1653 1582 1962 1650 clementia,
1987 1589 2122 1637 tem-

512 1692 756 1756 peraret,
802 1679 944 1736 unde
991 1680 1156 1735 etiam
1197 1677 1337 1743 haec,
1372 1693 1492 1748 qua:
1521 1676 1660 1732 mala
1690 1675 2003 1730 hominibus
2037 1673 2119 1728 vi-
2156 1731 2161 1736 ,

511 1776 732 1841 dentur,
776 1773 1193 1845 qualiacumque
1236 1771 1281 1803 "°
1313 1778 1462 1836 sunt,
1492 1770 1749 1840 graviora
1790 1769 1908 1824 sine
1954 1768 2118 1825 dubio
2150 1773 2195 1834 Β

513 1869 694 1926 omnia
741 1867 981 1935 fuerunt,
1025 1865 1163 1921 sicut
1209 1865 1351 1935 ipso,
1385 1878 1493 1935 quo
1535 1871 1712 1934 coepta
1740 1871 1886 1929 sunt,
1927 1860 2117 1917 ordine

512 1959 916 2032 probabuntur.
960 1956 1167 2012 Bellum
1209 1955 1657 2020 Mithridaticum,
1686 1953 1795 2019 vel,
1829 1963 1887 2008 ut
1935 1953 2118 2009 verius

513 2053 715 2120 dicam,
751 2051 873 2106 belli
912 2048 1258 2106 Mithridatici
1293 2047 1502 2113 clades,
1535 2047 1576 2079 ⁸¹
1613 2046 1809 2102 multas
1845 2046 2005 2101 simul
2039 2047 2119 2100 itt-

517 2147 744 2204 volvens
770 2144 1102 2218 provincias,
1133 2145 1177 2177 ⁸²
1210 2153 1383 2199 tracta
1413 2150 1468 2198 et
1495 2151 1738 2214 protenta
1767 2157 1862 2211 per
1883 2140 2116 2212 quadra-

514 2241 663 2312 ginta
703 2253 874 2294 annos
922 2237 1045 2293 fuit.
1083 2237 1216 2293 Nam
1245 2236 1290 2268 ⁸³
1323 2233 1730 2292 sexcentesimo
1777 2233 2119 2304 sexagesimo

516 2332 759 2390 secundo
791 2333 870 2404 (ut
913 2331 1046 2403 dixi)
1077 2345 1219 2386 anno
1247 2329 1317 2383 ab
1358 2329 1502 2385 Urbe
1531 2327 1744 2384 condita
1770 2369 1785 2392 ,
1819 2342 1927 2398 quo
1955 2327 2116 2383 etiam

519 2425 565 2458 ⁸⁵
608 2427 841 2496 primttm
892 2425 1056 2479 civile
1105 2421 1309 2479 bellum
1357 2431 1620 2491 cmperat,
1659 2421 1705 2452 ⁸⁵
1744 2418 2114 2486 inardescens,

514 2519 805 2575 consulatu
856 2514 1137 2574 Ciceronis
1186 2529 1316 2571 vero
1380 2523 1436 2570 et
1486 2513 1707 2569 Antonii
1739 2555 1753 2580 ,
1821 2521 1878 2569 ut
1939 2511 2120 2568 verbis

521 2612 567 2644 "‘
594 2622 769 2684 poetae
791 2611 982 2682 optimi
1010 2611 1223 2680 loquar,

672 2726 935 2777 Barbarieo
957 2727 1034 2776 vix
1061 2728 1393 2776 consummata
1421 2735 1617 2775 veneno
1641 2730 1736 2774 est.

517 2831 564 2867 ⁸⁷
595 2830 702 2886 Sed
731 2831 786 2887 in
815 2831 900 2886 his
929 2831 1283 2901 temporibus,
1311 2830 1528 2902 triginta
1558 2829 1782 2900 gerendi
1808 2829 1934 2885 belli
1967 2831 2114 2885 inve-

519 2924 740 2980 niuntur
767 2926 918 2982 anni.
945 2927 1186 2994 Qualiter
1211 2938 1392 2981 autem
1433 2941 1502 2980 ιι.
1530 2941 1557 2979 a
1589 2924 1864 2997 plerisque
1909 2926 1954 2957 ⁸⁸
1983 2925 2112 2981 dicti

519 3018 628 3074 sint
654 3037 758 3074 non
785 3019 944 3078 facile
971 3021 1325 3077 discernitur.

1929 258 2137 317 PAULI
2175 258 2404 319 (1110811

503 386 762 439 creatore
802 391 904 436 suo
951 377 1170 436 tandem
1202 375 1512 433 innotuisse
1552 382 1820 433 creatura:
1847 417 1863 443 ,
1894 375 1940 408 ⁷³
1969 376 2112 448 quod
2141 378 2196 440 Α

3722 256 3828 315 ψη

2752 376 2918 450 370
2962 375 3189 435 caru'r
3232 376 3298 432 ιι.

2218 489 2554 565 Prosequitur
2604 491 2688 548 hic
2739 491 2935 548 bellum
2979 492 3420 638 ilflitlyidaticum,
3469 492 3615 565 quod
3671 489 3829 564 Sylla

2893 581 2986 619 con
3016 583 3088 620 cci
3121 605 3137 621 .

2893 581 3137 621 coniecit.

2287 699 2455 769 Igitur
2501 698 2839 756 Mithridates
2878 702 2895 732 ⁸
2943 715 3039 756 rex
3071 700 3228 756 Ponti
3269 709 3433 771 atque
3485 700 3771 756 Armenia:
3797 738 3817 767 ,

2215 793 2236 824 ³
2261 802 2543 864 postquam
2576 792 2952 856 Nicomedem.
2985 794 3252 868 Bithynize
3299 810 3486 868 regem
3513 835 3530 860 ,
3582 795 3823 851 amicum

2218 887 2400 958 pepuli
2435 888 2688 956 Romani,
2723 905 2892 958 regno
2921 890 3136 957 privare
3158 890 3380 945 molitus
3422 899 3546 954 est,
3583 898 3760 961 atque
3795 905 3825 944 a

2217 992 2409 1038 senatu
2433 983 2695 1048 monitus,
2724 983 2770 1038 si
2799 981 2976 1039 facere
3001 990 3258 1050 tentaret,
3295 983 3500 1039 bellum
3525 982 3635 1039 sibi
3661 997 3694 1037 a
3727 997 3826 1051 po-

2219 1075 2350 1146 pulo
2373 1073 2619 1129 Romano
2641 1073 2984 1129 inferendum
3017 1072 3168 1140 fore,
3218 1073 3390 1129 iratus
3415 1071 3827 1144 Cappadociam

2225 1169 2488 1224 continuo
2518 1168 2538 1198 '
2566 1169 2805 1239 pervasit
2831 1187 2845 1223 :
2895 1176 3059 1239 atque
3085 1167 3315 1239 expulso
3357 1167 3426 1223 ab
3455 1183 3525 1224 eo
3561 1167 3831 1224 Ariobar-

2220 1276 2354 1316 zane
2375 1276 2504 1330 rege
2532 1268 2782 1315 cunctam
2821 1260 3154 1327 provinciam
3191 1259 3303 1330 igni
3342 1258 3603 1330 ferroque
3639 1267 3826 1315 vasta-

2220 1353 2321 1409 vit.
2355 1351 2659 1425 Bithyniam
2691 1351 2890 1408 deinde
2925 1353 3043 1422 pari
3086 1352 3242 1408 clade
3271 1352 3564 1422 corripuit.
3598 1351 3832 1422 Paphla—

2221 1445 2436 1518 goniam
2468 1445 2635 1500 s'mili
2657 1445 2810 1501 exitu
2840 1445 3039 1500 alﬂixit
3061 1487 3075 1511 ,
3107 1444 3281 1516 pulsis
3317 1460 3384 1501 ex
3416 1459 3483 1500 ea
3507 1444 3823 1516 Pylzcmene

2223 1547 2280 1595 et
2310 1537 2602 1594 Nicomede
2635 1538 2874 1608 regibus.
2917 1537 3051 1592 Post
3079 1551 3201 1593 cum
3233 1537 3478 1592 venisset
3512 1535 3821 1607 Ephesum,

2223 1631 2247 1664 δ
2272 1630 2480 1686 crudeli
2512 1631 2774 1702 prmcepit
2797 1630 2996 1697 edicto,
3031 1638 3089 1684 ut
3114 1645 3211 1698 per
3238 1638 3404 1685 totam
3433 1629 3627 1685 Asiam
3658 1631 3680 1660 ⁵
3708 1629 3825 1700 qui-

2225 1738 2459 1792 cumque
2489 1722 2694 1778 inventi
2719 1731 2904 1778 essent
2935 1723 3084 1778 cives
3122 1721 3391 1786 Romani,
3432 1720 3538 1776 sub
3580 1735 3688 1776 una
3736 1720 3823 1777 die

2223 1831 2413 1874 omnes
2445 1828 2794 1872 necarentur.
2828 1817 2895 1872 Et
2917 1816 3116 1872 factum
3150 1824 3253 1872 est.
3288 1811 3398 1870 Nec
3433 1815 3702 1884 explicari
3733 1824 3822 1870 aut

2225 1909 2618 1980 comprehendi
2653 1910 2760 1964 ullo
2790 1909 2950 1964 modo
2978 1909 3522 1981 verbispotest,qn:e
3541 1917 3670 1964 tunc
3686 1909 3819 1965 ntul-

2226 2005 2401 2061 titudo
2423 1995 2792 2059 Romanorum
2821 2005 3018 2059 civium
3043 2019 3182 2061 caesa
3198 2005 3290 2069 sit,
3319 2005 3440 2073 quis
3473 2019 3681 2059 mmror
3703 2003 3819 2074 plu-

2226 2099 2484 2155 rimarum
2510 2097 2912 2168 provinciarum
2933 2142 2947 2164 ,
2974 2097 3097 2168 quis
3126 2097 3362 2166 gemitus
3391 2095 3815 2152 occidendorum

2227 2193 2438 2266 pariter
2466 2201 2628 2262 atque
2658 2191 3023 2247 occidentium
3051 2189 3238 2258 fuerit,
3271 2205 3392 2245 cum
3412 2191 3608 2262 singuli
3620 2191 3813 2260 quique

2223 2297 2315 2343 aut
2347 2286 2578 2358 prodere
2610 2286 2933 2341 innocentes
2961 2284 3204 2356 liOSpites
3227 2294 3281 2340 et
3303 2283 3506 2340 amicos
3527 2329 3540 2350 ,
3581 2295 3667 2337 aut
3707 2281 3810 2352 ipsi

2225 2380 2518 2450 periclitari
2574 2394 2733 2450 pmna
2780 2377 3058 2449 hospitum
3114 2387 3458 2444 cogerentur.
3518 2374 3813 2430 Archelaus

2225 2472 2246 2504 ⁸
2270 2487 2489 2543 quoque
2512 2517 2525 2540 ,
2583 2471 2690 2526 dux
2737 2469 3061 2525 Mithridatis
3094 2509 3110 2536 ,
3143 2469 3162 2500 "
3193 2483 3316 2524 cum
3369 2475 3586 2523 centum
3627 2466 3814 2536 viginti

2223 2565 2466 2622 millibus
2553 2565 2792 2635 peditum
2882 2572 3048 2634 atque
3102 2564 3346 2634 equitum
3424 2562 3477 2617 in
3558 2561 3813 2618 Achaiam

2225 2657 2538 2729 praemissus
2572 2699 2586 2724 ,
2625 2657 2871 2713 Athenas
2911 2665 3270 2726 cunctamque
3305 2655 3599 2724 Graeciam,
3621 2655 3811 2725 partim

2225 2751 2301 2818 vi,
2338 2751 2533 2822 partim
2561 2749 2840 2805 deditione
2861 2748 3117 2804 obtinuit.
3148 2747 3336 2819 “Sylla
3358 2786 3375 2813 ,
3414 2746 3502 2802 cui
3538 2755 3658 2816 post
3688 2759 3814 2800 eon-

2223 2844 2460 2899 sulatum
2489 2843 2908 2900 Mithridaticum
2931 2841 3131 2896 bellum
3159 2837 3814 2904 obvenerat,Archelaum

2222 2937 2383 3010 371
2425 2934 2566 3006 apud
2607 2935 2894 2999 Pirmeum,
2939 2930 3353 2987 Atheniensium
3395 2937 3637 3000 portum,
3677 2934 3699 2963 θ
3736 2945 3817 2984 se.

2223 3028 2506 3098 ptemplici
2536 3043 2692 3082 muro
2725 3027 2767 3057 ¹⁰
2800 3026 3216 3091 communitum,
3249 3024 3340 3079 ditt
3372 3021 3620 3088 obsedit,
3652 3024 3814 3094 ipsam

1806 3135 2252 3196 llAVEthAMPI
2291 3141 2525 3197 NOTAE.

594 3224 684 3302 75.
722 3223 1059 3302 ρᾳοά.ζ11;ιῐθ
1085 3225 1210 3284 edd.
1240 3234 1293 3282 et
1321 3239 1455 3282 mss.
1485 3224 1726 3295 quidam,
1759 3243 1910 3302 quem
1930 3245 2130 3302 ,_quam
2159 3232 2205 3296 C
2237 3232 2369 3288 illud
2400 3234 2598 3289 bellum
2625 3233 3052 3289 Mithridaticum
3075 3275 3090 3298 ,
3131 3247 3229 3302 pro
3258 3232 3432 3296 virili,
3463 3247 3566 3302 per
3597 3234 3813 3289 annales

520 3295 915 3422 Bellquonia‘m,
959 3307 1013 3352 ut
1056 3308 1113 3353 et
1154 3314 1279 3352 mox
1311 3306 1565 3353 statutum
1605 3312 1703 3368 pro
1746 3298 1920 3353 statim
1951 3299 2119 3370 Lugd.

567 3383 594 3420 a
627 3407 639 3420 .
673 3382 810 3422 auar
841 3409 854 3421 .

567 3375 639 3420 at.
673 3375 854 3422 attart.

596 3382 1079 3493 ibfllllitiiizitiuntur.
1113 3439 1283 3510 Lugd.
1327 3440 1465 3494 Batt.
1511 3448 1620 3493 tres
1652 3453 1774 3494 cum
1809 3439 1947 3494 Coll.
1991 3439 2128 3497 Gro-

522 3524 650 3565 nov.
687 3523 740 3562 et
769 3509 889 3564 cod.
925 3510 1084 3573 Ultr.,
1119 3509 1466 3565 inveniantur.

595 3582 681 3634 77.
716 3579 866 3635 Unde
885 3591 934 3636 et
961 3583 1162 3635 merito.
1193 3581 1360 3652 Lugd.
1381 3581 1519 3636 Batt.
1548 3592 1658 3637 tres
1679 3595 1800 3636 cum
1824 3581 1963 3638 Coll.
1992 3582 2129 3639 Gro-

523 3666 674 3718 nov.,
713 3652 849 3706 unde
873 3662 1074 3706 merito.

600 3723 688 3779 78.
732 3722 827 3777 Vel
856 3725 1031 3777 etiam.
1063 3723 1234 3778 Abest
1265 3723 1411 3789 prior
1438 3739 1541 3778 vox
1574 3739 1600 3775 a
1632 3724 1751 3779 Meo
1779 3725 1999 3792 codice;
2029 3729 2129 3781 uti-

519 3811 651 3867 que,
699 3794 842 3865 quod
883 3796 1132 3866 sequitur
1163 3795 1321 3865 paulo
1347 3805 1498 3865 past,
1543 3795 1596 3849 itt
1640 3795 1810 3866 Lugd.
1845 3797 1963 3851 Bat.
2013 3814 2123 3855 sec.

526 3882 634 3922 non
659 3874 861 3921 exstat.

596 3939 682 3993 79.
729 3937 956 4004 Quando
985 3938 1158 3992 adhuc
1188 3954 1300 4010 per,
1324 3945 1427 3992 etc.
1457 3937 1909 4010 Transponuntnr
1942 3939 2055 3994 bare
2074 3941 2126 3996 in

521 4008 771 4064 Perizon.
805 4011 905 4072 ita,
949 4010 1161 4079 quando
1189 4008 1196 4010 ⁷
1211 4026 1302 4080 per
1343 4010 1640 4064 universum
1681 4009 1930 4065 mundum
1980 4011 2128 4066 trulla

522 4082 696 4135 adhuc
726 4090 832 4134 erat
856 4080 1090 4135 ecclesia.

593 4151 684 4205 80.
716 4152 870 4205 Sunt.
919 4153 1058 4206 Edd.
1092 4161 1224 4208 vett.
1251 4151 1520 4222 quaedam,
1549 4153 1672 4206 sint.

596 4225 686 4278 81.
726 4222 922 4278 Multas
953 4224 1129 4279 sintut.
1159 4225 1414 4279 Omnium
1458 4238 1586 4278 mss.
1636 4223 1752 4279 iure
1787 4233 1870 4279 est
1920 4224 2083 4281 lectio
2109 4267 2125 4294 ,

523 4309 684 4366 quam
711 4295 950 4364 reposui.
989 4294 1206 4367 Vulgg.,
1239 4297 1432 4350 multa:
1457 4311 1646 4362 secum,
1663 4299 2126 4367 praeterAugttst.,

527 4382 647 4436 qum
673 4381 794 4420 cum
819 4381 950 4422 mss.
977 4368 1272 4422 consentit.

598 4438 686 4491 83.
716 4436 904 4492 Τναειι
932 4446 977 4490 ct
1006 4447 1260 4504 protenta.
1294 4437 1352 4493 In
1381 4438 1513 4493 Meis
1549 4437 1882 4495 membranis
1907 4437 2124 4509 legitur,

526 4516 692 4564 tracta
723 4519 770 4563 et
801 4519 1087 4580 protracta.

597 4581 686 4634 85.
713 4579 914 4647 nchtt,
945 4591 999 4633 ut
1026 4581 1157 4644 dixi,
1189 4597 1348 4636 anno.
1383 4579 1593 4634 Dictum
1626 4580 1727 4634 boc
1756 4589 1840 4636 est
1867 4581 2008 4636 libro
2040 4595 2124 4636 su-

529 4624 1157 4723 peiidré“€§,}'.’t'5,'tiili'
1188 4624 2121 4723 δὲ”ξρςιῇἰῖἶὶἕὴι”ῐῖίῇἧῖίάςῖίείνίςι
2154 4624 2205 4685 ι)

526 4721 972 4777 annotationibus
999 4721 1338 4792 scripsimus.
1377 4721 1540 4777 Fann.

601 4795 689 4847 8t.
718 4793 953 4847 Primum
977 4794 1125 4848 civile
1155 4795 1368 4848 bellum.
1395 4793 1566 4864 Lugd.
1608 4795 1723 4849 Bat.
1768 4810 1881 4849 see.
1915 4795 2082 4864 prium
2107 4837 2122 4863 ,

527 4865 626 4922 sed
657 4864 842 4988 dtilcnt
880 4864 1177 4921 Florentini
1219 4880 1328 4921 tres
1352 4907 1368 4934 ,
1404 4876 1458 4920 et
1490 4870 1541 4922 in
1573 4868 1737 4923 tertio
1769 4865 1961 4921 bellum
1992 4883 2126 4938 quo-

534 4952 640 4988 mn!
673 4953 698 4987 tt
743 4947 849 4988 est.

534 4952 640 5008 quo.
673 4947 849 5008 abest.

599 5008 693 5063 83.
746 5006 1113 5062 Inardcsccus.
1152 5008 1291 5064 Edd.
1324 5008 1568 5078 quasdam
1603 5018 1736 5064 vett.
1777 5023 1900 5064 cum
1933 5008 2124 5078 priori-

528 5079 630 5136 bns
655 5081 755 5134 hoc
784 5081 1007 5134 verbum
1035 5091 1390 5145 connectunt,
1417 5082 1541 5134 dum
1563 5081 1750 5148 legunt
1775 5080 2120 5136 inardescere.

527 5158 600 5205 At
629 5151 678 5203 in
706 5151 876 5206 tribus
907 5149 1077 5222 Lugd.
1106 5153 1248 5207 Bttt.
1299 5164 1356 5208 et
1407 5150 1546 5207 Coll.
1597 5153 1846 5208 Gr0nnv.
1901 5151 2120 5221 legitur,

528 5222 857 5277 inardescens
887 5235 1022 5289 erat,
1061 5223 1340 5279 consulatu
1384 5239 1500 5277 vero
1555 5223 1574 5293 (
1607 5225 1659 5294 in
1715 5223 1957 5294 pluribus
2003 5223 2126 5278 aliis

532 5308 663 5349 mss.
688 5303 744 5349 et
765 5294 891 5350 edd.
919 5311 1038 5348 rcro
1063 5297 1150 5349 bic
1180 5309 1286 5350 non
1317 5295 1592 5364 adjicitur)
1626 5293 1889 5350 Ciceronis
1927 5302 1973 5348 et
2020 5295 2126 5348 Au-

529 5365 681 5428 tonii,
711 5375 843 5430 ete.,
874 5376 1231 5421 consummata
1251 5383 1467 5432 veneno,
1500 5366 1680 5422 deleto
1705 5376 1801 5421 est.

599 5434 689 5490 80.
727 5435 897 5493 Poetae
923 5437 1127 5506 optimi.
1159 5437 1430 5508 Lucanum
1460 5438 1654 5506 innuit,
1680 5437 1819 5504 apud
1847 5453 2006 5508 quem
2028 5439 2116 5493 illa

530 5519 744 5562 exstant
778 5509 868 5562 lib.
911 5524 959 5575 ι,
993 5510 1119 5564 557.
1165 5507 1302 5580 Nota
1338 5509 1448 5580 jam
1488 5510 1822 5580 temporibus
1861 5509 2038 5564 Orosii
2071 5519 2126 5564 et

532 5580 824 5648 Augustini
853 5582 905 5634 itt
937 5595 1136 5650 magno
1166 5579 1334 5636 fuisse
1361 5579 1534 5650 pretio
1564 5579 1932 5648 Lueannm,iu
1958 5582 2126 5636 nimio

525 5664 745 5721 quoque
777 5663 987 5719 postea.

604 5721 693 5774 87.
730 5723 840 5796 Sed
862 5725 924 5796 in
951 5722 1052 5777 his.
1087 5720 1313 5777 Mediam
1340 5736 1526 5796 vocem
1554 5723 1693 5796 male
1727 5725 2126 5796 ejiciuntqure-

534 5789 657 5846 dam
689 5792 817 5847 edd.
849 5793 994 5860 Quot
1016 5803 1195 5850 autem
1242 5793 1400 5849 annis
1434 5791 1711 5851 duraverit
1740 5789 2123 5867 gravissimum

2234 3303 2632 3359 deduximusin
2665 3305 2801 3360 llist.
2840 3305 3166 3372 Universali,
3202 3305 3357 3374 cujus
3403 3305 3600 3360 tertius
3649 3318 3817 3360 tomus

2231 3393 2259 3429 a
2290 3378 2506 3443 regibus
2537 3376 2696 3430 Ponti
2723 3378 2930 3431 initium
2966 3377 3090 3432 facit
3120 3417 3134 3442 ,
3176 3376 3264 3430 ubi
3300 3375 3450 3446 plura
3482 3374 3554 3430 de
3596 3376 3700 3432 hoc
3725 3379 3815 3432 Mi-

2230 3446 2466 3502 thridate
2492 3447 2861 3502 inveniuntur.

2299 3519 2390 3574 88.
2424 3518 2558 3572 Dirti
2589 3519 2712 3572 sint.
2751 3520 2994 3574 Perizou.
3032 3518 3308 3590 Mettsqtte.
3337 3517 3466 3571 dicti
3491 3518 3814 3590 sunt.Lugd.

2228 3588 2372 3645 Batt.
2401 3601 2633 3659 quatuor
2655 3603 2776 3646 cum
2813 3592 2949 3648 Ultr.
2983 3601 3037 3647 et
3067 3588 3212 3645 Coll.
3260 3588 3500 3645 Gronov.
3531 3631 3545 3656 ,
3596 3588 3818 3646 distincti

2228 3663 2355 3716 sint.

2299 3733 2431 3788 Car.
2461 3733 2523 3789 11.
2556 3767 2624 3778 —
2656 3739 2706 3793 l.
2744 3733 2858 3788 Rea:
2896 3735 3051 3789 Ponti
3086 3743 3240 3801 atque
3283 3733 3563 3789 Armenia.
3609 3733 3685 3788 De
3725 3731 3819 3788 Ar-

2231 3807 2412 3859 menia
2453 3808 2666 3864 minore
2719 3805 2769 3860 id
2809 3805 3239 3876 intelligendum.
3285 3804 3562 3860 Armenim
3615 3804 3818 3872 Majoris

2230 3881 2373 3930 enim
2407 3893 2501 3932 rex
2533 3891 2652 3934 erat
2676 3881 2962 3943 Tigranes,
2992 3875 3175 3941 quem,
3210 3890 3470 3945 generum
3495 3890 3681 3942 suum,
3703 3875 3818 3928 lili:c

2229 3946 2534 4015 Cleopatra:
2591 3949 2793 4014 nupltis
2847 3948 2991 4002 bello
3035 3947 3280 4001 Romano
3324 3947 3592 4013 implicuit
3642 3961 3814 4016 regunt

2230 4019 2616 4076 callidissimus
2647 4021 2734 4076 hic
2756 4030 2807 4072 et
2841 4020 3170 4073 l‘ortissintus
3201 4016 3565 4072 Mithridates.

2302 4089 2356 4143 ἓ.
2381 4089 2661 4156 Postquam
2693 4089 3046 4146 Nicomedem.
3072 4089 3273 4143 Eadem
3316 4089 3465 4142 Eutr.
3496 4088 3589 4141 lib.
3615 4104 3668 4140 v.
3690 4086 3817 4154 Lege

2231 4161 2462 4285 gppiani
2521 4163 2950 4218 Mithridaticum
2985 4205 2998 4230 ,
3058 4171 3114 4215 et
3162 4161 3364 4214 Justini
3421 4159 3520 4214 lib.
3597 4173 3814 4214 xxxvnt.

2279 4247 2400 4285 aen.

2279 4247 2400 4286 ABl't.

2304 4305 2357 4357 5.
2387 4303 2643 4360 Pervasit.
2667 4303 2837 4374 Lugd.
2869 4303 2987 4374 Bal.
3016 4313 3219 4374 qttart.,
3246 4301 3451 4374 invasit.

2304 4375 2367 4448 Ii.
2390 4375 2604 4431 Crudcli
2630 4372 2869 4448 praecipit
2899 4372 3086 4428 edicto.
3133 4373 3224 4448 De,
3255 4373 3360 4428 hoc
3390 4372 3582 4448 edicto
3628 4381 3816 4448 pra-ter

2235 4446 2537 4512 Appianum
2568 4489 2582 4511 ,
2619 4441 2734 4501 Liv.
2769 4441 2861 4500 lib.
2899 4460 3125 4508 nam",
3171 4441 3361 4499 Florus
3389 4444 3482 4498 lib.
3513 4459 3570 4498 ttt
3605 4441 3725 4511 cap.
3756 4444 3812 4504 ὕ,

2231 4514 2525 4584 Eutropius
2567 4518 2660 4572 ltb.
2696 4534 2748 4572 ν.
2777 4517 2913 4571 llinc.
2936 4518 3132 4570 Cicero
3167 4531 3263 4584 pro
3296 4515 3415 4584 lege
3465 4515 3683 4569 Manilia
3707 4514 3810 4566 ait:

2235 4585 2590 4643 Mithridatem
2615 4606 2718 4643 una
2741 4588 2824 4641 die
2852 4598 2957 4641 tota
2979 4587 3103 4641 Asia
3129 4631 3142 4653 ,
3176 4594 3251 4639 tot
3282 4588 3334 4638 in
3363 4586 3658 4639 civitatibus
3680 4626 3694 4649 ,
3721 4600 3817 4638 uno

2228 4662 2412 4713 nuntio
2443 4669 2598 4732 atque
2627 4678 2733 4714 una
2780 4660 3072 4732 litterarum
3122 4657 3499 4732 signiﬁcatione
3533 4657 3685 4732 circa
3732 4655 3818 4708 lio-

2227 4745 2406 4783 ntanas
2436 4726 2718 4798 necandos,
2751 4726 3192 4799 trucidandosquc
3211 4728 3498 4780 denotasse.
3533 4726 3701 4780 Vana.

2229 4873 2259 4943 ί
2385 4795 2730 4873 Quicumque.
2761 4801 3002 4856 Florent.
3029 4795 3144 4872 pr.,
3184 4808 3239 4852 ιιι
3285 4800 3602 4870 quicumque
3640 4795 3816 4852 inventi

2256 4883 2472 4927 uisseut.

2256 4873 2472 4927 'uisseut.

2301 4944 2353 4998 6.
2391 4945 2628 5015 Quoque.
2667 4944 2833 4999 Abest
2868 4944 2935 4998 ab
2965 4941 3319 5015 ed._August.

2301 5015 2354 5069 7.
2387 5010 2530 5069 Cum'
2547 5024 2752 5069 centum
2781 5015 2968 5088 viginti
2989 5013 3242 5067 millibus.
3266 5012 3322 5067 In
3347 5010 3688 5084 Meo,riginti
3716 5024 3812 5065 non

2235 5087 2529 5141 invenitur.

2305 5157 2359 5230 8,.
2397 5157 2552 5230 Sylla
2576 5197 2592 5222 ,
2648 5158 2736 5212 cui
2782 5166 2893 5230 post
2944 5156 3289 5230 consulatum.
3323 5153 3489 5230 Sylla_
3522 5151 3592 5207 ad
3627 5151 3812 5208 bellum

2235 5226 2657 5284 Mithridaticum
2697 5228 2974 5296 profectus
3015 5227 3113 5280 fuit
3151 5237 3270 5296 post
3301 5226 3670 5296 consulatum,
3704 5237 3813 5296 cunt

2233 5299 2341 5368 jam
2389 5300 2559 5354 Cinna
2600 5294 2791 5354 consul
2843 5299 2891 5354 ei
2946 5294 3345 5352 accusationem
3394 5311 3490 5363 per
3525 5294 3813 5368 Virginiam

2236 5366 2512 5495 gibunum
2564 5371 2707 5442 pleb.
2752 5376 3128 5441 compararet,
3181 5368 3504 5422 Plutarchus
3555 5368 3607 5421 in
3655 5366 3814 5420 Sulla.

2281 5458 2402 5495 ann.

2281 5458 2402 5496 ABR.

2305 5515 2359 5566 9.
2397 5510 2734 5583 Septemplici
2756 5527 2902 5565 muro
2925 5512 3310 5564 communitum.
3339 5508 3426 5563 Sic
3452 5507 3671 5583 Florus,
3700 5504 3813 5583 Ma;

2231 5583 2443 5640 subruta
2473 5576 2660 5663 Piruici
2713 5593 2888 5650 portu,
2942 5597 3033 5663 seu;
3067 5596 3265 5663 quoque
3311 5589 3375 5662 et.
3404 5578 3630 5649 atnplins
3665 5576 3814 5663 ξιιιτςὶε

2235 5658 2447 5710 munito.
2483 5647 2750 5710 Munierat
2787 5669 2912 5707 eum
2956 5647 3198 5721 pluribus
3240 5651 3407 5705 nutris
3437 5647 3631 5721 contra
3665 5647 3813 5720 Sylla:

2236 5727 2495 5798 impetum
2525 5725 2840 5791 Archelaus,
2868 5733 2930 5798 ut
2958 5719 3150 5798 seribit
3179 5723 3472 5798 Appianus.
3509 5719 3677 5774 Fann.

2312 5798 2395 5858 ‘10.
2427 5796 2830 5856 Comntttnitum.
2865 5794 3154 5864 Perizmn,
3188 5794 3459 5848 munitum.
