4028 6296
279 340 421 400 Nl!

1316 341 1796 401 HISTORIAM”!
1833 341 2040 401 LIBER
2082 343 2170 400 νι.
2216 342 2374 401 CAP.
2417 346 2511 402 IX.

3432 349 3572 411 1011

275 459 413 514 lium
444 467 805 514 snteanaram
830 454 1174 514 armamenta
1202 457 1485 528 praeepit.
1515 458 1559 493 ³*
1583 457 1659 514 ita
1681 466 1875 515 anten-
1902 459 1952 520 Α
1980 457 2306 515 referuntur.
2346 460 2532 516 Caesar
2596 459 2939 531 Germanos,
3006 461 3100 532 qui
3146 462 3399 521 libeme
3446 480 3571 522 cum

277 553 365 606 nis
414 549 727 617 ruentibus,
762 549 1079 621 complures
1126 548 1278 606 illico
1319 562 1489 605 naves
1514 551 1664 606 velat
1687 558 1874 620 captas

275 642 586 699 immobiles
615 640 877 698 reddidit.
899 641 1008 697 Alii
1034 640 1140 697 bos
1170 641 1419 711 periculo
1452 640 1648 706 territi,
1675 640 1721 673 ³⁸
1749 652 1868 697 sus-

277 735 469 807 pensis
495 736 658 800 velis,
692 749 804 805 qua
830 744 1030 791 vestes
1069 734 1380 791 intenderet
1408 733 1598 807 lugere
1649 735 1871 801 conati,

275 836 530 886 cessante
555 842 680 883 mox
704 836 868 883 vento
899 826 1171 895 destituti,
1205 827 1445 884 ludibrio
1484 826 1638 885 luere
1664 828 1872 885 Roma-

275 921 384 975 nis.
411 918 603 989 Itaque
635 917 873 974 incensis
895 917 1152 973 omnibus
1176 918 1430 983 navibus,
1462 917 1875 989 interfectisque

275 1014 365 1069 bis
380 1012 475 1082 qui
506 1019 882 1083 pugnaverant
900 1009 1066 1083 θοι
1090 1010 1134 1047 ³⁹
1153 1010 1350 1079 Gallis,
1381 1011 1577 1083 reliqui
1598 1023 1723 1067 sese
1749 1026 1872 1066 om-

271 1122 374 1162 nes
406 1104 766 1162 dediderunt.
797 1104 904 1160 Sed
933 1101 1124 1160 Ctesar
1164 1104 1406 1159 maxime
1431 1102 1477 1135 ‘°
1506 1102 1579 1159 ob
1610 1103 1870 1173 injuriam

272 1198 613 1267 legatorum,
645 1203 700 1251 et
735 1204 794 1249 ut
821 1195 975 1266 genti
1015 1194 1085 1249 ad
1113 1194 1298 1250 omnia
1336 1194 1379 1227 “
1407 1193 1637 1250 consilia
1681 1193 1872 1249 mobili

274 1285 540 1343 terribilis
562 1285 810 1355 exempli
841 1285 886 1317 δ’
916 1295 1101 1341 notata
1124 1285 1390 1351 inureret,
1416 1285 1636 1342 cunctis
1662 1285 1867 1354 princi-

273 1379 440 1451 pibus
470 1392 567 1448 per
596 1385 870 1433 tormenta
902 1375 1231 1443 interiectis,
1261 1377 1501 1448 reliquos
1530 1377 1637 1433 sub
1664 1391 1868 1433 corona

270 1473 542 1530 vendidit.
569 1471 616 1503 "
644 1471 842 1528 iisdem
875 1471 1075 1527 diebus
1104 1470 1348 1531 Titurius
1384 1470 1626 1528 Sabinus
1674 1469 1872 1527 Auler-

268 1582 391 1636 cos,
422 1567 790 1631 Eburonices,
836 1565 1247 1635 Lexoviosque,
1277 1566 1371 1637 qui
1406 1566 1672 1636 primates
1700 1579 1868 1631 suos,

270 1660 319 1693 ἰδ
347 1674 448 1715 cur
467 1666 721 1715 auctores
748 1657 878 1712 belli
900 1657 1263 1714 resuscitandi
1287 1672 1414 1714 esse
1439 1656 1668 1723 nollent,
1702 1657 1872 1713 inter-

264 1751 538 1816 fecerant,
567 1748 861 1819 eruptione
890 1747 1058 1814 facta,
1090 1747 1404 1804 incredibili
1442 1746 1596 1803 caede
1641 1748 1865 1804 delevit.

1977 549 2261 606 immensis
2319 552 2494 622 copiis
2565 556 3016 619 transmiserant.
3082 555 3247 612 simul
3306 566 3364 613 et
3422 566 3570 615 totas

1975 640 2183 697 Gallias
2245 643 2517 714 subjicere
2582 645 2690 703 sibi
2764 647 3066 717 parabant,
3131 647 3275 703 bello
3336 648 3570 706 adortus

1975 734 2139 808 395
2199 749 2370 806 nsqne
2432 736 2499 791 ad
2559 737 2989 796 internecionem
3055 738 3274 795 cecidit.
3324 740 3567 809 Quorum

1975 826 2146 884 fuisse
2165 840 2455 885 numerum
2485 828 2530 863 ⁸¹
2559 829 2629 886 ad
2651 844 2854 888 ccccxt.
2879 832 3052 888 millia
3074 832 3121 865 ³⁸
3150 832 3353 890 ferunt.

2594 956 2826 1022 CAPUT
2856 962 2951 1023 IX.

2084 1078 2259 1137 Caesar
2276 1081 2537 1154 quomodo
2559 1082 2759 1139 Suevos
2784 1092 2832 1139 et
2856 1082 3137 1143 Britannos
3164 1089 3462 1163 subjecerit.

2050 1196 2066 1226 ⁸
2097 1194 2251 1251 Tunc
2276 1194 2461 1252 Caesar
2485 1197 2542 1253 in
2593 1198 2941 1256 Germaniam
2981 1200 3123 1258 laeto
3151 1214 3318 1274 ponte
3347 1208 3368 1240 ³
3391 1215 3570 1265 transi-

1973 1287 2250 1357 greditur,
2280 1286 2643 1346 ‘Sicambros
2689 1298 2747 1347 ct
2776 1290 2945 1349 Ubios
2998 1294 3283 1353 obsidione
3340 1299 3560 1358 liberat.

1972 1378 2204 1445 Suevos,
2236 1380 2528 1437 maximam
2551 1392 2608 1461 et
2626 1382 3025 1442 ferocissimam
3062 1397 3307 1459 gentem,
3332 1404 3567 1461 quorum

1972 1487 2096 1529 esse
2145 1483 2368 1530 centum
2414 1460 2603 1547 pagos.
2633 1484 2693 1535 et
2741 1479 3000 1549 populos,
3051 1482 3207 1537 multi
3252 1460 3564 1554 prodidere,

1972 1573 2254 1637 totamque
2281 1566 2631 1624 Germaniam
2669 1568 2907 1626 adventu
2953 1580 3055 1628 suo
3100 1583 3305 1632 terret:
3334 1592 3461 1633 mox
3510 1580 3566 1634 in

1971 1660 2232 1730 Galliam,
2266 1660 2288 1692 ⁸
2334 1661 2574 1718 rescisso
2602 1672 2791 1733 ponte,
2826 1664 2849 1696 ³
2872 1665 3149 1721 concedit.
3180 1667 3311 1725 inde
3352 1669 3419 1726 ad
3450 1673 3567 1727 uo-

1971 1758 2123 1810 rinos
2147 1754 2320 1821 venit,
2352 1754 2496 1811 unde
2530 1755 2551 1787 ⁶
2578 1756 2633 1811 in
2665 1755 3003 1813 Britanniam
3031 1760 3312 1828 proximus
3337 1770 3396 1817 et
3442 1763 3563 1821 bre-

262 1843 493 1899 Publius
520 1857 654 1898 vero
689 1840 924 1896 Crassus
963 1854 1090 1896 cum
1120 1840 1167 1873 “
1189 1840 1246 1896 in
1274 1839 1629 1910 Aquitaniam
1657 1853 1856 1910 perve-
1898 1848 1947 1908 Β
1975 1847 2227 1903 vissimus
2261 1846 2525 1902 transitus
2549 1854 2656 1902 est.
2683 1845 2921 1902 Navibus
2950 1849 3171 1905 circiter
3188 1851 3457 1907 onerariis
3483 1863 3567 1908 at-

258 1937 460 2002 nissel,
495 1934 640 1990 bello
663 1941 926 2003 exceptus
952 1942 1059 1989 est.
1093 1931 1338 1995 Namque
1363 1931 1411 1963 “
1434 1930 1719 1989 Sontiates
1746 1948 1857 1988 ma.

255 2045 374 2099 gno
417 2028 667 2098 equitatu
704 2025 1163 2097 pedestribusque
1206 2026 1385 2096 copiis
1411 2024 1724 2096 prazvalidis
1750 2024 1864 2081 lto-

256 2138 454 2179 mauos
481 2121 679 2187 adorti,
718 2120 814 2175 diu
838 2122 1082 2190 graviter
1113 2120 1473 2175 turbaverunt
1497 2139 1513 2174 ;
1539 2118 1821 2190 post.victi
1840 2158 1856 2186 ,

253 2224 425 2285 atque
455 2215 507 2268 in
533 2213 798 2283 oppidum
822 2212 1131 2269 Sontiatum
1154 2214 1329 2267 coacti
1358 2214 1702 2284 obsessique,
1730 2229 1857 2270 cum

250 2321 316 2361 se
346 2306 643 2376 expugnari
675 2305 954 2368 viderent,
986 2307 1158 2359 armis
1185 2304 1405 2360 traditis
1435 2307 1487 2360 in
1514 2305 1851 2362 deditionem

250 2399 465 2467 recepti
512 2410 661 2455 sunt.
700 2398 985 2468 Aquitani,
1030 2397 1075 2428 ³⁷
1106 2397 1264 2453 clade
1309 2399 1570 2467 permoti,
1620 2399 1861 2468 undique

246 2493 552 2547 exercitum
575 2489 909 2545 contrahunt
933 2507 946 2544 :
970 2488 1018 2521 ⁸⁸
1032 2489 1103 2545 de
1128 2490 1391 2544 citeriore
1419 2504 1640 2559 quoque
1666 2489 1861 2560 Hispa-

246 2583 341 2637 nia
373 2582 575 2637 auxilia
600 2591 885 2637 arcessunt
913 2599 926 2635 :
954 2580 1123 2637 duces
1151 2581 1298 2637 bello
1326 2584 1565 2638 maxime
1597 2597 1692 2638 eos
1717 2599 1859 2653 prm-

245 2675 460 2736 licinnt,
492 2672 584 2743 qui
620 2672 665 2706 ³⁸
692 2688 819 2728 cum
850 2672 1102 2728 Sertorio
1134 2672 1525 2730 militaverant.
1566 2673 1633 2729 Hi
1665 2689 1859 2731 omnes

242 2766 381 2819 dum
445 2764 788 2820 obsidionem
853 2763 1057 2820 Crasso
1112 2775 1330 2834 parant,
1372 2765 1426 2820 in
1475 2766 1673 2822 castris
1718 2766 1855 2832 suis,

242 2859 454 2914 Crasso
483 2858 774 2920 obruente.
809 2857 977 2914 deleti
1015 2866 1163 2913 sunt.
1200 2857 1333 2913 Nam
1370 2874 1438 2913 ex
1477 2859 1769 2927 Aquitanis
1805 2868 1863 2915 et

245 2950 567 3016 Cantabris,
612 2966 844 3019 quorum
890 2949 1281 3020 quinquaginta
1334 2950 1500 3005 millia
1545 2951 1590 2982 ⁸ο
1634 2960 1763 3006 tunc
1804 2951 1857 3009 itt

246 3040 528 3095 auxilium
578 3050 877 3107 venerant,
906 3042 946 3072 ⁵³
986 3039 1208 3110 triginta
1236 3050 1289 3095 et
1334 3049 1458 3095 octo
1486 3041 1655 3095 millia
1712 3058 1852 3099 cmsa

1971 1953 2078 2010 que
2127 1938 2390 1993 actuariis
2434 1940 2715 2008 octoginta
2764 1939 3104 2009 preparatis,
3138 1940 3194 1995 in
3226 1940 3566 1999 Britanniam

1969 2032 1989 2062 "
2014 2030 2402 2086 transvehitur.
2438 2027 2540 2086 Ubi
2578 2030 2778 2085 acerba
2808 2029 3041 2100 primum
3069 2046 3244 2102 pugna
3282 2031 3563 2104 fatigatas,

1969 2122 2166 2201 deinde
2229 2121 2458 2179 adversa
2502 2130 2823 2192 tempestate
2883 2132 3189 2193 correptus,
3272 2124 3563 2193 plurimam

1968 2215 2160 2270 classis
2208 2224 2443 2284 partem,
2492 2222 2547 2269 et
2580 2229 2687 2269 non
2736 2229 2959 2283 parvum
2992 2230 3277 2271 numerum
3306 2218 3561 2285 militum,

1968 2309 2212 2377 equitum
2250 2322 2376 2361 vero
2408 2320 2549 2369 pene
2577 2320 2794 2360 omnem
2841 2304 3179 2375 disperdidit.
3211 2307 3232 2337 ⁸
3262 2306 3561 2377 Regressus

1970 2402 2024 2455 in
2054 2399 2307 2469 Calliam,
2346 2400 2586 2471 legiones
2618 2400 2670 2452 in
2713 2398 2938 2453 hiberna
2982 2394 3179 2454 dimisit
3200 2444 3214 2469 ,
3243 2416 3306 2455 ac
3336 2416 3565 2457 sexcen-

1970 2500 2051 2545 tas
2079 2503 2244 2546 naves
2267 2489 2551 2561 utriusque
2577 2487 2849 2544 commodi
2881 2489 2999 2542 lieri
3021 2489 3331 2559 imperavit.
3352 2490 3561 2560 Quibus

1967 2582 2162 2637 iterum
2195 2583 2249 2636 in
2280 2577 2612 2637 Britanniam
2637 2578 2812 2651 primo
2839 2594 2966 2636 vere
2986 2581 3007 2613 ’
3036 2587 3398 2651 transvectus,
3428 2583 3557 2638 dum

1966 2676 2084 2745 ipse
2114 2676 2167 2729 in
2192 2675 2404 2730 hostem
2429 2690 2554 2730 cum
2584 2674 2826 2730 exercitu
2861 2673 3056 2744 pergit,
3099 2672 3267 2744 398
3292 2689 3457 2729 naves
3503 2675 3558 2730 in

1967 2764 2185 2822 ancoris
2216 2774 2427 2820 stantes
2449 2772 2770 2835 tempestate
2796 2772 3064 2834 correpta
3090 2763 3175 2819 vel
3194 2764 3399 2821 collisa:
3419 2766 3562 2822 inter

1964 2875 2047 2924 se,
2092 2857 2181 2914 vel
2229 2859 2409 2913 arenis
2441 2857 2596 2914 illiste
2625 2872 2690 2912 ac
2719 2856 3003 2913 dissolutas
3053 2865 3202 2913 sunt.
3250 2856 3331 2912 Ex
3362 2857 3560 2927 quibus

1961 2948 2315 3019 quadraginta
2348 2948 2654 3017 perierunt,
2685 2955 2901 3002 caetera:
2936 2962 3062 3002 cum
3101 2962 3296 3019 magna
3327 2947 3562 3002 difﬁcul-

1962 3054 2073 3100 tate
2102 3048 2367 3113 reparataa
2397 3030 2544 3095 sunt.
2574 3039 2810 3094 CtBSBI'iB
2848 3040 3124 3109 equitatus
3149 3040 3192 3070 ¹⁰
3220 3039 3397 3109 primo
3420 3053 3556 3097 con-

1544 3244 1634 3297 llA
1647 3243 1990 3300 VERCAMPI
2034 3242 2259 3299 ΝΟΤιΕ.

319 3447 412 3503 '51.
461 3444 564 3499 Ila.
609 3444 826 3499 Abesta
849 3442 1016 3512 Lugd.
1047 3442 1166 3497 Bal.
1201 3455 1281 3505 nr.
1319 3450 1375 3494 et
1403 3448 1526 3496 tert.
1556 3455 1678 3495 cum
1708 3437 1844 3496 Coll.
1877 3442 1923 3505 C
1956 3438 2095 3497 idem
2129 3438 2196 3512 in,
2218 3438 2642 3512 Florentisecq
2675 3445 2735 3512 at
2760 3434 2983 3512 Floreat
3016 3442 3166 3506 terl.,
3198 3454 3321 3495 cum
3368 3442 3540 3512 tribus

242 3522 737 3656 Gr§§?§uapensis
760 3584 906 3639 velis.
952 3583 1026 3639 ita
1060 3596 1220 3647 mss.;
1266 3581 1513 3653 expansis
1540 3576 1677 3639 Edd.
1700 3597 1847 3647 quite-

245 3664 381 3718 dnm
406 3666 539 3713 vett.

318 3732 416 3787 '59.
456 3728 646 3792 Gallis,
680 3724 886 3797 reliqui.
928 3724 1099 3779 Codd.
1136 3724 1389 3797 Perizon.
1416 3733 1471 3779 et
1502 3722 1674 3789 Meus,
1700 3722 1848 3778 Galli

241 3801 440 3872 reliqui
462 3814 589 3863 sese,
620 3806 752 3863 etc.,
779 3796 877 3869 pro
900 3810 1006 3867 qua
1033 3796 1268 3851 lectione
1298 3802 1431 3848 vett.
1462 3807 1681 3864 quoque
1703 3803 1848 3849 stant

243 3875 384 3931 edd.

324 3944 419 3998 40.
463 3941 542 3997 0b
567 3940 836 4014 injuriant.
879 3938 1031 3992 Meus
1050 3946 1106 3992 et
1132 3934 1299 4007 Lugd.
1332 3936 1451 3989 Bal.
1480 3942 1689 4004 quart.,
1725 3950 1850 4006 pro-

245 4014 664 4090 pterjnjttriant.

325 4086 421 4139 4i.
445 4074 712 4139 'Consilia.
753 4080 873 4136 Non
903 4078 1250 4135 invenitnrin
1274 4074 1448 4148 Lugd.
1481 4074 1596 4129 Bat.
1635 4085 1762 4131 lert.
1794 4087 1852 4131 et

247 4166 457 4230 quarto
478 4168 599 4230 cum
630 4153 774 4230 Coll.
807 4150 1050 4230 Gronov.

328 4227 422 4281 η.
473 4224 664 4277 Notam
691 4225 938 4285 inut-cret.
983 4221 1083 4275 Ed.
1112 4222 1365 4290 August.,
1397 4227 1574 4290 notam
1601 4219 1851 4290 incuteret

246 4306 301 4385 et
322 4293 885 4421 εειησιὶἒίβήηοὶρὲόκε,
918 4292 1163 4362 reliquos,
1180 4284 1657 4359 e'tc.,quibusdam
1683 4288 1851 4345 omis-

250 4384 333 4421 sus
358 4384 411 4421 tn
440 4383 490 4420 in
567 4382 637 4421 to.

250 4372 333 4426 sis
358 4368 411 4423 in
440 4365 637 4421 medio.

330 4439 426 4494 45.
468 4435 661 4491 Iisdem
692 4435 892 4489 diebus.
932 4432 1106 4499 Meus,
1140 4431 1235 4485 His
1258 4431 1457 4485 diebus.

333 4511 426 4565 .izi.
469 4508 573 4561 Cur
608 4515 861 4560 auctores.
906 4504 1043 4559 Edd.
1072 4512 1234 4567 vett.,
1264 4502 1401 4572 quod
1446 4509 1707 4556 auctores.
1741 4500 1851 4558 Sed

250 4578 545 4639 Fabricius
564 4592 684 4633 eam
709 4574 985 4647 expressit
1008 4577 1312 4647 lectionem,
1339 4585 1506 4647 quant
1518 4572 1580 4647 in
1601 4573 1850 4647 omnibus

253 4649 474 4710 invenit
499 4662 629 4703 mss.
654 4643 908 4703 Uuanlmi
933 4644 1079 4700 enim
1112 4657 1379 4700 consensu
1412 4645 1464 4697 in
1497 4643 1560 4696 iis
1591 4659 1683 4697 cur
1708 4646 1849 4698 scri-

255 4726 437 4783 bitur,
470 4732 577 4772 uon
606 4719 764 4785 quod.
795 4718 1004 4771 Minore
1032 4717 1193 4785 igitur
1230 4717 1392 4769 unius
1432 4713 1693 4769 litterulae
1725 4727 1848 4783 per-

1953 3522 2019 3567 ex
2053 3507 2221 3581 Lugd.
2268 3510 2411 3577 Bat.,
2445 3508 2582 3566 Ulll‘.
2611 3518 2668 3565 ei.
2695 3504 2835 3581 go".
2870 3504 3160 3575 Gronov.,
3188 3510 3537 3570 centonarius

1953 3574 2209 3637 numcr'os
2236 3574 2516 3649 abjiciunt,
2553 3595 2620 3653 χιι.
2645 3574 3185 3653 ιῃὶιῃὺυείυοῃςθηῐίς
3228 3598 3352 3653 quae
3382 3592 3534 3643 certe

1951 3654 2124 3721 copizc
2152 3648 2436 3716 immensw,
2472 3661 2527 3722 u_t
2559 3650 2616 3722 lit
2645 3648 2715 3705 ab
2740 3649 2956 3722 Orosio,
2986 3650 3091 3705 dici
3130 3648 3262 3708 non‘
3284 3665 3527 3722 possunt.

1951 3718 2129 3786 Utide,
2159 3738 2281 3778 cum
2322 3722 2372 3776 in
2418 3718 2540 3775 cod.
2575 3719 2842 3791 Longol).
2870 3718 3417 3791 legatur,nmnérum
3460 3728 3534 3780 ad

1950 3792 2325 3864 quadringenta
2351 3788 2717 3862 quadraginta“
2732 3788 2937 3864 millia,
2967 3788 3086 3845 sine
3118 3790 3401 3861 inlerjecta
3439 3810 3534 3851 co-

1951 3860 2109 3933 pula,
2136 3860 2385 3933 suspicor
2413 3860 2769 3933 posteriorem
2801 3862 3175 3933 mitioremque
3205 3877 3491 3921 numerum
3522 3906 3538 3930 ,

1949 3931 2020 3989 ex
2042 3935 2190 4005 varia
2208 3931 2461 4005 lectique
2491 3931 2791 4005 adjectum,
2814 3940 2975 4001 atque
3006 3931 3247 4001 priorem
3272 3943 3327 3988 et
3347 3943 3537 3993 rotun-
3592 3954 3599 3957 ·

1950 4005 2078 4059 dum
2102 4002 2169 4057 ab
2198 4001 2393 4056 Orosio
2420 4005 2683 4069 scriptum
2714 4001 2900 4054 fuisse.

2024 4076 2114 4129 55.
2158 4071 2376 4127 Ferunt.
2400 4069 2643 4144 Florent.
2668 4085 2803 4144 sec_.,
2827 4072 3143 4142 referuntur,
3167 4086 3269 4144 pro
3288 4072 3542 4143 referunt,

1951 4145 2042 4200 vel
2069 4145 2273 4209 deleto.
2313 4141 2460 4213 quod
2510 4141 2816 4213 prmcessit,
2866 4141 3237 4213 numerurm—si
3282 4141 3355 4199 ea
3378 4141 3546 4202 lectio

1952 4215 2149 4287 placet.

2023 4288 2151 4341 Car.
2185 4282 2273 4339 IX.
2308 4311 2380 4322 —-
2409 4282 2460 4337 i.
2493 4279 2642 4336 Tunc
2665 4278 2860 4348 Caesar,
2893 4292 2999 4364 etc.
3042 4278 3174 4410 Qéiac
3219 4282 3325 4343 hoc
3372 4286 3550 4359 capite

2023 4358 2176 4410 tosius
2207 4352 2660 4410 comprehendit.
2713 4366 2774 4408 ea
2826 4366 3049 4410 comose
3121 4367 3261 4410 aesar
3284 4354 3382 4410 lib.
3415 4374 3467 4410 tv
3492 4372 3550 4410 et

1951 4358 2176 4413 Orosius
2207 4352 2622 4423 comprehendit
2645 4394 2660 4417 ,
2713 4366 2774 4423 ea
2826 4348 3049 4423 copiose
3068 4348 3261 4411 Caesar
3284 4354 3382 4413 lib.
3415 4348 3467 4415 tv
3492 4372 3551 4415 et

1952 4445 1984 4481 v
2029 4426 2239 4484 Comm.
2291 4421 2561 4497 erposnit.
2625 4423 2714 4497 De
2745 4421 2936 4479 iisdem
2986 4425 3083 4480 Dio
3112 4426 3208 4482 lib.
3242 4442 3442 4497 χχχιχ,
3493 4440 3550 4489 et

1951 4498 2278 4555 Plutarchus
2313 4495 2366 4548 iu
2403 4495 2641 4550 Cmsare.
2675 4492 2841 4549 Face.

2019 4566 2525 4642 2.1ransgreJitur.
2572 4561 3028 4642 ltahntssLLugd.
3065 4564 3185 4627 Bal.
3214 4576 3451 4642 quatuor
3498 4578 3556 4628 et

1955 4649 2065 4695 tres
2093 4634 2366 4703 Florent.;
2398 4635 2787 4713 transgrediens
2807 4634 2996 4707 Vuigg.
3026 4655 3040 4704 ;
3071 4641 3188 4696 sed.
3213 4634 3352 4713 Aug.
3384 4642 3554 4699 editio

1952 4725 2074 4766 cum
2103 4724 2233 4764 mss.
2270 4712 2562 4763 consentit.

251 4777 568 4850 mutatione
595 4777 833 4843 a'rlllll‘m’
851 4801 973 4842 esse
997 4777 1281 4856 legendum
1309 4800 1427 4838 cum
1451 4777 1844 4852 auctoresjetc.
1879 4816 1929 4877 θ
2025 4780 2078 4836 5.
2114 4779 2432 4862 Sigambros.
2465 4780 2520 4834 lu
2545 4777 2933 4860 manuscriptis
2975 4781 3173 4838 nostris
3206 4792 3313 4852 est,
3344 4782 3552 4857 Sigam-

337 4863 433 4905 .t.‘;-
480 4860 829 4905 Anultauiam-
862 4857 1131 4905 Florenti-
1163 4868 1293 4905 tres-
1324 4856 1703 4905 Aonitanicnm.
1960 4852 2097 4905 bras.
2158 4852 2253 4905 Dto
2298 4851 2664 4905 Συννάαϐρονς
2720 4858 2984 4903 nctntnat.
3039 4850 3206 4905 FABR.
3238 4852 3386 4905 -ιη
3419 4871 3550 4905 mss.

1994 4869 2017 4906 Υ

337 4863 436 4916 45.
478 4860 830 4928 Aquitaniam.
862 4857 1131 4912 Florenti.
1163 4868 1293 4921 tres,
1323 4856 1703 4925 Aquitanich.

334 4933 424 4988 46.
460 4927 738 4985 Sontium.
763 4929 894 4983 Cod.
922 4928 1190 4997 Longob..
1219 4928 1478 4989 Sotiates;
1500 4927 1694 4997 reliqui
1719 4940 1852 4982 mss.

254 5016 317 5062 et
348 5002 473 5058 edd.
499 5011 633 5068 γει..
659 5001 928 5064 Sociates;
956 5008 1011 5055 et
1040 5015 1163 5054 mox
1196 5000 1369 5070 ipsum
1394 4998 1655 5067 Oppidum
1680 4997 1857 5053 Socia-

255 5087 374 5131 tum
396 5080 609 5126 νοοηιη.

337 5144 433 5199 47.
473 5141 631 5196 Clade
672 5142 911 5211 permoti.
957 5140 1108 5195 Meus
1147 5138 1322 5193 codex
1367 5152 1494 5193 eum
1524 5136 1697 5209 Lugd.
1730 5137 1854 5194 Bal.

261 5213 623 5290 quarto,_lmo
649 5212 798 5290 clade
828 5214 1066 5290 permoti.

338 5286 432 5341 48.
474 5282 555 5337 De
576 5279 837 5338 citeriore.
875 5280 1117 5338 Florent.
1143 5295 1280 5345 sec.,
1312 5281 1377 5334 tle
1395 5279 1635 5334 interiore
1667 5279 1859 5351 Hispa-

260 5375 382 5415 ma.

340 5428 436 5483 49.
479 5426 609 5481 Cum
632 5423 888 5482 Sertorio.
915 5423 1089 5495 Lugd.
1109 5423 1227 5495 Bal.
1250 5429 1460 5493 quart.,
1487 5422 1580 5475 sub
1603 5421 1859 5478 Sertorio.

344 5499 436 5555 50.
474 5496 640 5552 Tunc.
674 5497 843 5551 Abest
868 5510 898 5549 a
930 5493 1104 5565 Lugd.
1139 5493 1261 5548 Bat.
1291 5508 1378 5562 pr.
1404 5502 1460 5548 et
1483 5499 1613 5548 tert.
1644 5504 1806 5565 atque
1830 5508 1859 5548 a

258 5570 411 5627 Coll.
452 5569 693 5624 Gronov.

344 5642 439 5698 5i.
481 5638 719 5709 Triginta
747 5647 793 5693 et
831 5647 944 5692 octo
985 5636 1173 5691 millia.
1216 5633 1387 5705 Lugd.
1426 5634 1550 5689 Bal.
1598 5650 1683 5704 pr.
1716 5634 1865 5691 mille

264 5719 455 5768 minus
482 5719 751 5765 numerat.

346 5783 439 5835 £52.
481 5781 562 5833 Ad
590 5794 794 5836 ccccxt.
812 5779 1005 5834 millia.
1048 5775 1182 5834 Edd.
1211 5785 1345 5834 vett.
1378 5776 1658 5847 plora-que
1679 5777 1865 5834 delent

260 5867 344 5910 δι.
384 5850 577 5916 millia,
620 5865 743 5923 qua!
786 5863 950 5920 supra
999 5863 1131 5907 cccc
1185 5848 1352 5907 millia
1380 5844 1733 5920 adjiciuntur.
1779 5847 1862 5903 Fit

2023 4869 2127 4924 08,7
2158 4852 2253 4924 Dio
2298 4851 2664 4924 Zuy'yo'tpgpou;
2720 4849 2984 4924 nominat.
3039 4850 3206 4910 FABB.
3238 4849 3309 4896 -λ
3331 4852 3386 4911 in
3407 4849 3550 4911 'mss.

1961 4923 2162 4980 nostris
2196 4920 2473 4992 plerisque
2496 4920 2578 4974 est
2606 4920 2947 4992 §ugantbros.

2031 4994 2085 5053 4.
2137 4986 2591 5064 Rescisso'ponte.
2623 4986 2796 5058 Lugd.
2832 4986 2944 5044 Rat.
3000 5008 3081 5063 pr.
3123 5002 3178 5050 et
3221 5002 3373 5064 tert.,
3426 5010 3552 5055 cum

1961 5065 2100 5121 Coll.
2125 5063 2395 5131 Gronov.,
2422 5063 2580 5131 scisso
2606 5072 2783 5131 ponte.

2033 5135 2087 5190 5.
2122 5126 2391 5188 Concedit.
2420 5126 2735 5203 Lugii.:Bat.
2764 5140 2987 5202 quartus
3018 5137 3302 5191 contendit.

2032 5207 2085 5261 6.
2119 5203 2186 5257 ιη
2214 5201 2563 5257 Britanniam.
2607 5201 2791 5273 Lugd.
2817 5203 2955 5256 Ball.
3000 5210 3110 5259 tres
3153 5216 3206 5262 et
3248 5206 3387 5261 Coll.
3419 5206 3556 5264 Gro-

1965 5292 2118 5341 nov.,
2148 5275 2217 5328 ad
2246 5272 2595 5327 Britanniam.
2890 5280 2897 5287 ’
3496 5306 3501 5312 .

2038 5347 2091 5399 7.
2123 5345 2521 5415 Transvehitur.
2554 5344 2726 5413 Lugd.
2768 5343 2884 5397 Bal.
2916 5360 2997 5412 pr.
3036 5354 3092 5399 et
3136 5353 3261 5404 tert.
3296 5359 3555 5425 transgre-

1963 5418 2127 5472 ditur.

2036 5489 2089 5543 8.
2118 5486 2424 5557 Begressus.
2466 5483 2640 5555 Lugd.
2672 5484 2795 5557 Bst.
2831 5494 3012 5556 quart.
3044 5502 3292 5542 reversus.

2035 5559 2090 5614 9.
2113 5554 2484 5611 Transvectus.
2515 5558 2592 5610 Ita
2621 5554 2864 5611 scribunt
2893 5572 3084 5612 omnes
3114 5573 3246 5613 mss.
3279 5561 3549 5621 Fiorentt.

1966 5641 2047 5707 et_
2075 5625 2247 5699 Lugd.
2300 5627 2465 5692 Batt.,
2522 5634 2656 5695 etc.,
2714 5641 2822 5681 non
2883 5631 3224 5698 transvectis,
3275 5641 3337 5686 ut
3391 5637 3555 5707 vulgo

1964 5701 2166 5758 editur.
2414 5750 2417 5755 .

2039 5774 2127 5828 10.
2162 5768 2345 5841 Primo
2366 5784 2665 5841 congressu.
2692 5766 2863 5839 Lugd.
2897 5770 3039 5824 Batt.
3068 5783 3160 5841 pr.
3188 5783 3243 5830 et
3274 5782 3399 5831 tert.
3424 5793 3556 5835 con-

1965 5845 2235 5900 sentiente
2252 5840 2391 5896 Coll.
2421 5839 2693 5909 Gron0v.,
2726 5842 2892 5907 prima
2918 5839 3300 5911 congressione.
