2014 3161
230 189 299 219 1015

932 186 1035 216 PAULI
1055 185 1168 216 OROSII

1807 188 1877 217 10M

230 256 325 284 gressu
341 256 356 276 a
371 247 510 276 Britannis
524 247 624 280 victus,
641 247 660 262 ”
684 247 775 282 Ibique
794 245 930 274 Labienus
944 246 1026 273 tribu-
1041 247 1066 278 Α
1081 250 1152 273 tatus
1171 250 1224 274 est.
1242 245 1363 282 Namque
1375 247 1386 262 ’
1400 246 1541 274 Ambiorix
1569 253 1630 275 cum
1656 247 1830 275 Eburonibus
1847 253 1875 276 et

230 302 282 322 nus
297 294 402 322 occisus
415 298 468 321 est.
483 293 610 321 Secundo
622 292 716 327 praelia
726 300 788 320 cum
802 299 901 328 magno
914 300 1026 320 suorum

230 340 388 368 discrimine
413 340 499 367 victos
514 339 660 367 Britannos
676 339 702 366 in
723 339 811 374 fugam
825 340 846 355 ¹¹
858 339 949 367 vertit.
962 338 1027 366 lndc

232 385 255 401 ¹³
279 385 313 413 ad
332 385 433 413 ﬂumen
458 384 615 412 Tbamesim
636 384 775 420 profectus
794 389 846 417 est,
869 392 950 419 quem
974 392 1027 411 uno

230 436 334 459 tantum
352 431 414 458 loco
430 430 508 458 vadis
531 430 752 458 transmeabilem
775 430 876 458 ierunt.
893 430 921 457 ln
947 430 1027 465 hujus

231 478 361 506 ulteriore
387 478 459 513 ripa,
473 478 494 493 “
509 476 713 505 Cassivellauno
725 480 805 510 duce,
820 477 952 504 immensa
968 477 1028 504 bos-

231 525 298 553 tium
325 524 470 552 multitudo
491 520 671 558 consederat,
695 525 837 559 ripamque
858 524 977 552 lluminis
995 531 1028 552 ac

229 581 300 609 pene
316 577 401 601 totum
413 573 464 601 sub
474 580 542 607 aqua
553 572 652 600 vadum
661 572 825 599 acutissimis
836 572 948 599 sudibus
960 579 1028 607 pra:-

232 625 379 648 slruxerat.
397 619 476 653 Quod
494 619 539 647 ubi
550 626 565 646 a
581 618 713 647 Romanis
727 618 927 653 deprehensum
944 626 975 646 ac
993 619 1029 646 vi-

195 678 200 682 ι
232 670 318 694 latum
331 669 383 699 est,
401 664 521 699 barbari,
537 664 674 699 legionum
686 664 815 699 impetum
828 671 881 691 non
897 663 1027 697 ferentes,

233 712 311 740 silvis
325 719 386 739 sese
400 710 541 744 abdidere,
557 710 630 738 unde
652 710 758 750 crebris
773 710 962 745 eruptionibus
976 709 1030 736 Ro-

231 764 328 785 manos
341 757 460 792 graviter
483 764 515 783 ac
529 764 602 791 saepe
616 756 785 784 lacerabant.
811 756 915 784 Interea
931 756 1029 784 Trino-

232 803 345 831 bantum
360 803 515 831 ﬁrmissima
528 802 623 830 civitas
638 810 700 830 eum
717 803 738 818 ”
760 802 933 837 Androgorio
947 802 1026 836 duce,

232 849 304 876 datis
319 848 498 883 quadraginta
514 847 668 881 obsidibus,
691 848 792 875 Caesari
808 855 868 875 sese
883 847 1027 876 “dedidit.

231 894 310 928 Quod
332 894 492 929 exemplum
516 898 616 922 secuta:
638 894 721 922 urbes
736 894 798 921 alia:
820 895 985 929 complures,
1002 895 1027 921 in

1079 293 1089 308 ³
1100 292 1239 321 Aduaticis
1253 293 1425 328 conspirans,
1440 293 1577 320 animatus
1592 293 1601 308 ‘
1617 293 1799 321 Trevirorum
1812 301 1875 321 con-

1078 339 1149 371 silio,
1166 339 1274 367 Cottam
1295 343 1323 367 et
1346 339 1478 367 Sabinum
1495 339 1599 375 legatos
1614 340 1625 355 '
1638 340 1710 374 apud
1734 340 1876 368 Eburones

1079 393 1140 412 cum
1157 390 1212 413 tota
1227 386 1237 401 ⁶
1248 385 1372 413 funditus
1384 386 1492 421 legione
1503 385 1610 414 insidiis
1620 386 1823 414 circumventos
1835 387 1876 415 in-

1080 431 1196 459 terfecit.
1212 431 1353 459 Ambiorix
1377 431 1427 460 hac
1442 431 1555 460 victoria
1571 432 1669 466 elatus,
1687 432 1837 461 Aduaticos
1848 437 1877 461 et

1079 478 1192 507 Nervios
1206 479 1392 514 plurimosque
1401 479 1470 507 alios
1481 479 1578 514 raptim
1594 479 1621 506 in
1634 487 1711 507 arma
1724 480 1874 514 contrahit,

1079 528 1159 557 atque
1174 525 1183 540 ⁷
1200 524 1234 552 ad
1250 524 1410 553 Ciceronem
1438 525 1573 560 legatum,
1598 525 1646 560 qui
1669 526 1796 554 similiter
1815 531 1876 554 tunc

1079 570 1177 605 legioni
1203 570 1229 597 in
1246 570 1367 598 hibernis
1390 575 1526 606 praeerat,
1548 571 1704 598 contendit.
1730 571 1876 599 Multitudo

1080 616 1199 643 hostium
1214 623 1247 643 ex
1260 616 1312 643 huc
1333 616 1424 652 colligi
1448 616 1553 652 potuit,
1570 616 1580 632 ⁵
1595 617 1657 652 quia
1673 617 1757 653 398
1776 625 1837 645 cum
1850 618 1876 645 in

1080 662 1223 690 obsidione
1237 666 1392 689 castrorum
1416 663 1519 690 vallum
1539 662 1770 690 circumdandum
1787 670 1847 691 esse
1861 671 1875 690 a

1080 709 1196 744 captivis
1205 709 1336 737 Romanis
1348 709 1525 744 docerentur,
1538 715 1565 738 et
1577 710 1760 738 instrumenta
1776 712 1874 739 ruralia

1081 763 1135 782 non
1152 755 1296 788 haberent,
1311 755 1410 791 gladiis
1424 756 1596 784 concidendo
1609 761 1722 789 terram,
1738 762 1766 785 et
1777 757 1877 793 sagulis

1080 801 1259 836 exportanda,
1275 801 1319 829 vix
1331 801 1416 829 tribus
1432 801 1506 829 horis
1520 803 1531 818 '
1544 802 1643 829 vallum
1656 802 1756 837 pedum
1771 802 1875 836 decem,

1080 853 1107 876 et
1122 848 1221 876 fossam
1244 848 1342 883 pedum
1366 848 1524 883 quindecim
1541 848 1562 864 '°
1579 855 1628 883 per
1642 849 1727 877 millia
1751 857 1875 885 pasmum

1080 894 1236 929 quindecim
1249 895 1275 921 in
1286 894 1403 921 circuitu
1415 894 1604 929 perfecerunt.
1617 894 1754 923 Praeterea
1769 901 1875 923 centum

230 940 321 967 fmdus
354 939 537 967 Romanorum
570 944 704 967 venerunt
718 949 724 966 τ
748 939 897 974 iisdemque
918 940 1030 968 demon-
1045 940 1068 970 B
1082 940 1177 975 viginti
1190 945 1281 967 turres
1297 940 1373 968 mine
1388 940 1538 967 altitudinis
1549 944 1760 968 exstruxerunt.
1773 941 1875 969 Etcum

232 985 397 1017 strantibus,
421 985 513 1013 Caesar
538 985 667 1021 oppidum
692 986 713 1000 "'
735 985 932 1013 Cassivellauni
958 986 1029 1014 inter

232 1031 301 1059 duas
316 1031 428 1066 paludes
444 1031 542 1065 situm,
557 1031 668 1059 obtentu
689 1031 801 1066 insuper
820 1031 950 1059 silvarum
971 1040 1029 1059 mu-

233 1078 331 1111 nitum,
347 1078 529 1114 omnibusque
552 1078 635 1106 rebus
659 1077 902 1112 cenl‘ertissimum,
919 1079 1027 1107 tandem

232 1125 309 1159 gravi
328 1131 416 1160 pugna
441 1125 523 1160 cepit.

497 1182 578 1218 397
599 1182 712 1210 CAPUT
731 1182 765 1209 χ.

233 1249 362 1286 Ctesargm
391 1250 515 1277 adversus
541 1258 634 1277 novam
657 1250 794 1278 Gallorum
814 1251 1030 1286 ronspirationem

324 1287 467 1321 profectum
481 1286 572 1321 fuisse,
594 1293 687 1321 eosque
702 1287 785 1313 denuo
800 1287 938 1323 subegisse.

270 1352 338 1380 Exin
360 1352 451 1380 Caesar
468 1353 476 1368 ¹
493 1360 508 1380 a
531 1352 670 1380 Britannis
691 1361 819 1381 reversus
842 1354 868 1381 in
895 1353 1030 1388 Galliam,

234 1404 378 1434 postquam
394 1399 515 1434 legiones
529 1400 556 1427 in
568 1399 681 1427 hiberna
705 1400 796 1432 misit,
810 1401 960 1435 repentinis
975 1401 1032 1428 bel-

232 1446 321 1475 lorum
337 1446 499 1474 tumultibus
515 1447 633 1482 undique
657 1447 859 1475 circumventus
873 1452 900 1475 et
917 1447 1030 1475 c0nﬂic-

1079 987 1135 1021 jam
1151 990 1255 1021 septem
1268 986 1327 1014 dies
1349 990 1498 1021 noctesque
1521 986 1642 1014 succidui
1667 987 1785 1014 hostium
1801 988 1875 1016 cunei

1084 1037 1250 1068 pugnarent,
1275 1033 1296 1048 “
1318 1039 1349 1060 ac
1374 1036 1471 1060 ventus
1498 1032 1590 1060 subito
1613 1032 1748 1067 plurimus
1768 1038 1875 1061 exortus

1083 1083 1172 1112 esset,
1197 1082 1281 1106 testas
1297 1078 1436 1106 ferventes
1452 1078 1588 1106 intorsere
1607 1078 1707 1113 fundis,
1723 1080 1744 1095 ι’
1760 1078 1875 1106 ﬂamma-

1084 1129 1164 1160 taque
1185 1124 1253 1152 focis
1269 1124 1339 1157 tela,
1361 1132 1393 1152 ac
1412 1132 1475 1152 mox
1496 1128 1632 1160 concepto
1646 1125 1707 1158 igne
1724 1126 1870 1158 rutilantia,

1084 1171 1106 1186 ”
1122 1171 1193 1198 intra
1208 1175 1296 1198 castra
1318 1171 1455 1206 iecerunt.
1474 1170 1535 1205 Quo
1564 1171 1636 1198 facto
1653 1172 1675 1187 “
1694 1179 1740 1207 per
1758 1172 1869 1199 culmina

1084 1217 1183 1251 raptim
1204 1220 1301 1244 ventus
1326 1216 1471 1249 insistens,
1498 1224 1623 1252 sparsum
1636 1218 1767 1245 animavit
1784 1218 1873 1245 incen-

1083 1263 1170 1290 dium.
1193 1263 1247 1290 Sed
1263 1263 1285 1278 “‘
1301 1270 1335 1290 ne
1349 1264 1389 1290 sic
1402 1263 1512 1298 quidem
1528 1263 1661 1296 Romani,
1685 1272 1746 1292 cum
1762 1265 1875 1300 nudique

1083 1309 1274 1344 obruerentur,
1286 1309 1454 1342 vulneribus,
1468 1309 1621 1342 laboribus,
1635 1310 1747 1344 vigiliis,
1757 1311 1872 1345 jejuniis.

1084 1355 1273 1390 incendiisque
1287 1360 1441 1383 cesserunt.
1465 1356 1587 1384 Tandem
1610 1355 1713 1384 Carsari
1730 1358 1875 1385 nuntiatum

1083 1405 1136 1433 est,
1152 1409 1232 1428 unam
1245 1401 1364 1429 deletam
1377 1409 1440 1429 esse
1457 1402 1601 1437 legionem,
1613 1403 1726 1431 alteram
1740 1404 1796 1439 jam
1811 1412 1877 1440 pene

1082 1447 1249 1475 conlectam.
1270 1447 1441 1476 Adventante
1468 1448 1489 1463 το
1512 1455 1573 1476 cum
1596 1448 1702 1477 duabus
1729 1449 1876 1486 legionibus

880 1494 923 1522 HA
931 1494 1105 1523 VERCAMPI
1126 1494 1241 1523 ΝΟΤΔΕ.

273 1539 317 1566 H.
339 1539 428 1574 Ibique
449 1539 588 1567 Labienus.
610 1540 740 1568 Labienus
756 1544 798 1568 est
822 1541 848 1567 in
870 1541 983 1568 vetustis
1003 1546 1030 1568 et

235 1574 346 1602 Roberti
362 1574 446 1602 libris.
458 1575 548 1603 Caesar
563 1575 612 1603 lib.
624 1584 650 1608 v,
667 1576 699 1609 ρ.
716 1576 854 1603 Laberium
867 1574 970 1603 Durum
983 1576 1031 1604 lla-
1045 1577 1068 1608 C

233 1609 288 1637 bet.
304 1609 391 1637 Fama.-

270 1645 315 1672 12.
334 1644 427 1681 Vertit.
446 1645 532 1678 Lugd.
550 1646 608 1673 Bat.
623 1654 677 1681 pr..
693 1647 828 1674 convertit.

273 1680 373 1717 15._Ad
385 1682 481 1715 flumen
493 1680 643 1717 TILaiitesin.
667 1681 704 1717 11L
717 1688 782 1709 mss.
800 1682 899 1717 legitur
917 1682 1029 1710 Tamen-

235 1716 295 1748 sim,
309 1715 495 1753 Tamniensim,
520 1716 656 1753 Tamesiet,
684 1716 808 1753 Tanesin.
829 1715 909 1745 Delet
930 1719 1027 1753 ﬂumen

236 1758 306 1787 unus
325 1750 433 1787 et_alter
452 1759 487 1787 ex
503 1759 581 1782 mss..
599 1751 690 1786 plures
705 1752 809 1786 aliquot
824 1750 957 1787 abjiciunt
978 1759 1025 1781 est.

273 1786 317 1822 id.
341 1785 534 1822 Cassivellauno
557 1785 631 1813 (ture.
648 1786 677 1814 In
700 1785 778 1820 mss},
805 1785 1028 1822 Cessat-ellauno;

236 1821 276 1858 sic
289 1821 408 1855 Longob.
432 1822 493 1849 cod.
516 1823 572 1858 Alii
588 1822 794 1858 Cassibellauno,
811 1822 1027 1858 Cassobellauno,

237 1856 453 1891 Cassopetlauno,
470 1863 497 1885 et
512 1857 630 1892 denique
644 1857 827 1885 Cassiuellano.
983 1875 985 1877 ι

272 1892 317 1919 i5.
334 1891 507 1930 Andragorio.
521 1893 548 1920 lu
563 1893 714 1930 Gualtberi_
725 1893 794 1920 libro
807 1899 860 1930 esti.
882 1893 1027 1930 Androgio.

236 1926 327 1954 Caesar
348 1926 563 1965 Mandubralium
577 1933 669 1965 vocat.
694 1927 777 1955 Fam.
792 1944 827 1965 ἡ
840 1929 914 1957 Flor.
935 1926 1027 1965 prim,

236 1967 300 1999 tert.
325 1967 353 1999 et
375 1968 429 1999 tres
452 1971 486 1990 ex
510 1963 596 1998 Lugd.
618 1963 703 1995 Batt.,
724 1971 784 1990 cum
801 1964 872 1992 Coll.
895 1963 1027 1999 tironum,

236 1998 380 2032 Androgio.
404 1998 478 2026 Flor.
496 2006 551 2026 sec.
568 2003 595 2027 et
614 2006 671 2026 sec.
688 1999 773 2035 Lugd.
791 1999 849 2027 Bat.
870 2008 931 2028 cum
949 2001 1027 2035 Ultr.,

235 2033 378 2059 Andraaio.

260 2041 378 2060 naramo.

274 2042 450 2105 {dflgl'goeilidih
466 2076 533 2098 mss.
544 2069 664 2105 quidam,
680 2070 762 2098 dedit.

273 2104 318 2130 17.
341 2104 538 2141 Cassiod/auiti.
552 2104 643 2141 ’Mssﬂ
664 2106 875 2141 Cassobellauno,
891 2106 1028 2135 Cassobel-

236 2138 326 2174 launo,
343 2139 549 2174 Cassibellauno,
566 2145 593 2167 et
607 2140 849 2168 Cassobellaunum.

273 2173 337 2210 Car.
352 2174 452 2202 X.-—1.
466 2173 635 2203 ABrilannis.
651 2176 701 2203 Ed.
715 2177 845 2210 August.,
856 2186 872 2204 α
882 2177 1028 2206 Britannia.

272 2209 299 2235 2.
322 2210 455 2237 Ambiorix
465 2220 525 2238 cum
537 2211 710 2239 Eburonibus.
726 2209 790 2239 Mss.
807 2212 897 2245 plures
907 2214 1031 2241 scribunt

235 2243 440 2283 Eburonalibus.
457 2246 615 2283 Memoriam
639 2247 730 2283 herois
755 2243 856 2282 hujus,
882 2250 1029 2283 patrimqne

235 2279 372 2307 libertatis
388 2282 595 2316 propugnatoris
617 2282 758 2316 acerrimi,
777 2277 1029 2311 s'ervaninumm'uli
1042 2277 1069 2308 Ῐ)

236 2316 358 2349 argentei
377 2316 501 2352 antiqui,
524 2317 557 2343 ab
578 2316 754 2352 Eberonibus
777 2318 845 2345 cusi.
864 2317 1000 2346 Exliibent
1014 2327 1028 2347 a

234 2354 314 2384 parte
335 2352 440 2386 priore,
455 2351 488 2379 ad
513 2352 696 2379 Roiiianorum
712 2353 887 2381 denariorum
904 2354 1030 2382 similitu-

235 2385 340 2418 dinem,
355 2387 587 2421 caputmuliebre,
603 2387 730 2424 Virtutis,
749 2394 776 2415 nt
790 2394 865 2422 puto,
882 2390 957 2424 galea
974 2390 1030 2417 ala-

237 2425 262 2460 _ta
286 2425 399 2460 tectum,
412 2423 611 2460 eqmjsgeripto
634 2423 743 2451 nomine
758 2423 865 2457 AMBl.,
881 2430 908 2451 et
922 2425 1030 2460 plenius

236 2456 263 2482 in
284 2456 602 2495 alterobMBlORlXIA
620 2463 697 2493 parte
716 2460 869 2495 posteriore
893 2456 1031 2495 equitatus

235 2492 325 2528 gentis
340 2492 505 2523 celebratur.
521 2498 584 2528 typo
597 2492 829 2528 equitisfcasside
841 2499 867 2522 et
879 2492 972 2523 lancea
988 2503 1032 2523 ar-

236 2527 302 2562 mati
315 2549 322 2560 ,
338 2532 420 2562 atque
433 2528 467 2555 ab
482 2527 656 2556 Eburonibus
670 2537 750 2557 cusos
771 2530 855 2557 fuisse
877 2532 1032 2558 nummulos

235 2560 472 2602 docent_as'cript:e
483 2564 583 2602 littera:
601 2565 774 2602 EBVRQnes.
788 2566 857 2593 Octo
874 2566 1032 2602 bujusmodi

236 2598 342 2625 nummi
357 2599 464 2627 unciam
482 2599 631 2628 Romanam
647 2600 779 2635 pendunt.

458 2783 497 2800 κν
550 2780 552 2782 ⁷
690 2766 754 2818 "3?.
786 2813 791 2821 ‘

702 2897 810 2923 ΙΣΒῊΘ

1298 1655 1305 1664 Χ
1423 1654 1443 1683 9

1397 1682 1443 1734 at?"
1528 1683 1625 1733 (eam

1119 1803 1146 1829 5.
1166 1801 1314 1831 Aduaticis.
1323 1802 1353 1830 In
1366 1803 1468 1831 nostris
1481 1803 1674 1838 manuscriptis
1685 1803 1744 1831 fere
1754 1802 1879 1831 omnibus

1083 1837 1127 1865 llic
1141 1841 1168 1864 et
1182 1845 1263 1872 supra
1274 1846 1334 1872 cap.
1348 1839 1364 1866 7
1377 1839 1492 1866 Atuatici
1507 1837 1693 1872 nominantur,
1711 1846 1784 1873 quos
1799 1838 1879 1873 vulgo

1083 1873 1225 1909 Aduaticos
1240 1878 1349 1901 vocant.
1367 1874 1415 1901 Dio
1438 1882 1545 1909 quoque
1560 1875 1623 1902 illos
1637 1875 1815 1905 Ἀτουατικοὺς
1831 1882 1878 1908 ap-

1084 1908 1176 1942 pellat.
1193 1908 1248 1936 llos
1259 1909 1351 1936 Caesar
1368 1909 1414 1937 lib.
1430 1918 1456 1943 ν,
1469 1911 1547 1937 Cotta
1560 1915 1588 1937 et
1600 1910 1702 1937 Sabino
1718 1909 1879 1939 interfectis,

1083 1950 1113 1980 se
1124 1951 1184 1971 cum
1198 1944 1360 1979 Ambiorige
1373 1945 1547 1980 conjunxisse
1560 1946 1607 1973 ait.
1626 1945 1709 1972 Faun.
1726 1960 1760 1965 -—
1776 1945 1879 1972 Atuaci-

1083 1979 1252 2041 ῗῧεὲυίέιὲξῖ
1275 1979 1366 2008 inveni
1391 1980 1417 2008 in
1439 1980 1572 2009 Florentt.
1599 1981 1706 2008 duobus
1720 1985 1748 2008 et
1762 1984 1878 2016 quatuor

1107 2019 1169 2049 ugd.
1186 2019 1256 2042 Bait.

1118 2051 1146 2077 4.
1169 2049 1343 2086 Trevirorum.
1357 2051 1480 2079 Floreat.
1497 2058 1537 2086 pr.
1554 2055 1582 2078 et
1602 2055 1679 2085 tert.,
1695 2051 1877 2079 Treverorum.

1119 2086 1146 2113 5.
1166 2085 1243 2120 Apud
1268 2086 1411 2114 Eburones.
1435 2086 1522 2122 Lugd.
1551 2087 1622 2114 Batl.
1643 2091 1781 2123 quatuor,
1807 2086 1878 2122 apud

1084 2119 1236 2148 Eburones.

1118 2156 1145 2193 ti.
1167 2155 1408 2193 Fundituslugd.
1426 2157 1485 2185 Dat.
1504 2163 1594 2193 quart.
1611 2158 1699 2185 simul.

1119 2192 1146 2220 7.
1167 2192 1208 2218 Ad
1219 2191 1377 2219 Ciceronem.
1392 2193 1425 2225 ρ.
1436 2191 1552 2220 Tullium
1565 2193 1714 2221 Ciceronem
1728 2193 1809 2220 Marci
1825 2193 1879 2219 fra-

1082 2231 1164 2260 trem,
1178 2227 1293 2254 Cmsaris
1306 2228 1436 2263 legatum,
1446 2228 1591 2257 Cessat-lib.
1606 2230 1692 2262 v,Dio
1702 2229 1801 2257 lib.xt..
1814 2228 1878 2255 Fas.

1118 2262 1146 2290 8.
1169 2263 1246 2294 Quia.
1263 2262 1310 2290 Ed.
1328 2262 1384 2298 pr.,
1400 2264 1480 2297 quod.

1117 2298 1143 2325 9.
1169 2298 1274 2335 Vallum
1298 2299 1390 2334 pedum
1404 2300 1504 2327 decem.
1530 2300 1632 2333 Caesar,
1661 2300 1723 2335 ped.
1745 2307 1772 2327 xx
1788 2299 1880 2326 habet.

1082 2334 1119 2360 Ex
1135 2341 1168 2360 eo
1182 2333 1253 2371 quod
1270 2335 1401 2371 sequitur,
1419 2343 1465 2370 per
1478 2336 1563 2371 millia
1577 2333 1705 2371 passuum
1719 2334 1879 2371 quindecim.

1081 2369 1255 2406 cognoscitur
1277 2369 1463 2406 quomodo'sit
1478 2369 1623 2405 legendum
1645 2370 1715 2406 apud
1726 2369 1877 2406 Caesarem.

1082 2404 1127 2431 ubi
1150 2404 1260 2439 quidam
1277 2404 1339 2432 libri
1354 2413 1387 2432 xv
1399 2426 1406 2437 ,
1422 2408 1514 2433 ceteri
1536 2414 1568 2439 κ,
1586 2404 1670 2433 millia
1693 2413 1816 2439 passuum
1830 2404 1880 2431 lia-

1083 2439 1158 2471 bent,
1175 2440 1201 2466 in
1215 2447 1267 2474 qna
1279 2440 1413 2468 varietate
1428 2440 1514 2468 lueret
1529 2441 1690 2469 Glareanus.
1709 2441 1790 2469 Furi.

1084 2510 1106 2537 Α
1118 2475 1162 2502 10.
1179 2474 1236 2536 lPer
1248 2474 1331 2502 millia
1354 2484 1478 2510 passuum
1491 2477 1648 2511 quindecim.
1667 2477 1774 2504 Absunt
1786 2476 1818 2502 ab
1831 2475 1878 2502 ed.

1109 2517 1175 2537 unus
1190 2530 1197 2537 .

1109 2515 1197 2538 URUSI.

1120 2518 1222 2582 Ὴιῗιᾏρ
1237 2551 1334 2573 ventus.
1351 2546 1437 2581 Lugd.
1454 2546 1514 2575 Bal.
1530 2552 1630 2582 quart.,
1647 2555 1707 2574 cum
1722 2552 1819 2574 ventus.

1120 2581 1165 2608 12.
1188 2580 1403 2617 Flammataque.
1421 2582 1506 2618 Lugd.
1522 2580 1583 2611 B'al.
1604 2587 1693 2619 quart.
1708 2603 1716 2616 ,
1732 2583 1879 2618 inflamma-

1084 2621 1170 2651 taque.

1085 2652 1165 2714 Baiis.
1179 2651 1270 2714 fma.
1284 2651 1404 2680 Florent.
1419 2660 1460 2688 pr.
1476 2658 1504 2681 et
1516 2658 1593 2687 tert.,
1610 2661 1672 2682 cum
1687 2654 1776 2681 tribus
1791 2652 1876 2687 Lugd.

1139 2708 1158 2714 ..
1175 2696 1201 2714 ιη
1214 2696 1227 2714 ν
1247 2707 1254 2714 .

1109 2692 1158 2721 at.,
1175 2688 1254 2714 intro.

1122 2723 1166 2759 Μ.
1188 2722 1241 2759 Per
1253 2723 1377 2759 eulmina.
1392 2722 1503 2754 Roberti
1518 2725 1587 2753 liber
1602 2724 1695 2758 habet,
1716 2732 1762 2759 per
1775 2723 1876 2750 culmen

1085 2758 1210 2784 culmina.
1221 2758 1260 2785 Tu
1270 2758 1328 2793 lege
1338 2757 1485 2787 Cassarem.
1501 2760 1583 2787 Faun.
1597 2775 1633 2781 ——
1648 2757 1733 2794 Lugd.
1751 2759 1808 2786 Bal.
1821 2763 1877 2794 tres

1085 2801 1130 2829 per
1142 2797 1233 2819 cuncta
1249 2794 1374 2827 culmina,
1392 2795 1530 2823 invenitur
1543 2800 1634 2823 cuncta
1650 2793 1758 2830 qudque
1768 2795 1794 2822 in
1808 2793 1876 2822 Ultr.

1085 2832 1113 2855 et
1127 2828 1196 2855 Coll.
1213 2828 1334 2856 Gronov.

1085 2836 1113 2855 ει
1127 2836 1196 2855 ιιοιι.
1213 2836 1334 2855 υτοηον.

1190 2864 1231 2901 Ne
1246 2865 1282 2890 sic
1291 2864 1406 2901 quidem.
1421 2864 1506 2901 Lugd.
1520 2866 1577 2893 Bat.
1595 2870 1684 2901 qnart.
1700 2870 1727 2894 et
1743 2865 1807 2893 edd.
1818 2864 1879 2900 qui-

1087 2899 1155 2935 dam,
1165 2899 1267 2935 malunt
1281 2907 1325 2926 nec
1338 2900 1375 2927 sic
1387 2899 1502 2935 quidem.
1523 2930 1526 2932 λ

1124 2934 1168 2962 16.
1189 2934 1253 2962 Cani
1267 2934 1368 2963 duabus
1381 2936 1533 2971 legionibus.
1551 2936 1689 2965 Plutarch.
1705 2936 1801 2965 scribit
1818 2935 1878 2962 Cze-
