4028 6302
165 407 302 463 1017

1217 409 1693 468 lllS'l'OlllARUM
1734 410 1935 468 LIBER
1975 411 2062 470 Vl.
2105 413 2261 471 CAP.
2303 413 2372 472 X.

3319 421 3458 480 1018

162 521 378 576 Caesare
403 561 419 587 ,
451 522 492 552 "’
522 519 780 576 deserunt
834 521 1023 578 hostes
1075 523 1418 579 obsidionem
1439 569 1454 592 ,
1487 535 1650 596 atque
1703 527 1755 581 in
1788 531 1835 590 Λ
1862 543 1968 597 que
2005 539 2131 583 ante
2169 538 2413 585 exactam
2456 529 2692 587 hiemem
2734 541 2847 588 tres
2875 533 2943 591 ad
2975 550 3098 592 eum
3131 535 3373 606 legiones
3404 537 3458 592 in

163 629 288 668 cum
304 613 513 679 cuncti,
541 615 709 682 raptis
721 613 918 683 copiis,
934 624 1118 670 ruunt.
1134 614 1319 670 Caesar
1341 619 1675 686 parvissimis
1695 632 1754 673 se

163 704 363 760 castris
393 704 434 737 ⁸⁸
456 705 708 759 consulto
736 703 1004 772 condidit,
1028 706 1409 777 equitibusque
1431 708 1752 777 prtemissis,

163 805 220 850 ut
251 793 432 867 fugam
461 794 729 865 ﬁngerent
751 795 1068 865 imperavit,
1101 808 1160 851 ut
1190 798 1256 852 ad
1287 800 1573 854 transitum
1595 800 1756 855 vallis

160 903 281 959 quae
305 887 484 943 media
507 879 651 953 erat,
673 887 886 959 sibique
905 890 1215 958 periculosa
1243 891 1550 958 videbatur,
1574 896 1756 948 hostes

161 989 481 1050 contemptu
500 981 588 1036 sui
607 980 883 1036 invitaret.
912 980 1119 1050 Quibus
1147 982 1568 1040 adventantibus
1606 985 1758 1040 insu-

162 1085 261 1142 per
296 1072 507 1128 obstrui
553 1081 736 1143 portas
769 1074 1054 1143 przecepit.
1093 1072 1214 1141 Quo
1248 1075 1368 1129 viso
1399 1075 1569 1141 Galli,
1602 1078 1755 1145 quasi

157 1164 268 1232 jam
289 1164 575 1232 vicissent,
603 1164 643 1196 ³³
665 1162 733 1218 ad
763 1163 1148 1219 abducendum
1171 1164 1529 1230 extrinsecus.
1555 1166 1755 1223 vallum

159 1258 326 1330 399
345 1258 588 1314 conversi
619 1267 761 1313 sunt.
791 1259 972 1313 Caesar
997 1256 1125 1314 totis
1149 1266 1371 1328 repente
1400 1259 1570 1328 portis
1598 1273 1757 1328 para-

157 1364 272 1409 tum
318 1352 506 1408 effudit
556 1353 872 1420 exercitum,
914 1366 1212 1421 versosque
1249 1353 1304 1407 in
1351 1351 1531 1423 fugam
1571 1352 1757 1408 Gallos

155 1445 460 1501 vastissima
506 1445 657 1500 caede
703 1443 958 1502 confecit.
997 1444 1042 1474 ’°
1080 1442 1214 1498 Nam
1260 1445 1539 1514 sexaginta
1584 1442 1754 1498 millia

158 1547 285 1593 tunc
323 1536 492 1593 fuisse
528 1536 867 1603 referuntur;
899 1555 931 1592 e
967 1536 1162 1607 quibus
1204 1537 1358 1606 pauci
1399 1551 1496 1606 per
1533 1535 1756 1607 paludes

156 1629 331 1685 invias
353 1639 663 1684 evaserunt.
697 1630 740 1660 ’ί
772 1628 1191 1692 Indutiomarus,
1220 1628 1571 1684 Trevirorum
1602 1629 1755 1700 prin-

155 1735 303 1790 ceps,
346 1735 566 1790 magnas
604 1728 937 1775 armatorum
978 1721 1162 1790 copias
1201 1720 1431 1789 habens,
1475 1729 1754 1791 postquam

155 1813 222 1869 de
241 1827 516 1868 consensu
535 1813 724 1869 Gallia:
745 1815 906 1869 totius
925 1814 1128 1868 certior
1147 1814 1391 1869 redditus
1409 1824 1512 1880 est,
1534 1812 1755 1868 Labieni

1857 633 2038 676 castra
2065 631 2349 678 venerunt.
2385 622 2548 693 Igitur
2572 624 2776 691 Cazsar,
2807 627 2952 697 prius
2991 644 3152 700 quam
3195 630 3247 684 in
3289 645 3456 685 unum

1859 715 2093 770 hostium
2121 717 2290 786 copiae
2311 716 2543 784 coirent,
2571 721 2795 776 ineunte
2821 737 2948 778 vere
2969 722 3186 794 aggredi
3215 723 3458 793 trepidos

1857 816 1912 863 et
1942 808 2251 878 Opprimere
2279 823 2498 878 Sparsos
2529 810 2582 866 iu
2613 814 2726 868 suis
2758 812 2956 868 ﬁnibus
2997 823 3172 884 parat.
3217 814 3456 870 Primum

1858 899 2037 972 itaque
2076 902 2396 958 Nerviorum
2440 902 2574 959 ﬁnes
2613 905 2841 974 diripit:
2883 907 3118 975 praedam
3149 923 3300 974 vero,
3334 923 3456 978 qua:

1857 994 2230 1062 copiosissima
2254 1005 2392 1060 erat,
2423 996 2688 1052 exercitui
2723 999 3010 1066 permittit.
3047 1000 3252 1056 Deinde
3277 1003 3458 1058 Mena-

1860 1087 1997 1156 pios,
2030 1085 2120 1155 qui
2149 1085 2251 1141 sibi
2282 1095 2504 1157 propter
2533 1087 2824 1143 immensas
2854 1089 3078 1158 paludes
3100 1099 3262 1162 atque
3288 1092 3458 1163 impe-

1858 1175 2156 1231 ditissimas
2195 1177 2358 1231 silvas
2400 1177 2748 1233 munitissimi
2790 1179 3133 1248 videbantur,
3167 1181 3338 1237 tribus
3367 1196 3460 1252 ag-

1861 1270 2097 1326 minibus
2129 1270 2338 1326 invadit
2373 1289 2386 1326 :
2426 1269 2594 1343 400
2631 1272 2906 1342 nimiaque
2943 1272 3093 1329 caede
3135 1274 3295 1344 vulgo
3342 1267 3466 1344 agi?

1859 1369 2003 1428 tata,
2043 1362 2293 1418 residuos
2331 1365 2602 1434 supplices
2651 1368 2704 1420 in
2755 1366 3086 1422 deditionem
3134 1367 3180 1399 ’⁸
3230 1368 3456 1439 recepit.

1860 1455 2128 1512 Labienus
2167 1458 2415 1528 sequenti
2457 1458 2642 1528 praelia
2669 1474 2862 1515 omnes
2890 1461 3237 1516 Trevirorum
3269 1462 3456 1530 capias

1858 1550 1903 1581 ’⁷
1931 1549 2217 1615 interfecit,
2246 1551 2292 1583 ³⁸
2312 1563 2428 1606 arte
2449 1549 2502 1606 in
2531 1551 2731 1607 bellum
2756 1562 3092 1622 provocatos,
3124 1554 3274 1624 prius
3295 1569 3456 1625 quam

1859 1639 2142 1697 Germanis
2200 1642 2616 1698 adventantibus
2667 1643 3062 1714 jungerentur,
3103 1653 3162 1700 et
3197 1646 3459 1700 continuo

1859 1733 2028 1803 ipsam
2050 1732 2324 1790 civitatem
2341 1735 2385 1767 ’ν
2405 1735 2570 1804 capit.
2598 1733 2784 1791 Caesar
2805 1736 2995 1791 ulcisci
3018 1745 3248 1792 mortem
3271 1736 3458 1793 Sabini

1859 1835 1913 1880 et
1937 1823 2106 1880 Cotta:
2128 1826 2427 1897 legatorum
2457 1829 2665 1891 volens.
2695 1828 2740 1858 ³⁰
2766 1828 3135 1900 Ambiorigem
3163 1839 3218 1886 et
3249 1829 3460 1886 Eburo-

153 1917 356 1974 castra,
388 1906 787 1978 legionemque,
826 1908 870 1938 ”
909 1907 995 1962 cui
1034 1908 1081 1962 is
1120 1917 1375 1977 praeerat,
1415 1907 1556 1976 quod
1596 1905 1750 1962 facile

1873 1932 1977 1984 tes,
2004 1918 2198 1974 deleta:
2227 1919 2458 1990 legionis
2480 1931 2757 1989 auctores,
2791 1921 2834 1954 ³¹
2869 1930 3154 1992 postquam
3185 1921 3238 1978 in
3281 1922 3459 1977 Ardu-

155 2000 299 2056 factu
330 2000 715 2067 arbitrabatur,
747 1999 930 2056 delere
956 2001 1182 2056 statuit:
1212 2014 1275 2054 ac
1302 1999 1499 2054 deinde
1541 1998 1748 2054 Eburo-

155 2092 323 2148 nibus
347 2091 662 2162 Nerviisque
689 2094 1036 2163 eonjunctus,
1075 2093 1142 2148 ad
1181 2092 1592 2164 opprimendum
1631 2091 1750 2146 Ca:-

155 2198 338 2253 sarem
386 2198 628 2253 pergere.
681 2183 978 2251 Labienus,
1029 2184 1226 2256 quibus
1275 2193 1452 2255 potest
1501 2184 1747 2250 artibus,

153 2275 374 2331 simulat
410 2276 682 2344 timorem,
723 2286 885 2348 atque
914 2277 960 2309 ²³
999 2277 1070 2333 ita
1109 2277 1533 2332 Indutiomarum
1575 2274 1747 2348 negli-

153 2371 450 2439 gentiorem
478 2385 602 2426 cum
633 2371 1021 2427 insultantibus
1058 2371 1228 2442 copiis
1268 2387 1366 2442 pro
1403 2372 1548 2427 vallo
1585 2373 1746 2428 ober-

154 2474 386 2530 rantem,
417 2464 464 2494 “
505 2466 788 2535 repentina
827 2467 1126 2537 irruptione
1166 2469 1478 2537 prostravit.
1522 2468 1631 2523 lIac
1668 2469 1750 2522 vi-

154 2559 324 2613 ctoria
376 2558 624 2625 Labieni,
673 2561 870 2631 reliqui
917 2562 1192 2617 Gallorum
1244 2573 1469 2618 conatus
1514 2565 1747 2632 repressi

154 2662 301 2721 sunt,
333 2664 387 2707 et
422 2651 604 2708 Caesar
643 2654 806 2723 paulo
843 2655 1078 2723 quietior
1118 2656 1321 2726 reliqua
1363 2665 1518 2725 parte
1557 2656 1749 2711 hiemis

154 2745 276 2801 fuit.
325 2747 372 2776 ’⁵
411 2745 520 2802 Sed
562 2747 872 2816 intelligens
909 2746 1012 2801 sibi
1052 2747 1255 2816 majora
1296 2748 1423 2802 belli
1461 2762 1748 2817 superesse

155 2839 397 2910 negotia,
414 2839 646 2894 maxime
666 2838 792 2909 quia
819 2839 1043 2908 plurima
1065 2849 1218 2908 parte
1234 2839 1506 2894 exercitus
1525 2841 1744 2908 amissa,

153 2931 386 3001 aliisque
414 2931 654 3002 graviter
682 2931 903 2999 sauciis,
933 2947 1002 2986 ne
1028 2932 1094 2987 ad
1124 2932 1500 3010 sustipendum
1530 2933 1758 3006 quidem,

151 3026 252 3080 sibi
285 3026 536 3094 idoneus,
563 3041 668 3081 non
696 3025 869 3081 dicam
897 3027 962 3082 ad
983 3028 1447 3097 comprimendum
1469 3029 1748 3085 Gallorum

154 3117 418 3188 impetum
445 3118 742 3185 videretur,
773 3134 804 3174 a
832 3117 932 3174 Cn.
966 3119 1222 3191 Pompeio
1253 3123 1578 3192 proconsule
1619 3139 1750 3180 con-

151 3212 321 3268 scribi
356 3212 618 3284 legiones,
650 3213 862 3284 sibique
890 3213 1033 3270 mitti
1061 3213 1115 3270 in
1146 3215 1406 3271 auxilium
1448 3217 1600 3288 petit.
1641 3217 1748 3272 Ita-

1849 2029 2044 2070 ennam
2072 2014 2264 2068 silvam
2291 2014 2335 2045 "
2368 2015 2635 2085 refugisse
2658 2017 2948 2086 comperit,
2981 2016 3028 2048 ⁸³
3058 2031 3180 2088 quae
3205 2015 3340 2071 silva
3375 2024 3458 2072 to-

1851 2109 1956 2162 tius
1986 2106 2173 2162 Gallia:
2200 2107 2436 2162 maxima
2465 2116 2573 2173 est,
2603 2118 2764 2178 atque
2791 2123 2818 2161 a
2856 2108 2989 2178 ripis
3019 2107 3194 2164 Rheni
3235 2108 3459 2164 ﬁnibus-

1848 2215 1954 2270 que
1993 2200 2341 2255 Trevirorum
2381 2200 2447 2255 ad
2480 2200 2716 2256 Nervios
2736 2215 2906 2272 usque
2935 2201 3214 2271 pertingit,
3243 2209 3298 2256 et
3323 2199 3370 2231 ³⁸
3401 2202 3454 2256 in

1850 2291 2182 2362 longitudine
2209 2292 2332 2364 plus
2361 2307 2521 2362 quam
2553 2293 2843 2363 quingenta
2872 2291 3038 2347 millia
3066 2306 3321 2362 passuum
3355 2305 3454 2362 pa-

1851 2395 1948 2453 tet,
1981 2387 2319 2456 permetiens
2346 2402 2463 2442 rem
2490 2386 2535 2417 ³⁵
2566 2387 2680 2441 suis
2710 2386 2932 2441 maximi
2965 2385 3190 2455 periculi
3233 2384 3369 2452 fore,
3411 2385 3458 2442 si

1850 2495 1948 2550 per
1989 2479 2033 2510 “
2072 2480 2379 2549 obstructas
2418 2480 2798 2550 spatiosasque
2837 2479 3002 2535 silvas
3039 2479 3206 2550 ignoti
3246 2479 3456 2538 divide-

1850 2554 2077 2636 rentur,
2120 2569 2164 2601 ³⁷
2206 2569 2524 2639 hostemque
2561 2570 2698 2624 locis
2739 2570 3082 2625 netissimum
3123 2579 3454 2640 quaererent,

1850 2677 2068 2718 omnem
2119 2661 2348 2717 Galliam
2404 2677 2501 2731 per
2552 2663 2769 2717 nuntios
2814 2661 2860 2694 ³⁸
2900 2662 3110 2740 invitat,
3160 2670 3218 2717 ut
3256 2660 3457 2731 quique

1850 2755 2148 2811 secundum
2198 2755 2455 2826 placitum
2506 2770 2661 2811 suum
2712 2755 3020 2810 reconditas
3064 2754 3118 2810 in
3160 2755 3456 2811 Arduenna

1851 2852 1988 2906 silva
2018 2850 2228 2921 praedas
2254 2859 2502 2921 qmcrant
2534 2849 2917 2921 diripiantque.
2951 2849 3069 2918 Quo
3111 2850 3251 2904 facto
3287 2847 3459 2905 Gallis

1853 2943 2125 3014 utrimque
2166 2943 2558 3005 morientibus,
2602 2942 2866 2998 maximas
2905 2943 3276 2998 Romanorum
3317 2942 3460 3011 inju-

1851 3035 1961 3090 rias
1989 3035 2104 3091 sine
2147 3037 2465 3106 cujusquam
2518 3036 2745 3091 Romani
2788 3034 3102 3090 discrimine
3141 3033 3457 3089 vindicavit.

1851 3127 1927 3182 Ita
1957 3126 2061 3182 hoc
2094 3127 2366 3184 tutissimo
2392 3128 2436 3161 ’9
2469 3127 2717 3185 vincendi
2756 3144 2959 3198 genere
2997 3142 3221 3186 securus
3261 3128 3316 3183 in
3355 3125 3462 3182 Ita-

1853 3219 1981 3275 liam
2011 3219 2195 3276 rediit.

1443 3473 1893 3533 HAVERCAMPI
1930 3474 2164 3534 NOTAE.

152 3694 336 3756 sarem
369 3687 479 3736 tum
515 3679 772 3739 habuisse
804 3683 1228 3756 ἑπτακισχιλίους
1271 3685 1394 3746 τοὺς
1422 3684 1748 3755 σύμπαντας.

1873 3685 2053 3756 aliane,
2078 3685 2313 3756 legatur.
2349 3686 2513 3742 Fann.

152 3752 328 3808 FABR.

222 3827 319 3878 17.
356 3823 636 3896 Deserunt.
663 3824 763 3881 Ed.
793 3841 902 3896 pr.,
927 3826 1285 3895 deseruerunt,
1311 3836 1366 3882 et
1386 3826 1527 3880 illam
1554 3835 1754 3882 secutae

150 3893 407 3955 Venetae.
441 3895 728 3951 deseruere.

218 3968 322 4091 2‘8.
364 3965 634 4023 Consulto.
686 3970 740 4023 in
771 3983 946 4039 marg.
1001 3967 1175 4040 Lugd.
1202 3967 1321 4022 Bat.
1365 3981 1509 4033 sec.,
1542 3968 1622 4022 vel
1665 3984 1754 4021 oc-

261 4054 317 4090 ο.

149 4048 317 4092 culto.

227 4108 319 4167 l9.
366 4109 448 4162 Ad
469 4109 828 4165 abducendum
853 4111 1170 4166 extrinsecus
1189 4111 1406 4165 vallum.
1429 4107 1510 4164 Cl.
1538 4108 1756 4164 Ouden-

151 4180 384 4252 dorpius
407 4179 742 4252 adFrontin.
769 4181 943 4252 p.597
969 4183 1096 4252 legit
1121 4183 1187 4236 ad
1213 4181 1594 4252 abducendum,
1627 4181 1754 4248 quia

152 4250 417 4306 videlicet
446 4251 519 4305 ibi
566 4252 666 4306 lib.
709 4250 782 4306 ut
809 4250 1042 4321 Strategi
1077 4269 1198 4318 cap.
1232 4255 1358 4312 Il'l.
1391 4254 1440 4305 in
1492 4251 1757 4306 Frontino

153 4321 391 4396 legitur.
443 4331 488 4375 et
517 4324 709 4377 vallum
737 4323 1007 4396 detrahere
1034 4335 1308 4396 coeperunt.
1341 4324 1446 4379 Sed
1482 4337 1604 4376 cum
1639 4337 1757 4396 om-

152 4395 306 4466 nium
340 4407 471 4466 ipss.
493 4395 942 4466 constanslectio
964 4392 1213 4449 obducere
1241 4396 1517 4466 praeferat,
1548 4409 1654 4466 non
1684 4392 1756 4448 de

150 4463 300 4535 vallo
340 4462 718 4535 Ilomanorum
763 4465 907 4535 loqui
946 4467 1198 4521 exisﬁmo
1241 4462 1518 4531 Orosium,
1564 4465 1657 4519 sed
1687 4466 1756 4519 de

150 4534 303 4589 vallo
325 4532 628 4606 Gallorum,
655 4551 764 4606 quo
793 4532 1070 4606 incingere
1099 4538 1330 4592 Caesaris
1360 4548 1535 4591 castra
1568 4537 1758 4590 volue-

153 4614 305 4659 runt.
340 4602 615 4661 Fecerunt
645 4602 864 4663 scilicet
911 4602 965 4661 iri
1001 4608 1281 4663 obsidione
1308 4616 1607 4663 castrorum
1641 4607 1756 4660 Ca:-

151 4677 292 4730 saris
323 4675 500 4748 idem,
547 4679 689 4748 quod
740 4677 986 4734 fecerant
1015 4679 1067 4733 in
1097 4679 1413 4733 obsidendis
1443 4678 1638 4733 castris
1668 4675 1759 4731 Ci-

150 4746 402 4810 ceronis,
423 4749 537 4810 ubi,
561 4746 741 4804 edocti
764 4765 792 4804 a
819 4749 1072 4816 captivis,
1098 4752 1148 4803 in
1173 4750 1440 4804 obsidione
1469 4758 1755 4802 castrorum

149 4816 592 4890 circumdandum
617 4836 749 4886 esse,
777 4820 974 4890 gladiis
1002 4820 1316 4875 effoderunt
1353 4831 1552 4875 terram
1582 4829 1635 4874 et
1664 4833 1754 4872 sa-

144 4888 294 4959 gulis
343 4897 727 4957 exportarunt.
758 4888 910 4958 Quod
955 4907 1075 4945 cum
1115 4892 1276 4960 paulo
1321 4901 1448 4947 ante
1491 4891 1594 4945 hoc
1638 4890 1756 4957 ipso

144 4961 342 5033 capite
358 4963 723 5033 praecesserit,
750 4961 1001 5017 similiter
1024 4963 1089 5017 de
1111 4962 1520 5033 oppugnatione
1549 4973 1757 5033 castro-

1930 3755 2022 3828 25.
2057 3754 2164 3810 Sed
2192 3757 2507 3828 intelligens.
2533 3757 2664 3825 Quae
2691 3756 2949 3826 deinceps
2970 3769 3145 3828 usque
3185 3754 3458 3828 adfinem

1859 3826 2054 3896 capitis
2095 3825 2422 3894 sequuntur,
2466 3842 2527 3881 ea
2577 3836 2702 3881 sunt
2750 3828 2892 3896 apud
2943 3825 3215 3880 Caesarem
3260 3825 3354 3880 lib.
3406 3841 3460 3881 vr

1858 3894 2040 3961 Com.,
2076 3907 2132 3950 et
2165 3898 2391 3952 Dionem
2423 3898 2516 3952 lib.
2547 3915 2635 3952 χι..
2669 3894 2833 3951 Facit.

1927 3967 2023 4022 26.
2057 3967 2290 4036 Recepit.
2317 3967 2489 4036 Lugd.
2520 3969 2662 4023 Batt.
2689 3976 2821 4030 tres,
2853 3966 3057 4034 recipit.

1929 4038 2021 4092 27.
2055 4034 2342 4107 Interfecit.
2373 4034 2545 4106 Lugd.
2577 4039 2694 4093 Bat.
2726 4046 2932 4107 quart.,
2971 4034 3236 4104 interﬁcit.

1928 4110 2020 4163 28.
2047 4109 2190 4179 Arte.
2221 4108 2396 4178 Lugd.
2429 4109 2565 4179 Batt.
2599 4125 2680 4179 pr.
2710 4119 2763 4161 et
2794 4116 2944 4179 tert.,
2977 4114 3116 4160 niue.

1929 4179 2021 4234 29.
2056 4178 2230 4247 Capit.
2258 4175 2385 4234 Illss.
2422 4175 2611 4242 iidem,
2635 4179 2789 4248 cepit.
2822 4177 2940 4232 Mox
2972 4185 3259 4249 protractus
3285 4175 3457 4248 Lugd.

1861 4250 1979 4306 Bat.
2013 4261 2217 4320 quart.,
2251 4265 2349 4317 pro
2372 4259 2705 4320 provocatus.

1931 4317 2416 4393 5_0.'Ambiorigem,
2441 4331 2555 4393 etc.
2574 4319 2766 4390 Vulgg.
2798 4321 3004 4393 legunt,
3036 4320 3091 4393 in
3117 4317 3462 4391 Ambiorigem

1859 4401 1904 4447 et
1939 4391 2224 4446 Eburones.
2250 4390 2356 4447 S'ed
2387 4394 2436 4446 iu
2466 4391 2631 4447 nullis
2675 4405 2809 4449 mss.
2855 4390 2986 4446 illud
3031 4391 3084 4443 in
3132 4390 3458 4459 comparet;

1860 4462 2164 4532 repudiavit
2198 4477 2416 4534 quoque
2444 4464 2532 4518 ed.
2559 4463 2789 4530 August.
2833 4477 2950 4533 qua:
2993 4460 3228 4534 fideliter
3266 4476 3330 4514 ex
3357 4477 3461 4516 ms.

1860 4535 2068 4604 optimo
2095 4531 2353 4603 expressa
2387 4543 2490 4599 est,
2523 4550 2694 4602 quare
2722 4531 2971 4589 exsulare
2996 4531 3152 4602 jussi.

1931 4606 2020 4660 5I.
2055 4602 2360 4674 Postquam.
2396 4605 2512 4660 Non
2544 4606 2816 4660 invenitur
2862 4607 2916 4660 in
2959 4604 3130 4675 Lugd.
3174 4602 3313 4658 Batt.
3348 4617 3457 4672 pr.,

1861 4686 1985 4732 tert.
2021 4684 2074 4730 et
2095 4675 2236 4731 Coll.
2269 4675 2439 4731 Gron.

1930 4747 2021 4803 52.
2052 4745 2344 4820 Refugisse.
2377 4747 2549 4819 Lugd.
2580 4748 2696 4804 Bat.
2722 4756 2926 4820 quart.,
2955 4746 3328 4818 transfugisse;
3359 4744 3459 4800 Ed.

1859 4817 2090 4888 August.
2104 4862 2118 4883 ,
2151 4818 2362 4888 fugisse.

1933 4886 2022 4944 E35.
2059 4886 2188 4954 Quae
2213 4886 2367 4942 silva.
2402 4889 2677 4945 Posterior
2701 4903 2827 4948 vox.
2860 4900 2916 4943 ut
2943 4889 3174 4952 inutilis.
3216 4904 3245 4943 a
3287 4886 3459 4956 Lugd.

1861 4959 2004 5014 Ball.
2037 4974 2120 5031 pr.
2153 4969 2207 5031 et
2237 4961 2398 5014 tertio
2429 4970 2590 5031 atque
2619 4960 2762 5015 Coll.
2791 4960 2990 5028 Gron.,
3020 4961 3194 5015 abest.

147 5028 554 5123 rumICaesaris.
569 5034 684 5101 capi
715 5033 905 5123 debet}
941 5042 1108 5123 atque
1149 5027 1231 5088 sic
1262 5027 1447 5123 Gallgs
1485 5033 1552 5085 ad
1575 5031 1752 5113 obdu-
1783 5061 1838 5123 Β
1932 5029 2128 5123 ἐἶξιη
2158 5027 2626 5101 ιοηςίιιιάὶηε.”8ἰθ
2655 5044 2822 5094 mss.;
2855 5033 2909 5086 in
2932 5027 3303 5102 longitudinem
3332 5027 3456 5084 edd.

143 5100 392 5174 cendum
419 5100 759 5174 extrinsecus
791 5105 990 5158 vallum
1018 5100 1151 5174 (quo
1181 5112 1361 5159 castra
1391 5102 1624 5157 Cmsaris
1663 5102 1751 5155 in-

142 5171 464 5245 cluderent,
500 5172 713 5243 ipsique
739 5176 947 5231 abitum
983 5171 1412 5245 prtecluderent)
1433 5185 1752 5239 conversos,

144 5243 332 5298 subita
363 5245 653 5312 eruptione
678 5246 807 5300 vicit
833 5258 887 5300 et
918 5246 1122 5302 delevit
1147 5245 1352 5300 Caesar.

213 5313 310 5388 2Q.
348 5311 491 5388 NAam
515 5317 785 5388 sexaginta
811 5316 996 5372 millia.
1034 5317 1186 5372 Hunc
1218 5329 1505 5373 numerum
1535 5328 1754 5388 cetum,

141 5387 236 5454 qui
268 5386 338 5453 ρ.
370 5384 658 5441 Ciceronis
676 5395 855 5443 castra
886 5389 1240 5450 obsederunt,
1275 5389 1387 5444 edit
1417 5389 1578 5441 etiam
1612 5385 1752 5439 Plut.

142 5456 198 5512 in
220 5456 466 5528 Caesare.
494 5455 660 5513 πλη.
683 5489 754 5499 -
774 5459 944 5528 Lugd.
973 5459 1088 5513 Bat.
1115 5474 1198 5528 pr.
1221 5467 1276 5513 et
1297 5467 1449 5528 tert.,
1475 5471 1541 5509 ιι,
1565 5455 1753 5508 millia.

352 5523 766 5606 ‘I‘nrlutiomarus.
795 5523 1215 5606 Ἰνῆουςιόμαρος,
1245 5530 1376 5606 Dio._
1401 5527 1568 5606 Faue.

212 5597 312 5673 22.
346 5595 446 5673 Qui
467 5597 512 5651 is
556 5609 796 5673 prmerat.
847 5595 1077 5658 Mediam
1104 5595 1312 5673 'vocem
1357 5600 1402 5654 is
1431 5599 1617 5673 delent
1645 5605 1754 5652 tres

140 5666 322 5732 Lugd.
362 5666 504 5722 Batt.
532 5666 652 5724 cum
681 5671 821 5727 Ultr.
850 5684 904 5728 et
929 5673 1067 5728 Coll.
1103 5672 1342 5727 Gronov.

346 5735 456 5816 I_ta.
491 5740 662 5816 Abest
689 5742 759 5798 ab
784 5745 916 5799 edit.
946 5746 1174 5816 August.

212 5809 313 5864 24.
353 5809 641 5885 Repentina
657 5816 928 5885 eruptione
952 5809 1252 5884 prostravit.
1279 5811 1586 5885 Erupttone,
1609 5817 1757 5885 recte

137 5894 372 5954 quoque
406 5882 543 5936 Itob.
594 5896 717 5939 cum
752 5882 1033 5956 ’vulgo'in
1085 5887 1365 5958 impressis
1391 5882 1569 5953 male,
1617 5883 1760 5936 irru-

1900 5101 2130 5156 umdam.

1900 5119 2130 5156 umnam.

1860 5119 1894 5173 q
1931 5174 2022 5228 55.
2060 5170 2184 5244 Suis
2215 5173 2429 5227 maximi
2459 5172 2700 5244 periculi.
2733 5171 2896 5234 Editi,
2929 5173 3014 5227 sui
3044 5172 3286 5232 maxime,
3313 5169 3460 5244 quod

1859 5244 2083 5300 nollem.
2135 5241 2308 5298 Lsu'r.
2349 5274 2422 5286 —
2460 5241 2791 5298 'Emendatio
2823 5244 2940 5299 haec
2993 5257 3126 5299 mss.
3185 5241 3456 5306 omnibus,

1862 5322 2011 5371 certe
2039 5313 2288 5386 plurimis
2317 5315 2668 5386 approbatur.

1935 5385 2024 5440 56.
2042 5381 2399 5457 'Obstrnclas'.
2420 5386 2589 5457 Lugd.
2623 5385 2740 5440 Bat.
2769 5393 2975 5456 quart.,
3004 5384 3289 5450 abstrusas,
3316 5381 3465 5454 quod

1861 5467 1916 5513 et
1938 5459 1990 5512 in
2021 5456 2110 5528 ed.
2137 5458 2276 5528 Aug.
2310 5459 2510 5514 inveni.

1932 5531 2020 5586 '57.
2047 5524 2361 5598 Hostetitque
2383 5530 2511 5583 locis
2535 5528 2876 5598 notissimum.
2902 5525 2959 5582 In
2981 5525 3204 5582 Roberti
3229 5524 3324 5580 lib.
3351 5533 3458 5590 est,

1860 5598 2157 5669 hostemque
2179 5597 2286 5654 loci
2301 5601 2689 5669 gnarissimum.
2721 5597 2886 5653 Faun.

1930 5614 2072 5653 stem:
2094 5615 2157 5652 ue
2179 5614 2277 5654 loci
2302 5615 2689 5667 qnartssnnum.
2721 5614 2750 5653 ι*
2767 5614 2886 5652 tum.

1930 5670 2020 5725 58.
2056 5614 2272 5723 invitat.
2301 5659 2471 5739 Lugd.
2503 5671 2624 5725 Bat.
2646 5677 2852 5737 quart.,
2879 5668 3129 5731 invitavit,
3155 5666 3230 5720 uti
3252 5666 3460 5737 quique.

1933 5741 2022 5798 59.
2046 5739 2310 5812 iVincendi
2338 5758 2539 5812 genere.
2572 5739 2742 5810 Lugd.
2779 5739 2919 5795 Batt.
2953 5755 3037 5810 pr.
3081 5748 3132 5796 ct
3157 5745 3310 5807 tert.,
3339 5751 3462 5792 cum

1862 5812 1998 5868 Coll.
2027 5811 2292 5880 Gronov.,
2323 5811 2620 5868 oindicandi
2650 5826 2850 5882 genere.
