4028 6320
489 392 631 454 1025

1880 385 2086 445 PAULI
2123 385 2351 445 OROSII

3649 383 3786 443 £02!

487 514 646 578 perto
671 504 902 562 Romani
932 501 998 559 ad
1031 482 1351 559 insidiarum
1378 502 1557 560 locum
1580 501 1830 560 instructi
1861 504 2083 562 ordina-
2112 502 2161 561 Α
2189 510 2364 572 parte,
2393 509 2449 556 et
2487 498 2720 557 Caninio
2751 500 2794 532 ⁸²
2827 513 2895 555 ex
2923 500 3092 555 altera
3132 497 3443 566 insistente,
3478 499 3710 555 maximo
3732 509 3795 557 et

493 598 642 666 tique
665 597 965 664 venissent,
987 595 1281 651 commisso
1303 595 1518 666 praelia,
1545 595 1780 652 Ronlani
1799 595 1985 653 Gallos
2012 597 2092 654 fu-

487 692 700 762 gientes
724 689 934 745 eisdem
965 688 1214 744 locorum
1247 687 1664 757 munitionibus,
1695 688 1892 760 quibus
1917 689 2086 746 clausi

488 787 736 849 fuerant,
782 780 1152 848 incluserunt,
1193 790 1530 852 cunctosque
1561 780 1630 836 ad
1655 782 2087 840 internecionem

489 875 836 932 ceciderunt.
911 874 990 931 lbi
1054 873 1292 931 Correus
1361 874 1546 947 fugam
1607 876 1692 931 vel
1755 875 2090 934 deditionem

487 969 835 1036 detrectans,
868 967 915 1000 ”
946 968 1222 1023 Romanos
1243 1007 1260 1034 ,
1293 977 1351 1022 ut
1378 968 1533 1024 vivus
1559 977 1850 1040 caperetur
1876 968 2088 1024 instan-

489 1073 597 1131 tes,
645 1061 974 1129 occidendo,
1019 1070 1080 1116 ut
1129 1061 1496 1126 occideretur,
1545 1061 1740 1131 coegit.
1769 1060 1938 1132 Igitur
1965 1076 2089 1117 cum

487 1163 735 1226 pacatam
759 1168 882 1209 esse
911 1154 1223 1209 universam
1251 1152 1484 1209 Galliam
1506 1150 1712 1218 Caesar,
1728 1150 1895 1224 ωε
1915 1168 2091 1224 neque

492 1263 750 1304 ausuram
786 1247 906 1304 fore
931 1248 979 1279 ’⁸
1012 1246 1078 1302 ad
1121 1247 1336 1318 aliquos
1368 1247 1611 1317 aspirare
1643 1255 1823 1300 motus
1852 1246 2091 1301 arbitra-

490 1350 668 1409 retur,
693 1339 938 1411 legianes
966 1341 1021 1396 in
1050 1340 1291 1411 hyberna
1323 1339 1369 1370 ³⁸
1399 1337 1608 1393 dimisit
1642 1355 1656 1392 :
1691 1339 1734 1370 ³⁷
1769 1338 1882 1409 ipse
1907 1349 2091 1394 autem

493 1435 829 1506 Ambiorigis
857 1435 1014 1500 lines,
1038 1434 1132 1506 qui
1159 1442 1243 1489 tot
1263 1433 1402 1490 bella
1429 1433 1788 1501 excitaverat,
1819 1432 2092 1490 horrenda

493 1530 774 1585 hominum
820 1539 1002 1599 strage
1047 1529 1301 1584 vastavit.
1345 1529 1417 1582 At
1455 1542 1592 1582 vero
1629 1528 1675 1560 ³⁸
1720 1524 1783 1582 C.
1829 1525 2093 1584 Caninius

493 1623 539 1656 ’ν
573 1625 784 1692 legatus
812 1620 1015 1677 bellum
1043 1620 1187 1692 apud
1215 1620 1467 1677 Pictonas
1497 1620 1743 1676 invenit:
1775 1620 1868 1677 ubi
1898 1636 2092 1692 magna

494 1716 738 1772 hostium
783 1715 1073 1771 multitudo
1110 1700 1428 1786 impeditam
1458 1717 1655 1772 itinere
1684 1716 1958 1787 legionem
1985 1717 2094 1772 cir-

496 1809 813 1876 cumdedit,
855 1819 1018 1879 atque
1059 1808 1128 1864 ad
1169 1817 1479 1866 extremum
1511 1809 1806 1866 discrimen
1844 1809 2087 1865 adduxit.

2194 598 2451 654 diuturno
2495 596 2638 652 bello
2683 596 2985 650 innumera:
3028 594 3304 650 Gallorum
3338 594 3385 625 ³³
3426 594 3602 663 copim
3627 594 3797 650 truci-

2192 692 2334 747 data:
2361 700 2509 747 sunt.
2537 689 2670 746 lude
2697 688 2902 744 Fabius
2933 687 2978 719 "
2999 690 3055 743 in
3084 688 3349 744 Carnutes
3377 687 3657 760 profectus
3679 698 3790 744 est.

2191 784 2415 842 Sciebat
2441 785 2587 842 enim
2623 784 2670 814 ³⁸
2700 783 3059 849 Duninacum,
3083 781 3277 838 ducem
3310 781 3751 853 antiquissimum
3772 821 3791 850 ,

2194 879 2512 935 rebellionis
2545 878 2710 934 totius
2749 876 3116 941 incentorem,
3144 875 3213 930 ab
3245 875 3351 931 hoc
3388 875 3536 932 bello
3566 874 3612 906 ³⁸
3639 875 3793 946 elap-

2193 985 2336 1040 sum,
2366 971 2415 1027 si
2446 970 2744 1026 Armoricis
2788 969 3043 1041 gentibus
3071 967 3358 1038 adjunctus
3392 976 3574 1037 esset,
3621 968 3795 1024 maxi-

2194 1082 2313 1124 mos
2379 1067 2575 1122 iterum
2643 1067 2694 1122 in
2751 1066 2925 1121 Gallia
2966 1064 3236 1119 tumultus
3275 1078 3401 1120 esse
3464 1073 3792 1121 moturum:

2196 1159 2240 1191 ³⁷
2317 1158 2413 1214 sed
2490 1173 2585 1214 eas
2650 1158 2828 1212 adhuc
2909 1158 3025 1228 ipsa
3088 1155 3331 1212 novitate
3408 1156 3792 1228 trepidantes,

2197 1254 2334 1308 mira
2402 1255 2607 1308 virtute
2669 1262 2725 1307 et
2788 1251 3074 1306 celeritate
3139 1249 3469 1320 perdomuit.
3531 1248 3690 1321 ων
3749 1250 3797 1281 ³⁸

2195 1345 2403 1404 interea
2455 1348 2679 1418 Draptes
2719 1361 2934 1418 unaque
2973 1346 3017 1380 ³³
3057 1344 3374 1412 Lucterius,
3440 1359 3564 1399 cum
3599 1345 3796 1402 adesse

2193 1442 2482 1497 Caninium
2533 1451 2590 1497 et
2639 1441 2884 1510 legiones
2951 1439 3004 1493 in
3071 1439 3268 1494 ﬁnibus
3328 1437 3444 1492 suis
3492 1437 3794 1504 viderent,

2196 1533 2435 1604 undique
2479 1533 2730 1590 collectis
2775 1533 2970 1603 capiis,
3019 1531 3280 1602 oppidum
3308 1530 3354 1561 ⁸⁸
3387 1529 3796 1586 Uxellodunum

2196 1636 2486 1697 occupant.
2523 1627 2636 1683 Hoc
2666 1625 2926 1696 oppidum
2958 1625 3011 1679 in
3039 1623 3340 1679 editissima
3371 1623 3575 1678 montis
3603 1637 3730 1678 arce
3752 1623 3792 1654 “

2197 1719 2504 1791 pendebat,
2536 1719 2580 1750 ⁴²
2610 1718 2932 1788 duabusque
2963 1715 3208 1787 partibus
3241 1730 3338 1784 per
3367 1715 3597 1785 abrupta
3625 1715 3796 1770 latera

2198 1830 2306 1870 non
2333 1829 2502 1885 parvo
2524 1813 2751 1869 ﬂumine
2782 1812 3100 1881 cingebatur
3125 1828 3139 1864 :
3183 1809 3229 1840 ⁸³
3261 1807 3444 1864 medio
3469 1807 3673 1863 deinde
3703 1807 3797 1862 de-

496 1902 670 1959 Porro
708 1912 891 1959 autem
919 1902 1122 1959 Fabius
1152 1903 1387 1974 legatus,
1417 1905 1655 1974 acceptis
1692 1903 1905 1960 Caninii
1949 1905 2094 1960 litte-
2123 1909 2169 1970 Β
2197 1923 2396 1965 scensu
2418 1907 2730 1979 largissimo
2753 1904 2900 1960 fonte
2920 1917 3196 1970 securum,
3221 1901 3573 1972 plurimaque
3597 1899 3796 1955 intror-

495 1995 605 2061 ris,
638 1996 697 2050 in
732 1995 985 2051 Pictonas
1022 1995 1415 2066 proficiscitur,
1463 1997 1648 2066 ibique
1695 2010 1724 2050 a
1766 1995 1993 2067 captivis
2023 1995 2107 2052 de.

496 2089 913 2159 opportunitate
954 2088 1198 2146 locorum
1241 2092 1446 2146 certior
1485 2091 1693 2158 factus,
1743 2091 2094 2162 inopinantes

499 2180 689 2236 hostes
710 2181 1002 2252 opprimit,
1033 2183 1352 2253 magnisque
1375 2182 1418 2214 ³⁰
1452 2183 1728 2253 stragibus
1758 2182 1938 2249 factis,
1971 2184 2094 2253 plu-

500 2273 668 2329 rimas
691 2273 903 2342 praedas
935 2273 1066 2344 agit.
1101 2273 1310 2330 Deinde
1339 2288 1462 2330 cum
1493 2275 1726 2331 Caninio
1755 2276 1970 2347 signum
2001 2275 2097 2330 ad-

501 2373 698 2419 ventus
740 2367 822 2419 sui
861 2364 1146 2432 dedisset,
1187 2363 1448 2420 Caninius
1497 2366 1627 2422 totis
1673 2367 1868 2424 castris
1915 2367 2099 2424 subito

500 2454 544 2487 ³¹
577 2455 814 2514 exsilivit
850 2471 1085 2530 seseque
1115 2457 1308 2530 injecit
1351 2458 1516 2516 hosti.
1562 2458 1640 2515 Ita
1678 2458 1848 2516 Fabio
1886 2474 1955 2515 ex
1991 2460 2098 2516 alia

2196 2017 2317 2056 sum
2346 2000 2504 2071 copia
2537 1998 2796 2054 frumenti
2830 2005 3001 2052 tutum
3025 2040 3040 2064 ,
3085 1994 3271 2050 irritos
3298 1992 3488 2063 procul
3517 1991 3794 2047 discursus

2199 2095 2434 2151 hostium
2466 2091 2804 2162 despiciebat
2831 2108 2843 2145 :
2885 2089 3180 2154 Caninius,
3223 2086 3368 2154 quod
3401 2085 3447 2116 “
3473 2085 3652 2140 solum
3687 2083 3795 2139 Ro—

2201 2202 2358 2242 mana
2393 2184 2702 2256 provisione
2733 2182 2928 2252 potuit,
2961 2179 3155 2235 ambos
3178 2177 3349 2233 duces
3371 2191 3494 2233 cum
3522 2185 3676 2245 parte
3703 2190 3797 2230 co-

2198 2280 2414 2352 piarum
2443 2277 2678 2349 plurima
2707 2277 2764 2331 in
2795 2289 3047 2344 campum
3069 2280 3350 2338 evocatos,
3380 2269 3617 2324 maximo
3646 2282 3790 2336 pra:-

2200 2371 2275 2427 lio
2305 2368 2604 2439 superavit.
2633 2368 2680 2399 ⁸⁵
2707 2366 2840 2422 Nam
2873 2380 2980 2421 uno
3006 2380 3036 2420 e
3067 2363 3299 2419 ducibus
3323 2359 3615 2426 interfecto,
3641 2357 3686 2388 ⁸⁵
3707 2357 3790 2411 al-

2201 2473 2285 2521 ter
2312 2479 2434 2520 cum
2467 2463 2810 2536 paucissimis
2839 2460 3004 2532 fugit,
3034 2459 3216 2516 nullus
3244 2458 3298 2513 in
3323 2455 3576 2529 oppidum
3603 2451 3790 2520 rediit,

1783 2618 2234 2679 llAVERCAMPI
2271 2621 2502 2679 NOTAE.

561 2753 972 2827 24.__Rontanos,
1003 2767 1060 2812 ut
1087 2755 1230 2812 vivus
1269 2765 1561 2827 caperetur.
1591 2756 1816 2813 Roberl'i
1855 2757 1951 2814 lib.
1993 2758 2088 2812 ha-

491 2824 584 2880 bet
614 2843 627 2880 :
656 2823 920 2898 Romanos
947 2837 1003 2881 ut
1052 2827 1191 2884 vivus
1222 2823 1486 2898 caperetur
1505 2830 1772 2895 instantes,
1807 2830 2087 2884 occidendo

492 2906 549 2951 ut
570 2895 888 2970 occideretur
913 2899 1212 2970 coegit.gTu
1245 2895 1364 2970 lege
1405 2901 1634 2954 llirtium
1674 2900 1765 2955 lib.
1801 2916 1893 2955 viii
1920 2898 2086 2954 Com-

495 2975 664 3041 ment.
707 2966 877 3041 FABlt.
905 3000 977 3010 ——
1003 2969 1180 3025 Verba
1223 2966 1385 3026 llirtii
1426 2985 1547 3039 cap.
1583 2972 1649 3024 l9
1692 2985 1812 3041 pag.
1843 2971 1939 3027 ed.
1979 2970 2090 3026 Ou-

493 3036 762 3104 dendorp.
795 3040 922 3104 473,
961 3054 1081 3096 sunt
1116 3059 1131 3096 :
1173 3041 1302 3096 Cum
1342 3036 1549 3096 interim
1592 3042 1742 3096 nulla
1761 3036 2089 3096 'calamitate

492 3106 655 3184 uictus
677 3106 899 3184 Correus
918 3151 935 3178 ,
966 3113 1210 3184 excedere
1238 3115 1441 3180 praelia,
1473 3114 1729 3182 silvasque
1750 3122 1940 3184 petere,
1972 3122 2084 3180 aut,

2196 2759 2456 2829 trepidare
2484 2767 2538 2814 et
2566 2757 2910 2828 ‘perdomare,
2944 2755 3012 2811 ad
3038 2765 3214 2828 gentes
3248 2754 3547 2826 pertinere,
3585 2768 3690 2809 non
3726 2751 3794 2808 ad

2197 2832 2564 2957 tuggillli‘iierea
2579 2899 2821 2969 Draptes.
2840 2897 3517 2969 ParisienseslBolsuing.,
3535 2897 3790 2969 llittorp.,

2197 2970 2483 3027 Fabricius
2518 2979 2574 3026 ct
2601 2968 2827 3026 Scutttis
2854 2970 3147 3026 ediderunt
3176 2968 3413 3040 Drapes,
3463 2968 3560 3023 sed
3603 2984 3792 3022 verum

2199 3059 2397 3098 nomen
2429 3043 2646 3098 videtur
2679 3041 2846 3096 fuisse
2881 3042 3123 3110 Draptes,
3156 3042 3200 3094 si
3227 3057 3358 3094 mss.
3395 3040 3569 3110 iisque
3600 3041 3795 3095 melio-

2201 3115 2384 3178 ribus,
2414 3113 2667 3168 standum
2697 3122 2802 3167 est.
2844 3112 2933 3166 Sic
2960 3111 3105 3167 enim
3137 3110 3398 3165 scribitur
3430 3111 3484 3165 iu
3525 3110 3790 3168 Florenti.

492 3178 826 3256 invitantibus
848 3177 1036 3256 nostris
1049 3181 1126 3256 ad
1152 3177 1484 3246 deditionem,
1507 3177 1673 3256 potuit
1696 3177 1907 3256 adduci,
1926 3177 2088 3254 'quin,
2116 3177 2163 3241 C
2196 3201 2278 3256 pr.
2309 3177 2424 3240 sive
2451 3185 2581 3256 cod.
2598 3184 2849 3256 Logngob.
2875 3191 2931 3237 et
2958 3197 3094 3251 sec.,
3124 3190 3259 3256 u_t_et
3281 3181 3452 3256 Lugd.
3480 3181 3598 3256 Bai.
3629 3199 3711 3251 pr.
3739 3192 3793 3237 et

495 3248 1090 3328 fortissimeprarliando
1112 3299 1127 3328 ε
1153 3248 1544 3328 compluresque
1586 3255 1915 3328 vulnerando
1926 3248 2087 3328 ’ἑορα-

492 3318 570 3402 ret
595 3318 758 3402 elatos
777 3321 1052 3402 iracundia
1081 3318 1296 3402 uictores
1317 3329 1371 3402 in
1390 3342 1443 3380 se
1459 3318 1572 3402 'tela
1595 3324 1872 3402 conjicere.
1897 3318 2088 3402 Neqtue

496 3399 676 3464 tamen
703 3389 865 3464 video
890 3405 988 3448 cur
1016 3409 1084 3449 ex
1120 3395 1191 3450 iis
1218 3396 1401 3451 verbis
1433 3396 1608 3464 majus
1637 3389 1950 3464 praesidium
1988 3389 2087 3449 Fa-

497 3460 776 3543 briciosit
806 3477 904 3543 pro
921 3465 1151 3543 _vul_gata
1193 3465 1463 3531 lectione,
1497 3460 1562 3520 ne
1597 3460 1738 3543 uiuus
1780 3473 2048 3543 caperetur
2073 3508 2086 3531 ,

494 3533 746 3613 instanter
786 3533 1262 3613 occidendoicum
1304 3545 1501 3613 pateat
1545 3551 1616 3591 ex
1665 3533 1854 3613 llir_tii’
1881 3535 2085 3599 verbis,

496 3601 751 3674 omnibus
784 3604 960 3660 modis
997 3606 1264 3663 institisse
1304 3607 1598 3674 Romanos,
1631 3616 1690 3661 ut
1719 3607 1900 3661 vivum
1929 3621 2088 3674 cape.

499 3682 622 3748 rent
650 3672 937 3748 Correum,
973 3675 1066 3732 sed
1098 3679 1247 3732 illum
1280 3678 1487 3740 hostes,
1517 3672 1593 3732 ad
1621 3672 2090 3748 comprehenden-

497 3743 626 3797 dum
652 3745 736 3800 vel
779 3745 1174 3803 cohortandum
1213 3759 1271 3803 ut
1313 3748 1540 3804 dederet
1579 3743 2090 3814 sese,'accedenies

503 3815 768 3890 propius,
814 3816 1073 3890 ferociter
1115 3820 1402 3889 rcpulisse,
1460 3819 1861 3890 plurismosque
1903 3821 2091 3875 vulne-

501 3899 673 3954 rasse,
704 3887 951 3958 adeoque
979 3887 1227 3946 elfecisse
1248 3931 1263 3956 ,
1297 3898 1356 3945 ut
1382 3887 1568 3946 hostes
1599 3887 1912 3946 occiderent
1943 3907 2088 3958 cum,

499 3971 665 4040 queui
712 3959 1010 4040 lubentius,
1047 3975 1144 4031 pro
1185 3963 1356 4032 gloria
1403 3961 2089 4040 victorum_,_5pectaudum

498 4027 777 4104 omnibus,
809 4027 1003 4086 vivum'
1024 4027 1360 4088 servassent.
1407 4032 1676 4088 llemcavi
1710 4027 1872 4104 igitur
1898 4032 2091 4087 lectio-

501 4113 626 4175 nem
654 4101 934 4175 meliorem
958 4117 1024 4157 ex
1049 4104 1300 4160 omnibus
1321 4118 1457 4172 quos
1478 4101 1904 4171 consului'mss.,
1928 4119 2092 4175 quam

503 4169 726 4245 insuper
753 4172 1045 4245 conﬁrmat
1071 4176 1272 4245 optima
1303 4169 1390 4229 ed.
1427 4177 1757 4245 Augustana.

572 4240 665 4316 25_.
691 4242 770 4316 Ad
790 4243 1014 4315 aliquos.
1043 4240 1211 4316 Lugd.
1239 4246 1377 4300 Bait.
1399 4240 1536 4313 tres,
1551 4262 1670 4302 cum
1689 4246 1828 4303 Coll.
1849 4245 2094 4304 Gronov.

501 4310 675 4388 et‘ed.
704 4310 967 4388 A_iig.,aut
991 4310 1216 4388 aliqu'os.

561 4380 662 4465 ﬁli.
715 4380 945 4441 Dimisit.
993 4380 1164 4459 Lu'gd.
1199 4388 1318 4442 But.
1371 4395 1499 4443 tert.
1531 4395 1587 4444 et
1615 4385 1756 4442 Coll.
1805 4387 2047 4444 Gronov.
2075 4429 2091 4457 ,

501 4469 550 4506 ιιι
555 4464 640 4507 ml
645 4495 658 4508 .

572 4524 663 4599 g7.
701 4525 822 4599 Ipse
847 4537 1042 4582 autem.
1078 4529 1154 4584 Ex
1185 4529 1354 4599 Lugd.
1397 4529 1536 4583 Bait.
1584 4538 1716 4598 tres,
1749 4529 1858 4591 ipse
1898 4539 2090 4584 tamen.

572 4594 664 4650 28.
696 4597 754 4652 (ἰ.
781 4597 1054 4654 Caninius.
1084 4599 1163 4669 Ex
1195 4594 1370 4669 Lugd.
1399 4599 1544 4656 Butt.
1567 4594 1794 4663 sec.,G.
1817 4599 2096 4669 Caninius;

504 4674 621 4750 t-res
673 4669 890 4750 reliqui.
932 4684 1074 4750 cum,
1101 4667 1239 4750 Coll.
1278 4667 1550 4750 :Gronov.,
1601 4669 1788 4726 Gallus
1829 4667 2096 4728 Caninius.

503 4738 948 4806 Agnomen‘illud
983 4740 1083 4796 fuit
1109 4738 1476 4798 Caniniorum.

571 4807 664 4884 gl).
695 4809 942 4884 Legatus.
975 4811 1112 4867 Edd.
1147 4814 1415 4883 quaedam,
1450 4814 1579 4868 alter
1607 4813 1824 4884 legatus.

538 4879 661 4963 ,δοῖ
705 4879 981 4954 Stragibus
1010 4879 1186 4954 factis.
1224 4884 1459 4940 Additur
1491 4886 1542 4940 iii
1586 4879 1816 4955 August.
1847 4902 1940 4957 per
1964 4887 2095 4940 anti-

502 4962 834 5023 ctpattonem.

577 5024 964 5098 3i._Exsilivit.
993 5025 1165 5096 Lugd.
1211 5026 1328 5098 But.
1371 5034 1550 5098 quart.
1583 5035 1638 5082 et
1677 5025 1784 5081 duo
1830 5026 2095 5094 Florent.,

504 5093 739 5216 gannit.
782 5095 883 5152 Ed.
926 5093 1098 5170 prima
1136 5106 1191 5154 et
1238 5093 1494 5164 Venetae,
1542 5098 1783 5152 exsiliens
1823 5114 1878 5152 se
1919 5093 2097 5172 injecit

629 5183 666 5216 1.

545 5174 666 5221 οειι.

513 5305 525 5317 .
577 5235 663 5317 b2.
693 5235 779 5294 Ea:
805 5239 973 5296 altera
993 5241 1282 5297 insistente.
1308 5240 1479 5313 Lugd.
1503 5240 1619 5296 Bai.
1644 5248 1848 5311 quart.,
1875 5239 2096 5294 multum

508 5317 790 5364 insistente.

695 5379 893 5457 Capite.
928 5382 1027 5437 Ms.
1064 5383 1228 5457 idem,
1255 5393 1451 5457 gentes.

707 5449 781 5527 l_n'
798 5451 1072 5508 Carnutes.
1106 5449 1277 5512 Flor:
1292 5472 1399 5527 pr..
1424 5457 1492 5510 ad
1530 5454 1800 5527 Carnutes.

582 5522 671 5575 55.
705 5521 1054 5588 Dumnacum,
1097 5527 1155 5582 in
1181 5521 1355 5583 tribus
1376 5527 1642 5583 Florenti.
1675 5539 1724 5581 et
1748 5525 1920 5596 Lugd.
1973 5525 2090 5582 Bai.

506 5602 640 5654 sec.,
673 5603 741 5668 ut
759 5604 814 5650 et
842 5596 932 5651 ed.
965 5596 1130 5668 Aug.,
1166 5599 1346 5653 inveni
1394 5597 1756 5665 Dontnacum;
1789 5600 1841 5654 in
1870 5597 2092 5668 reliquis

513 5674 669 5728 mss,
699 5663 1043 5722 Dominacum
1058 5663 1123 5726 'et
1155 5668 1446 5723 Donatium.

700 5733 1121 5818 Elapsum._l)uo
1148 5753 1216 5796 ex
1243 5740 1414 5818 Lugd.
1451 5741 1616 5810 Batt.,
1645 5742 1869 5818 lapsum.

586 5804 818 5888 T.7._Sed_
844 5810 1295 5888 eas._l_ta_reposui
1322 5804 1387 5866 ὃς
1421 5827 1551 5867 mss.
1590 5804 1861 5888 omnibus,
1901 5810 2094 5888 depra-

565 5883 702 5928 irai“.
731 5879 876 5932 enim
903 5879 1031 5936 edd.
1062 5882 1116 5937 in
1147 5881 1236 5936 sed
1261 5897 1368 5951 eos,
1401 5896 1507 5939 non
1530 5884 1878 5940 attendentes
1900 5883 2088 5953 verba,

2191 3252 2319 3312 tert.
2345 3271 2468 3311 cum
2490 3255 2631 3311 Coll.
2657 3252 2899 3311 Grunov.
2916 3264 3077 3322 atque
3099 3253 3227 3309 edd.
3247 3253 3439 3318 prima,
3465 3252 3789 3318 Augustana

2190 3336 2246 3382 et
2274 3325 2519 3382 Venetis.
2570 3324 2826 3381 Eamdem
2877 3324 3208 3393 scripturam
3255 3324 3500 3378 indicant
3541 3323 3789 3380 Florent.

2194 3406 2345 3464 iert.,
2379 3397 2552 3468 Lugd.
2582 3397 2698 3451 Bai.
2725 3412 2838 3468 sec.
2859 3405 2912 3448 et
2933 3394 3075 3468 Ullr.
3105 3395 3232 3449 dum
3256 3396 3523 3468 ΔΑιιηηιιίέ
3543 3395 3791 3468 scribunt

2192 3465 2538 3548 redundante
2557 3467 2741 3538 priore
2763 3467 2943 3520 littera
2971 3467 3145 3548 hujus“
3151 3465 3298 3520 vocis
3323 3482 3389 3520 ex
3411 3465 3789 3548 duplicatiniie

2193 3539 2522 3611 posterioris
2559 3535 2694 3608 qua:
2743 3535 3050 3607 praecessit;
3101 3535 3303 3608 Drapes
3349 3547 3529 3591 tamen
3571 3537 3624 3591 in
3667 3551 3790 3592 ineo

2191 3611 2380 3666 codice
2402 3619 2454 3664 et
2479 3611 2729 3665 Perizon.
2767 3609 3066 3674 invenitur,
3095 3608 3399 3679 eademque
3418 3607 3710 3662 diversitas
3736 3609 3786 3661 in

2192 3681 2352 3736 codd.
2384 3679 2617 3735 Caesaris
2647 3680 2990 3734 observatur.

2263 3753 2355 3807 59.
2386 3751 2679 3806 Lucterius.
2716 3750 2977 3805 Floreiitt.
3012 3764 3096 3820 pr.
3130 3757 3187 3804 et
3215 3764 3329 3804 sec.
3355 3790 3370 3814 ,
3398 3747 3664 3820 Lucterius
3691 3764 3789 3804 seti

2196 3823 2600 3895 Lycteriitsque;
2652 3819 3148 3895 tert_.,_Licjeﬁus;
3196 3819 3370 3895 Lugd.
3416 3819 3559 3895 Bait.
3593 3836 3690 3895 _pr.
3733 3830 3786 3895 et

2196 3891 2356 3959 le'rt.,
2404 3891 2873 3965 Lipterius._C0ll.
2921 3891 3198 3965 Gronov.,
3255 3891 3548 3965 Lypteritts.
3593 3892 3646 3946 In
3692 3893 3784 3946 ed.

2194 3968 2424 4035 August.
2457 3962 2650 4032 legitur
2680 3963 2937 4035 Leptirius
2959 3965 3046 4035 vel,
3067 3962 3332 4016 Lacterius
3357 3963 3713 4035 coniunctim.

2265 4032 2356 4093 £0.
2395 4035 2802 4093 Uxellodunum.
2834 4033 2892 4087 In
2914 4034 3073 4088 codd.
3099 4043 3155 4088 et
3175 4048 3306 4088 mss.
3326 4074 3341 4098 ,
3375 4032 3785 4098 Velutudunnni,

2205 4107 2570 4168 Veludunnm,
2610 4104 2958 4170 Velutunuin,
3014 4103 3370 4167 Velucunum,
3416 4103 3782 4158 Velludonuat.

2264 4179 2355 4233 41.
2394 4176 2678 4231 l’endebat.
2711 4175 2804 4245 Sic
2832 4190 2998 4240 mss.;
3029 4176 3256 4245 pendens
3287 4174 3411 4229 edd.
3442 4175 3712 4245 quaedam.

2267 4250 2359 4305 4'2.
2394 4247 2728 4320 Duabusque.
2758 4244 3154 4317 Copulatngnon
3194 4247 3444 4319 agnoscit
3464 4244 3636 4315 Lugd.
3669 4246 3783 4301 Bal.

2235 4331 2377 4375 uari.
2699 4361 2701 4363 ι

2196 4336 2377 4447 quia.
2396 4391 2570 4445 Medio
2593 4361 2797 4444 deinde.
2827 4389 2997 4459 Lugd.
3029 4390 3146 4444 Bal.
3179 4403 3291 4444 sec.
3311 4431 3324 4456 ,
3353 4389 3524 4444 medio
3553 4388 3695 4442 inde.

2269 4461 2360 4517 44.
2393 4463 2600 4516 Solum.
2629 4461 2800 4530 Lugd.
2835 4462 2954 4516 Bai.
2986 4476 3098 4516 sec.
3122 4502 3136 4524 ,
3165 4461 3299 4514 sola.

2125 4566 2176 4626 ι)
2228 4605 2238 4617 .
2271 4532 2364 4589 45.
2397 4532 2536 4586 Nam
2553 4533 2931 4614 unoeducibus
2946 4531 3366 4615 interfectonetc.
3386 4530 3626 4600 Fugite:
3649 4545 3785 4600 pra!-

2206 4604 2301 4659 lio.
2331 4604 2478 4659 tiuod
2510 4617 2836 4657 acerrimum
2883 4603 3004 4659 fuit.
3047 4603 3349 4659 Lucterius.
3380 4612 3574 4659 cautus
3603 4610 3782 4655 autem

2247 4619 2301 4670 ο,
2331 4604 2478 4668 quod
2510 4604 2836 4657 acerrimum
2883 4603 3004 4666 fuit,
3047 4600 3349 4666 Lucterius,
3380 4612 3574 4670 captus
3603 4610 3782 4655 autem

2205 4674 2305 4730 fuit
2333 4676 2584 4746 Draptes.
2614 4673 2816 4729 Hirtius
2841 4674 2910 4728 de
2934 4674 3086 4746 Bello
3113 4672 3255 4746 G_all.
3286 4673 3382 4727 lib.
3401 4687 3521 4746 viii,
3551 4687 3669 4740 cap.
3694 4672 3781 4740 '56,

2206 4763 2257 4814 p.
2291 4747 2396 4802 490
2421 4742 2678 4811 ε’ϐαρὶιιιν
2702 4745 2814 4814 ipse
2839 4760 2910 4815 eo
2937 4745 3116 4815 prwlio
3143 4742 3382 4815 Draptes.
3418 4743 3781 4815 Romanorum

2201 4825 2380 4872 autem
2403 4815 2640 4870 ludibrio
2663 4830 2721 4870 se
2742 4814 2962 4884 eripuit.
2989 4815 3124 4870 lbid.
3151 4829 3272 4882 cap.
3297 4814 3397 4885 με
3427 4814 3645 4885 Draptes
3665 4815 3782 4884 (seu

2203 4899 2263 4942 ut
2297 4887 2440 4959 apud
2477 4885 2708 4959 Hirtium
2755 4883 3041 4959 scribitur,
3088 4883 3346 4959 Drappes)
3384 4883 3780 4959 quenticaptunt

2202 4975 2311 5014 esse
2336 4955 2366 5012 tt
2393 4959 2612 5014 Caninio
2644 4958 2797 5011 docui
2822 5001 2836 5027 ,
2884 4956 2988 5010 sive
3011 4955 3376 5027 indignatione
3399 4966 3446 5009 et
3473 4955 3651 5009 dolore
3675 4957 3782 5008 ειη-

2201 5031 2436 5089 culorum
2457 5075 2470 5096 ,
2502 5031 2608 5082 sire
2635 5025 2827 5082 timore
2855 5029 3103 5099 grauioris
3130 5025 3411 5099 supplicii,
3453 5027 3632 5099 paucis
3671 5027 3778 5080 die-

2203 5103 2292 5155 bus
2331 5118 2385 5156 se
2423 5101 2538 5155 cibo
2578 5097 2869 5164 abstinuit,
2893 5110 3044 5167 atque
3081 5100 3156 5152 ita
3187 5097 3400 5150 interiit.
3452 5097 3592 5164 Quid
3629 5099 3778 5152 alteri

2200 5173 2446 5226 evenerit
2476 5170 2601 5226 duci
2631 5184 2753 5224 mox
2786 5170 3150 5239 persequitur,
3191 5183 3243 5238 p.
3279 5167 3377 5239 501
3405 5211 3420 5234 ,
3453 5168 3537 5222 his
3567 5169 3777 5224 verbis:

2201 5241 2400 5298 Eodem
2432 5253 2657 5311 tempore
2687 5238 2980 5306 Lucterius,
3013 5256 3163 5311 quem
3196 5238 3493 5311 profugisse
3521 5254 3585 5292 ex
3605 5240 3780 5307 pra'lio

2198 5315 2417 5387 scripsi,
2447 5308 2568 5387 curn
2594 5315 2650 5366 in
2680 5320 2982 5387 potestatein
3010 5308 3224 5387 uenisset
3258 5308 3542 5387 Epasnacti
3571 5310 3779 5387 Arverni

2198 5379 2402 5454 (crebro
2418 5386 2554 5441 enim
2575 5379 2838 5437 mutandis
2863 5381 3011 5454 locis,
3036 5379 3459 5454 multorumﬁdei
3479 5395 3533 5433 se
3551 5382 3781 5433 commit-

2199 5450 2363 5521 tebat,
2410 5454 2550 5526 quod
2577 5470 2834 5524 nusquam
2863 5452 3057 5526 diutius
3087 5453 3195 5526 sine
3225 5450 3460 5522 periculo
3495 5467 3781 5526 commora-

2198 5535 2342 5581 turus
2367 5523 2658 5591 videbatur,
2694 5523 2813 5577 cum
2839 5523 2932 5576 sibi
2957 5523 3195 5577 conscrius
3226 5529 3354 5575 esset
3379 5563 3392 5585 ,
3433 5537 3587 5590 quam
3613 5523 3784 5574 inimi.

2196 5612 2310 5650 cum
2333 5600 2534 5652 deberet
2556 5595 2808 5658 Cursarem
2832 5594 3059 5656 habere),
3086 5594 3224 5646 hunc
3250 5591 3578 5662 Epasnactus
3602 5595 3784 5645 Arcer-

2196 5684 2312 5733 nus,
2344 5669 2693 5722 amicissimus
2717 5666 2894 5738 populi
2921 5663 3165 5738 Romani,
3196 5661 3309 5717 sine
3329 5661 3653 5716 dubitatione
3677 5665 3780 5716 ulla

2193 5739 2421 5794 vinctum
2450 5741 2518 5792 ad
2546 5736 2799 5792 Ctesarem
2831 5736 3062 5790 deduxit.

2267 5810 2356 5867 46.
2383 5811 2548 5881 Alter,
2569 5818 2675 5866 etc.
2699 5807 2800 5864 Ed.
2815 5805 3065 5876 Atigust.,
3082 5805 3304 5861 alterum
3327 5820 3442 5859 cum
3457 5803 3786 5875 paucissimis

2193 5885 2363 5954 fugat.
