4028 6288
197 249 334 310 I093

1236 245 1716 310 IIISTORIARUM
1756 242 1964 308 LIBER
2004 243 2093 305 VI.
2134 245 2290 306 CAP.
2337 245 2450 306 XII.

3358 243 3496 305 ΙΟΞΟ

192 361 286 414 sed
322 358 390 413 ad
434 359 484 414 id
531 360 953 431 oppugnandum
993 359 1210 418 Caesare
1251 377 1390 433 Opus
1428 363 1547 418 fuit.
1603 363 1791 436 Itaque
1819 368 1869 428 Α
1896 363 2023 420 dum
2079 379 2370 422 recurrere
2423 361 2490 418 ad
2543 361 2896 422 muniendum
2949 361 3210 434 oppidum
3269 362 3490 430 volunt,

194 453 398 507 certior
423 467 520 520 per
542 451 765 507 nuntios
790 452 832 484 ⁵⁷
867 443 1038 508 lactus
1060 453 1243 509 Caesar
1264 454 1533 510 accurrit:
1561 455 1793 510 circurn—

191 543 506 615 spectisque
529 545 787 600 omnibus
815 545 983 609 videt,
1018 547 1062 601 si
1090 541 1405 617 expugnare
1435 548 1487 602 vi
1515 548 1792 614 moliatur,

194 617 326 690 ludo
355 644 411 692 et
434 637 747 706 spectaculo
771 636 1008 692 hostium
1028 637 1323 694 delendum
1346 654 1466 696 esse
1490 641 1793 696 exercitum

195 726 365 799 ωε
393 741 551 782 suum
579 744 594 782 :
629 727 674 760 ⁸⁸
700 744 871 784 unum
903 729 1079 785 solum
1111 745 1233 787 esse
1258 731 1524 801 praesidii,
1550 732 1594 766 ⁸³
1620 733 1665 787 si
1688 748 1796 803 quo

194 820 362 876 modo
385 819 571 876 hostes
591 835 729 892 aqua
755 831 1071 879 arceantur.
1118 823 1225 880 Sed
1251 835 1307 880 et
1329 825 1432 881 hoc
1453 840 1670 897 quoque
1693 827 1794 882 nisi

193 914 382 971 Caesar
413 916 458 946 ⁵ο
488 931 596 970 non
624 917 900 988 potuisset
926 935 940 972 :
973 916 1242 986 siquidem
1270 918 1395 975 fons
1415 959 1430 985 ,
1461 935 1570 990 quo
1600 920 1666 975 ad
1699 935 1795 990 po-

196 1015 314 1063 tum
356 1007 672 1073 utebantur,
723 1006 907 1062 medio
934 1006 1128 1064 devexi
1169 1010 1373 1064 montis
1401 1009 1573 1065 latere
1604 1011 1798 1066 funde-

195 1102 381 1157 batur.
423 1102 604 1158 Cmsar
638 1101 703 1158 ad
739 1101 1052 1172 proximum
1081 1101 1249 1157 fontis
1277 1103 1554 1158 admoveri
1587 1104 1794 1171 vineas,

199 1194 506 1265 turrimque
537 1193 749 1248 exstrui
773 1192 948 1263 jubet.
972 1192 1061 1249 Fit
1087 1196 1378 1266 magnus“
1396 1195 1544 1251 illico
1566 1210 1799 1252 concur-

201 1301 298 1341 sus
327 1301 395 1341 ex
420 1284 643 1356 oppido.
691 1284 899 1353 Quibus
934 1286 1060 1341 sine
1109 1286 1361 1356 periculo
1400 1287 1796 1356 prmliantibus,

198 1379 435 1436 Romani
472 1379 721 1450 quamvis
762 1380 1117 1450 pertinaciter
1141 1378 1490 1446 obsiSterent,
1527 1381 1800 1437 crebrius-

201 1487 311 1543 que
364 1472 768 1537 succederent,
825 1472 1132 1543 complures
1195 1483 1376 1530 tamen
1435 1474 1794 1530 trucidantur.

199 1566 370 1637 Igitur
388 1566 686 1622 exstruitur
707 1581 890 1636 agger,
905 1575 961 1622 et
985 1567 1150 1623 turris
1173 1566 1373 1636 pedum
1395 1569 1698 1639 sexaginta,
1714 1585 1802 1625 cu-

197 1658 291 1731 jus
312 1669 496 1715 vertex
524 1660 568 1691 ⁸’
593 1659 887 1729 aquuare
914 1658 1084 1715 fontis
1110 1660 1289 1716 locum
1320 1670 1526 1731 posset,
1557 1671 1616 1717 ut
1643 1664 1728 1719 vel
1754 1662 1800 1694 ⁸³

204 1765 274 1808 ex
304 1768 458 1822 aequo
487 1754 594 1808 tela
623 1753 822 1823 conjici
854 1766 1091 1824 queant,
1133 1755 1220 1810 vel
1263 1757 1596 1827 prtecipitata
1636 1757 1798 1812 desu-
1831 1749 1880 1813 B

202 1857 305 1914 per
332 1859 590 1899 saxorum
622 1844 900 1899 volumina
929 1861 1038 1900 non
1066 1845 1265 1901 timeri.
1301 1847 1570 1918 Oppidani
1597 1859 1800 1913 autem,

199 1934 300 1991 ubi
323 1936 622 1992 exanimari
646 1937 736 1992 siti
760 1951 875 1994 non.
886 1937 1060 1992 solum
1080 1953 1279 2008 pecora
1297 1953 1416 2005 sua,
1431 1953 1619 1995 verum
1640 1940 1801 1996 etiam

200 2027 534 2085 infirmiores
560 2029 838 2085 hominum
872 2040 1059 2086 anates
1080 2032 1284 2095 vident.
1315 2048 1480 2103 cupas
1505 2035 1644 2103 pice,
1667 2049 1804 2090 sevo

202 2131 262 2179 et
295 2123 341 2152 “
367 2122 646 2179 scandulis
675 2124 913 2194 repletas
933 2165 950 2192 ,
982 2139 1047 2180 ac
1073 2125 1273 2180 deinde
1304 2125 1532 2181 inmisso
1561 2126 1714 2198 igne,
1749 2127 1801 2182 in

205 2229 382 2285 prona
424 2215 800 2286 praecipitant,
854 2231 1056 2287 easque
1095 2217 1194 2286 ipsi
1248 2226 1363 2273 toto
1401 2218 1602 2289 oppido
1643 2219 1800 2275 etl‘usi

199 2307 634 2378 subsequuntur.
658 2308 989 2364 Ardentibus
1011 2309 1299 2378 machinis,
1324 2326 1446 2366 cum
1469 2327 1634 2382 grave
1659 2328 1801 2381 prm-

199 2400 336 2456 lium
376 2398 490 2455 suis
517 2399 699 2456 Cresar
739 2415 804 2456 ac
835 2400 1200 2470 periculosum
1236 2401 1281 2433 ⁸⁸
1313 2401 1552 2472 videret,
1596 2402 1802 2458 cohor-

163 2501 285 2549 stes
329 2493 376 2524 ⁸⁸
427 2493 480 2548 in
520 2493 748 2549 circuitu
799 2493 979 2565 oppidi
1033 2493 1115 2549 ire
1163 2495 1425 2551 velociter
1477 2511 1576 2566 per
1619 2495 1802 2551 occul-

199 2595 318 2644 tum
367 2587 642 2659 imperat,
700 2597 864 2660 atque
909 2588 1147 2660 undique
1202 2589 1388 2645 subito
1438 2599 1651 2646 vastum
1692 2589 1802 2645 cla-

196 2696 413 2740 morem
441 2681 722 2740 attollere.
778 2683 898 2752 Quo
945 2682 1088 2742 l‘acto
1139 2685 1472 2742 consternati
1522 2684 1799 2756 oppidani,

1897 457 1968 512 ab
2018 459 2426 530 oppugnatione
2484 458 2651 514 turris
2712 457 2799 514 vel
2853 457 3219 515 demolitione
3275 456 3496 528 aggeris

1895 546 2061 620 509
2089 551 2132 581 ⁵⁷
2179 557 2540 606 recesserunt.
2577 548 2658 604 Illi
2706 558 2886 606 tamen
2917 550 3009 620 qui
3056 548 3126 604 ad
3162 546 3488 604 incidendas

1898 640 2062 695 fontis
2093 657 2263 698 venas
2288 641 2388 697 sub
2411 641 2638 697 obtentu
2659 641 2874 714 aggeris
2905 642 3028 708 tuti,
3056 641 3340 698 cuniculos
3367 655 3491 712 per-

1897 731 2198 803 fodicbant,
2223 743 2468 805 repertos
2499 733 2552 788 in
2582 733 2838 790 abstruso
2861 749 3124 805 aquarum
3145 741 3378 798 meatus,
3395 746 3493 803 per

1900 824 2067 880 multa
2089 824 2382 881 dividendo
2429 823 2640 880 tenuari
2680 825 2734 880 in
2772 825 3106 896 semetipsis,
3137 824 3495 895 consumiquo

1900 917 2161 972 iecerunt.
2181 916 2473 988 Oppidani.
2500 916 2650 972 fonte
2663 917 2887 983 siccato,
2907 918 3094 972 ultima
3112 917 3499 989 desperatione

1899 1011 2163 1079 correpti,
2193 1007 2527 1064 deditionem
2555 1007 2640 1063 sui
2665 1007 2887 1063 faciunt.
2923 1008 3103 1064 Cmsar
3141 1017 3344 1074 autem,
3377 1023 3496 1064 om-

1901 1104 2062 1160 nibus
2089 1101 2182 1175 qui
2210 1118 2362 1158 arma
2387 1103 2624 1159 tulerant
2653 1115 2846 1158 manus
2875 1101 3120 1169 sustulit,
3143 1110 3197 1157 et
3217 1100 3385 1157 vitam
3415 1117 3500 1159 re-

1900 1195 2078 1267 liquit,
2104 1195 2270 1265 quo“8
2285 1194 2532 1250 testatior
2559 1203 2706 1250 esset
2741 1194 2905 1249 etiam
2938 1193 3174 1264 posteris
3213 1206 3374 1263 pcena
3397 1193 3497 1249 im-

1901 1287 2217 1358 proborum.
2252 1287 2474 1342 Multum
2501 1287 2648 1342 enim
2694 1287 2761 1341 ad
2807 1285 3166 1364 coercendam
3215 1285 3496 1342 audaciam

1904 1379 2040 1435 valet
2066 1377 2399 1450 propositum
2427 1376 2728 1448 punitionis
2751 1377 3222 1448 exemplum,cnm
3253 1376 3368 1447 ipsa
3395 1376 3498 1431 mi-

1903 1472 2012 1528 seri
2053 1487 2292 1543 praesens
2337 1472 2514 1527 lorma
2565 1471 2821 1538 viventis,
2857 1481 2914 1527 et
2953 1470 3020 1526 ad
3061 1469 3493 1526 recordationem

1903 1567 2161 1624 admonet
2196 1565 2470 1633 conscios,
2513 1573 2565 1622 et
2616 1564 2685 1620 ad
2714 1564 3142 1621 sciscitationem
3170 1563 3315 1635 cogit
3343 1563 3500 1634 igna-

1904 1675 2015 1718 1‘08.

2500 1751 2730 1810 CAPUT
2775 1751 2891 1808 XII.

1909 1843 2175 1900 Miseriam
2197 1853 2240 1900 et
2271 1843 2616 1918 calamitatem
2647 1843 2839 1918 Galliae
2887 1854 3151 1918 acceptam
3206 1861 3241 1899 a
3295 1844 3502 1901 Cwsare

2339 1916 2546 1985 subjicit
2569 1916 2719 1987 quasi
2752 1916 2847 1970 sub
2872 1916 3069 1972 oculos.

1984 2037 2001 2065 ¹
2033 2031 2324 2089 Exliaustis
2356 2041 2517 2103 atque
2543 2032 2798 2088 edomitis
2823 2032 3016 2102 Gallis,
3045 2049 3273 2090 securus
3321 2033 3504 2090 Caesar

1907 2144 2031 2186 cum
2062 2129 2362 2201 legionibus
2394 2128 2448 2184 in
2471 2127 2681 2183 Italiam
2702 2130 2721 2159 '
2749 2127 2934 2195 rediit,
2950 2128 3129 2184 nullos
3149 2138 3274 2200 post
3299 2143 3360 2185 se
3385 2128 3506 2186 Gal-

1908 2222 2083 2278 lorum
2115 2232 2297 2278 motus
2319 2219 2743 2292 pertimescens;
2773 2219 2961 2277 'certo
2990 2235 3050 2277 se
3071 2221 3251 2277 sciens
3280 2220 3507 2278 minimc

1905 2315 2118 2384 aliquos
2147 2313 2238 2385 qui
2285 2314 2368 2370 vel
2397 2302 2604 2369 moveri
2654 2313 2912 2379 audeant,
2946 2313 3034 2370 vel
3073 2313 3119 2368 si
3159 2323 3506 2381 moveantur,

1908 2405 2139 2462 timendi
2167 2406 2278 2461 sint
2304 2447 2320 2472 ,
2349 2405 2658 2477 reliquisse.
2691 2404 2959 2462 Constitui
2994 2422 3139 2461 nunc
3164 2414 3290 2461 ante
3316 2406 3506 2461 oculos

1909 2501 2076 2556 velim
2123 2513 2451 2570 exsanguem
2484 2497 2505 2529 ⁸
2533 2497 2911 2570 deiectamque
2948 2497 3198 2568 Galliam,
3229 2505 3357 2567 post
3381 2497 3507 2555 illas

1909 2591 2322 2648 ardentissimas
2343 2590 2511 2664 410
2533 2590 2714 2649 febres
2745 2591 3098 2660 internosque
3127 2599 3291 2647 aestus
3319 2591 3340 2622 ⁸⁵
3365 2591 3506 2646 vita-

1909 2684 2040 2741 lium
2071 2685 2296 2742 meliora
2325 2693 2620 2752 torrentes,
2655 2692 2714 2740 ut
2738 2698 2860 2742 sese
2887 2683 3103 2752 habeat,
3132 2692 3336 2755 quanta
3382 2697 3502 2738 ma-

1503 2862 1957 2922 I-IAVEIICAMPI
1994 2863 2231 2921 NOTE.

268 2988 370 3044 47.
398 2983 613 3042 Factus.
639 2983 812 3057 Lugd.
838 2986 980 3041 Batt.
1006 3000 1087 3056 pr.
1108 2992 1162 3042 et
1179 2993 1297 3042 tert.
1314 3027 1330 3051 ,
1358 2999 1482 3040 cum
1501 2983 1643 3040 Coll.
1665 2983 1804 3042 Croc

196 3075 330 3117 nov.
353 3100 368 3122 .
396 3059 642 3128 scribunt
672 3057 943 3119 redditus;
981 3067 1038 3113 et
1067 3072 1190 3112 mox
1223 3057 1451 3112 occurrit
1485 3072 1582 3128 pro
1613 3073 1802 3111 accur-

197 3133 288 3195 rit,
316 3139 380 3186 ut
408 3139 462 3184 et
491 3127 842 3183 deludendunt
873 3143 974 3197 pro
996 3129 1300 3183 delendum.

264 3202 366 3258 48.
405 3199 576 3255 Unum
595 3199 898 3270 solttmesse
930 3201 1186 3270 prmaidii.
1220 3198 1322 3254 Ed.
1355 3213 1440 3270 pr.
1472 3215 1595 3270 cum
1627 3198 1802 3253 Paris.

195 3283 252 3329 et
283 3272 513 3327 Venetis
534 3311 548 3331 .
588 3271 683 3325 hoc
708 3269 880 3325 solum
907 3269 1019 3326 esse
1053 3270 1376 3339 prazsidium.
1419 3269 1702 3340 Bolsuing.
1750 3277 1808 3325 et

196 3345 443 3409 Hittorp.
471 3387 485 3410 ,
518 3357 682 3412 unum
709 3342 880 3396 solum
908 3357 1017 3396 esse
1042 3341 1301 3412 prwsidii,
1333 3342 1476 3412 quod
1510 3350 1563 3396 et
1593 3342 1646 3395 in
1672 3355 1803 3412 mss.

195 3395 554 3470 o—mirib'us'et
584 3411 672 3467 ed.
705 3395 936 3482 August.
968 3395 1170 3466 inveni.
1204 3395 1466 3482 Repo'suit
1493 3421 1672 3467 autem
1702 3410 1806 3466 Fa-
1832 3395 1880 3460 C

195 3487 444 3550 bricius,
488 3499 645 3537 unum
688 3481 854 3538 solum
889 3499 999 3538 esse
1037 3483 1360 3550 praesidium.
1415 3481 1650 3548 Verum,
1681 3497 1804 3538 cum

196 3558 312 3612 vim
339 3555 484 3609 hanc
505 3555 746 3610 abnuant
769 3568 900 3609 mss.
925 3553 1180 3620 Codices,
1209 3553 1502 3620 ellipticam
1529 3562 1657 3623 puto
1683 3568 1809 3608 esse

195 3627 512 3682 orationem
533 3665 548 3689 ,
582 3634 636 3688 et
662 3623 995 3694 subintelligi
1029 3638 1188 3694 posse
1215 3624 1353 3678 loco.

268 3698 372 3754 49.
398 3696 457 3751 Si
472 3713 570 3767 quo
587 3696 759 3751 modo.
788 3696 850 3750 Et
867 3693 1138 3750 hic’ni’mis
1162 3695 1420 3751 liberales
1438 3695 1661 3767 fuerunt
1678 3693 1805 3750 edd.

193 3766 539 3837 duplicando
565 3767 800 3822 mediam
828 3780 1044 3834 vocem,
1077 3780 1198 3820 cum
1230 3781 1423 3823 omnes
1449 3766 1613 3824 codd.
1640 3780 1802 3832 mss.,

195 3839 542 3965 astipulante
591 3837 679 3894 ed.
719 3837 992 3909 August.,
1051 3853 1153 3908 quo
1193 3837 1410 3908 legant,
1458 3852 1566 3892 non
1605 3852 1808 3908 quoque

198 3927 287 3964 mo
333 3927 392 3964 ο.

198 3927 392 3964 ηιοαο.

271 3982 376 4038 50.
400 3979 521 4034 Νοη
543 3978 909 4051 potuisset.Et
933 3979 1050 4034 haec
1071 3988 1334 4035 constans
1354 3992 1488 4034 mss.
1517 3985 1603 4033 est
1621 3976 1806 4051 lectio,

196 4067 385 4123 quare
407 4049 606 4123 frustra
640 4063 764 4106 ante
791 4050 1108 4123 Fabricium
1139 4051 1419 4123 legebatur
1441 4063 1588 4123 nemo
1610 4049 1810 4123 potuis-

194 4118 297 4193 set,
331 4122 828 4193 quam_lectionem
859 4122 1002 4193 male
1032 4118 1316 4178 revocavit
1340 4121 1393 4175 in
1416 4119 1505 4193 ed.
1534 4118 1810 4193 sua_Scot_-

199 4189 314 4250 tus.
348 4189 469 4248 Nisi
501 4191 684 4248 Cmsar
715 4194 901 4248 luisset
927 4191 1130 4259 Ctesar,
1164 4207 1270 4248 non
1301 4190 1602 4260 potuisset,
1631 4189 1814 4260 inquit

199 4265 466 4335 Orosius.
492 4262 594 4318 Ed.
627 4265 856 4335 August.
886 4262 975 4318 hic
1003 4264 1203 4335 iterum
1229 4261 1555 4329 astipulatur
1576 4274 1709 4335 mss,

204 4407 236 4461 ὁ
280 4337 378 4460 ὅῖ.
413 4332 588 4410 Illico.
623 4331 1005 4405 EdCAugust.,
1040 4334 1302 4405 undique;
1331 4342 1385 4390 et
1407 4347 1554 4400 mox,
1579 4331 1810 4386 trucida-

240 4423 310 4460 an
341 4423 428 4460 ur.
1099 4428 1108 4435 -

240 4416 428 4460 antur.
1099 4428 1108 4435 ·

277 4476 376 4532 52.
408 4476 695 4546 Adwquare
716 4476 874 4548 fontis
897 4476 1281 4548 locumposset.
1311 4475 1441 4531 Mss.
1466 4473 1578 4531 lere
1598 4488 1810 4542 omnes,

204 4548 528 4619 azquare_ad
560 4547 914 4619 {ontisllocufm
938 4547 1124 4619 possit.

277 4620 375 4676 55.
410 4617 499 4672 Ea:
522 4634 688 4687 wquo.
729 4618 902 4689 Lugd.
936 4617 1077 4674 Batt.
1113 4634 1196 4690 pr.
1225 4626 1280 4675 et
1312 4625 1434 4674 tert.
1461 4659 1478 4684 ,
1516 4631 1638 4673 cum
1667 4616 1810 4673 Coll.

201 4691 486 4755 Gronov.,
517 4705 677 4760 teque.

407 4758 695 4842 Scandulis
716 4761 960 4842 repletas.
991 4760 1049 4842 I_n
1070 4758 1457 4842 manuscriptis
1474 4769 1580 4828 est,
1606 4759 1814 4842 scingu-
1839 4778 1892 4842 Ι)

201 4833 271 4888 lis
295 4848 318 4887 :
356 4846 466 4888 nos
505 4845 573 4886 ex
621 4829 820 4901 llirtio,
861 4829 1162 4896 scandulis,
1201 4829 1527 4898 scripsimus
1555 4847 1677 4886 cum
1708 4830 1815 4885 Ilo-

199 4905 394 4961 berto.
425 4902 467 4956 A
483 4903 764 4958 scindendo
781 4912 986 4968 autem,
1009 4911 1070 4957 ut
1087 4901 1204 4956 vult
1224 4901 1484 4967 Isidorus,
1512 4903 1670 4958 dicta:
1691 4909 1817 4956 sunt

201 4973 492 5030 scandulae
513 4989 532 5026 :
561 4989 679 5040 quae
700 4985 824 5029 sunt
853 4988 1030 5044 parva:
1055 4972 1271 5044 tabellae
1289 4988 1358 5027 ex
1379 4974 1576 5029 robore
1597 4972 1684 5028 vel
1705 4972 1815 5044 alio

198 5045 360 5115 ligno
383 5044 668 5115 assulatim
693 5042 864 5101 secto.
891 5042 1048 5100 Unde
1067 5043 1350 5115 Vitruvius
1373 5044 1497 5115 libr.
1523 5058 1585 5107 ιι,
1608 5058 1727 5115 cap.
1757 5043 1810 5115 I,

199 5113 548 5187 quibusdam
578 5116 985 5187 nationibuscx
1016 5114 1280 5187 scandulis
1307 5113 1817 5187 robusteisafdi/icia

199 5182 468 5242 constitui
485 5185 694 5240 scribit.
720 5185 1007 5241 Cornelius
1032 5198 1159 5238 vero
1183 5183 1382 5252 Nepos,
1409 5182 1666 5238 scandala
1687 5199 1813 5236 con-

199 5267 406 5313 tectam
438 5256 600 5311 fuisse
624 5256 851 5310 Romam
883 5270 1052 5324 usque
1075 5253 1142 5325 ad
1171 5254 1372 5309 bellum
1405 5254 1621 5325 Pyrrhi,
1648 5253 1813 5325 annis

198 5331 340 5393 470,
363 5335 560 5398 auctor
579 5326 850 5398 estaLege
872 5323 1103 5381 Plinium
1127 5324 1254 5379 libr.
1269 5323 1519 5398 xvt,{ca'p._
1537 5324 1623 5380 l0.
1648 5323 1813 5378 Fanu.

278 5400 375 5455 55.
423 5397 652 5453 Videret.
687 5395 910 5453 Frustra
938 5407 994 5453 et
1021 5403 1216 5451 contra
1236 5409 1368 5454 mss.
1387 5395 1645 5451 inminere
1663 5409 1813 5465 qua:-

199 5468 339 5526 dam
370 5469 505 5539 edd.
534 5469 815 5539 adjiciunt.

278 5540 380 5596 56.
427 5537 498 5594 In
532 5534 776 5596 circuitu.
827 5539 919 5598 Sic
951 5538 1146 5612 jubent
1168 5537 1351 5608 legere
1371 5550 1532 5604 mss.,
1571 5552 1675 5591 non
1716 5534 1817 5589 cir-

198 5612 439 5668 cuitum.

280 5685 384 5739 57:
428 5680 787 5739 Recesserunt.
821 5682 962 5738 Flor.
999 5679 1479 5753 pr.,_decesserunt.
1515 5677 1624 5753 Pro
1649 5691 1814 5750 appu-

199 5756 472 5834 gnatione
491 5753 660 5830 Lugd.
686 5754 804 5810 Bat.
841 5768 951 5812 sec.
987 5749 1042 5810 et
1067 5749 1229 5820 Ultr.,
1252 5751 1649 5826 expugnatione.

1982 2984 2070 3041 58.
2109 2984 2382 3041 Testatior.
2408 2983 2547 3041 Coll.
2573 2985 2839 3060 Gronov.,
2869 2995 3158 3060 testatura;
3183 2985 3354 3060 Lugd.
3386 2983 3506 3044 Bat.

1913 3064 2065 3128 tert..
2097 3064 2378 3128 testatum;
2406 3071 2534 3128 mox
2562 3072 2699 3126 sec.,
2732 3067 2788 3112 ut
2814 3059 3193 3128 improborum.

1981 3125 2261 3202 (ζωὴ-ΧΠ.
2295 3156 2370 3202 ε
2396 3128 2444 3202 l.
2475 3125 2762 3202 Exltaustie
2786 3125 3209 3202 atqueedomitis.
3243 3130 3339 3187 Ed.
3369 3131 3504 3202 Aug.

1913 3197 2068 3268 legit,
2114 3197 2398 3266 Exhorruit
2424 3199 2598 3269 itaque
2627 3209 2675 3254 et
2697 3197 2938 3255 edomitis
2965 3199 3154 3256 Gallis.

1984 3269 2037 3324 2.
2064 3269 2262 3323 Rediit.
2291 3269 2410 3324 Duo
2437 3284 2505 3324 ex
2531 3270 2705 3339 Lugd.
2741 3271 2906 3335 Batt.,
2937 3272 3089 3327 redit.

1987 3343 2037 3396 5.
2071 3339 2224 3394 Certo
2247 3356 2302 3394 se
2331 3341 2513 3394 sciens.
2575 3341 2804 3397 Mediam
2829 3357 3018 3398 vocem
3044 3353 3103 3398 ut
3142 3343 3388 3400 inutilem
3420 3342 3518 3398 de-

1914 3411 2029 3468 lent
2055 3409 2228 3480 Lugd.
2272 3410 2387 3464 Bat.
2415 3421 2539 3466 tert.
2567 3422 2623 3467 et
2649 3411 2785 3469 Coll.
2817 3412 3055 3469 Gronov.
3094 3424 3262 3471 recte.

1981 3481 2036 3537 4.
2074 3481 2436 3554 Defectumque
2466 3481 2712 3537 Galliam.
2747 3483 2943 3540 Nescio
2963 3484 3092 3554 quid
3141 3485 3370 3540 moverit
3395 3484 3512 3540 edi-

1911 3562 2080 3618 tores,
2108 3564 2163 3606 ut
2191 3567 2314 3626 cum
2347 3553 2600 3626 defectam
2632 3555 2684 3608 in
2711 3554 2864 3626 codd.
2900 3553 3263 3618 invenissent.
3295 3563 3353 3611 et
3381 3572 3507 3626 pro-

1915 3633 2103 3696 pterea
2129 3623 2505 3696 collocassent
2525 3625 2577 3678 in
2601 3625 2866 3695 margine,
2908 3635 3090 3682 tamen
3141 3623 3516 3696 defetam'ma-

1913 3695 2114 3750 Iuerint
2157 3694 2354 3759 edere;
2416 3693 2697 3749 Fabricius
2717 3693 2861 3751 enim
2887 3705 2944 3752 et
2987 3693 3221 3752 Scottus'
3260 3697 3512 3750 vitiosam

1911 3763 2158 3820 eamdem
2193 3765 2482 3836 lectionem
2509 3774 2858 3836 receperunt,
2876 3780 3035 3836 quam
3057 3778 3236 3821 tamen
3269 3766 3518 3821 unanimi

1911 3849 2183 3891 consensu
2219 3835 2507 3901 repudiant
2537 3835 2731 3890 omnes
2756 3835 3174 3905 quos’consului
3203 3849 3363 3900 mss.,
3388 3850 3515 3890 cum

1912 3905 2035 3961 cod.
2073 3921 2169 3960 seu
2201 3905 2336 3960 edit.
2362 3906 2696 3974 Auguslana.
2729 3905 2919 3974 Neque
2947 3922 3098 3961 sanae
3126 3906 3324 3961 mentis
3361 3906 3517 3975 quis-

1913 3976 2367 4047 quamprmlerre
2399 3989 2558 4047 posse
2600 3975 2837 4041 videtur,
2894 3976 3190 4032 dummodo
3221 3976 3515 4046 diligenter

1912 4045 2190 4110 attendat;
2227 4045 2408 4117 Defeta
2427 4046 2571 4117 enim
2605 4047 2748 4117 idem
2775 4047 3088 4117 signiﬁcare
3124 4045 3342 4103 videtur
3367 4047 3514 4117 quod

1913 4118 2071 4184 e,Teta
2094 4117 2237 4186 apud
2270 4115 2584 4173 Sallustium
2617 4118 2669 4172 in
2687 4115 2918 4172 Catilina
2949 4132 3070 4187 cap.
3097 4119 3167 4173 55
3199 4134 3212 4171 :
3237 4118 3332 4182 Ac,
3360 4115 3520 4172 veluti

1913 4188 2067 4256 effeta
2095 4198 2390 4260 parentum,
2415 4188 2594 4241 multis
2635 4189 3026 4260 tempestatibus
3056 4188 3198 4260 haud
3219 4204 3348 4260 sane
3375 4189 3523 4257 quis-

1914 4277 2071 4332 quam
2096 4258 2298 4332 Romae
2333 4259 2783 4332 uirtuteumagnus
2813 4259 3184 4332 fuitsilel'crri
3215 4258 3382 4332 igitur
3405 4259 3520 4316 alio

1916 4328 2124 4401 nequit,
2154 4330 2260 4385 nisi
2286 4328 2352 4384 ad
2375 4328 2749 4401 sterilitatem,
2779 4328 2852 4401 et,
2867 4330 3204 4401 exhaustam
3244 4328 3416 4401 faunis
3462 4341 3521 4386 et

1915 4399 2107 4457 crebra
2148 4401 2337 4457 sobole
2365 4399 2780 4457 fecunditatem.
2836 4399 3186 4471 Nequaquam
3241 4400 3515 4471 igiturfin

1915 4471 2194 4528 Orosianis
2234 4473 2386 4528 hisce
2412 4471 2591 4527 locum
2619 4471 2760 4527 tueri
2792 4481 2992 4542 putest,
3024 4470 3078 4528 in
3111 4470 3314 4542 quibus
3340 4470 3518 4542 Callia

1918 4559 2029 4599 non
2055 4551 2405 4613 comparatur
2432 4543 2591 4598 matri
2624 4541 2832 4611 ‘ell‘etaé,
2862 4541 3046 4613 atque,
3071 4541 3373 4599 visceribus
3406 4541 3518 4597 las-

1917 4615 2017 4679 sis,
2044 4617 2352 4685 exbaustm;
2381 4613 2705 4685 sedimagno
2743 4616 2958 4684 corpori
2988 4613 3366 4685 quod,morbo
3387 4626 3515 4685 cor-

1919 4694 2133 4756 reptum
2157 4684 2719 4756 validiore,vigorem.
2736 4685 2883 4740 vires
2900 4695 2955 4742 et
2971 4684 3288 4756 sanguinem
3308 4684 3510 4756 amisit.

1923 4755 2134 4829 Defeata
2172 4755 2334 4829 igitur
2360 4754 2557 4825 Gallia,
2582 4754 3258 4829 subintellecto_sanguine
3283 4754 3368 4810 vel
3387 4755 3519 4829 siri-

1918 4825 2033 4895 bne,
2051 4826 2139 4882 hic
2161 4827 2359 4882 dicitur
2379 4835 2436 4880 ut
2456 4826 2596 4895 apud
2622 4825 3257 4892 Plinium,Columéllam
3280 4833 3337 4882 et
3352 4825 3514 4893 alios,

1920 4899 2083 4954 homo
2105 4898 2333 4966 defectus
2358 4899 2556 4965 animo,
2581 4899 2749 4963 senio,
2775 4906 2950 4962 (etate,
2974 4903 3080 4952 etc.

1991 4971 2041 5025 5.
2076 4967 2327 5023 Vitalian:
2371 4966 2589 5040 meliora
2629 4976 2911 5040 torrentes.
2937 4968 3064 5024 Haec
3111 4977 3197 5024 est
3244 4967 3518 5040 scriptura

1917 5042 2036 5096 cod.
2064 5040 2306 5110 Longob.
2342 5037 2457 5094 sive
2479 5038 2723 5110 Floreat.
2756 5038 3003 5110 primiut
3032 5048 3085 5110 et
3106 5053 3244 5107 sec.,
3273 5037 3375 5099 nec
3407 5052 3516 5095 non

1917 5111 2088 5181 Lugd.
2122 5107 2238 5165 Ba't.
2270 5123 2379 5166 sec.
2414 5117 2576 5181 atque
2621 5107 2815 5181 Ultra].
2870 5107 3229 5164 Medullarum
3258 5110 3522 5166 exhibent

1918 5179 2162 5239 Florent.
2190 5189 2314 5237 tert.
2343 5187 2399 5236 et
2427 5179 2596 5251 Lugd.
2625 5180 2740 5235 Bat.
2770 5179 2975 5251 Quart.,
3004 5181 3160 5251 quasi
3183 5181 3388 5236 vellent
3411 5196 3519 5233 me-

1923 5253 2151 5319 dullam,
2175 5251 2319 5321 quod
2344 5251 2398 5306 in
2433 5249 2550 5307 Meo
2573 5250 2644 5306 ita
2673 5249 2871 5317 exstat,
2901 5260 2960 5306 ut
2987 5249 3168 5308 littera
3189 5251 3380 5306 ultima
3400 5251 3518 5306 sive

1922 5341 1994 5391 m,
2028 5325 2096 5380 ad
2129 5325 2368 5394 ﬁguram
2395 5322 2604 5394 litterae
2651 5339 2678 5375 v
2713 5321 2961 5394 videatur
2990 5323 3276 5394 accedere.
3308 5321 3366 5377 In
3393 5322 3521 5377 aliis

1921 5411 2054 5452 mss.
2097 5391 2260 5466 atque
2307 5392 2430 5450 edd.
2462 5393 2887 5466 vett._omnibus_
2933 5391 3178 5466 molliora
3216 5393 3514 5466 invenitur,

1917 5462 2752 5593 qyongraatuleruntFabricius
2773 5473 2828 5521 et
2856 5463 3094 5534 Scottus,
3117 5464 3266 5538 Virg.
3293 5464 3512 5522 IEneid.

1918 5550 1997 5604 Iv,
2030 5540 2133 5594 (56:

2257 5693 2344 5745 Est
2361 5693 2522 5745 mollis
2542 5693 2734 5746 ﬂamma
2757 5690 2999 5746 medullas

1951 5760 1953 5762 '
2039 5757 2258 5824 Interea,
2285 5762 2340 5811 et
2361 5759 2565 5810 tacitum
2582 5758 2702 5812 vivit
2719 5758 2814 5810 sub
2836 5761 3042 5822 pectore
3059 5753 3263 5816 vulnus.
