4028 6344
549 246 683 308 1051

1961 243 2167 307 PAULI
2207 243 2440 309 OROSII

3712 245 3829 306 um

540 359 668 416 bus.
699 357 906 428 ϐων,
938 356 1222 416 Rubicone
1245 357 1470 416 ﬁumlne
1492 362 1509 392 ⁸
1535 369 1890 426 transmeato,
1927 375 2055 417 mox
2085 371 2143 418 ut
2169 383 2216 441 Α
2249 367 2374 421 liam
2411 364 2652 431 rediens,
2685 362 2971 420 obsidione
3000 363 3287 428 domitam,
3319 361 3431 418 vita
3461 368 3672 416 tantum
3704 372 3752 416 et
3776 363 3830 415 li-

544 450 852 507 Aritninum
875 453 1044 516 venit,
1088 452 1334 521 quinque
1361 453 1640 519 cohortes,
1673 468 1810 524 quas
1834 463 1961 510 tunc
1991 456 2144 510 solas

546 542 806 608 habebat,
833 559 956 598 cum
981 543 1179 614 quibus
1202 545 1286 614 (ut
1309 545 1385 599 ait
1415 545 1626 616 Livius)
1646 546 1838 601 orbem
1869 556 2141 602 terrarum

544 635 770 691 adortus
800 646 914 703 est,
943 635 1073 706 quid
1117 636 1263 692 laeto
1290 651 1426 707 opus
1467 649 1638 704 esset,
1671 639 1912 694 edocuit.
1947 640 2146 710 Deplo-

545 746 673 787 rans
703 730 934 800 injurias
958 745 1084 785 suas
1108 770 1126 797 ,
1177 745 1397 786 causam
1425 730 1558 786 belli
1598 732 1777 787 civilis
1801 773 1817 797 ,
1850 746 1951 802 pro
1980 735 2139 788 resti-

545 823 761 879 tuendis
790 823 846 878 in
874 823 1105 894 patriam
1151 823 1402 893 tribunis,
1431 839 1556 881 esse
1601 836 1826 881 testatus
1874 837 1976 881 est.
2012 825 2144 883 Inde

543 930 642 988 per
672 915 973 971 Antonium
1017 923 1229 986 septem
1271 917 1553 982 cohortes,
1592 932 1715 988 qua:
1754 916 1896 988 apud
1923 917 2146 973 Sulmo-

543 1025 670 1068 nem
699 1008 1078 1074 morabantur,
1103 1025 1134 1063 a
1156 1008 1413 1065 Lucretio
1437 1011 1460 1042 ⁵
1491 1013 1721 1081 recepit,
1755 1018 1868 1067 tres
1898 1011 2147 1082 legiones

545 1120 668 1178 qua:
705 1119 829 1160 cum
861 1103 1097 1158 Domitio
1139 1103 1282 1173 apud
1311 1102 1606 1159 Corﬁnium
1659 1104 2045 1171 morabantur,
2080 1103 2146 1158 ad

549 1209 733 1271 partes
753 1212 882 1253 suas
905 1195 1161 1253 traduxit.
1183 1196 1480 1266 Pompeius
1507 1209 1670 1268 atque
1695 1198 1875 1252 omnis
1901 1207 2144 1263 senatus,

549 1291 932 1348 crescentibus
956 1292 1192 1347 Caesaris
1213 1291 1452 1357 viribus,
1479 1292 1702 1362 trepidi,
1737 1303 2014 1362 tamquam
2041 1291 2146 1345 Ita-

549 1386 620 1442 lia
649 1385 813 1458 pulsi,
837 1385 893 1441 in
917 1385 1185 1442 Graeciam
1211 1385 1530 1449 transvecti,
1551 1384 1908 1456 Dyrrachium
1925 1382 2149 1455 gerendi

550 1478 678 1534 belli
711 1478 902 1534 sedem
932 1475 1279 1548 delegerunt.
1310 1477 1496 1531 Cmsar
1529 1475 1757 1529 Romam
1792 1476 1969 1541 venit,
2007 1475 2028 1505 ⁸
2055 1488 2151 1528 ne-

547 1580 844 1640 gatamque
869 1569 970 1623 sibi
1002 1583 1068 1623 ex
1115 1567 1313 1622 aerario
1356 1567 1664 1637 pecuniam,
1715 1564 1906 1620 fractis
1941 1564 2148 1619 toribus

545 1661 785 1728 invadit,
815 1661 1156 1732 protulitque
1190 1675 1256 1716 ex
1282 1675 1350 1716 eo
1379 1660 1500 1715 auri
1535 1659 1716 1730 pondo
1741 1667 1978 1729 quatuor
2004 1657 2150 1712 mille

2251 458 2466 512 bertate
2496 473 2777 524 concessa,
2824 457 3039 512 caeteris
3085 457 3250 512 rebus
3277 455 3506 511 abrasit.
3543 457 3581 488 "
3614 458 3687 509 At
3719 470 3831 510 vero

2250 550 2534 608 Dolabella
2552 553 2594 583 ι’
2611 552 2844 622 partium
2866 549 3122 615 Caesaris,
3140 551 3193 604 in
3214 547 3433 620 Illyrico
3452 562 3554 617 per
3569 545 3832 601 Octavium

2247 652 2306 699 et
2325 643 2589 698 Libonem
2613 644 2813 709 victus,
2834 644 3116 712 c0piisque
3138 651 3355 708 exutus,
3389 641 3433 671 ¹³
3455 640 3527 694 ad
3549 639 3831 694 Antonium

2247 737 2404 808 fugit.
2441 736 2484 768 "
2511 736 2749 792 Basillus
2787 745 2844 791 et
2886 734 3180 791 Sallustius
3212 735 3256 765 ¹³
3285 749 3381 803 per
3409 732 3660 803 singulas
3688 731 3838 800 legio-

2250 844 2383 896 nes,
2414 828 2613 900 quibus
2644 838 2944 899 prmerant,
2996 825 3251 883 similiter
3266 833 3323 882 et
3349 825 3624 881 Antonius
3646 865 3665 892 ,
3714 823 3836 880 lior-

2255 919 2464 976 tensius
2514 936 2731 992 quoque
2764 921 2832 975 ab
2863 919 3050 973 inﬁmo
3091 920 3225 974 mari
3257 933 3381 973 cum
3411 918 3591 972 classe
3621 931 3838 970 concur-

2249 1029 2402 1080 rens,
2433 1028 2625 1068 omnes
2655 1013 2863 1083 pariter
2890 1012 3155 1067 adversus
3181 1010 3471 1066 Octavium
3500 1019 3558 1064 et
3587 1008 3835 1064 Libonem

2253 1105 2500 1176 profecti,
2522 1104 2684 1176 417
2703 1105 2746 1136 ¹⁶
2761 1114 2816 1160 et
2834 1103 2964 1158 victi
2983 1113 3130 1159 sunt.
3157 1101 3434 1158 Antonius
3455 1115 3580 1155 cum
3612 1115 3671 1155 se
3693 1100 3841 1156 Octa-

2251 1201 2341 1253 vio
2372 1200 2412 1229 ³⁷
2435 1214 2559 1252 cum
2591 1197 2906 1268 quindecim
2932 1195 3256 1252 cohortibus
3277 1194 3547 1260 dedisset,
3572 1209 3762 1248 omnes
3778 1193 3837 1248 ad

2253 1293 2568 1363 Pompeium
2591 1308 2620 1346 a
2643 1291 2855 1347 Libone
2875 1290 3098 1346 deducti
3130 1299 3279 1345 sunt.
3305 1290 3351 1322 ’⁸
3375 1288 3546 1344 Curio
3574 1304 3642 1344 ex
3667 1287 3838 1344 Sicilia

2252 1388 2306 1442 in
2333 1385 2575 1440 Africam
2597 1399 2721 1440 cum
2752 1384 2997 1438 exercitu
3021 1391 3401 1452 transgressus
3421 1390 3508 1436 est
3529 1397 3546 1437 :
3574 1395 3732 1450 quem
3752 1379 3838 1435 Ju-

2252 1478 2318 1533 ba
2350 1493 2443 1533 rex
2475 1477 2738 1533 continuo
2768 1486 3054 1546 exceptum
3095 1489 3217 1530 cum
3244 1471 3501 1529 omnibus
3527 1473 3702 1541 copiis
3726 1483 3830 1526 tru-

2249 1570 2476 1628 cidavit.
2546 1569 2802 1625 Octavius
2849 1567 3080 1623 Salonas
3127 1567 3168 1599 ”
3216 1580 3537 1637 oppugnare
3588 1572 3834 1632 conatus,

2250 1677 2442 1717 omnes
2473 1677 2610 1729 pene
2637 1660 2826 1730 cepias
2855 1673 2994 1730 quas
3023 1658 3180 1714 duxit
3207 1658 3408 1717 amisit.
3438 1656 3650 1713 Caelius
3671 1657 3835 1712 desci-

545 1765 771 1814 centum
798 1755 1022 1826 triginta
1045 1754 1306 1825 quinque,
1335 1755 1353 1784 ⁷
1375 1755 1586 1824 argenti
1611 1753 1791 1823 pondo
1819 1767 1986 1822 prope
2009 1766 2145 1806 non—
2179 1767 2223 1827 Β
2252 1753 2386 1808 vita
2413 1752 2661 1816 Caesare,
2711 1766 2777 1805 ac
2818 1766 2877 1806 se
2916 1749 3097 1805 Miloni
3140 1749 3313 1805 exsuli
3349 1749 3554 1818 junxit.
3599 1748 3835 1818 Cumque

547 1859 707 1923 genta
737 1849 926 1906 millia.
961 1847 1128 1920 416
1156 1847 1288 1903 lude
1315 1849 1596 1918 digressus
1621 1846 1928 1901 Ariminum
1967 1844 2032 1899 ad
2065 1845 2143 1899 le-

547 1944 763 2014 giones,
792 1957 919 1996 mox
951 1940 1117 2010 Alpes
1142 1951 1506 2008 transvectus,
1539 1938 1838 1993 Massiliam
1879 1939 2051 1999 venit,
2081 1936 2147 1992 ad

549 2051 712 2107 quam
762 2034 1216 2107 oppugnandam,
1264 2036 1285 2066 ⁸
1315 2050 1439 2091 cum
1495 2042 1751 2104 receptus
1802 2049 1911 2088 non
1969 2043 2148 2098 esset,

548 2129 868 2186 Tribouium
911 2143 1034 2184 eum
1086 2127 1259 2183 tribus
1311 2126 1616 2198 legionibus
1672 2126 2022 2196 relinquens,
2079 2124 2147 2178 ad

548 2221 842 2292 HiSpauias
878 2219 1197 2288 contendit,
1228 2236 1364 2289 quas
1411 2219 1476 2276 L.
1521 2219 1814 2284 Afranius,
1848 2227 1904 2274 ct
1947 2218 2014 2273 ll.
2048 2218 2149 2274 Pe-

548 2314 742 2381 treius,
775 2322 833 2369 et
861 2313 932 2368 Μ.
961 2311 1155 2382 Varro,
1192 2311 1510 2382 Pompeiani
1543 2312 1732 2377 duces,
1763 2327 1885 2367 cum
1919 2311 2148 2382 legioni-

549 2405 654 2462 bus
682 2405 1024 2462 obtinebant.
1077 2405 1152 2461 lbi
1194 2404 1378 2460 multis
1422 2405 1626 2475 pmliis
1670 2404 1949 2459 Petreium
1988 2404 2148 2459 Atra-

549 2500 812 2572 niumque
837 2508 1152 2571 superatos,
1193 2502 1214 2532 ’
1240 2498 1544 2570 composita
1592 2500 1851 2568 pactione
1872 2537 1886 2563 ,
1918 2497 2146 2552 dimisit.

550 2594 608 2651 in
633 2594 897 2652 ulteriore
939 2609 1070 2651 vero
1111 2593 1369 2664 Hispania
1402 2593 1536 2650 duas
1571 2592 1876 2664 legionesa
1901 2592 1974 2648 M.
2011 2591 2148 2648 Var-

549 2701 688 2743 rone
719 2686 980 2757 suscepit.
1033 2685 1298 2742 Similiter
1322 2695 1378 2742 et
1413 2685 1586 2742 duces
1617 2686 1768 2756 ejus,
1805 2685 1848 2717 '°
1877 2685 1982 2742 hoc
2025 2695 2147 2752 est,

547 2773 716 2832 Curio
742 2775 1006 2832 Catonem
1035 2774 1222 2832 Sicilia
1247 2775 1476 2847 expulit,
1506 2775 1754 2831 Valerius
1777 2776 1995 2831 Cottam
2020 2775 2150 2832 Sar-

547 2868 722 2937 dinia,
750 2869 1096 2929 Tuberonem
1119 2869 1307 2927 Africa
1343 2869 1518 2926 Varus
1535 2869 1720 2942 ejecit.
1749 2869 1936 2927 Caesar
1955 2868 2147 2926 Massi-

2250 1846 2412 1900 ambo
2452 1859 2736 1900 servorum
2779 1857 2940 1897 manu
2969 1841 3208 1913 Capuam
3239 1857 3555 1912 oppugnare
3586 1841 3837 1896 moliren-

2253 1946 2362 2003 tur,
2393 1937 2560 1992 occisi
2592 1943 2739 1990 sunt.
2774 1933 2999 1990 Bibulus
3025 1934 3168 2004 apud
3189 1932 3496 2004 Corcyram
3528 1933 3735 2002 pudore
3760 1933 3837 1988 vi-

2250 2039 2372 2084 ctus
2395 2069 2410 2094 ,
2437 2026 2582 2098 quod
2613 2025 2880 2082 custodia:
2906 2026 3025 2095 ejus
3048 2068 3063 2093 ,
3116 2041 3279 2094 quam
3323 2026 3520 2094 pelago
3557 2036 3613 2080 et
3650 2024 3838 2096 oppido

2252 2121 2659 2194 pra-tendebat,
2691 2121 2864 2175 hostis
2893 2120 3157 2184 illu'serat,
3187 2117 3367 2174 inedia
3396 2132 3521 2173 sese
3545 2118 3841 2190 vigiliisque

2252 2220 2506 2277 coniecit,
2535 2217 2580 2249 ²⁰
2622 2216 2830 2287 Appius
2868 2214 3131 2270 Claudius
3171 2211 3536 2279 Censorinus,
3577 2213 3842 2285 quijussn

2251 2309 2498 2378 Pompeii
2545 2309 2809 2366 Graeciam
2855 2309 3143 2373 tuebatur,
3184 2309 3300 2378 jam
3339 2308 3589 2362 abolitam
3628 2306 3841 2377 Pythici

2251 2404 2460 2459 oraculi
2506 2401 2670 2457 ﬁdem
2714 2401 2883 2456 voluit
2921 2402 3194 2472 experiri:
3237 2401 3430 2471 quippe
3452 2400 3520 2455 ab
3550 2414 3620 2455 eo
3645 2399 3843 2455 adacta

2252 2505 2405 2552 vates
2433 2495 2774 2552 descendere
2806 2495 2861 2549 in
2891 2510 3116 2563 specum
3142 2536 3157 2561 ,
3203 2493 3547 2564 respondisse
3576 2494 3751 2550 fertur
3776 2495 3844 2550 de

2251 2588 2400 2645 bello
2435 2588 2784 2644 consulenti:
2836 2585 2989 2641 Nihil
3017 2590 3085 2641 ad
3114 2597 3162 2641 te
3189 2588 3315 2654 hoc,
3360 2585 3624 2654 Romane,
3657 2587 3844 2642 bellum

2253 2685 2514 2752 pertinet,
2547 2683 2590 2713 ’ί
2624 2681 2836 2737 Ειιιιωτε
2861 2681 2991 2736 ctela
3021 2681 3294 2736 obtinebis.
3341 2679 3492 2737 Coela
3535 2693 3714 2738 autem
3753 2697 3845 2737 vo-

2251 2783 2382 2831 cant
2408 2775 2714 2830 Euboicum
2739 2775 2942 2829 sinum.
2974 2775 3048 2830 Ita
3079 2775 3286 2845 Appius
3313 2774 3573 2844 perplexa
3605 2775 3844 2831 incertus

2251 2877 2401 2924 sorte
2425 2865 2701 2922 discessit.
2725 2867 2771 2897 ²²
2801 2867 3074 2923 Admonet
3102 2881 3202 2923 nos
3227 2866 3431 2937 aliquid
3463 2867 3842 2925 obtrectatori-

1838 3010 2291 3069 HAVERCAMPI
2329 3011 2563 3069 NO'LE.

624 3125 680 3180 4.
720 3121 1079 3180 Trausmeato.
1113 3124 1260 3180 Flor.
1297 3133 1421 3182 lert.
1454 3125 1782 3183 transmisso.

626 3197 680 3268 5.
723 3194 956 3268 Recepit.
987 3197 1118 3252 Mss.
1142 3197 1389 3264 quidam,
1419 3199 1620 3268 recipit.
1651 3197 1754 3252 Prn
1782 3197 2140 3265 morabantur,

553 3265 678 3323 edd.
703 3266 949 3334 quaedam
972 3308 986 3330 ,
1009 3277 1175 3320 erant.

625 3337 680 3392 6.
725 3335 1081 3408 Negatamque
1109 3354 1171 3393 ea:
1195 3337 1384 3392 (trario
1404 3340 1695 3408 pecuniam.
1726 3338 2053 3408 lnterposuit
2084 3355 2144 3396 sc

552 3407 678 3480 huic
703 3409 781 3462 rei
806 3407 868 3462 L.
889 3407 1138 3480 Metellus
1161 3407 1412 3480 tribunus
1435 3411 1628 3475 plebis.
1658 3411 1798 3480 App.
1826 3407 1922 3465 lib.
1954 3427 2015 3476 ll,
2047 3412 2144 3467 Dio

552 3477 651 3534 lib.
687 3494 801 3546 xu,
828 3480 1028 3532 Lucan.
1065 3479 1160 3532 lib.
1194 3495 1275 3533 ιιι.
1305 3479 1470 3534 FABB.

624 3550 680 3604 7.
721 3548 932 3620 Argenti
972 3550 1169 3620 pondo.
1213 3549 1440 3615 lnquirit
1485 3551 1534 3602 in
1569 3550 1706 3604 hanc
1744 3566 2008 3606 suntmam
2041 3552 2143 3607 Btt-

551 3619 702 3694 dzeus
731 3619 809 3676 de
828 3624 966 3675 Asse
991 3619 1096 3694 libl
1129 3635 1198 3694 t_t_,
1238 3634 1362 3694 p_ag.
1401 3621 1507 3676 518
1529 3661 1546 3688 ,
1590 3637 1750 3694 quem
1784 3623 1937 3694 vide.
1968 3623 2139 3694 Lugd.

549 3690 856 3818 ga'tt.‘tres
891 3706 1011 3747 eum
1044 3690 1199 3746 Coll.
1245 3692 1486 3747 Gronov.
1537 3690 1739 3764 pondus
1779 3693 1882 3750 hoc
1923 3694 1975 3750 in
2023 3690 2144 3750 loco

589 3778 619 3818 e
643 3778 710 3818 en
744 3802 759 3817 .

589 3771 759 3818 etent.

622 3836 676 3889 8.
720 3833 849 3888 Cum
878 3842 1110 3905 receptus
1138 3849 1240 3888 non
1266 3843 1414 3905 esset.
1443 3833 1500 3888 In
1550 3849 1683 3889 mss.
1709 3834 2032 3905 quibusdam
2066 3837 2142 3893 le-

588 3903 694 3960 itur
747 3921 860 3968 cur,
897 3903 1046 3975 quOd
1094 3903 1149 3958 in
1186 3904 1440 3960 omnibus
1489 3905 1663 3961 Editis
1715 3903 1986 3964 Servatur.
2032 3908 2140 3964 Sed

598 3975 723 4048 ugd.
769 3975 912 4030 Batt.
947 3989 1060 4031 sec.
1089 3984 1146 4030 et
1173 3985 1354 4047 quart.
1394 3977 1641 4048 scribunt
1678 3993 1826 4043 cum,
1877 3980 2020 4048 quod
2053 3979 2142 4035 hic

548 4047 764 4102 videtur
793 4060 918 4102 esse
966 4047 1334 4119 reponendum
1354 4087 1368 4108 ,
1416 4047 1518 4102 nisi
1568 4048 1820 4104 malimus
1841 4047 2010 4119 quod,
2043 4065 2140 4118 pro

546 4132 651 4188 qua
685 4131 816 4172 voce
849 4118 1048 4186 passim
1079 4119 1131 4172 in
1163 4133 1294 4174 mss.
1329 4119 1609 4173 Orosianis
1644 4135 1738 4174 cur
1766 4118 1935 4176 scribi
1976 4118 2137 4176 Solet.

565 4258 576 4261 _
620 4189 675 4261 9.
717 4187 1012 4260 Composita
1055 4189 1312 4260 pactione.
1362 4189 1500 4245 Edd.
1531 4192 1776 4261 quaedam
1808 4192 2140 4248 interserunt

551 4258 759 4328 [mderia
789 4258 977 4315 centra
1011 4258 1143 4316 mss.

624 4331 715 4386 10.
756 4328 875 4407 Hoc
905 4340 1000 4407 est.
1039 4331 1194 4407 Solet
1221 4330 1294 4407 ita
1333 4330 1480 4407 loqui
1526 4332 1792 4407 0rosius._
1817 4333 1996 4407 Quare
2023 4345 2137 4407 post

551 4399 681 4466 lucc,
705 4400 849 4473 quod
877 4401 1002 4457 edd.
1035 4401 1252 4473 quidam
1281 4399 1502 4473 habent,
1534 4415 1685 4460 recte
1716 4405 1988 4473 rejiciunt.

623 4471 819 4528 “(At
843 4489 959 4528 vero
991 4471 1284 4527 Dolabella.
1329 4472 1487 4528 Hunc
1530 4473 1709 4530 locum
1735 4471 1966 4530 studiosi
2015 4477 2136 4532 dili-

547 4551 736 4614 genter
766 4543 947 4614 legere
974 4544 1208 4614 debent,
1263 4559 1384 4598 eum
1424 4552 1532 4600 tota
1581 4546 1699 4602 haec
1737 4562 1827 4602 res
1854 4562 1882 4601 a
1913 4543 2131 4606 Caesare

547 4613 655 4689 non
682 4613 856 4689 longe
887 4613 1150 4689 ab_initio
1186 4613 1280 4689 l_ib.
1334 4630 1395 4669 ttt
1418 4615 1486 4671 de
1515 4616 1660 4671 bello
1686 4618 1829 4672 civili
1860 4617 2129 4689 descripta

547 4683 907 4761 interciderit.
951 4684 1154 4761 Cadem
1195 4685 1438 4761 breviter
1486 4699 1739 4761 narratur
1780 4689 1854 4761 ab
1884 4683 2132 4761 Appiano

547 4764 606 4811 et
639 4757 837 4824 Dione,
886 4754 1034 4812 seda
1069 4754 1288 4811 Lucano
1337 4756 1510 4812 fusius
1557 4759 1887 4816 describitur
1928 4754 2022 4816 lib.
2055 4779 2127 4818 tv.

547 4824 686 4884 Vide
717 4827 936 4884 Florum
970 4828 1064 4882 lib.
1098 4842 1171 4895 tv,
1200 4842 1251 4882 c.
1283 4825 1339 4882 2.
1372 4827 1536 4884 FABR.

543 4898 708 5025 Cocta.
728 4896 995 4980 .Partium
1012 4897 1251 4954 Ctesaria.
1287 4899 1344 4954 ln
1373 4900 1696 4971 quibusdam
1717 4902 1869 4967 edd.,
1897 4918 1962 4958 ea:
1983 4914 2131 4975 parte

633 4985 788 5024 saris.

587 4984 767 5024 ωερε-ιε
775 5010 788 5024 .

616 5041 706 5098 15.
861 5040 1168 5114 Antonium.
1200 5041 1256 5097 In
1287 5041 1413 5099 cod.
1445 5041 1594 5098 Flor.
1619 5058 1703 5114 pr.
1738 5044 1819 5098 Ad
1851 5043 2132 5101 Antonium

515 5128 520 5132 '
540 5112 1018 5184 confugitjegitur.

618 5182 720 5238 14.
772 5182 1025 5239 Basillus.
1065 5183 1317 5238 Lucanus
1347 5184 1442 5239 lib.
1472 5199 1525 5239 tv
1553 5202 1566 5238 :
1593 5185 1661 5240 Et
1694 5185 1929 5242 Basilum
1959 5189 2132 5244 videre

545 5253 748 5310 ducem.
780 5255 889 5312 Sed
915 5255 986 5311 tle
1030 5257 1133 5312 hoc
1163 5258 1384 5311 nomine
1409 5255 1652 5312 dicemus
1682 5272 1733 5314 c.
1767 5258 1857 5313 18.
1887 5257 1988 5314 FAE
2002 5269 2054 5314 ιι.

616 5325 706 5382 15.
747 5324 853 5399 Per
891 5327 1123 5399 singulas
1155 5327 1398 5399 legiones.
1433 5326 1675 5384 Pessime
1719 5331 1772 5384 in
1802 5327 1998 5384 Orosio
2045 5333 2128 5386 al-

545 5394 722 5485 iectus
772 5396 866 5485 hic
915 5394 1230 5485 locus‘luiit'.
1281 5397 1418 5485 Cum
1468 5399 1522 5485 in
1566 5401 1840 5485 plerisque
1884 5403 2133 5485 mss._(ut

543 5465 804 5542 colligere
826 5467 960 5542 licet
985 5482 1053 5524 ex
1083 5469 1254 5524 tribus
1285 5465 1579 5542 Florentt.,
1600 5465 1771 5542 Lugd'.
1799 5472 1918 5528 Bat.
1945 5465 2128 5542 tertio,

541 5536 696 5612 Meo,
710 5537 978 5612 Perizon.
997 5547 1165 5612 atque
1203 5539 1330 5612 cod.
1362 5541 1528 5612 Aug.)
1561 5536 1868 5612 legeretur,
1904 5536 2135 5599 Basillus

540 5617 590 5665 et
620 5609 907 5682 Sallustius
935 5609 1172 5682 singulas
1203 5609 1720 5680 legionesfeditores
1749 5615 2002 5670 viderunt
2026 5615 2136 5674 im-

540 5681 843 5756 perfectum
864 5680 970 5737 hoc
997 5679 1161 5756 modo
1185 5679 1309 5756 esse
1329 5697 1574 5756 sensum,
1603 5693 1773 5756 atque
1797 5687 1866 5742 de
1895 5700 1995 5742 suo
2022 5685 2133 5740 lar-

538 5749 637 5827 giti
664 5759 793 5809 sunt
821 5760 1087 5823 parantes.
1118 5749 1272 5818 Quod
1305 5767 1474 5824 usque
1502 5755 1572 5812 ad
1603 5749 1911 5815 Fabricium
1941 5771 2134 5815 omnes

2171 3125 2216 3188 C
2249 3125 2375 3182 edd.
2425 3134 2651 3196 excepta
2681 3126 2914 3197 August.
2947 3127 3256 3196 occupavit.
3297 3125 3590 3184 Fabricius
3615 3139 3797 3184 autem
3823 3172 3836 3196 ,

2250 3198 2400 3252 nulla
2429 3199 2743 3252 mutationis
2785 3213 2900 3252 sua:
2931 3198 3144 3254 ratione
3171 3197 3257 3253 vel
3285 3200 3610 3255 auctoritate
3639 3201 3838 3265 addita,

2250 3270 2496 3338 reposuit
2521 3268 2826 3323 dividentes.
2853 3267 2901 3321 Ις
2925 3284 3163 3338 quoque,
3195 3270 3286 3339 qui
3311 3269 3556 3326 Florent.
3587 3271 3710 3325 cod.
3739 3281 3844 3326 ter-

2251 3341 2384 3395 tium
2434 3341 2714 3406 exaravit,
2766 3340 2957 3394 deesse
3002 3341 3207 3408 aliquid
3240 3340 3463 3409 videns,
3514 3343 3699 3396 verbis
3731 3342 3842 3397 illis

2246 3413 2432 3482 quibus
2461 3421 2740 3480 prwernnt,
2765 3411 3150 3480 superscripsit
3178 3411 3442 3466 ducentes.
3476 3414 3549 3468 At
3573 3428 3700 3480 ego,
3723 3430 3840 3467 cum

2246 3481 2298 3538 in
2330 3484 2500 3537 trihtts
2530 3482 2690 3537 codd.
2731 3496 2863 3536 mss.
2906 3481 3078 3550 Lugd.
3106 3482 3276 3546 Batt.,
3309 3492 3577 3552 praeterea
3615 3485 3670 3538 in
3703 3483 3838 3540 Ultr.

2246 3561 2300 3626 et
2331 3554 2384 3607 in
2413 3552 2546 3607 Coll.
2585 3553 2826 3609 Gronov.
2865 3552 3164 3626 invenerim
3199 3570 3290 3622 per
3308 3554 3569 3626 singulas,
3600 3571 3706 3610 non
3737 3558 3839 3609 du-

2248 3625 2412 3679 bitavi
2443 3639 2626 3679 veram
2657 3627 2795 3678 hanc
2819 3638 2942 3679 esse
2966 3624 3292 3695 lectionem,
3319 3624 3481 3695 atque
3506 3642 3572 3682 ex
3600 3641 3687 3690 ea,
3719 3642 3838 3682 cum

2244 3704 2523 3751 contracte
2567 3695 2900 3750 scriberetur
2950 3710 3072 3765 per,
3106 3694 3347 3750 editores
3397 3694 3603 3764 primos
3647 3696 3840 3753 fecisse

2246 3776 2516 3836 parantes.
2542 3767 2644 3822 Per
2679 3767 2922 3836 singulas
2958 3777 3139 3822 autem
3171 3767 3413 3835 legiones
3435 3767 3492 3822 hi
3523 3769 3646 3823 victi
3680 3779 3836 3834 sunt,

2243 3837 2388 3910 quod
2433 3853 2538 3892 non
2583 3837 2895 3910 conjunctis
2939 3836 3113 3906 copiis
3139 3882 3153 3905 ,
3196 3837 3290 3892 sed
3333 3840 3532 3910 singuli
3573 3854 3697 3894 cum
3740 3857 3837 3894 sua

2243 3907 2483 3990 legione,
2517 3908 2604 3963 cui
2631 3917 2921 3978 praeerant,
2957 3923 3174 3963 manum
3204 3923 3326 3963 cum
3352 3907 3512 3968 hoste
3537 3924 3835 3968 conserue-

2243 3990 2372 4034 1³1111.

2316 4051 2404 4124 16.
2431 4049 2502 4104 Et
2527 4051 2648 4105 victi
2677 4059 2816 4105 sunt.
2843 4050 2992 4106 Meus
3012 4049 3183 4108 codex
3206 4052 3643 4124 conjunctionem
3673 4064 3720 4108 el
3741 4071 3838 4112 ex-

2242 4122 2450 4192 pungit.

2307 4195 2421 4320 117.ι
2431 4192 2564 4320 lium
2591 4195 2884 4265 quindecim
2911 4195 3231 4254 cohortibus.
3265 4193 3371 4258 Ed.
3402 4199 3567 4269 Aug.,
3604 4213 3721 4251 cum
3758 4213 3830 4253 ιιι

2343 4280 2439 4320 ort
2481 4283 2559 4320 us.

2241 4267 2559 4321 cohortibus.

2314 4337 2404 4392 18.
2438 4337 2594 4394 Curio
2625 4346 2673 4393 et
2703 4339 2910 4396 Sicilia.
2943 4339 3072 4406 Quae
3103 4339 3193 4394 hic
3218 4339 3286 4394 de
3306 4337 3560 4396 Curionis
3583 4340 3826 4406 interitu,

2242 4417 2300 4482 et
2338 4409 2664 4482 Salouarum
2700 4414 3132 4482 oppugnatione,
3169 4411 3302 4482 item
3338 4412 3404 4467 de
3430 4413 3502 4468 Μ.
3531 4413 3733 4468 leiuo
3775 4424 3827 4468 et

2239 4478 2308 4606 LI“.
2339 4480 2536 4537 Milone
2558 4478 3030 4554 perstringuntur,
3065 4497 3127 4537 ea
3153 4481 3340 4538 Caesar
3372 4487 3591 4555 coitiose
3621 4494 3819 4540 narrat.

2285 4567 2406 4606 ABR.

2285 4567 2406 4606 ABR.

2312 4625 2401 4698 19.
2437 4624 2780 4698 oppugnare.
2807 4625 2936 4698 Mss.
2965 4625 3180 4698 quidam
3207 4642 3530 4698 expugnare.

2310 4693 2402 4749 20.
2443 4693 2955 4769 Appittsgljlaudiua.
2998 4697 3149 4752 Hanc
3184 4693 3297 4769 rem
3334 4693 3560 4769 exponit
3585 4696 3821 4753 Valerius

2241 4763 2334 4820 lib.
2362 4781 2402 4834 ι,
2435 4763 2572 4822 ο.’8.
2604 4766 2740 4822 Vide
2769 4767 2974 4823 Lucan.
3006 4769 3102 4822 lib.
3131 4784 3182 4823 ν.
3220 4768 3382 4824 FABB.

2311 4835 2403 4909 2|.
2446 4835 2655 4909 Euboea:
2693 4841 2837 4894 uela.
2881 4839 2937 4893 In
2981 4839 3260 4909 impressis
3289 4839 3491 4896 Valerii
3530 4839 3680 4896 libris
3706 4846 3816 4904 est,

2241 4905 2451 4980 Balnea:
2477 4908 2692 4980 cellam;
2736 4912 2787 4964 in
2834 4905 3230 4980 manuscripto,
3278 4909 3490 4967 Eubtea:
3523 4914 3728 4978 mlunt,
3767 4918 3821 4964 et

2240 4977 2462 5046 deinde,
2490 4979 2633 5034 cwlte
2654 4981 2860 5036 eubteaz.
2895 4977 3147 5038 Lucanus
3178 5000 3190 5036 :

2539 5133 2557 5158 ,ν
2588 5129 2601 5142 .
2646 5134 2656 5144 .
2691 5093 2937 5158 Solusque
2958 5097 3180 5154 quietem

2363 5133 2564 5206 Euboici
2584 5133 3401 5212 i'astaiate‘iisvcbbv'allgtenebis.
3608 5159 3754 5212 Fasti.

2307 5261 2398 5316 22.
2425 5261 2678 5317 Admonet
2699 5279 2816 5330 nos,
2851 5274 2959 5321 etc.
2989 5264 3270 5330 Vulgatam
3295 5266 3439 5322 hanc
3463 5267 3744 5323 lectionem
3771 5263 3815 5318 si

2236 5335 2594 5408 retineamus,
2620 5336 2897 5408 consulere
2917 5335 3118 5408 aliquid
3141 5337 3588 5400 obtrectatoribus.
3617 5336 3814 5408 signiti:

2235 5404 2415 5470 cabit,
2458 5405 2703 5474 proferre
2733 5406 2938 5476 aliquid
2984 5404 3036 5461 in
3080 5423 3267 5462 eorum
3309 5404 3685 5464 Commodum:
3715 5404 3817 5473 Qui

2238 5490 2305 5544 an
2328 5489 2522 5531 sensus
2551 5478 2622 5530 sit
2647 5477 2802 5542 hujus
2826 5476 2928 5531 loci
2951 5477 3104 5533 valde
3129 5479 3345 5544 dubito;
3381 5481 3676 5542 prmsertim
3696 5492 3816 5533 cum

2239 5542 2294 5600 in
2323 5546 2495 5622 tribus
2537 5547 2970 5622 mss_.__It‘lor_entt.
3005 5542 3340 5622 totidemque
3364 5550 3537 5622 Lugd.
3571 5551 3708 5606 Batt.
3743 5558 3819 5601 at-

2239 5631 2346 5685 quc
2388 5619 2611 5688 insuper
2650 5617 2786 5672 Ultr.
2829 5618 3042 5688 legatur
3081 5619 3142 5673 ab
3173 5617 3608 5678 obiret-talaribus
3637 5623 3818 5676 nostri:

2239 5687 2631 5762 consultoriste
2657 5687 2938 5762 consulere.
2974 5691 3281 5758 Quomodo,
3315 5695 3360 5748 si
3392 5709 3491 5762 pro
3516 5694 3703 5750 saeculi
3735 5690 3816 5746 sui

2239 5767 2403 5830 captu
2432 5759 2719 5831 scripserit
2745 5759 2995 5831 Orosius,
3024 5761 3356 5834 signiﬁcabit
3384 5759 3532 5822 idem
3555 5765 3697 5836 quod
3728 5764 3814 5818 ob-
