4028 6292
264 253 401 308 1053

1287 257 1764 316 lllSTORlARUM
1801 257 2008 314 LIBER
2050 257 2139 315 Vl.
2179 263 2336 319 CAP.
2386 263 2502 320 XV.

3405 270 3543 327 1034

261 368 363 423 bus
389 369 592 425 nostris
621 370 901 428 consultor
927 373 1028 442 istc
1055 377 1364 435 consulere.
1409 379 1719 446 Queruntur
1745 381 1850 435 uti-
1876 384 1926 443 Α
1953 387 2045 450 get
2067 382 2356 438 esuriens?
2387 380 2519 436 Nam
2537 393 2582 424 εο
2601 381 2739 437 sicut
2770 381 2870 452 ipsi
2891 382 3152 451 fatentur,
3185 384 3277 440 vel
3299 385 3552 453 obscura,

260 475 366 530 que
407 460 514 517 lide
537 460 968 521 Christianorum
1001 467 1102 523 sibi
1141 485 1301 527 sacra
1335 472 1649 540 interdicta,
1678 491 1846 531 cmre-

260 551 584 620 moniasque
610 552 874 623 sublatas,
906 556 953 587 ³³
982 566 1038 611 et
1062 559 1133 611 ob
1158 559 1262 616 hoc
1285 563 1550 631 maxime,
1578 565 1720 636 quod
1759 582 1852 621 ex-

259 640 330 696 tis
374 643 752 714 vaticiniisque
800 649 1143 703 cessantibus
1192 652 1387 708 futurae
1433 652 1600 727 418
1645 656 1848 722 clades,

258 735 383 805 quia
411 735 537 791 sciri
565 736 612 767 "’
643 747 945 808 nequeunt,
977 756 1084 795 non
1113 743 1373 799 vitantur.
1405 743 1514 800 Cur
1535 762 1667 816 ergo
1692 747 1853 816 longe

259 835 388 882 ante
418 827 708 897 imperium
730 829 962 886 Caesaris
994 831 1440 905 nativitatemque
1465 834 1688 903 Christi,
1714 839 1855 893 sicut

266 919 510 989 ipsorum
540 930 790 977 auctores
814 929 1141 979 attestantur
1160 966 1176 992 ,
1213 925 1414 982 abolita
1441 926 1618 982 fuerat
1642 928 1852 999 Pythici

261 1013 470 1069 oraculi
510 1013 681 1070 ﬁdes?
721 1015 936 1072 Abolita
962 1027 1146 1072 autem
1175 1017 1322 1087 ideo,
1366 1021 1489 1090 quia
1517 1031 1849 1092 contempta.

261 1105 430 1162 Porro
461 1117 642 1164 autem
673 1124 842 1180 quare
869 1120 1213 1182 contempta,
1255 1113 1358 1168 nisi
1400 1115 1525 1184 quia
1567 1115 1653 1170 vel
1694 1114 1852 1182 falsa,

259 1198 344 1253 vel
371 1214 540 1266 vana,
584 1201 670 1256 vel
708 1201 919 1258 dubia?
957 1203 1102 1260 unde
1131 1208 1430 1275 prudenter
1455 1207 1502 1238 ’³
1531 1216 1685 1277 poeta
1718 1223 1853 1278 prae-

259 1292 476 1348 monuit
509 1312 521 1345 :

386 1403 654 1456 Inconsulti
678 1406 882 1470 abeunt,
905 1409 1177 1475 sedemque
1201 1411 1358 1463 odere
1382 1412 1615 1478 Sibyllae:

260 1509 331 1572 Et
359 1526 430 1567 ne
457 1511 597 1568 forte
628 1515 778 1583 parvi
805 1514 858 1570 id
887 1515 1131 1586 pendant
1158 1558 1172 1583 ,
1204 1518 1347 1587 quod
1377 1529 1694 1590 contemptu
1727 1520 1856 1577 abo-

262 1602 417 1659 litum
447 1615 610 1675 atque
638 1609 978 1677 antiquatum
1012 1609 1130 1676 fuit,
1160 1609 1264 1665 hoc
1286 1619 1389 1676 est,
1415 1620 1508 1664 aut
1531 1627 1732 1668 numen
1764 1623 1857 1668 aut

261 1695 451 1751 sedem
474 1737 490 1764 ,
519 1696 566 1728 "
593 1697 794 1768 Apollo
824 1699 914 1754 ille
940 1699 1164 1770 Pythius
1189 1709 1329 1768 erat,
1359 1717 1520 1773 quem
1546 1704 1725 1760 lerunt
1745 1720 1859 1758 ma-

261 1805 372 1860 gno
395 1790 495 1847 illo
521 1792 566 1822 ’⁷
596 1791 842 1863 Pythone
868 1803 1122 1863 serpente
1151 1795 1471 1864 interfecto,
1518 1800 1682 1854 totius
1722 1800 1860 1855 vati-

263 1883 558 1939 cinationis
583 1894 808 1940 auctore
836 1894 892 1940 et
921 1887 1190 1956 principe,
1234 1887 1509 1945 hzeredem
1537 1899 1592 1946 et
1621 1891 1767 1948 sedis
1805 1903 1859 1947 et

264 1974 626 2030 divinationis
655 1985 709 2031 et
737 1977 972 2032 numinis
995 1978 1270 2036 exstitisse
1299 1997 1312 2033 :
1358 1980 1540 2052 ibique
1579 1997 1702 2038 eum
1734 1985 1862 2040 red-

264 2065 401 2123 dere
421 2067 654 2137 elegisse
676 2083 962 2138 responsa,
987 2070 1079 2125 ubi
1103 2080 1224 2126 orla
1245 2087 1368 2126 cum
1391 2081 1616 2129 auctore
1638 2076 1749 2144 ipsa
1773 2077 1859 2130 di-

264 2157 472 2213 vinatio
499 2159 785 2216 videbatur
809 2178 823 2214 :
869 2171 1132 2231 prazterea
1156 2179 1319 2234 quem
1351 2180 1446 2234 per
1474 2166 1616 2222 alias
1644 2184 1862 2239 quoque

262 2259 534 2306 terrarum
559 2262 742 2321 partes
773 2255 1160 2322 spumantibus
1186 2256 1398 2324 buccis,
1423 2259 1722 2331 rabidoque
1751 2261 1861 2317 dis-

260 2356 426 2400 cursu
468 2346 644 2400 omnis
687 2346 1012 2404 luriatorum
1055 2358 1232 2405 ructat
1271 2351 1482 2407 insania
1509 2395 1523 2419 ,
1588 2355 1655 2410 ad
1699 2371 1859 2425 quem

251 2435 482 2506 plurimi
530 2445 798 2507 terrarum
846 2456 1039 2512 reges,
1088 2443 1243 2512 quasi
1285 2445 1331 2476 ³⁸
1368 2445 1435 2500 ad
1464 2446 1640 2502 vivam
1667 2463 1858 2506 vocem

259 2529 500 2585 consulti
541 2532 779 2587 numinis
819 2543 1247 2602 concurrerunt,
1284 2536 1373 2592 cui
1414 2539 1719 2609 saepissime
1759 2542 1860 2612 ipsi

261 2631 480 2690 quoque
506 2619 736 2677 Romani
767 2623 1184 2693 opulentissima
1208 2627 1352 2681 dona
1379 2628 1668 2685 miserunt.
1719 2631 1791 2685 At
1814 2631 1858 2687 si

259 2708 459 2780 Apollo
491 2711 597 2766 iste
626 2711 852 2783 Pythius
882 2715 1141 2785 paulatim
1179 2715 1533 2775 discernente
1572 2721 1862 2790 experien-

261 2801 340 2857 tia
371 2813 738 2874 contemptus,
765 2807 992 2863 relictus
1020 2819 1183 2886 atque
1209 2811 1446 2866 abolitus
1472 2820 1594 2880 est,
1621 2813 1753 2884 quid
1782 2815 1862 2869 vi-

259 2911 393 2951 vum
425 2895 495 2952 de
524 2906 742 2954 mortua
773 2899 1002 2969 pecude,
1027 2901 1158 2970 quid
1189 2917 1381 2957 verum
1408 2903 1478 2959 de
1503 2913 1721 2962 amente
1747 2920 1862 2961 mu-

257 2989 492 3047 liercula
515 2991 725 3060 sperari
753 2993 975 3061 potest?
1003 2991 1145 3062 Quid
1175 3001 1477 3064 postremo,

391 3104 435 3136 ²⁹
460 3102 654 3154 [enavit
673 3116 782 3155 cum
807 3105 1004 3168 pinguis
1027 3105 1151 3155 ebur
1174 3105 1458 3170 Tyrrhenus
1481 3109 1542 3159 ad
1566 3122 1695 3172 aras,

254 3228 428 3304 519
468 3231 728 3304 expositis
757 3233 952 3305 opimae
985 3233 1209 3304 pecudis
1255 3235 1550 3305 intestinis,
1601 3253 1711 3296 non
1741 3241 1851 3297 lin-

1954 473 2038 530 vel
2073 473 2207 530 falsa
2231 475 2487 542 dicendo,
2526 476 2643 546 ipse
2673 476 2867 545 Apollo
2908 476 3142 532 seducit.
3179 476 3551 544 Quamobrem

1955 586 2112 642 aequo
2135 573 2318 627 animo
2341 571 2536 637 ferant,
2559 571 2602 602 ³¹
2623 571 2725 626 etsi
2751 571 2949 626 imitari
2975 571 3189 626 interim
3215 572 3428 636 nolunt,
3456 587 3556 626 nos

1954 662 2007 718 id
2039 665 2288 719 veritatis
2310 663 2518 732 judicio
2551 664 2712 718 etiam
2746 663 3057 731 prohibere,
3088 661 3230 732 quod
3255 673 3555 732 potuerunt

1955 757 2191 827 majores
2220 771 2430 823 eorum,
2458 759 2544 812 vel
2570 756 2905 827 experiendo
2934 766 3308 813 contemnere.
3339 758 3555 813 Interea

1954 849 2098 916 apud
2151 848 2509 918 Dyrrachium
2559 849 2714 902 multi
2771 848 3016 904 Orientis
3058 865 3217 919 reges
3265 850 3334 906 ad
3387 851 3554 904 Pom-

1955 941 2138 1011 peium
2169 955 2292 997 cum
2317 941 2532 996 auxiliis
2558 941 2602 972 ³¹
2634 950 3032 998 convenerunt.
3065 943 3185 1010 Quo
3215 958 3339 997 cum
3371 945 3553 999 Caesar

1956 1033 2220 1098 venisset,
2263 1032 2579 1101 Pompeium
2607 1031 2894 1087 obsidione
2917 1031 3117 1086 frustra
3159 1032 3348 1098 cinxit,
3377 1034 3422 1064 ³³
3444 1035 3559 1103 ipse

1959 1134 2159 1181 terram
2204 1124 2251 1155 ”
2281 1124 2590 1195 quindecim
2643 1126 2875 1180 millium
2929 1140 3184 1195 passuum
3233 1126 3376 1181 fossa
3421 1141 3562 1196 pra:-

1957 1224 2334 1279 struens,cum
2361 1215 2435 1270 illi
2460 1217 2629 1272 maria
2657 1226 2929 1287 paterent.
2955 1217 3248 1287 Pompeius
3279 1219 3559 1274 castellum

1957 1308 2228 1380 quoddam
2255 1307 2619 1379 proiiinquum
2646 1309 2804 1375 mari,
2826 1309 2872 1342 ³⁵
2893 1308 3038 1379 quod
3068 1307 3418 1364 Marcellinus
3444 1319 3564 1364 tue-

1957 1399 2138 1468 batur,
2168 1399 2387 1465 evertit,
2418 1399 2783 1469 prmsidiaque
2808 1397 3042 1455 Caesaris
3067 1416 3190 1470 qua:
3221 1401 3418 1456 ibidem
3451 1417 3565 1455 mo-

1959 1492 2226 1547 rabantur
2267 1491 2492 1546 occidit.
2541 1492 2727 1546 Czesar
2773 1491 3109 1562 Torquatum
3176 1491 3561 1563 legionemque

1961 1597 2147 1651 unam,
2192 1591 2251 1637 ut
2290 1590 2645 1653 expugnaret,
2689 1597 2984 1653 aggressus
3027 1593 3134 1638 eSt.
3171 1583 3283 1638 Hoc
3314 1586 3561 1653 periculo

1961 1675 2239 1729 sociorum
2271 1675 2565 1744 Pompeius
2593 1675 2835 1744 cognito,
2866 1689 3058 1729 omnes
3095 1689 3162 1729 co
3209 1675 3398 1743 c0pias
3428 1690 3565 1730 con-

1887 1756 1934 1817 B
1965 1767 2170 1822 traxit:
2200 1765 2252 1819 in
2295 1781 2457 1836 quem
2505 1781 2564 1820 se
2591 1764 2738 1819 illico
2787 1761 2972 1818 Cccsar
3015 1763 3222 1818 omissa
3274 1765 3565 1820 obsidione

1961 1858 2255 1914 convertit.
2277 1857 2592 1929 Torquatus
2616 1866 2798 1913 autem
2823 1872 2853 1912 e
2875 1857 3165 1925 vestigio“
3179 1871 3563 1928 prorumpens,

1961 1965 2211 2007 aversum
2257 1951 2540 2006 insecutus
2567 1961 2671 2005 est.
2709 1951 2785 2004 Ita
2811 1950 3048 2004 Caesaris
3094 1949 3300 2005 milites
3329 1950 3556 2020 ancipiti

1962 2042 2209 2113 periculo
2237 2043 2436 2109 territi,
2474 2042 2592 2112 ipso
2621 2042 2840 2098 Caesare
2876 2041 3077 2096 frustra
3107 2041 3434 2106 obsistente,
3465 2041 3558 2096 fu-

1962 2143 2179 2206 gerunt.
2213 2135 2504 2205 Pompeius
2531 2150 2661 2190 vero
2680 2136 2724 2168 ³⁷
2747 2134 2981 2190 Οωεειιῑε
3004 2150 3222 2205 quoque
3251 2135 3567 2191 testimonio

1965 2231 2166 2295 victor,
2205 2239 2624 2300 persequentem
2664 2229 2941 2284 revocavit
2981 2230 3314 2285 exercitum.
3348 2230 3393 2265 ³⁸
3419 2229 3565 2296 Qua-

1968 2329 2096 2377 tuor
2143 2322 2313 2376 millia
2357 2323 2590 2378 militum
2637 2322 2893 2391 Caesaris,
2948 2323 3308 2380 centuriones
3365 2324 3565 2396 viginti

1969 2412 2100 2481 duo,
2135 2413 2179 2447 ³⁸
2211 2415 2529 2486 equitesque
2580 2415 2813 2470 Romani
2856 2417 3172 2485 complures
3200 2416 3366 2489 420
3407 2417 3458 2471 in
3496 2433 3564 2472 eo

1964 2503 2156 2573 ιιι-ωηο
2185 2505 2316 2559 caesi
2348 2514 2497 2562 sunt.
2533 2507 2713 2560 Caesar
2744 2505 2873 2563 inde
2904 2507 3072 2561 citato
3108 2510 3325 2578 agmine
3356 2524 3454 2578 per
3487 2508 3559 2562 Ε-

1963 2595 2141 2665 pirum
2175 2595 2229 2650 in
2275 2595 2612 2652 Thessaliam
2646 2598 2905 2667 perrexit.
2953 2597 3241 2668 Pompeius
3272 2615 3397 2654 eum
3446 2615 3590 2654 mar

1964 2688 2127 2742 ximis
2175 2688 2346 2759 copiis
2388 2699 2643 2756 secutus,
2692 2690 3005 2760 bellumque
3049 2692 3405 2746 commissum
3455 2701 3561 2747 est.

1962 2776 2148 2848 Itaque
2181 2777 2226 2809 ¹⁶⁰
2271 2779 2563 2834 instruitur
2609 2778 2878 2850 utrimque
2931 2779 3102 2835 acies.
3153 2781 3194 2811 "‘
3255 2780 3550 2852 Pompeius

1962 2869 2235 2940 octoginta
2276 2880 2331 2927 et
2382 2881 2508 2926 octo
2550 2871 2809 2927 cohortes
2854 2871 3056 2942 triplici
3105 2871 3296 2928 ordine
3341 2875 3567 2930 locavit.

1964 2959 2213 3017 Fuerunt
2234 2971 2418 3020 autem
2445 2963 2695 3033 peditum
2721 2963 3077 3035 quadraginta
3107 2965 3298 3033 millia,
3341 2967 3554 3037 equites

1963 3051 2019 3109 in
2042 3055 2262 3112 sinistro
2283 3071 2452 3112 cornu
2481 3057 2747 3122 sexcenti,
2782 3055 2836 3110 in
2868 3056 3061 3112 dextro
3085 3057 3386 3128 quingenti,
3421 3073 3569 3128 prae-

1881 3126 1928 3190 C
1962 3155 2108 3204 terea
2165 3163 2322 3220 reges
2373 3149 2562 3216 multi,
2616 3159 2920 3218 senatores,
2972 3126 3292 3222 equitesque
3340 3126 3570 3207 Romani

1955 3245 2175 3316 plurimi
2222 3244 2428 3316 absque
2468 3242 2514 3275 “
2563 3243 2765 3300 levium
2806 3250 3202 3300 armaturarum
3243 3258 3438 3316 magna
3471 3258 3568 3300 co-

1541 3377 1991 3442 HAVERCAMPI
2030 3384 2260 3443 NOTAE.

258 3483 863 3561 trectatorescons‘ulere
883 3527 898 3553 ,
927 3488 967 3544 i.
999 3503 1049 3544 e.
1087 3487 1452 3561 interrogare,
1475 3501 1640 3561 prout
1669 3494 1855 3551 statim

259 3559 418 3626 facit,
453 3560 508 3614 in
538 3558 669 3622 illis,
695 3557 800 3612 Cur
827 3574 973 3628 ergo,
1002 3568 1112 3615 etc.

332 3631 429 3702 23.
465 3628 533 3702 Et
564 3632 626 3685 ob
653 3631 749 3683 hoc
775 3631 1021 3702 maxime.
1044 3629 1300 3702 “lnimss.
1345 3630 1614 3690 Florentt.
1658 3635 1856 3702 tribus,

258 3701 442 3782 Lugd.
467 3700 608 3759 Batt.
632 3709 941 3782 quatuor_et
960 3699 1363 3782 Coll..Grouov..
1385 3711 1548 3782 atque
1567 3713 1705 3782 vett.
1729 3699 1853 3782 edd.

258 3771 493 3843 legitur,
550 3783 598 3826 et
614 3774 689 3843 ob
705 3771 806 3843 hoc
831 3771 948 3826 ideo
972 3772 1219 3843 maxime,
1251 3773 1356 3827 nisi
1378 3771 1522 3842 quod
1547 3775 1606 3828 ob
1629 3776 1771 3831 absit
1791 3779 1859 3831 ab

257 3841 405 3900 edit.
438 3843 576 3913 Aug.
611 3841 898 3913 vulgatam
927 3842 1214 3898 lcetionem
1241 3841 1408 3898 Meus
1435 3855 1488 3898 et
1518 3844 1696 3904 Periz.
1727 3861 1859 3902 con-

259 3917 492 3971 ﬁrmant
519 3912 641 3968 eum
669 3912 809 3968 Ultr.
841 3928 1013 3982 eaque
1039 3913 1170 3968 satis
1198 3914 1367 3982 proba
1393 3925 1500 3969 est.

342 3983 438 4059 ξιξ.
473 3983 776 4059 lyequeunt.
803 3982 973 4059 Lugd.
1003 3983 1354 4059 Batt.__pr._et
1383 3994 1517 4059 tert.
1537 4030 1551 4053 ,
1584 3997 1858 4059 nequeant.

345 4054 442 4110 25.
470 4053 635 4125 Poeta
656 4056 988 4125 praeuenit.
1021 4053 1210 4124 Virgil.
1236 4053 1454 4110 IEneid.
1484 4071 1564 4122 ιιι,
1599 4053 1729 4114 452.

337 4125 436 4180 26.
468 4123 793 4201 Apollo'_iste
833 4123 1059 4201 Pythius
1099 4123 1232 4201 erat.
1277 4125 1721 4201 Edjt._August._,
1749 4129 1862 4201 Py-

257 4198 417 4254 thon.
441 4195 647 4279 AApollo
676 4196 781 4279 iste
800 4204 931 4279 erat.
962 4196 1020 4279 in
1052 4195 1244 4279 eodem
1270 4196 1405 4279 cod.
1424 4195 1637 4279 haec'ex
1665 4195 1854 4279 Glossa

256 4276 489 4349 recepta
517 4264 926 4349 pracedebant:
951 4264 1140 4389 Alpollo
1163 4267 1408 4321 successit
1443 4269 1608 4325 lateres
1637 4271 1861 4351 serpenti

257 4343 325 4412 in
355 4337 677 4412 divinatione
698 4333 932 4406 Python.
1025 4345 1103 4391 ost
1143 4335 1333 4407 Apollo
1372 4343 1617 4395 successit
1657 4340 1865 4412 Sibylla

257 4411 324 4466 in
351 4408 695 4462 divinatione.

342 4479 457 4550 21:
480 4478 720 4550 Pythone
745 4488 998 4550 serpente.
1039 4477 1117 4536 De
1141 4477 1389 4549 Pythone
1416 4479 1783 4540 Callimachus
1811 4483 1866 4538 in

261 4549 589 4622 Apollinem
610 4566 627 4605 :

397 4659 504 4698 11υοὺ
521 4671 582 4696 τοι.
597 4659 762 4698 mam
784 4659 979 4707 συν-ἠντιτο
1003 4637 1186 4707 Santoni/ag
1209 4658 1302 4710 θήρ,

403 4716 511 4767 Alvos
532 4718 624 4771 ὄφις,
645 4721 709 4758 τὸν
736 4721 799 4770 μὶν
816 4721 862 4759 σὺ
884 4721 1099 4772 usque“.
1119 4717 1231 4760 ἄλλον
1256 4717 1420 4772 Hm»,

403 4735 511 4767 ηινος
532 4735 624 4771 apte,
645 4735 709 4758 τον
736 4735 799 4770 μιν
816 4735 862 4759 συ
884 4735 1046 4772 usque

399 4781 545 4821 Βάλλαν
567 4782 658 4821 ὀδὼν
680 4784 818 4821 dinem.

256 4875 392 4953 ξω
423 4886 549 4932 est:

398 4969 640 5035 ljorridus
658 4970 874 5035 occurrit
895 4982 1102 5035 serpens
1120 4970 1227 5020 fera
1247 4971 1441 5035 bestia,
1468 4971 1624 5035 Pytho
1651 4984 1663 5019 :

400 5011 639 5095 {iam
657 5011 970 5095 assuage;
982 5011 1530 5095 ‘b‘é’i‘idﬁétaiaiiiiieis
1543 5011 1663 5082 ὶῖεἱιί
1674 5071 1688 5094 ,

400 5091 640 5144 Contiuua
661 5093 886 5143 volucres
904 5091 1020 5142 dum
1039 5094 1212 5156 dirigis
1233 5098 1341 5144 arte
1364 5097 1584 5156 sagittas.

255 5194 580 5269 Dionysius
606 5193 736 5269 liter
757 5192 1025 5269 ⁸δρὸικρντοξ
1051 5194 1287 5269 δελφρνην
1333 5194 1588 5264 appellat.
1621 5191 1866 5248 Tibullus

251 5270 372 5329 lib.
404 5262 464 5335 ti,
495 5265 580 5319 ubi
608 5262 867 5334 Delphica
897 5265 1115 5335 Pytho?
1144 5262 1314 5320 FABR.

342 5337 440 5394 28.
483 5335 565 5389 Ad
594 5336 757 5405 vivam
791 5351 985 5389 vocem.
1023 5336 1124 5391 Ed.
1162 5336 1325 5405 Aug.,
1367 5335 1436 5392 ad
1480 5351 1640 5389 unam
1669 5349 1865 5390 rocem.

253 5410 405 5469 Mox
430 5420 561 5462 mss.
594 5414 650 5459 ct
673 5404 830 5461 cditt.
858 5405 1126 5475 quzedam,
1159 5404 1548 5459 concurrerunt.

341 5477 440 5534 29.
483 5475 698 5546 lnﬂarit
727 5491 840 5529 cum
871 5474 1096 5546 pinguis.
1124 5475 1327 5532 Versus
1349 5485 1432 5530 est
1452 5474 1658 5544 Virgilii
1690 5475 1757 5531 de
1785 5489 1870 5530 se-

254 5548 462 5610 cundo
490 5545 634 5604 libro
659 5545 858 5613 Georg.
900 5545 1066 5601 FABR.

345 5621 444 5675 ὅθ.
486 5617 632 5672 Sicut
659 5617 758 5687 ipsi
788 5617 1032 5687 fatentur.
1077 5617 1210 5674 Sine
1239 5615 1399 5671 modo
1428 5615 1544 5671 haec
1563 5615 1714 5687 prius
1740 5629 1870 5670 con-

251 5695 398 5752 fusa
429 5684 752 5758 legebantur
780 5684 859 5758 sic
893 5704 906 5740 :
937 5687 1060 5740 Non
1079 5689 1271 5758 ﬁngent
1294 5688 1523 5758 esuriens
1549 5686 1575 5740 ?
1596 5684 1737 5758 Nam
1759 5688 1864 5758 sic-

260 5772 332 5824 ut
361 5757 684 5832 ipsi.Lsur.
720 5785 791 5797 —
813 5757 1041 5827 Vulgata
1075 5757 1221 5814 reete
1251 5773 1311 5816 se
1346 5757 1546 5824 habet,
1582 5757 1721 5813 nihil
1760 5757 1867 5813 im-

568 5851 847 5915 ΡΑτιιοι.
893 5848 1136 5912 XXXI.

1961 3498 2304 3554 mutandum.

2033 3570 2125 3643 51.
2168 3568 2284 3643 Etsi
2314 3570 2516 3643 imitari
2554 3569 2762 3643 interim
2801 3568 3008 3624 nolunt.
3065 3570 3194 3643 ita,
3237 3578 3555 3643 reponendo

1961 3641 2058 3719 etsi
2089 3641 2278 3719 pro-si,
2314 3640 2556 3719 scribere
2596 3639 2793 3719 jubeut
2840 3655 3033 3696 omnes
3062 3641 3223 3719 codd.
3257 3639 3427 3713 mss.;
3462 3665 3561 3719 pro

1961 3709 2167 3764 interim
2198 3709 2372 3777 Lugd.
2400 3711 2518 3764 Bat.
2550 3726 2634 3778 pr.
2664 3711 2885 3777 insuper
2915 3721 3059 3766 amat
3087 3713 3140 3765 in
3163 3721 3382 3771 tantum.

2033 3780 2123 3835 52.
2165 3779 2538 3835 Convenerunt.
2593 3778 2741 3834 Flor.
2774 3794 2882 3848 pr.,
2908 3791 3173 3835 venerunt.

2036 3850 2127 3922 53.
2152 3849 2292 3922 Alpse
2319 3860 2525 3922 terreni
2555 3851 2848 3920 quindecim
2879 3851 3099 3904 millium
3144 3869 3412 3921 passuum.
3443 3857 3558 3914 Mu-

1966 3918 2454 3988 nitionis'Spatium
2487 3918 2672 3974 Cresar
2698 3935 2806 3974 non
2837 3918 3297 3988 expressit,'sicut
3322 3941 3423 3979 nec
3453 3927 3560 3984 Lu-

1967 4005 2134 4047 canus
2159 3991 2314 4045 initio
2340 3991 2438 4045 lib.
2480 4005 2551 4044 vt.
2589 3991 2823 4056 Appian.
2871 3992 2966 4044 lib.
3003 4007 3068 4054 ιι,
3115 3993 3360 4058 σταδίους
3391 3996 3564 4056 διακο-

1967 4064 2107 4122 aloe;
2136 4064 2222 4117 καὶ
2250 4062 2453 4133 χιλίους
2478 4059 2610 4133 edit.
2650 4059 2846 4133 Florus
2874 4061 3064 4133 scribii
3091 4061 3366 4120 Cmsarem
3401 4068 3562 4126 Pom-

1970 4133 2074 4204 peii
2108 4130 2289 4204 castra
2323 4147 2409 4204 xvi
2437 4131 2665 4204 millium
2695 4130 2833 4204 vallo
2859 4130 3180 4204 obduxisse.
3217 4135 3385 4192 FABR.

2035 4204 2123 4280 5i.
2161 4201 2468 4280 Quindecim
2488 4200 2732 4255 millium.
2765 4199 2894 4255 Mss.
2926 4201 3130 4271 aliquot
3159 4218 3366 4277 amant,
3400 4213 3556 4280 quiu-

1964 4274 2133 4328 decim
2156 4273 2403 4327 millibus.

2037 4345 2130 4399 55.
2164 4343 2318 4422 Quod
2351 4342 2711 4422 liarcellinus.
2751 4341 3016 4398 Lentulus
3040 4342 3384 4406 Marcellinus
3407 4367 3557 4422 quae-

1968 4423 2088 4469 stor
2120 4433 2132 4468 :
2158 4414 2364 4469 Caesar.
2390 4415 2556 4469 FABR.

2041 4485 2129 4558 56.
2175 4485 2550 4558 Prorumpens.
2592 4483 2695 4539 Ed.
2728 4484 2982 4558 August,
3009 4501 3304 4558 erumpens.

2044 4557 2134 4611 57.
2159 4557 2390 4632 _Cwsaris
2417 4572 2632 4632 quoque
2658 4555 2948 4632 testimonio
2994 4555 3171 4632 victor.
3214 4558 3327 4632 Hoc
3363 4563 3554 4632 prtelio

1894 4616 1950 4677 D
1973 4627 2272 4703 commisso
2301 4626 2368 4680 ad
2417 4616 2768 4703 Dyrrachium
2813 4628 2986 4703 victus
3038 4628 3250 4703 Caesar,
3273 4616 3560 4703 Pompeio

1979 4713 2085 4753 non
2115 4699 2368 4764 instante,
2397 4695 2616 4765 negavit
2652 4711 2776 4750 eum
2816 4696 3035 4752 vincere
3061 4699 3201 4753 scire
3227 4716 3239 4752 :
3266 4695 3560 4761 Suetonius

1975 4769 2030 4823 in
2052 4767 2217 4826 Julio.
2251 4767 2526 4822 Plutarch.
2559 4767 2612 4821 in
2641 4767 2899 4835 Pompeio
2930 4777 2985 4821 et
3010 4766 3245 4825 Caesare.
3276 4771 3446 4830 Fann.

2048 4839 2137 4913 '58.
2184 4837 2422 4913 Quatuor
2451 4838 2616 4913 miilia
2642 4836 2881 4913 militum.
2910 4836 3182 4913 Plutarch.
3215 4841 3270 4895 in
3298 4843 3560 4913 Pompeio

1975 4909 2266 4982 δισχὰίους
2295 4910 2477 4964 habet.
2511 4907 2876 4982 Centuriones
2905 4906 3088 4982 Caesar
3119 4909 3215 4964 lib.
3252 4928 3312 4966 ιιι
3338 4906 3558 4970 Comm.

1975 4976 2285 5044 edi't'xxxu,
2332 4995 2438 5034 non
2468 4993 2600 5033 χιιι.
2647 4976 3071 5032 Fiam—Idem
3105 4995 3364 5037 numerus
3409 5001 3558 5041 χχιιι

1971 5051 2033 5176 {in
2077 5051 2316 5133 editione
2365 5049 2611 5121 principe
2658 5047 2917 5113 occurrit,
2948 5055 3007 5102 ut
3041 5055 3098 5103 et
3125 5050 3366 5108 Parisina
3398 5066 3562 5126 atque

2021 5133 2215 5176 eneus.

2021 5133 2215 5177 enetts.

2044 5192 2135 5248 39.
2178 5190 2507 5265 Equitesquc.
2547 5188 2999 5265 coniunctionem
3039 5191 3155 5248 sive
3191 5194 3439 5265 copulam
3469 5196 3564 5254 de-

1974 5263 2088 5318 lent
2117 5277 2250 5317 mss.
2280 5272 2338 5318 et
2369 5263 2493 5317 edd.
2526 5261 2765 5330 quidam.

2044 5334 2136 5388 40.
2162 5331 2470 5387 Instruitur.
2501 5333 2576 5387 lta
2609 5345 2738 5386 mss.
2769 5330 3022 5387 meliores
3045 5341 3098 5388 et
3119 5333 3243 5389 edd.
3268 5346 3424 5393 vett..
3454 5354 3563 5402 non

1975 5404 2280 5460 instituitur.

2047 5474 2136 5529 41.
2169 5473 2450 5544 Pompeius
2466 5474 2731 5544 octoginta
2751 5483 2798 5528 et
2820 5483 2932 5528 octo
2957 5475 3210 5531 cohortes.
3241 5477 3317 5533 De
3339 5495 3563 5535 numero

1976 5545 2256 5619 copiarum
2287 5543 2392 5598 non
2397 5543 2569 5619 _idcm
2596 5558 2786 5599 omnes
2824 5545 3183 5614 scripserunt,
3213 5563 3323 5616 quo
3349 5551 3418 5604 de
3445 5554 3560 5619 Ap-

1979 5613 2284 5684 pianuslib.
2315 5629 2370 5668 ιι.
2397 5613 2542 5669 FABR
2555 5654 2568 5668 .

2048 5685 2136 5739 42.
2159 5683 2370 5758 Levium
2389 5693 2792 5738 armaturarum.
2818 5685 2953 5742 Tres
2977 5685 3148 5758 Lugd.
3184 5688 3321 5746 Ball.
3353 5698 3408 5747 et
3427 5690 3566 5749 Coll.

1977 5757 2243 5823 Gt‘onov.,
2275 5753 2462 5809 levium
2488 5763 2830 5811 armatorum.

2979 5853 3057 5914 33
