4028 6344
299 357 433 418 1057

1328 370 1797 429 IIISTORIARUM
1839 370 2042 431 LlBER
2082 376 2171 435 Vl.
2211 375 2368 433 CAP.
2410 377 2548 436 XVI.

3451 371 3592 432 £058

299 469 404 521 lam
439 478 568 524 tunc
595 469 762 527 fuisse
781 473 1196 543 bibliothecam,
1223 494 1345 550 quae
1376 490 1534 536 extra
1563 484 1607 515 ⁶²
1637 481 1892 551 quadrin-
1921 485 1971 544 Α
1999 484 2332 543 deditionem
2374 487 2756 558 desperatione
2794 483 3097 557 compulit,
3126 500 3466 558 regnumque
3491 485 3592 544 ΑΞ·

295 571 460 630 genta
507 564 676 620 millia
723 566 988 622 librorum
1041 568 1228 636 fuisse,
1280 589 1344 629 ac
1386 591 1484 644 per
1515 577 1618 631 hoc
1659 576 1897 632 evasisse

297 653 574 707 credatur.
608 655 795 710 Ctesar
817 669 1002 727 postea
1033 661 1264 718 insulam
1296 665 1385 720 ubi
1413 666 1624 722 Pbartts
1653 676 1738 723 est
1766 708 1778 731 ,
1815 682 1899 723 ce-

298 745 395 814 pit.
434 747 512 800 Eo
548 746 792 803 Achillas
835 767 958 804 cum
985 752 1317 810 ‘Gabiuianis
1359 757 1624 812 militibus
1655 759 1701 790 ⁸³
1728 759 1894 813 venit.

300 835 495 907 lugens
523 855 700 910 pugna
725 844 1022 897 commissa
1051 855 1133 900 est
1162 863 1174 899 :
1208 859 1399 918 magna
1446 847 1520 904 ibi
1565 849 1900 904 Caesariano-

297 943 415 983 rum
448 929 678 984 militum
709 933 998 989 multitudo
1034 936 1238 991 cecidit
1267 977 1283 1004 ,
1313 953 1502 994 omnes
1532 939 1696 995 etiam
1728 941 1897 994 inter-

297 1024 536 1082 fectores
563 1013 804 1098 Pompeii
848 1029 1122 1086 interfecti
1148 1040 1272 1087 sunt
1298 1049 1313 1096 ;
1338 1033 1523 1088 Ctesar
1543 1034 1593 1088 vi
1643 1034 1898 1088 insisten-

297 1115 430 1170 tium
467 1117 704 1174 hostium
735 1135 988 1190 pressus,
1022 1123 1282 1192 scapham
1314 1124 1563 1180 ascendit
1589 1141 1604 1189 ;
1636 1140 1739 1196 qua
1772 1138 1897 1181 mox

299 1208 542 1279 pondere
584 1211 1031 1281 snbsequentimn
1080 1224 1299 1286 gravata
1350 1230 1415 1272 ac
1465 1230 1680 1278 mersa,
1707 1232 1805 1286 per
1833 1232 1899 1273 cc

300 1321 496 1374 passus
523 1307 590 1361 ad
615 1320 808 1362 navem
842 1323 944 1363 una
974 1323 1136 1364 manu
1164 1311 1372 1365 elevata
1401 1351 1416 1375 ,
1449 1323 1552 1380 qua
1575 1309 1795 1365 chartas
1821 1321 1900 1366 te-

299 1398 493 1464 nebat,
518 1398 562 1429 “
593 1398 830 1456 natando
879 1404 1165 1471 pervenit,
1214 1419 1344 1458 mox
1371 1401 1550 1459 navali
1597 1404 1900 1460 certamine

297 1488 543 1558 pulsatus
568 1531 582 1554 ,
610 1505 806 1562 magna
831 1491 1158 1550 “felicitate
1184 1495 1423 1551 classem
1448 1495 1653 1567 regiam
1686 1504 1778 1550 aut
1804 1494 1900 1551 dc-

300 1579 504 1649 pressit
533 1592 624 1637 aut
651 1583 818 1651 cepit.

791 1675 956 1748 423
997 1676 1226 1733 CAPUT
1260 1677 1402 1733 xvr.

299 1765 474 1820 aesar
502 1766 880 1840 Alexandrinis
910 1783 1084 1840 regem
1126 1770 1327 1836 reddit,
1361 1770 1742 1826 Alexandrinos
1773 1770 1897 1826 sub-

684 1839 780 1911 igit
805 1880 821 1904 ,
853 1839 1086 1911 civesque
1112 1840 1308 1894 multos
1339 1842 1513 1896 caedit.

374 1953 389 1982 ί
421 1951 812 2006 Alexandrinis
860 1953 1171 2022 petentibus
1214 1968 1398 2024 regem
1427 1956 1448 1986 ’
1477 1952 1745 2022 reddidit,
1780 1965 1895 2010 mo-

300 2044 591 2111 nitum,ut
619 2044 789 2114 magis
835 2045 1128 2100 amicitiam
1167 2046 1499 2111 Romanam,
1547 2060 1709 2116 quam
1744 2057 1895 2101 arma

304 2136 543 2205 experiri
577 2136 884 2192 ’studeret.
911 2137 1014 2203 Qui
1060 2148 1240 2192 tamen
1275 2138 1296 2168 δ
1328 2139 1476 2193 illico
1508 2148 1558 2191 ut
1597 2138 1736 2192 liber
1759 2137 1894 2202 fuit,

306 2229 508 2284 bellum
541 2229 756 2297 intulit;
784 2230 880 2285 sed
911 2231 1173 2286 continuo
1204 2246 1327 2286 cum
1373 2240 1486 2286 toto
1517 2231 1761 2285 exercitu
1794 2244 1895 2285 suo

297 2330 354 2377 ct
385 2323 502 2391 ipse
531 2323 742 2378 deletus
776 2333 879 2377 est.
913 2323 1045 2378 Nam
1079 2325 1268 2395 viginti
1316 2325 1485 2379 millia
1531 2326 1810 2379 hominum
1841 2325 1894 2379 in

298 2426 366 2468 eo
398 2411 542 2467 bello
567 2427 706 2468 caesa
736 2412 1070 2482 referuntur,
1103 2414 1394 2470 duodecim
1425 2413 1594 2470 millia
1623 2430 1744 2470 cum
1773 2429 1896 2484 sep-

300 2506 539 2575 tuaginta
571 2507 748 2578 longis
775 2507 1011 2562 navibus
1045 2508 1227 2563 dedita
1247 2551 1261 2573 ,
1310 2509 1593 2578 quingenti
1625 2523 1691 2563 ex
1719 2509 1895 2562 victo-

296 2599 452 2654 ribus
475 2597 743 2657 cecidisse
764 2601 786 2633 ⁸
816 2601 1090 2656 dicuntur.
1119 2601 1230 2657 Rex
1265 2601 1385 2672 ipse
1413 2601 1742 2656 adolescens
1777 2615 1898 2656 sca-

297 2691 402 2761 pha
427 2702 688 2763 exceptus
714 2706 772 2748 ut
796 2694 1025 2763 fugeret,
1049 2695 1236 2748 multis
1260 2694 1628 2749 insilientibus
1656 2708 1898 2758 mersus,

297 2793 640 2853 necatusque
668 2795 771 2841 est.
807 2787 827 2816 ⁶
852 2786 1065 2856 Corpus
1095 2786 1212 2855 ejus
1245 2786 1311 2839 ad
1350 2787 1500 2840 littus
1548 2785 1894 2852 devolutum,

296 2876 502 2932 indicio
549 2878 734 2933 loricae
783 2893 965 2933 aureae
1021 2880 1300 2950 coguitmn
1365 2879 1483 2934 fuit.
1543 2880 1658 2946 Qua
1713 2877 1899 2934 Caesar

297 2969 688 3026 Alexandriam
749 2970 1073 3041 prtemissa,
1125 2972 1528 3027 Alexandrinos
1577 2985 1770 3027 omnes
1827 2971 1894 3025 ad

2002 575 2150 650 gypti
2199 578 2506 649 Cleopatrae
2559 577 2732 634 dedit.
2768 576 2895 634 Inde
2961 578 3176 650 Syriam
3241 590 3590 651 pervagatus,

2001 671 2367 727 'Pharnacem
2384 673 2436 726 in
2454 669 2629 726 Ponto
2649 671 2796 727 vicit.
2821 669 3012 728 Postea
3032 684 3164 726 vero
3187 687 3345 740 quam
3364 672 3591 728 Romam

2002 763 2178 828 venit,
2201 765 2222 794 ³
2248 763 2479 818 dictator
2503 773 2559 817 et
2589 764 2778 818 consul
2807 770 3046 830 creatus,
3073 761 3124 818 in
3159 761 3394 820 Africam
3423 774 3596 820 trans-

2005 854 2100 917 iit,
2139 862 2196 909 ct
2224 854 2366 923 apttd
2399 854 2676 924 Thapsum
2706 871 2827 910 cum
2859 855 2995 911 Juba
3022 865 3077 911 et
3107 856 3364 926 Scipione
3389 873 3594 927 pugna-

2003 945 2116 1010 vit,
2153 944 2552 1015 maximamque
2583 945 2655 999 ibi
2688 945 2968 1000 hominum
2998 947 3397 1003 multitudinem
3425 947 3595 1004 inter-

2003 1034 2153 1089 fecit.
2186 1035 2372 1090 Castra
2408 1037 2692 1108 utriusque
2731 1037 2942 1106 direpta
2973 1047 3139 1103 sunt,
3179 1038 3464 1108 sexaginta
3488 1037 3598 1095 ele-

2004 1126 2192 1194 phanti
2221 1127 2388 1197 capti.
2413 1125 2551 1182 Cato
2581 1141 2707 1183 sese
2743 1125 2886 1197 apud
2923 1128 3134 1185 Uticam
3168 1128 3388 1184 occidit.
3419 1129 3439 1164 ’
3460 1129 3600 1185 Juba

2006 1219 2049 1250 ⁸⁸
2071 1219 2380 1289 percussori
2404 1221 2651 1291 jugulum
2684 1222 2724 1253 "
2752 1223 2932 1290 pretio
2962 1221 3092 1277 dato
3112 1265 3125 1286 ,
3152 1222 3403 1292 prtebuit.
3437 1220 3601 1296 424

2004 1311 2252 1367 Petreius
2281 1313 2476 1368 eodem
2508 1329 2568 1368 se
2607 1314 2789 1384 gladio
2819 1313 3058 1386 perfodit
3085 1335 3096 1370 :
3123 1315 3308 1386 Scipio
3337 1318 3390 1372 in
3439 1319 3558 1372 navi
3583 1360 3598 1384 ,

2003 1418 2108 1472 qua
2141 1403 2207 1458 ad
2232 1403 2523 1474 Hispanias
2549 1406 2731 1474 fugere
2759 1407 3104 1462 contendens
3128 1409 3350 1464 "vento
3381 1419 3600 1464 coactus

2005 1495 2058 1547 in
2081 1492 2317 1548 Africam
2342 1495 2600 1561 redierat,
2627 1494 2674 1528 "
2692 1495 2990 1567 semetipse
3009 1499 3300 1568 jugulavit.
3327 1499 3383 1554 In
3410 1501 3598 1556 eadem

2004 1585 2130 1640 navi
2167 1586 2332 1641 etiam
2379 1586 2441 1640 Τ.
2481 1587 2787 1657 Torquatus
2837 1589 3053 1645 occisus
3078 1600 3182 1645 est.
3214 1590 3401 1646 Caesar
3442 1592 3602 1647 Pom-

2004 1677 2112 1747 peii
2145 1676 2323 1748 Magni
2357 1686 2582 1747 nepotes
2604 1721 2619 1747 ,
2647 1678 2924 1747 filiamque
2955 1680 2997 1710 "
3029 1680 3339 1750 Pompeiam
3362 1723 3376 1746 ,
3413 1683 3604 1737 simul~

2003 1779 2112 1841 que
2158 1781 2284 1826 cum
2327 1765 2412 1825 his
2452 1765 2710 1826 Faustum
2751 1771 2955 1843 Syllam
2993 1782 3047 1828 et
3084 1769 3366 1829 Afranium
3400 1785 3454 1830 et
3497 1771 3601 1831 Pe-

1933 1855 1978 1923 B
2008 1863 2204 1917 treium
2237 1861 2406 1916 [ilium
2437 1860 2599 1933 jussit
2627 1863 2829 1917 occidi.
2864 1863 2994 1919 lude
3033 1873 3268 1934 quatuor
3311 1867 3604 1936 triumphis

2004 1951 2207 2008 Urbem
2233 1952 2542 2019 ingressus,
2576 1952 2844 2022 disposito
2873 1964 3212 2024 recuperatae
3245 1957 3382 2024 reip.
3419 1965 3560 2010 statu
3589 1975 3603 2021 ;

2009 2043 2053 2074 "
2073 2041 2334 2100 continuo
2357 2043 2404 2074 ”
2428 2041 2479 2097 in
2510 2037 2801 2111 Hispanias
2837 2053 3025 2099 contra
3049 2045 3339 2116 Pompeios
3361 2046 3607 2117 Pompeii

2002 2137 2146 2192 illius
2192 2136 2501 2206 profectus,
2529 2138 2569 2167 ¹⁷
2600 2138 2838 2206 septimo
2885 2138 3098 2193 decimo
3143 2155 3304 2210 quam
3346 2157 3600 2211 egressus

1999 2229 2070 2283 sb
2100 2230 2249 2286 Urbe
2280 2227 2454 2283 fuerat
2495 2227 2584 2282 die
2604 2271 2617 2293 ,
2659 2228 2962 2299 Saguntum
2984 2233 3276 2299 ‘pervenit,
3306 2236 3605 2306 statimque

2005 2323 2266 2378 adversus
2292 2319 2584 2391 Pompeios
2613 2320 2778 2386 duos,
2811 2329 2864 2378 et
2901 2318 3200 2379 Labienum
3242 2333 3404 2398 atque
3437 2329 3480 2360 ³⁸
3501 2331 3598 2383 At-

2005 2417 2138 2471 tium
2164 2411 2398 2483 Varum,
2432 2411 2598 2470 multa
2629 2411 2772 2471 bella
2806 2427 2860 2470 et
2888 2415 3041 2472 varia
3071 2428 3220 2475 sorte
3248 2421 3439 2489 gessit.
3467 2422 3604 2477 Ulti-

2006 2523 2151 2563 mum
2184 2507 2388 2562 bellum
2418 2506 2559 2577 apud
2585 2509 2626 2542 ⁸⁸
2649 2507 2902 2562 Mundam
2936 2510 3126 2563 urbem
3154 2519 3366 2580 gestum
3397 2522 3514 2578 est,
3558 2515 3604 2548 ”

2005 2601 2096 2657 ubi
2131 2603 2294 2656 tantis
2345 2611 2434 2657 est
2483 2601 2693 2657 viribus
2742 2601 3092 2668 dimiCatum,
3127 2613 3384 2676 tantaque
3429 2605 3606 2661 cwdes

1966 2743 1970 2746 .
2008 2699 2128 2747 acta
2152 2737 2165 2759 ,
2201 2703 2257 2746 ut
2284 2692 2468 2748 Caesar
2496 2707 2739 2765 quoque,
2774 2695 3051 2750 veteranis
3080 2695 3244 2751 etiam
3273 2700 3388 2753 suis
3412 2700 3605 2755 cedere

2008 2801 2115 2840 non
2143 2785 2629 2852 erubescentibus,
2663 2801 2784 2841 cum
2815 2786 2952 2841 cmdi
2980 2789 3212 2857 cogique
3241 2791 3412 2844 aciem
3449 2805 3601 2844 suam

2004 2886 2280 2940 cerneret,
2310 2876 2612 2946 praevenire
2646 2885 2821 2930 morte
2853 2876 3094 2932 futurum
3127 2879 3254 2933 victi
3288 2879 3526 2935 dedecus
3551 2881 3593 2912 ¹¹

2001 2967 2282 3038 cogitarit,
2316 2982 2440 3024 cum
2470 2967 2653 3023 subito
2687 2982 2878 3024 versus
2910 2967 2965 3023 in
2993 2967 3169 3039 fugam
3203 2969 3584 3040 Pompeiorum

1581 3143 1906 3202 HAVERCA
1915 3143 2034 3224 MP1
2074 3145 2303 3201 NOTAE.

371 3281 462 3364 βε.
499 3280 890 3364 Quadringenta
920 3281 1082 3364 millia
1104 3281 1372 3364 librorum.
1391 3279 1642 3364 Totidem
1666 3284 1896 3364 ᾼΙςπωιι
1927 3289 1972 3352 C

290 3355 434 3410 drite
463 3356 650 3409 arsisse
681 3351 908 3423 legimus
927 3368 996 3407 ex
1029 3351 1367 3423 Testimonio
1388 3351 1528 3408 Livii
1553 3354 1696 3421 apud
1729 3357 1898 3412 Sene-

288 3440 422 3481 cam
448 3427 515 3478 de
544 3421 846 3493 Tranquill.
880 3440 999 3491 cap.
1028 3421 1081 3478 9.
1115 3421 1330 3494 Gellius
1351 3424 1693 3494 septingenta
1723 3427 1898 3481 millia

291 3505 556 3566 numerat
582 3489 724 3566 ηιμ(
734 3510 772 3560 ι,
800 3509 920 3563 cap.
946 3489 1016 3566 17
1059 3513 1072 3546 :
1117 3489 1311 3566 Ingens
1341 3489 1514 3558 postea
1538 3489 1801 3566 fitutnerus
1830 3495 1896 3551 li-

287 3565 510 3622 brorum
531 3567 582 3619 in
618 3565 850 3636 .lt'gypto
873 3562 910 3617 α
941 3562 1231 3637 Ptolemtcis
1249 3566 1452 3637 regibus
1472 3565 1549 3619 vel
1572 3568 1895 3636 conquisitus

285 3638 375 3694 vel
411 3638 672 3705 confectus
702 3647 776 3690 est
799 3677 814 3700 ,
848 3637 916 3709 ad
947 3636 1113 3709 millia
1145 3636 1320 3706 ferme
1346 3637 1664 3709 voluminum
1695 3641 1893 3709 septin-

282 3720 498 3782 genta:
527 3710 616 3762 sed
657 3726 713 3763 ea
745 3708 915 3782 omnia
942 3705 1074 3761 bello
1115 3705 1286 3777 priore
1328 3707 1686 3761 Alexandrino
1708 3752 1722 3776 ,
1752 3705 1895 3782 dum

283 3779 876 3860 iliripitttr‘eacivitas,
899 3794 1002 3830 non
1027 3788 1217 3860 sponte
1252 3793 1413 3860 neque
1442 3794 1599 3847 opera
1626 3781 1890 3847 consulta,

279 3853 387 3907 sed
422 3869 453 3903 a
485 3851 730 3904 militibus
754 3853 884 3918 forte
913 3850 1206 3903 auxiliariis
1226 3891 1241 3913 ,
1273 3851 1481 3903 incensa
1505 3858 1640 3902 sunt.

366 3922 462 3977 65.
504 3921 677 3976 Venit.
709 3922 843 3990 Mss.
865 3919 1062 3990 etedgd.
1089 3919 1315 3990 quidam
1336 3960 1351 3983 ,
1385 3929 1562 3990 postea
1589 3921 1744 3973 venit.

367 3991 463 4048 64.
509 3990 778 4047 Nutando.
819 3989 952 4046 Cod.
995 3987 1240 4061 Longob.
1266 4033 1278 4056 ,
1308 3987 1460 4046 biens
1481 3999 1536 4045 et
1561 3999 1683 4046 tert.
1715 3991 1887 4057 Flur.,
1919 4036 1936 4042 _

279 4065 476 4121 ptanda
505 4066 750 4121 verreuit.

363 4135 460 4191 65.
497 4131 794 4190 Felicitate.
826 4133 1028 4189 Omnes
1054 4132 1213 4188 codd.
1242 4148 1374 4189 mss.
1407 4141 1571 4204 atque
1600 4131 1722 4204 edd.
1752 4140 1887 4204 vett.

274 4209 509 4276 legunt,
537 4204 1107 4276 facilitateNulgatam
1128 4214 1310 4276 tamen
1334 4201 1514 4259 servat
1544 4201 1744 4257 Paulus
1769 4203 1889 4256 Dia-

271 4293 470 4334 conus
505 4277 554 4329 iu
581 4277 686 4330 line
713 4276 806 4330 lib.
839 4292 890 4330 Vl
920 4275 1058 4330 Hist.
1091 4275 1244 4330 Misc.

361 4348 506 4403 Car.
533 4346 749 4403 XVl.—-
773 4347 824 4402 Ι.
852 4343 1217 4417 Alexandrinis
1255 4345 1563 4417 petentibus.
1599 4343 1694 4398 Ed.
1721 4344 1881 4414 Aug.,

271 4418 681 4490 Alexandrinis
696 4433 868 4490 regem
900 4415 1209 4490 petentibus,
1243 4415 1492 4490 reddidit.

357 4493 426 4543 2.
455 4487 726 4542 Reddidit.
755 4486 936 4558 Lugd.
963 4487 1104 4541 Batt.
1146 4498 1275 4549 tres,
1305 4486 1494 4558 reddit.

355 4563 421 4616 5.
471 4559 735 4629 Student.
792 4556 964 4629 Lugd.
1009 4558 1141 4629 Bat.
1169 4571 1252 4626 pr.
1281 4556 1505 4629 studeat.

351 4631 421 4685 4.
455 4627 632 4693 Illico,
658 4639 711 4681 ut
743 4627 1010 4699 liber'fuit.
1035 4628 1169 4682 Edd.
1197 4628 1444 4699 quaedam
1477 4636 1632 4693 vett.,
1659 4638 1714 4681 ut
1759 4627 1885 4682 liber

262 4704 413 4776 fuit,
445 4700 588 4776 illico
609 4699 825 4776 bellum,
836 4712 956 4776 _et‘c.

347 4775 416 4830 5.
483 4769 756 4826 Dicuntur.
807 4767 1010 4826 Malunt
1055 4767 1160 4826 hoc
1198 4769 1424 4826 verbum
1469 4786 1600 4824 mss.
1650 4783 1882 4835 omnes;

259 4847 507 4916 vulgg.,
542 4845 859 4916 referantur.

346 4913 412 4972 6⁷.
452 4913 679 4984 Corpus.
702 4913 1027 4984 LugdtBat.
1079 4929 1186 4984 pm,
1208 4927 1540 4984 corpusque.

345 4991 410 5041 7.
445 4984 780 5038 Pharnacem
801 4985 853 5037 in
877 4983 1066 5037 Ponto.
1098 4983 1175 5038 De
1204 4983 1484 5038 Pharnace
1509 4990 1566 5037 el.
1588 4997 1647 5036 re
1668 4997 1789 5036 cum
1820 4996 1888 5036 eo

247 5067 468 5127 gesta,
525 5055 661 5109 llirt.
708 5054 777 5110 de
828 5053 940 5109 bel.
993 5054 1174 5119 Alex.,
1211 5052 1308 5109 Dio
1358 5054 1453 5107 lib.
1504 5068 1636 5118 χιιι,
1677 5061 1730 5105 et
1766 5053 1882 5106 alii.

246 5131 463 5190 FABR.

339 5203 409 5257 8.
452 5196 694 5250 Dictator
714 5206 761 5250 et
784 5197 983 5250 consul.
1013 5193 1260 5257 Orosius,
1294 5191 1768 5248 secutusfortasse
1798 5191 1886 5246 Li-

250 5274 472 5334 vium,
512 5267 600 5322 hic
619 5276 805 5335 aperte
836 5266 1108 5322 Caesarem
1133 5280 1225 5319 au.
1253 5263 1318 5319 U.
1355 5278 1528 5319 occvu
1560 5261 1882 5335 dictatorem

241 5353 312 5402 οι
349 5330 668 5398 consulem
693 5353 750 5392 ιιι
777 5348 1021 5393 creatum
1053 5335 1294 5390 ostendit
1321 5352 1332 5386 :
1369 5333 1616 5403 quamvis
1645 5330 1760 5385 haec
1803 5332 1882 5386 di-

238 5423 655 5483 ctaturanon
677 5424 870 5483 omnes
893 5406 1132 5483 Annales
1155 5404 1519 5483 su_l_l‘ragantes
1543 5405 1880 5483 habeat,qua

237 5487 326 5544 de
367 5499 442 5539 re
469 5479 724 5545 Sigonius
752 5479 804 5532 in
831 5477 1028 5532 Fastis.
1051 5475 1128 5530 De
1148 5475 1282 5530 bello
1314 5473 1494 5545 Africo
1521 5481 1702 5528 exstat
1726 5473 1878 5526 llirtil

237 5497 326 5544 de
367 5499 442 5539 re
469 5497 529 5535 bl
569 5497 724 5534 outus
752 5497 804 5532 ιιι
831 5497 1028 5532 rasus.
1051 5497 1128 5530 ue
1148 5497 1282 5530 aeuo
1314 5497 1494 5545 ﬂp‘tcu
1521 5497 1702 5528 exstiti.
1726 5497 1878 5526 mrsu

232 5559 508 5616 Comm.
536 5497 614 5605 ile
639 5547 831 5604 eodem
855 5562 1047 5602 omnes
1071 5545 1161 5600 alii
1193 5545 1490 5614 scriptores
1506 5559 1717 5616 Lquarc
1748 5545 1799 5596 in
1821 5557 1881 5597 re

232 5614 479 5699 aperta
518 5622 718 5699 nostris
752 5618 928 5699 verbis
954 5617 1179 5699 minime
1206 5632 1342 5684 Opus
1373 5614 1681 5699 estnltjaaln.

327 5698 393 5754 9.
415 5691 598 5748 Juba.
628 5689 799 5762 Lugd.
834 5689 948 5743 But.
986 5695 1147 5756 pr.et
1169 5696 1290 5742 tert.
1311 5703 1429 5741 cum
1458 5686 1881 5748 tloll.Gronov.,

229 5769 409 5828 Iuba
445 5769 570 5835 ηεξ.
810 5831 818 5835 Α
896 5829 956 5835 __
1293 5826 1366 5835 __
1836 5829 1841 5834 ,

325 5839 437 5895 10.
511 5831 838 5886 Percussori.
896 5829 999 5883 Dio
1056 5827 1249 5881 scribit
1275 5826 1462 5880 Iubam
1515 5844 1636 5883 cum
1669 5828 1884 5880 Petreio

1913 4673 1966 4735 D
1992 4673 2171 4750 exitiali
2189 4673 2628 4750 cessisset;

1984 5473 2105 5527 dam

2004 3283 2156 3338 ferro
2182 3297 2564 3358 congressum,
2596 3294 2757 3354 atque
2782 3285 2853 3340 ita
2884 3295 3176 3358 utrumque
3196 3289 3448 3358 periisse.
3469 3292 3597 3350 Flo-

1999 3369 2097 3408 rus
2125 3355 2286 3408 tradit
2316 3353 2579 3408 Petreium
2623 3353 2787 3420 super
2821 3370 3039 3412 mensas
3079 3353 3273 3414 Jubam
3315 3371 3365 3413 et
3408 3379 3468 3416 se
3517 3365 3597 3420 in-

2005 3425 2309 3498 [πτερίδες.
2337 3425 2416 3480 De
2459 3425 2736 3498 Scipionis
2783 3426 3002 3482 interitu
3053 3439 3251 3498 praeter
3303 3428 3592 3490 historicos

1999 3495 2206 3551 Seneca
2239 3497 2334 3550 lib.
2378 3510 2436 3550 ιιι
2467 3496 2640 3563 Epist.
2673 3494 2836 3552 Ρλιιιι.

2077 3568 2162 3620 H.
2211 3566 2388 3620 Pretio
2419 3569 2560 3637 dato.
2609 3567 2838 3637 Egregia
2883 3578 2966 3624 est
3000 3571 3316 3629 emendatio
3357 3577 3588 3630 Rubcnii

2001 3636 2176 3712 Elect.
2210 3654 2247 3712 ι,
2283 3638 2370 3712 10_,
2406 3635 2674 3712 Petreio.‘
2709 3635 2899 3712 Neque
2941 3640 3151 3712 dubito,
3197 3645 3325 3712 quin
3358 3650 3588 3701 Orosius

1996 3708 2296 3786 scripserit.
2321 3706 2459 3786 (tibi:
2491 3710 2779 3786 percussori
2811 3706 3058 3786 jugulum
3101 3706 3308 3767 Petreio
3347 3719 3582 3786 praebuit.

1995 3776 2151 3851 Nam,
2171 3781 2214 3833 si
2233 3776 2556 3851 credidisset
2577 3780 2800 3851 Orosius
2812 3776 2999 3847 pretio
3019 3781 3168 3846 dato,
3199 3798 3227 3835 a
3259 3776 3584 3851 percussore

1995 3849 2180 3902 nescio
2210 3864 2342 3918 quo,
2369 3850 2609 3902 occisum
2631 3847 2848 3914 Jubam,
2882 3851 3195 3919 scripsisset
3216 3847 3271 3905 in
3313 3863 3589 3921 sequenti-

1996 3917 2118 3990 bus,
2148 3919 2384 3990 Petreius
2409 3935 2501 3971 suo
2523 3935 2576 3972 se
2616 3919 2793 3988 gladio
2831 3920 3077 3990 perfodit.
3112 3921 3288 3990 Nunc,
3327 3929 3584 3990 quoniam

2069 3957 2118 3984 ιτ,
2148 3957 2171 3971 Ι
2199 3957 2263 3973 "U
2277 3957 2384 3972 υιυυυ
2409 3957 2500 3971 ’κν
2523 3957 2575 3972 υν
2616 3957 2791 3988 υνκωιν
2831 3957 3077 3989 μνσινισσῠο
3113 3957 3288 3990 ιηυιιυ,

1994 3987 2125 4043 dicit
2152 3989 2354 4066 eodem,
2379 3987 2686 4066 necessario
2703 3987 2934 4066 intelligi
2961 3991 3124 4066 debet
3144 3987 3436 4066 de_g_iadio,
3469 4011 3580 4066 quo

1991 4069 2151 4112 antea
2182 4058 2404 4123 Jubam,
2437 4059 2565 4112 dein
2610 4072 2670 4112 se
2702 4057 2879 4127 ipsum
2895 4057 3169 4116 confecit.
3205 4057 3310 4118 Ille
3337 4057 3500 4121 enim'
3528 4079 3574 4123 et

1992 4131 2100 4198 regi
2125 4128 2328 4200 stt/fecit
2354 4141 2399 4180 et
2428 4127 2546 4181 sibi.
2580 4127 2888 4200 ΡΙ-οιηιξιὶι).
2909 4144 2982 4197 tv,
3015 4146 3137 4200 cap.
3159 4131 3216 4185 2.
3405 4171 3412 4176 -

2005 4249 2009 4253 ,
2051 4197 2354 4277 ’12._V_enlt_o
2380 4207 2608 4252 coactus.
2635 4197 2804 4269 Lugd.
2839 4197 2980 4277 Batt.
3007 4197 3124 4277 pri,
3157 4212 3283 4258 tert.
3318 4213 3373 4260 et
3399 4219 3576 4277 quart.

1990 4281 2113 4393 erm
2135 4271 2251 4353 Co}.
2287 4268 2552 4335 Gronov»,
2596 4268 2742 4322 vento
2763 4277 2912 4323 actus
2943 4268 3176 4343 Africam
3205 4268 3454 4344 redierai,
3486 4296 3579 4334 ue-

1990 4353 2020 4393 ρ
2047 4349 2164 4393 ecto
2192 4357 2266 4393 m.

2047 4349 2164 4396 ecta
2192 4342 2266 4395 in.

1989 4353 2488 4491 ΒΙῆϐἑῩ-ἕὲηιθιῇρεε.
2539 4409 2928 4491 EddLAugust.
2971 4417 3028 4469 et
3053 4413 3296 4484 Venetae,
3335 4421 3576 4491 semetip-

1989 4497 2122 4536 sum.
2153 4483 2467 4538 Assentitur
2488 4480 2612 4537 cod.
2642 4479 2783 4537 Ultr.

2063 4553 2149 4625 id.
2185 4553 2511 4625 Pompeiam.
2545 4550 2642 4625 Eg.
2676 4550 2842 4622 Aug,
2886 4554 3144 4625 Pompeii.

2061 4623 2149 4679 15.
2182 4624 2441 4701 Qantimto
2481 4621 2898 4701 in_Hispmi_ias._
2930 4621 3182 4701 De'bello
3213 4629 3575 4701 _Hispaniensi

2705 4695 2834 4750 irtii.
2869 4698 2946 4752 De
2989 4699 3181 4754 eodem
3213 4695 3488 4756 Plutarch.
3513 4712 3572 4758 et

1995 4763 2096 4820 Dio
2127 4766 2219 4822 lib.
2245 4781 2394 4821 mn.
2433 4765 2599 4820 Fama.

2068 4837 2158 4909 16.
2187 4837 2254 4891 In
2287 4837 2591 4909 Hispanias.
2617 4835 2720 4909 Ed:
2757 4837 3015 4909 August.,
3049 4840 3098 4892 in
3129 4838 3462 4909 Hispaniam.

2071 4908 2156 4962 17.
2191 4909 2424 4979 Septimo
2455 4908 2671 4962 decimo.
2697 4905 2774 4963 Ila
2799 4905 3060 4979 Florentt.
3097 4905 3243 4976 tresi
3276 4911 3390 4975 alii,
3423 4911 3566 4967 deci-

1993 4996 2075 5035 mo
2104 4978 2340 5050 septimo.
2378 4980 2482 5050 Pro
2511 4993 2699 5050 quam,
2720 4979 2807 5033 ed.
2847 4978 3009 5050 Aug.,
3038 4996 3158 5050 qua.

2069 5046 2168 5106 18.
2189 5052 2386 5105 Attium
2420 5048 2634 5102 Varum.
2664 5046 2836 5104 Attius
2875 5046 3025 5105 recte
3051 5046 3130 5104 'in
3161 5050 3312 5107 libris
3340 5053 3570 5108 vetustis

1994 5122 2208 5197 legitur.
2245 5121 2452 5197 Nam-et
2477 5119 2574 5197 Dio
2594 5121 2838 5197 Πρύπλιον
2857 5117 3284 5197 ’ΔττιονᾼΟὐάροκί
3303 5122 3565 5197 nominat.

1994 5190 2251 5258 vulgares
2274 5191 2396 5246 libri
2425 5190 2588 5245 modo
2609 5191 2833 5259 Actium,
2853 5191 3012 5246 modo
3039 5190 3248 5244 Acciu'm
3273 5193 3488 5248 habent.
3510 5196 3568 5250 In

1986 5261 2266 5386 glutarchi
2293 5264 2498 5317 Catone
2539 5261 2802 5323 mendose
2841 5262 3031 5338 οὐάρος
3058 5259 3278 5324 "Aa-mo;
3318 5278 3563 5319 vocatur.

2031 5349 2149 5386 ABR.

2031 5349 2149 5388 ABR.

2060 5404 2144 5458 l9.
2180 5403 2438 5458 Mandant
2468 5401 2663 5456 urbem.
2713 5403 2841 5457 Mss.
2878 5411 2932 5458 et
2970 5403 3096 5460 edd.
3125 5404 3374 5473 quidam,
3404 5404 3562 5460 Mun-

2175 5493 2203 5528 ιι
2209 5491 2322 5529 men
2331 5513 2344 5526 .

2058 5477 2466 5622 gbﬂlgbifiantis
2496 5553 2594 5609 est,
2617 5555 2722 5598 etc.
2759 5544 2908 5622 Mss.
2927 5554 2982 5599 et
3009 5545 3095 5622 ed.
3116 5547 3332 5622 quidam
3354 5567 3563 5622 expun-

1987 5625 2122 5684 gunt
2148 5625 2241 5670 est.
2276 5613 2381 5670 Alii
2407 5623 2791 5683 transponunt,
2823 5615 2908 5669 ubi
2935 5617 3089 5670 tantis
3119 5616 3310 5673 viribus
3348 5613 3564 5678 dimica.

1989 5695 2098 5738 tum
2127 5698 2199 5741 est
2208 5728 2218 5738 .

2059 5757 2148 5810 9-1.
2173 5755 2441 5825 Cogitaril.
2473 5753 2641 5822 Lugd.
2666 5754 2806 5808 Ball.
2838 5765 2965 5819 tres,
2989 5755 3128 5812 Ultr.
3175 5769 3228 5814 et
3250 5759 3389 5817 Coll.
3417 5764 3557 5823 Gro-

1993 5842 2143 5893 nov.,
2169 5827 2432 5895 cogitaret.
