4028 6330
268 299 402 357 1οη

1292 300 1777 360 HISTORIARUM
1816 300 2024 358 LIBER
2062 302 2148 358 Vl.
2191 300 2346 360 CAP.
2391 299 2574 356 XVIII.

3430 305 3568 361 1032

271 409 400 463 belli
429 423 458 463 a
481 409 691 467 civibus
715 411 900 469 Caesar
923 413 1219 480 occiditur,
1249 414 1303 467 in
1322 414 1530 469 caedem
1560 414 1722 468 unius
1752 421 1861 468 tra-
1889 417 1942 478 Α
1966 428 2130 468 unum
2153 413 2395 478 redacta,
2421 412 2578 481 longe
2609 412 2756 469 aliud
2801 428 2994 469 omnes
3042 413 3292 470 homines
3338 416 3554 471 vivendi

269 502 472 558 buntur
497 505 710 574 agmina
742 506 1348 562 consciorutn.Certum
1362 507 1508 562 enim
1532 504 1863 575 crat,”quia

274 595 460 650 Caesar
481 595 702 665 indigne
723 606 1072 668 peremptus,
1117 599 1305 668 plures
1333 599 1538 652 habere
1566 607 1752 666 posset
1783 595 1865 651 ul-

268 696 442 742 tores.
473 687 517 718 ”
545 687 895 759 Plurimaque
919 689 1175 746 nobilitas
1205 704 1312 744 una
1343 690 1505 744 simul
1528 699 1716 744 catena
1747 703 1867 743 sce-

270 779 402 836 leris
431 780 744 850 copulatur,
776 796 844 837 ne
884 781 1028 837 forte
1058 782 1103 813 ¹⁸
1140 789 1286 836 tanta
1326 781 1594 836 malorum
1635 781 1865 836 materia

269 884 376 926 non
408 869 535 925 belli
563 870 939 940 magnitudine
958 872 1304 941 suppleatur,
1337 870 1432 925 sed
1457 869 1712 925 vindictm
1740 870 1865 924 bre—

269 962 439 1016 vitate
470 971 746 1017 tenuetur.
763 961 1063 1017 “Medeam
1079 961 1225 1016 illam
1249 961 1447 1016 fabula:
1474 961 1711 1016 ferunt"
1731 960 1867 1015 den-

268 1062 352 1107 tes
405 1051 678 1122 quondam
733 1052 902 1108 occisi
955 1054 1164 1108 sevisse
1219 1053 1530 1124 serpentis,
1592 1068 1623 1108 e
1665 1051 1864 1122 quibus

269 1144 424 1214 quasi
452 1145 498 1177 ¹⁸
525 1151 841 1213 competens
867 1145 1060 1199 semini
1112 1157 1269 1215 seges
1296 1185 1312 1210 ,
1359 1144 1560 1200 armati
1613 1143 1868 1198 homines
1906 1150 1914 1158 '

279 1245 428 1291 terra
463 1235 817 1301 emerserint,
854 1249 1086 1306 seseque
1125 1249 1251 1290 mox
1290 1234 1522 1290 invicem
1579 1232 1867 1303 pugnando

280 1329 697 1398 prostraverint.
732 1326 800 1384 Et
827 1328 1044 1398 quidem
1073 1328 1181 1385 hoc
1227 1337 1512 1398 poetarum
1560 1333 1868 1382 commenta

279 1417 586 1484 ﬁnxerunt,
620 1417 661 1448 "
688 1427 871 1473 nostra
903 1429 1087 1474 autem
1135 1418 1339 1486 Roma,
1376 1417 1592 1473 Caesare
1633 1416 1818 1472 occiso
1846 1456 1863 1482 ,

267 1518 473 1581 quanta
497 1509 566 1566 de
590 1509 866 1565 cineribus
893 1510 1012 1580 ejus
1051 1510 1270 1579 agmina
1315 1518 1526 1565 armata
1569 1507 1860 1580 parturiit?

286 1601 502 1668 Quanta
553 1601 695 1658 bella
744 1601 798 1657 in
842 1603 1211 1658 testimonium
1254 1603 1470 1658 misera:
1525 1599 1868 1657 fecunditatis

276 1710 387 1750 non
409 1695 454 1726 ’θ
475 1694 704 1766 legenda
731 1696 936 1765 pueris,
963 1695 1058 1750 sed
1084 1697 1126 1729 ¹¹
1158 1695 1452 1765 spectanda
1481 1695 1690 1764 populis
1711 1693 1864 1750 exci-

267 1787 437 1844 tavit?
456 1797 510 1843 et
544 1799 722 1842 tamen
746 1787 937 1842 borum
965 1786 1133 1859 428
1156 1787 1399 1842 οιηιιῑιιιιι
1446 1788 1711 1842 malorum
1756 1786 1858 1840 ini-

261 1879 398 1935 tium
421 1877 802 1949 superbia'est.
837 1878 966 1934 Inde
1007 1881 1052 1911 “
1086 1888 1416 1935 exarserunt
1451 1879 1592 1934 bella
1629 1879 1844 1947 civilia,

265 1970 397 2026 inde
419 1972 614 2026 iterum
642 1971 688 2002 "
718 1971 1070 2042 pullularunt.
1102 1971 1220 2028 Non
1259 1986 1392 2038 ergo
1433 1971 1633 2039 injusta
1677 1971 1856 2025 caedes

282 2071 601 2128 esteorum,
629 2063 721 2132 qui
749 2076 870 2118 eam
904 2062 1100 2133 injuste
1129 2061 1175 2096 "
1205 2071 1589 2117 consectantur
1611 2102 1627 2128 ,
1669 2060 1717 2116 si
1743 2076 1860 2116 am-

265 2154 496 2210 bitionis
524 2155 797 2210 aemulatio
828 2171 923 2225 per
952 2156 1102 2226 ipsos
1123 2165 1287 2226 atque
1318 2157 1370 2210 ln
1411 2155 1544 2226 ipsis
1587 2163 1644 2210 et
1681 2159 1860 2227 agitur

261 2260 320 2305 et
344 2250 586 2319 punitur,
606 2249 780 2304 donec
801 2250 890 2320 qui
919 2250 1298 2305 detrectavere
1316 2250 1626 2319 collegium,
1649 2249 1861 2304 discant

260 2341 410 2398 ferre
459 2340 796 2397 dominatum
848 2359 864 2400 :
925 2355 1246 2412 summaque
1294 2340 1511 2410 imperii
1571 2341 1734 2396 totius
1789 2341 1857 2396 ad

1968 521 2138 576 genus
2157 507 2411 572 subeant,
2449 515 2506 560 ιιι
2531 520 2722 562 omnes
2752 507 3027 562 humiliter
3043 508 3264 577 placere
3290 508 3567 574 studeant,

1969 612 2078 652 non
2105 598 2404 652 inSolenter
2432 597 2730 653 oll'enderc.
2757 598 2862 654 Sed
2887 598 2954 652 ad
2987 608 3094 652 tant
3138 599 3413 654 salubrem
3466 599 3570 653 ltu-

1967 686 2214 741 militatis
2231 687 2538 742 doctrinam
2569 689 2827 759 magistro
2849 704 2984 758 opus
3014 699 3117 744 est.
3139 692 3345 762 Itaque,
3365 705 3567 760 oppor-

1970 787 2097 833 tune
2128 780 2445 848 compositis
2469 780 2655 844 rebus,
2685 782 2914 852 Augusti
2953 780 3183 837 Caasaris
3223 783 3563 854 temporibus

1970 882 2130 926 natus
2147 882 2231 926 est
2262 871 2522 926 Dominus
2548 872 2798 927 Christus
2832 874 2917 927 ε²³
2944 874 3070 943 qui,
3123 889 3244 930 cum
3290 876 3342 929 in
3385 874 3562 930 forma

1973 961 2066 1017 Dei
2099 971 2265 1027 esset,
2299 962 2526 1018 fortnam
2575 964 2716 1018 servi
2770 964 3047 1019 humiliter
3096 967 3390 1036 assumpsit
3435 985 3446 1019 :
3501 976 3562 1021 ut

1973 1065 2102 1110 tunc
2125 1054 2347 1110 demum
2371 1056 2551 1124 aptior
2571 1054 2724 1109 fieret
2745 1053 3371 1123 humilitatisinstitutio,
3389 1071 3562 1126 quan-

1968 1147 2038 1202 do
2067 1147 2174 1218 jatn
2205 1161 2307 1216 per
2339 1155 2510 1201 totum
2534 1146 2796 1202 mundum
2826 1161 2985 1217 poma
3009 1148 3280 1217 superbia:
3302 1147 3551 1206 omnibus

1968 1249 2114 1295 esset
2142 1239 2417 1310 exemplo.

2528 1352 2756 1411 CAPUT
2796 1353 2985 1410 XVIII.

2041 1488 2120 1544 De
2151 1488 2353 1546 Ctvsare
2381 1489 2665 1547 Octaviano
2689 1492 2943 1575 Augusto,
2969 1491 3219 1562 rebusque
3254 1509 3348 1562 per
3377 1508 3492 1548 eum

2672 1574 2849 1636 gestis.

2039 1695 2198 1750 Anno
2256 1695 2326 1750 ab
2372 1695 2518 1751 Urbe
2577 1695 2796 1750 condita
2854 1710 3020 1761 nccx,
3076 1694 3361 1752 interfecto
3418 1696 3563 1751 .lttlio

1963 1787 2210 1853 Caesare,
2267 1788 2283 1818 ’
2323 1785 2648 1842 Octavianus
2677 1832 2691 1855 ,
2738 1789 2830 1858 qui
2880 1797 3203 1842 testamento
3251 1787 3378 1842 Julii
3410 1790 3429 1818 ²
3455 1789 3562 1842 Cas.

1959 1881 2096 1936 saris
2159 1880 2409 1936 avunculi
2469 1891 2523 1935 et
2595 1881 2969 1936 litereditatetn
3030 1880 3195 1954 529
3247 1891 3302 1936 et
3364 1897 3564 1937 nomen

1960 1981 2372 2042 assumpserat,
2443 1971 2694 2041 idemque
2742 1971 2834 2041 qui
2884 1981 3068 2041 postea
3119 1987 3301 2027 rerum
3361 1975 3562 2043 potitus

1959 2064 2236 2136 Augustus
2284 2072 2369 2119 est
2412 2065 2611 2132 dictus,
2658 2063 2820 2119 simul
2867 2071 2928 2118 ut
2974 2064 3198 2119 Romam
3245 2065 3564 2123 adolescens

1961 2155 2256 2211 admodum
2294 2156 2466 2222 venit,
2507 2154 2745 2212 indolem
2769 2169 2921 2211 suam
2950 2154 3108 2210 bellis
3131 2156 3383 2212 civilibus
3418 2157 3439 2187 ³
3468 2173 3562 2210 vo-

1963 2251 2057 2306 vit.
2126 2249 2260 2306 Nam
2292 2292 2308 2317 ,
2366 2259 2427 2306 ut
2484 2249 2721 2306 breviter
2777 2250 3240 2306 coacervationem
3298 2251 3560 2306 malorum

1963 2343 2277 2411 etplicem,
2324 2343 2345 2374 "
2399 2342 2535 2400 bella
2586 2343 2763 2400 civilia
2818 2344 3054 2414 quinque
3105 2344 3272 2415 gessit
3330 2361 3343 2398 :
3398 2344 3561 2400 Muti-

1552 2479 2004 2538 IIAVERCAMPI
2044 2481 2276 2539 ΝΟΤιΕ.

336 2596 428 2651 1³5.
458 2596 596 2664 Quia
616 2594 812 2650 Caesar.
845 2594 984 2649 Puto
1007 2593 1294 2664 legendum
1319 2606 1465 2658 esse,
1488 2600 1653 2663 prout
1683 2592 1736 2649 in
1763 2593 1852 2649 ed.

261 2663 519 2740 principe
540 2676 740 2734 exse-it,
769 2667 927 2738 quod.
959 2665 1015 2740 In
1039 2663 1320 2719 codicibus
1357 2665 1500 2740 enim
1541 2663 1722 2740 Orosii
1753 2679 1859 2740 _vo-

259 2735 361 2796 ces
381 2735 543 2809 quod,
567 2741 714 2809 quia,
744 2735 858 2803 cur,
896 2737 1083 2809 solent
1096 2736 1414 2806 permutari.
1445 2735 1503 2788 In
1535 2735 1860 2809 quibusdam

258 2806 408 2892 mss;
446 2806 602 2866 abest
638 2810 812 2878 enim,
854 2810 908 2864 in
949 2808 1195 2879 pluribus
1236 2821 1334 2876 pro
1381 2816 1551 2876 posset
1600 2806 1862 2860 scribitur

255 2890 839 3022 poslsiI.Pluriimque.
890 2949 1151 3020 Copulam
1191 2965 1288 3020 que
1337 2962 1443 3003 non
1489 2946 1736 3018 agnoscit
1769 2947 1859 3002 ed.

259 3038 433 3154 pr.15.
489 3095 686 3151 Tanta.
719 3094 892 3168 Lugd.
938 3095 1056 3150 Dat.
1090 3091 1200 3147 duo
1252 3105 1376 3149 cum
1403 3089 1544 3146 Coll.
1587 3088 1859 3154 Gronov.,

260 3170 500 3228 tandem.

2037 2597 2091 2652 5.
2135 2595 2310 2652 Fovit.
2347 2597 2438 2653 Sic
2483 2595 2586 2654 feci
2638 2613 2704 2654 ex
2733 2598 2872 2652 novit
2912 2607 2966 2653 ct
3006 2601 3156 2654 vovit.
3197 2601 3287 2656 Sic
3328 2601 3424 2656 lib.
3456 2618 3560 2662 vit.

1965 2670 2166 2722 occulto
2198 2669 2387 2738 [wdere
2415 2685 2628 2735 vovens,
2661 2671 2886 2725 restitue
2916 2673 3112 2737 fovens.
3140 2671 3300 2732 Forte
3327 2673 3457 2726 nihil
3482 2682 3560 2727 tc-

1966 2753 2116 2792 tnerc
2146 2741 2217 2794 sit
2265 2738 2612 2804 mutandum,
2658 2740 2702 2793 si
2733 2742 2942 2793 rovendi
2989 2743 3192 2796 variant
3244 2743 3559 2798 consideres

1967 2809 2266 2882 notionem.
2300 2810 2467 2882 Laur.
2514 2839 2586 2882 5—
2636 2810 2869 2865 Verbum
2911 2812 3037 2879 fovit
3082 2812 3182 2865 loci
3236 2813 3556 2882 elegantiam

1969 2880 2152 2952 tollit;
2200 2881 2338 2935 novit
2370 2923 2384 2945 ,
2416 2880 2559 2952 quod
2604 2891 2790 2952 contra
2841 2891 2973 2936 vett.
3020 2898 3140 2952 quae
3171 2880 3561 2952 prtecésscrant

1970 2950 2094 3005 edd.
2125 2966 2336 3014 omnes,
2367 2950 2572 3020 recepit
2597 2951 2899 3019 Fabricius,
2932 2950 3088 3008 nauci
3112 2950 3216 3009 non
3239 2966 3343 3018 est,
3373 2965 3429 3008 ttt
3459 2971 3560 3011 nec

1970 3023 2155 3085 movit,
2187 3022 2330 3086 quod
2372 3023 2424 3077 in
2459 3021 2632 3091 Lugd.
2666 3022 2810 3076 Batt.
2859 3025 3028 3078 tribus
3067 3034 3120 3079 et
3148 3023 3290 3080 Coll.
3315 3025 3558 3080 Gronov.

1970 3091 2174 3148 inveni.
2201 3091 2435 3166 Omnino
2460 3092 2649 3163 reponi
2669 3093 3009 3166 debetvovit,
3033 3095 3176 3165 quod
3201 3111 3329 3150 mss.
3365 3097 3560 3166 reliqui

1972 3177 2162 3218 omnes
2193 3176 2247 3218 et
2275 3163 2398 3234 edd.
2441 3173 2757 3234 agnoscunt.
2812 3163 3081 3230 \‘overat',
3113 3180 3209 3221 seu
3266 3163 3560 3222 devoverat

339 3219 706 3296 ἶιξίΜεάεαηι
726 3238 892 3293 illam.
926 3235 1133 3307 Fabula
1159 3244 1244 3290 est
1273 3234 1326 3290 in
1358 3230 1650 3307 Apollonii
1680 3232 1858 3300 Argo-
1889 3219 1934 3282 C
1965 3247 2089 3290 sese
2118 3233 2444 3290 Octavianus
2473 3219 2660 3291 "bellis
2710 3219 2980 3307 civilibus,
3036 3219 3102 3290 ad
3123 3219 3406 3306 quinque,
3437 3219 3559 3307 quia

258 3311 510 3370 nauticis
571 3309 668 3365 lib.
728 3325 786 3365 ιιι
849 3315 906 3364 ει
947 3305 1122 3364 Ovidii
1177 3302 1537 3374 Metamorph.
1596 3302 1692 3357 lib.
1761 3318 1854 3358 vn.

258 3385 444 3443 FAun.

340 3457 436 3510 17.
483 3453 673 3507 Dentes
717 3451 998 3523 quondam.
1057 3448 1188 3504 Haec
1228 3445 1519 3503 meliorum
1565 3443 1726 3500 codd.
1775 3454 1860 3502 est

263 3527 440 3584 lectio
457 3541 472 3591 ;
501 3523 617 3588 alii,
645 3523 920 3592 quosdam.

339 3597 437 3652 18.
461 3584 766 3664 Ὀοηιρεὶεηε
786 3593 967 3648 semini
987 3607 1146 3665 seges.
1166 3589 1309 3646 ltain
1334 3603 1468 3645 mss.
1493 3585 1573 3640 Ex
1594 3584 1721 3640 edd.
1741 3585 1860 3656 qui-

256 3669 418 3733 dam,
445 3673 782 3738 competentes
800 3665 984 3738 semini
1009 3671 1223 3738 segetes.

339 3728 432 3795 19'.
465 3728 662 3792 Noitra
691 3745 865 3790 autem
896 3728 1086 3790 Roma:
1112 3733 1230 3787 Duo
1251 3748 1319 3787 ex
1340 3729 1513 3800 Lugd.
1542 3728 1710 3796 Batt.,
1734 3741 1858 3782 cum

255 3811 407 3867 Coll.
441 3809 708 3876 Cronov.,
738 3815 922 3861 nostra
941 3808 1050 3860 haec
1077 3802 1266 3858 Roma.

332 3881 435 3935 ‘10.
471 3867 707 3948 Legenda
734 3879 932 3949 pueris.
975 3877 1033 3931 In
1065 3872 1340 3949 εξειξξὶιὶἱε
1380 3871 1591 3927 scilicet
1635 3867 1862 3925 Schola-

257 3953 448 4010 sticis.
474 3943 875 4004 JuvetialfSat.
906 3962 962 4011 ιι,
994 3960 1078 4001 vs.
1109 3943 1214 4000 167
1246 3963 1260 4000 :

402 4039 468 4091 Ut
492 4041 664 4104 pueris
684 4037 900 4102 placeas,
924 4046 978 4089 et
998 4036 1291 4088 declamatio
1313 4035 1426 4086 tias!

335 4147 437 4202 21.
473 4143 771 4215 Spectanda
790 4143 1020 4215 populis.
1052 4141 1384 4210 Quibusdam
1403 4155 1484 4215 ex
1511 4140 1714 4215 iisnon
1742 4139 1864 4196 sine

258 4211 578 4287 voluptate,
606 4223 664 4270 ut
682 4211 807 4287 lieri
841 4211 1051 4287 solebat
1069 4216 1123 4269 in
1144 4212 1455 4281 spectaculo
1479 4211 1861 4287 gladiatorum,

250 4283 657 4366 quibAussupra
681 4283 960 4366 Romanos
985 4285 1216 4366 miseros
1239 4283 1593 4366 comparavit.

333 4360 442 4416 22.
470 4355 818 4412 Exarserunt.
848 4355 1150 4426 Eddsvett.
1179 4355 1446 4426 quaidam,
1471 4363 1825 4426 surrexerunt.

336 4434 441 4488 25.
471 4427 839 4483 Pullularunt.
862 4425 1036 4496 Lugd.
1061 4425 1208 4482 Batt.
1237 4425 1369 4494 dtto,
1402 4425 1762 4495 papularium.

330 4501 433 4560 24.
467 4499 860 4557 Consectantur.
891 4496 1029 4570 Edd.
1061 4496 1310 4570 quaedam
1341 4504 1498 4560 vett.,
1519 4496 1860 4570 insectantur.

250 4576 663 4665 Exedem’mox,
686 4571 810 4624 etin
830 4566 1153 4665 ipsis.DeiP,
1170 4569 1342 4640 agitur
1358 4577 1405 4622 et
1428 4567 1660 4637 punitur,
1686 4566 1866 4622 deleto
1890 4604 1947 4665 Β

250 4658 332 4716 et,
368 4642 524 4716 quod
552 4640 1060 4716 praecesseratLed;
1077 4640 1216 4716 Aug.

329 4707 434 4773 23.
473 4707 602 4840 (ἔνι,
632 4728 770 4780 cum,
786 4721 892 4767 etc.
920 4710 1000 4766 Ex
1023 4707 1196 4783 Epist:
1213 4710 1368 4767 Pauli
1389 4708 1456 4765 ad
1479 4707 1715 4779 Philipp.
1741 4722 1860 4778 cap.

358 4803 454 4840 vs.
533 4829 540 4839 .

246 4807 321 4850 ιι,
358 4803 454 4842 vs.
489 4803 540 4840 υ.

245 4836 476 4916 Z"c'£t;.
497 4836 700 4911 'XVIII.
723 4885 796 4896 --
818 4857 869 4908 Ι.
907 4853 1242 4908 Octavianus.
1282 4852 1453 4909 Recte
1491 4850 1866 4919 manuscripta

245 4930 627 5000 exemplaria.
653 4928 783 4982 Nam
809 4925 868 4980 C.
895 4924 1138 5000 Octavius
1169 4965 1186 4990 ,
1240 4925 1366 4979 Julii
1416 4922 1677 5000 Caesaris
1702 4930 1867 5000 testa-

246 4989 458 5063 fnento
489 4999 802 5069 adoptatus,
828 5010 980 5050 more
1023 4989 1391 5069 ﬁomanorutn
1430 4994 1607 5069 dic_t_us
1655 4992 1753 5045 fuit
1799 4989 1859 5045 Ο.

245 5061 650 5142 JuliusWCwsar
675 5061 1683 5142 Octavianus,_D_i_olib._vatt.Falsa.
1756 5131 1768 5142 _
1849 5129 1863 5142 ο

326 5147 392 5201 9..
431 5141 663 5196 Cwsaris
700 5137 968 5194 avunculi.
1004 5131 1212 5191 'Juliutn
1269 5137 1535 5190 Cerarem
1584 5131 1867 5201 Octaviani

244 5200 592 5275 avunculum
618 5210 862 5266 nominat
885 5207 1048 5262 etiam
1085 5206 1228 5260 infra
1268 5220 1316 5262 c.
1354 5204 1462 5264 20,
1500 5213 1552 5257 et
1575 5200 1869 5256 Suetonius

246 5291 310 5348 itt
340 5289 602 5353 Augusto
641 5281 726 5353 ait
758 5277 961 5353 :ANihil
1002 5277 1386 5332 conuenientius
1428 5275 1625 5328 ducens
1646 5312 1669 5353 ι.
1715 5286 1870 5341 quam

244 5341 474 5417 ἦέὲὲηῖ
483 5351 729 5407 avunculi
756 5349 1042 5417 vindicare,
1074 5363 1195 5401 cum
1222 5357 1406 5402 tamen
1435 5341 1722 5417 avunculus
1753 5356 1870 5393 ma-

246 5415 400 5504 gnus
427 5424 614 5504 fuerit.
638 5421 837 5504 Nescio
866 5415 1056 5504 autem
1073 5433 1141 5473 an
1174 5415 1872 5504 Orosittstctaviauutn

248 5480 474 5557 sorore
499 5493 728 5573 Caesaris
756 5504 941 5573 natum
965 5490 1259 5573 putaverit,
1291 5502 1454 5558 quem
1501 5498 1745 5573 e‘rro're'tn
1765 5480 1871 5573 ἐι).

251 5551 519 5629 Ῐῆετὶιιε,
542 5563 769 5617 Carolus
805 5551 1080 5632 Sigonius,
1112 5576 1174 5616 ac
1209 5551 1482 5630 postremo
1511 5552 1727 5632 Cuiliel.
1765 5551 1876 5622 Xy-

253 5625 482 5708 lander
505 5625 624 5704 (qui
649 5634 708 5708 _in
734 5625 924 5708 Dionis
949 5632 1180 5708 historia
1209 5625 1586 5708 convertenda
1594 5635 1660 5708 et
1685 5638 1875 5708 einen.

255 5693 761 5832 dandanrreclara
792 5702 995 5774 ingenii
1016 5703 1103 5760 sui
1124 5704 1457 5762 documenta
1483 5695 1660 5766 dedit)
1681 5693 1882 5752 refuta-

259 5789 430 5832 runl.
518 5789 640 5832 ABR.

255 5789 430 5845 runt.
468 5789 640 5832 rana.

1959 3307 2406 3379 gessit,gjt_tvenis
2436 3307 2728 3379 etiamnum
2761 3305 3026 3362 initiatus.
3059 3305 3239 3363 Genus
3270 3305 3520 3379 laqttetidi
3540 3355 3554 3379 ,

1962 3384 2023 3431 ut
2049 3375 2190 3447 apud
2222 3375 2500 3432 Lucanum
2533 3392 2621 3442 tu,
2655 3378 2761 3434 '5l0
2791 3395 2805 3432 :

2091 3470 2275 3534 Accipe
2292 3469 2500 3522 devotas
2524 3475 2737 3521 externa
2760 3471 2808 3519 in
2831 3469 2999 3534 praelia
3019 3470 3237 3523 dextras.

2032 3574 2087 3628 4.
2130 3573 2279 3628 Bella
2301 3575 2474 3630 civilia
2492 3575 2716 3644 quinque
2749 3575 2921 3646 gessit.
2946 3575 3220 3632 Bellorum
3253 3576 3446 3633 horum
3475 3577 3557 3632 vi-

1963 3646 2369 3715 ctoriarumquc
2386 3646 2615 3700 Caasaris
2628 3647 2902 3701 Octaviani
2917 3647 3140 3716 Augusti
3155 3650 3412 3703 memoria
3427 3648 3561 3704 insi—

1961 3719 2082 3786 gnis
2104 3725 2280 3770 exstat
2307 3717 2361 3770 in
2388 3717 2749 3782 nobilissimo,
2780 3716 2875 3786 qui
2904 3732 3069 3786 penes
3091 3732 3177 3772 me
3195 3728 3294 3780 est,
3333 3735 3558 3773 nummo

1964 3797 2251 3857 argenteo;
2268 3785 2320 3857 in
2336 3787 2491 3857 cujus
2503 3797 2656 3857 parte
2671 3785 2869 3857 priore,
2888 3785 3005 3842 sine
3033 3787 3140 3841 ulla
3165 3788 3521 3857 inscriptione
3536 3830 3553 3853 ,

1964 3854 2512 3926 agnoscitur-Caesaris
2522 3854 2802 3911 Octaviani
2816 3865 2996 3926 caput,
3011 3857 3242 3913 leoninis
3252 3854 3484 3922 exuviis,
3502 3859 3557 3913 in

1965 3941 2174 3982 morem
2194 3926 2440 3980 Herculis
2453 3936 2770 3982 exornatum
2789 3943 2804 3992 ;
2823 3927 2980 3996 quasi
2997 3937 3315 3994 agnosceret
3335 3936 3557 3982 senatus

1965 3998 2241 4052 Romanus
2270 3995 2448 4067 (cujus
2463 3996 2617 4064 jussu
2641 4037 2658 4062 ,
2703 3995 2950 4066 apposita
2980 4009 3104 4052 nota
3136 3996 3195 4053 S.
3237 3996 3298 4052 C.
3333 3997 3436 4052 fuit
3463 4013 3558 4053 cu-

1965 4082 2062 4124 sus
2082 4066 2356 4136 denarius)
2375 4066 2576 4120 domita
2599 4083 2696 4136 per
2717 4067 3000 4122 Herculem
3029 4067 3172 4123 hunc
3187 4067 3554 4134 Alexicacum,

1965 4153 2088 4210 quae
2111 4138 2410 4210 Romanum
2445 4137 2729 4210 imperium
2771 4138 3108 4210 lacerabant,
3138 4139 3553 4210 monstra,An-

1967 4207 2172 4265 {ouium
2228 4207 2499 4279 prtecipue
2547 4216 2603 4262 et
2654 4207 2877 4264 Sextum
2928 4208 3267 4279 Pompeium.
3326 4209 3558 4279 Insignis

1967 4296 2120 4352 atque
2144 4289 2227 4334 est
2249 4293 2372 4348 pars
2384 4278 2555 4352 altera
2571 4280 2796 4352 nummi,
2817 4293 2956 4352 quas,
2982 4279 3100 4352 sine
3121 4280 3229 4333 ulla
3245 4278 3559 4352 inscriptio-7

1969 4349 2065 4417 ηε]
2101 4352 2210 4422 typi
2235 4349 2519 4419 superbia,
2550 4365 2664 4404 rem
2699 4349 2948 4422 absolvit.
2983 4349 3269 4419 Spectatur
3298 4351 3446 4422 enim
3483 4351 3560 4406 ibi

1967 4420 2187 4494 globus,
2222 4431 2486 4494 terrarum
2518 4423 2704 4494 orbem
2730 4421 3020 4489 designans
3042 4463 3058 4485 ,
3090 4422 3154 4494 in,
3191 4420 3364 4494 media
3397 4436 3555 4494 arca,

1968 4489 2203 4564 quatuor
2230 4492 2458 4564 cinctus
2474 4492 2718 4564 corollis,
2748 4507 2870 4564 cum
2903 4492 3280 4564 acrnstolio_et
3300 4489 3556 4547 frumenti

1969 4561 2134 4634 spica.
2167 4563 2330 4633 Cujus
2355 4561 2698 4634 emblematis
2727 4563 2863 4618 duas
2895 4578 3114 4631 possum
3159 4562 3357 4618 afferre
3387 4564 3560 4634 inter-

1974 4632 2326 4707 pretatitntes.
2355 4632 2462 4707 Per
2490 4643 2722 4707 quatuor
2753 4635 2900 4688 enim
2935 4635 3179 4707 corollas
3214 4644 3447 4704 quatuor
3479 4633 3561 4688 vi-

1972 4703 2158 4762 ctoriae
2179 4703 2410 4759 Caesaris
2433 4703 2711 4773 designari
2743 4713 2994 4774 possunt,
3012 4721 3144 4774 quas
3167 4703 3253 4758 hic
3276 4716 3564 4761 enumerat

1971 4777 2224 4840 Orosius,
2250 4777 2330 4830 sic
2350 4784 2408 4829 ut
2435 4775 2619 4844 quinta
2644 4775 2870 4846 victoria
2892 4775 3091 4846 duplici
3117 4788 3244 4846 typo
3267 4774 3558 4843 indicetur,

1977 4847 2234 4902 videlicet
2261 4846 2550 4916 acrostolio
2582 4858 2638 4900 et
2667 4845 2923 4916 frumenti
2973 4845 3151 4914 spica,
3193 4861 3314 4916 qua:
3359 4846 3560 4902 Sicilia:

1973 4930 2028 4974 et
2049 4917 2292 4972 victoriae
2319 4915 2538 4988 Siculae,
2569 4917 2682 4988 sive
2702 4915 2779 4988 de,
2795 4915 2963 4988 Sesto
2987 4917 3267 4985 Pompeio,
3289 4919 3398 4988 sint
3419 4933 3566 4988 synt-

1975 4989 2188 5053 bolum,
2225 4987 2496 5042 classibus
2524 4986 2691 5042 'enitn
2731 4986 2820 5042 ille
2855 4994 2909 5041 et
2941 4986 3197 5041 frumenti
3224 4987 3379 5056 copia
3413 4986 3563 5040 valc-

1974 5060 2084 5114 bat.
2142 5059 2324 5113 Altera
2383 5056 2760 5126 interpretatio
2808 5057 2930 5111 haec
2978 5068 3060 5110 est
3092 5073 3106 5108 :
3139 5057 3387 5124 Quatuor
3441 5072 3564 5110 cer-

1971 5133 2151 5186 nitnus
2198 5127 2458 5192 corollas,
2505 5127 2601 5182 sed
2646 5129 2718 5182 ita
2769 5130 2975 5196 pictas,
3010 5138 3066 5180 ut
3096 5141 3216 5197 qua:
3271 5141 3339 5182 ex
3367 5127 3564 5183 iisdem

1973 5200 2578 5271 globosuperponitur,
2611 5198 2849 5271 reliquas
2873 5208 3023 5271 tres,
3057 5212 3178 5267 quae
3215 5198 3408 5271 requali
3441 5205 3571 5271 sunt

1977 5269 2374 5341 magnitudine,
2407 5271 2608 5325 vincat.
2648 5269 2772 5324 l'lazc
2815 5269 3062 5341 igitur_in
3085 5282 3300 5341 genere
3316 5269 3571 5341 victorias

1976 5337 2230 5406 thsaris,
2246 5351 2299 5394 et
2321 5342 2603 5394 subactum
2627 5337 2890 5395 terrarum
2912 5339 3106 5394 orbem
3127 5337 3418 5408 significat.
3434 5339 3572 5393 Tres

1977 5411 2218 5474 corollae,
2250 5411 2354 5464 sibi
2386 5411 2616 5465 invicem
2640 5411 2846 5465 similes
2867 5451 2882 5476 ,
2914 5409 3185 5475 triplicem
3212 5409 3570 5479 triumphum,

1979 5483 2135 5551 cujus
2168 5481 2374 5535 mentio
2399 5479 2599 5551 fIlgcap.
2643 5482 2744 5547 20,
2774 5491 2828 5535 et
2857 5489 3035 5550 partas
3065 5479 3123 5533 in
3151 5481 3333 5549 specie
3359 5496 3430 5535 ex
3463 5481 3571 5535 Eu-

1979 5549 2139 5623 ropa,
2169 5552 2293 5606 Asia
2319 5559 2373 5605 et
2395 5549 2601 5616 Africa,
2633 5553 2807 5608 tribus
2833 5549 2980 5606 Orbis
3003 5561 3268 5623 terrarum
3307 5552 3570 5619 partibus,

1981 5622 2239 5680 victorias
2262 5624 2508 5676 innuunt.
2533 5625 2894 5678 Acrostolium
2909 5638 3036 5679 vero
3064 5622 3358 5692 potentiam
3385 5624 3572 5686 maris,

1987 5693 2247 5751 frumenti
2278 5693 2460 5761 spica,
2503 5693 2889 5749 abundantiam
2940 5704 2994 5750 et
3045 5695 3350 5748 ubertatem
3393 5707 3575 5747 rerum

1991 5765 2236 5824 omnium
2285 5762 2652 5834 frumentique
2708 5764 2976 5835 imprimis
3028 5779 3215 5823 curam
3263 5764 3573 5837 designant.
