4028 6294
324 289 466 350 1045

1340 283 1819 350 HISTORIARUM
1858 285 2067 357 LIBER
2110 283 2196 350 VI.
2237 283 2390 346 CAP.
2434 285 2626 345 XVIII.

3489 289 3629 356 10GB

320 413 402 458 ter
430 403 599 458 vitam
635 400 764 456 nihil
797 399 1032 470 reliquit.
1071 401 1113 436 ¹⁶
1143 399 1314 472 Igitur
1340 399 1527 468 (linear
1571 409 1625 454 et
1653 400 1921 456 Antonius
1948 405 1993 466 Α
2027 400 2392 470 Hepecratem
2427 401 2818 474 Pompeianum
2844 403 3039 470 ducem
3064 404 3254 472 navale
3282 403 3486 474 bellum
3507 418 3630 484 ges-

317 493 542 550 eosdem
567 493 618 552 in
641 491 1010 560 Macedoniam
1041 493 1257 566 magnis
1276 491 1548 556 bellorum
1571 492 1919 563 apparatibus

319 587 624 658 persecuti,
656 586 723 640 ad
750 593 982 646 mortem
1010 584 1431 655 compulerunt:
1465 587 1716 654 quamvis
1744 584 1919 652 mani-

317 681 613 742 festissime
653 679 744 734 illa
772 687 901 736 tunc
933 693 1111 749 pugna
1144 693 1250 740 non
1282 679 1483 743 virtute
1532 680 1704 748 partis
1743 679 1917 746 Αιιιο-

319 775 417 840 nii,
443 773 541 829 sed
569 771 807 828 Caesaris
837 769 1097 826 felicitate
1135 770 1381 830 confecta
1419 769 1510 834 sit.
1561 767 1745 826 Caesar
1771 768 1917 826 enim

318 875 447 922 tunc
471 878 638 935 eger,
666 878 792 922 cum
821 877 881 920 se
911 860 965 918 in
993 860 1191 922 castris
1218 859 1501 926 capiendae
1530 857 1728 929 quietis
1754 872 1918 926 causa

319 966 507 1013 tenere
535 954 842 1019 statuisset,
871 953 916 996 ηο
946 952 1187 1018 hortatu,
1217 959 1274 1007 et
1298 951 1550 1022 precibus
1577 950 1772 1012 medici
1806 953 1914 1018 sui,

314 1049 406 1120 qui
439 1063 537 1118 per
568 1047 842 1106 somnium
878 1044 1214 1108 admonitum
1254 1056 1374 1105 sese
1407 1039 1682 1110 fatebatur
1703 1083 1718 1108 ,
1766 1049 1822 1096 ιιι
1851 1053 1914 1098 ea

312 1142 400 1198 die
424 1142 617 1196 castris
645 1137 918 1194 Caesarem
947 1136 1138 1198 salutis
1163 1136 1335 1205 ipsius
1355 1146 1520 1196 causa
1542 1133 1824 1204 educeret,
1857 1130 1910 1190 in

312 1248 562 1304 campum
591 1232 632 1264 ³⁸
661 1246 806 1301 aegre
849 1231 992 1285 inter
1019 1229 1209 1298 copias
1237 1238 1493 1297 egressus
1518 1234 1602 1290 est
1629 1263 1642 1289 ,
1697 1236 1760 1278 ac
1786 1236 1912 1288 mox

313 1338 492 1382 castra
516 1325 636 1394 ejus
663 1323 732 1380 ab
760 1321 1008 1378 hostibus
1032 1326 1190 1390 capta
1215 1327 1344 1376 sunt
1370 1335 1381 1371 :
1432 1315 1530 1380 sed
1573 1327 1765 1382 rursus
1794 1312 1910 1378 C8-

314 1417 512 1474 sariani
543 1413 743 1471 milites
764 1412 936 1468 Cassii
969 1423 1150 1470 castra
1183 1416 1469 1480 ceperunt.
1512 1405 1694 1474 Quare
1721 1403 1791 1458 ad
1817 1402 1912 1471 de-

312 1524 469 1579 spera
479 1508 677 1562 tionem
695 1503 869 1574 adacti
888 1504 1088 1562 Brutus
1107 1510 1161 1558 et
1175 1499 1417 1566 Cassius,
1446 1499 1789 1564 immaturam
1805 1493 1908 1550 sibi

310 1612 541 1656 mortem
565 1609 690 1654 ante
721 1597 846 1654 belli
874 1595 1166 1660 terminum
1190 1593 1609 1656 consciverunt:
1643 1603 1792 1652 nam,
1824 1587 1906 1641 iti-

309 1693 490 1747 vitatis
535 1688 990 1761 percussoribus,
1033 1685 1260 1742 Cassius
1287 1691 1490 1754 caput,
1537 1681 1735 1748 Brutus
1762 1679 1907 1734 latus

2023 494 2111 547 sit.
2145 493 2349 554 Deinde
2372 494 2487 566 ipse
2509 493 2693 556 Caesar
2723 495 2984 563 adversus
3011 497 3233 566 eosdem
3265 497 3627 581 Pompeianos

2020 586 2462 652 cruentissimutn
2488 585 2688 649 bellum
2716 589 2910 658 navale
2931 589 3169 658 confecit
3203 607 3215 643 :
3250 590 3343 644 sed
3367 589 3625 656 continuo

2021 677 2303 740 victricem
2334 677 2563 742 classem
2615 693 2752 748 pene
2781 681 3089 744 universam
3117 680 3259 754 apud
3321 683 3363 712 ’7
3413 681 3625 754 Scylla-

2019 781 2176 830 ceum
2207 767 2492 840 naufragio
2517 769 2718 826 amisit.
2749 771 2795 802 ¹⁸
2827 773 3107 842 Ventidius
3151 773 3345 844 Persas
3390 782 3446 829 et
3490 773 3622 831 Par—

2021 859 2143 916 thos
2171 860 2225 918 in
2262 861 2472 933 Syriam
2531 862 2896 936 irrumpentcs
2929 907 2944 932 ,
2975 867 3152 922 tribus
3180 867 3338 924 bellis
3372 869 3622 940 maximis

2020 950 2188 1020 fudit,
2218 965 2522 1024 regemque
2550 966 2740 1012 eorum
2764 954 3025 1019 Pacorum
3069 956 3124 1010 in
3153 957 3270 1020 acie
3310 957 3619 1030 interfecit,

2018 1055 2081 1104 ea
2109 1039 2323 1110 scilicet
2344 1040 2464 1108 die,
2490 1057 2592 1112 qua
2615 1041 2846 1099 Crassus
2875 1059 2906 1098 a
2937 1044 3149 1114 Parthis
3183 1046 3360 1102 fuerat
3387 1033 3618 1110 occisus;

2017 1135 2327 1206 Antonius,
2358 1149 2466 1190 uno
2486 1137 2575 1196 vix
2605 1135 2833 1192 castello
2861 1147 3168 1210 expugnato
3189 1183 3204 1208 ,
3259 1154 3446 1223 pacem
3495 1156 3617 1212 cum

2015 1225 2284 1282 Antiocho
2317 1225 2476 1294 fecit,
2523 1236 2582 1282 ut
2629 1227 2747 1298 ipse
2788 1236 2991 1286 tantam
3043 1244 3157 1296 rem
3213 1245 3622 1292 consummasse

2021 1319 2326 1374 videretur.
2357 1317 2671 1374 Ventidium
2723 1319 2899 1391 Syriae
2948 1321 3224 1391 praefecit,
3257 1323 3301 1354 ’θ
3347 1321 3618 1394 iussitque

2015 1422 2074 1480 ut
2102 1410 2379 1482 Antigono
2414 1410 2612 1466 bellum
2651 1411 2877 1470 inferret
2907 1430 2922 1470 :
2953 1413 3042 1483 qui
3073 1412 3292 1469 Iudaeos
3321 1421 3435 1468 tum
3481 1416 3620 1482 forte

2013 1504 2420 1574 debellaverat,
2443 1505 2728 1576 captisque
2754 1504 3182 1578 Hierosolymis,
3211 1507 3468 1578 templum
3497 1521 3615 1577 spo-

2012 1598 2270 1664 Iiaverat,
2327 1597 2372 1628 ³⁰
2414 1613 2750 1669 regnumque
2805 1599 3007 1654 Ilerodi
3052 1598 3407 1668 dempserat:
3452 1613 3613 1672 quem

2011 1687 2271 1758 continuo
2285 1688 2486 1754 victum
2511 1689 2565 1743 in
2588 1687 2923 1744 deditionem
2955 1689 3180 1760 recepit.
3205 1688 3359 1756 Mena
3387 1687 3613 1746 libertus

305 1787 558 1858 praebuit.
588 1787 632 1818 ²²
664 1784 734 1838 At
765 1784 950 1840 Romae
982 1780 1172 1838 Fulvia
1197 1819 1213 1846 ,
1247 1793 1386 1836 uxor
1414 1775 1677 1840 Antonii,
1707 1787 1899 1832 socrus
1932 1785 1976 1856 Β
2003 1795 2129 1842 cum
2157 1795 2251 1838 se;
2287 1781 2521 1844 navibus
2569 1781 2636 1835 ad
2670 1779 2987 1852 pompeium
3028 1782 3188 1838 redii;
3210 1822 3225 1850 ,
3277 1797 3306 1838 a
3348 1797 3458 1858 quo
3497 1782 3614 1837 de.

305 1881 557 1944 Caesaris,
577 1878 918 1935 dominatum
941 1884 1003 1930 ut
1025 1873 1222 1934 mulier
1249 1871 1487 1942 agitabat
1509 1887 1522 1924 :
1550 1868 1818 1924 incertum
1845 1867 1896 1934 ip

306 1974 406 2028 bac
449 1971 753 2028 mutatione
789 1967 1097 2024 consularis
1145 1965 1390 2035 regiique
1427 1959 1670 2032 fastigii,
1719 1969 1898 2028 utrum

305 2064 610 2121 deficientis
660 2062 918 2132 potentiae
965 2059 1149 2118 ultima
1179 2102 1193 2126 ,
1247 2072 1316 2111 an
1366 2053 1676 2125 incipientis
1723 2052 1898 2123 prima

304 2157 350 2192 ³³
385 2154 742 2221 numeranda,
770 2161 921 2209 certe
947 2151 1110 2212 etiam
1141 2149 1318 2204 in'eos
1340 2147 1601 2210 insolens,
1637 2159 1732 2218 per
1761 2156 1899 2218 quos

307 2261 361 2304 ut
416 2249 812 2311 insolesceret,
865 2246 1146 2316 agebatur.
1207 2241 1341 2296 Nam
1390 2251 1443 2296 et
1489 2239 1755 2308 (iazsarem
1814 2251 1898 2306 re-

302 2359 518 2399 versum
548 2342 691 2412 apud
718 2339 1079 2397 Brundusium
1113 2334 1493 2400 contumeliis,
1551 2329 1895 2405 factionibus,

302 2434 620 2504 insidiisque
646 2435 692 2464 "
725 2432 896 2502 petiit.
947 2431 993 2484 A
1022 2443 1130 2500 quo
1159 2426 1472 2498 propulsata
1502 2424 1569 2491 ad
1601 2422 1898 2492 Antonium

297 2527 459 2600 533
513 2529 787 2583 concessit
843 2527 894 2580 in
942 2523 1232 2584 Graeciam.
1291 2522 1336 2551 ’⁸
1393 2519 1523 2588 Sex.
1566 2517 1896 2588 Pompeius,

302 2633 586 2693 pnstquatn
617 2635 676 2675 se
730 2620 783 2675 iu
831 2617 1258 2688 proscriptorum
1311 2627 1595 2682 numerum
1666 2610 1896 2682 relatum

298 2713 596 2782 comperit,
629 2724 932 2766 conversus
987 2709 1039 2762 in
1098 2705 1412 2770 latrocinia.
1468 2717 1687 2758 omnem
1745 2716 1896 2768 oram

300 2805 465 2859 Italia:
491 2801 732 2862 cteilibus
755 2803 1068 2871 rapinisque
1099 2799 1347 2854 vastavit.
1380 2796 1566 2865 Sicilia
1603 2804 1896 2870 praerepta,

2005 1883 2217 1944 menter
2246 1883 2517 1945 receptus,
2549 1873 2785 1938 Catsaris
2810 1875 3042 1944 classem
3067 1875 3328 1943 incendit,
3357 1876 3604 1950 quamvis

2004 1981 2178 2036 nuper
2200 1964 2385 2024 Caesar
2412 1965 2638 2030 alteram
2671 1966 2914 2036 secundo
2946 1967 3228 2038 naufragio
3255 1966 3601 2040 perdidisset.

2003 2057 2261 2128 Idemque
2288 2057 2440 2124 Mena
2472 2067 2658 2128 postea
2691 2058 2760 2118 ab
2784 2059 3019 2130 Agrippa
3049 2059 3226 2130 navali
3275 2059 3460 2134 proelio
3491 2061 3599 2112 cir—

2002 2162 2353 2216 cumventus.
2381 2167 2505 2206 cum
2527 2167 2627 2206 sex
2655 2152 2964 2218 triremibus
2984 2153 3052 2208 ad
3074 2153 3344 2218 Caesarem
3372 2151 3602 2220 transiit.

2004 2246 2112 2312 Sed
2139 2246 2282 2312 hunc
2311 2245 2496 2300 Caesar
2529 2246 2689 2300 tertio
2719 2247 3051 2317 transfugam
3077 2291 3090 2316 ,
3147 2246 3352 2306 indulta
3400 2254 3607 2302 tantum

2004 2340 2146 2408 vita,
2175 2335 2340 2410 434
2370 2337 2411 2367 ³⁸
2443 2351 2662 2408 segnem
2694 2337 2933 2408 reliquit.
2966 2338 3171 2407 Deinde
3201 2337 3436 2414 Agrippa
3469 2337 3607 2408 inter

2003 2429 2172 2494 Mylas
2200 2439 2256 2484 et
2287 2430 2510 2514 Liparas
2533 2429 2577 2460 ³²
2611 2430 2872 2486 adversus
2927 2431 3313 2500 Democliarcm
3341 2441 3396 2486 et
3446 2432 3606 2490 Pom-

2002 2521 2180 2590 peium
2205 2522 2393 2576 navale
2416 2522 2660 2592 prmlium
2690 2522 2884 2592 gessit,
2942 2537 3005 2576 ac
3043 2523 3171 2591 vicit
3203 2540 3217 2588 ;
3274 2523 3451 2594 ibique
3478 2534 3608 2586 tunc

2003 2628 2173 2670 naves
2217 2614 2440 2682 triginta
2464 2624 2554 2674 aut
2587 2613 2632 2656 ³⁸
2661 2613 2954 2679 demersit,
3012 2623 3105 2668 aut
3152 2614 3324 2698 cepit,
3382 2617 3604 2701 reliquis

2003 2703 2273 2768 laceratis.
2304 2703 2593 2774 Pompeius
2625 2704 2925 2762 Messanam
2975 2704 3235 2775 confugit.
3292 2702 3476 2776 C:esar
3519 2709 3601 2762 in-

2006 2809 2150 2869 terea
2205 2799 2614 2856 Taurominium
2647 2799 2691 2828 3"
2739 2799 3071 2870 traiecerat,
3113 2814 3275 2870 quem
3319 2801 3605 2871 repentino

301 2897 805 2964 commeatibusque
862 2893 1136 2963 impeditis
1169 2933 1184 2960 ,
1217 2891 1442 2944 Ruinam
1502 2889 1640 2956 fante
1695 2887 1895 2952 affecit.
1943 2923 1970 2940 κ
2006 2893 2208 2962 impetu
2239 2891 2529 2964 Pompeius
2555 2891 2764 2952 afﬂixit.
2792 2891 2949 2950 Unde
2978 2894 3163 2960 multis
3209 2894 3472 2956 demersis
3505 2911 3602 2964 na-

299 2988 416 3044 Mor
448 3003 570 3046 cum
593 3001 660 3042 eo
687 2999 877 3055 pacem
901 2983 1196 3050 triumviri,
1223 2993 1276 3036 ut
1311 2998 1419 3052 non
1448 2979 1622 3050 dicam
1648 2978 1896 3050 tyranni,

293 3082 348 3135 id
373 3089 483 3145 est,
520 3078 786 3149 Lepidus,
818 3077 1029 3141 Caesar,
1063 3075 1437 3143 AlllOllilIStlllc
1479 3071 1746 3126 fecerunt.
1792 3070 1896 3125 Sed

2003 2985 2158 3038 vibus
2205 2985 2348 3050 suis,
2385 3001 2448 3039 ac
2493 3001 2685 3056 magna
2718 2987 3068 3054 multitudine
3113 3002 3336 3044 suorum
3371 2988 3602 3060 militum

2004 3077 2249 3147 perdita.
2285 3078 2336 3130 in
2379 3075 2582 3130 Italiam
2610 3077 2794 3132 Caasar
2839 3079 3084 3148 aufugit,
3139 3079 3182 3109 ³³
3215 3094 3314 3134 nec
3369 3081 3602 3136 interve-

291 3175 555 3230 Cnntinuo
613 3186 734 3226 cum
789 3179 979 3224 contra
1037 3177 1248 3236 pactum
1299 3165 1588 3233 Pompeius
1640 3163 1894 3233 fugitivos
1923 3163 1968 3226 C
2001 3171 2186 3225 niente
2214 3186 2394 3236 mora,
2447 3171 2500 3225 in
2533 3171 2770 3226 Siciliam
2800 3173 2998 3226 rediit:
3031 3173 3212 3242 ibique
3241 3173 3504 3243 Lepidum
3535 3191 3602 3230 ex

291 3268 553 3336 allegeret
583 3307 599 3332 ,
641 3269 703 3318 ut
768 3263 939 3318 hostis
992 3262 1208 3315 habitus
1258 3269 1361 3314 est.
1424 3258 1577 3314 Mena
1606 3297 1621 3322 ,
1668 3257 1893 3316 libertus

294 3356 560 3424 Pompeii,
590 3370 713 3410 cum
755 3351 1038 3422 sexaginta
1071 3352 1288 3405 navium
1317 3351 1492 3402 classe
1535 3347 1602 3414 ad
1623 3346 1892 3418 Czesarem

292 3449 523 3516 defecit,
556 3447 842 3518 eidemque
866 3445 1028 3507 classi
1071 3444 1187 3516 ipse
1214 3443 1366 3521 jussu
1391 3442 1622 3506 Caesaris
1656 3439 1891 3511 praefuit.

292 3541 550 3611 Idemque
577 3539 838 3595 continuo
865 3536 911 3567 ”
967 3550 1088 3591 cum
1142 3534 1356 3591 Statilio
1406 3533 1586 3588 Tauro
1632 3532 1894 3588 adversus

2002 3263 2183 3318 Africa
2222 3263 2606 3328 adventantem
2638 3264 2857 3320 obvium
2901 3265 3133 3330 liabuit,
3193 3281 3432 3324 autumas
3496 3269 3598 3323 sibi

2002 3367 2187 3426 partes
2217 3363 2455 3420 terrore,
2487 3354 2647 3410 minis
2677 3371 2741 3410 ac
2771 3357 3024 3426 superbia
3061 3355 3446 3413 vindicantem.
3472 3358 3601 3414 Post

2002 3448 2118 3502 dies
2171 3463 2374 3518 paucos
2431 3447 2663 3518 Agrippa
2693 3447 2846 3518 jussu
2871 3446 3107 3502 Caesaris
3160 3464 3188 3502 a
3250 3450 3430 3508 littore
3476 3465 3599 3518 cum

2001 3541 2120 3597 acie
2163 3541 2422 3597 instructa
2449 3543 2876 3611 prospectantis,
2938 3542 2984 3574 "
3037 3544 3377 3604 atrocissima
3426 3544 3600 3604 navali

1598 3629 2043 3688 HAVERCAMPI
2086 3634 2313 3689 NOTAE.

367 3730 454 3785 19.
501 3726 672 3798 Igitur
700 3723 952 3798 ϐαβαῖ-ει
975 3720 1362 3798 Antonius.__I_)e
1391 3719 1887 3798 bello_Pltilippe_iisi

294 3802 438 3856 Plut.
465 3791 778 3854 in'Antnnio
800 3803 856 3851 et
877 3795 1066 3860 Bruto,
1094 3798 1232 3864 App.
1256 3793 1366 3864 lib.
1391 3806 1462 3864 tv,
1495 3791 1591 3845 Dio
1617 3791 1780 3856 xcvn,
1798 3793 1887 3850 Li-

293 3874 413 3925 vius
441 3884 622 3933 cxxnv,
647 3867 836 3924 Florus
863 3867 955 3920 lib.
991 3879 1043 3918 tv
1071 3879 1120 3918 c.
1146 3861 1220 3930 (ἴ,
1254 3861 1495 3918 Velleius
1519 3903 1534 3930 ,
1571 3865 1884 3936 liutropins,

297 3953 355 3997 et
386 3942 502 4000 alii.
537 3939 702 4008 Fami.

367 4011 455 4064 2t).
490 4009 537 4063 11
543 4003 713 4063 ortam
733 4019 777 4064 et
807 4009 1043 4077 precibus
1069 4005 1270 4063 medici.
1311 4003 1384 4077 De
1406 4003 1509 4056 hoc
1533 4004 1746 4077 somnio
1770 4019 1888 4070 me-

295 4083 403 4137 dici
424 4083 538 4134 liin.
566 4075 814 4134 Amicum
834 4096 988 4136 suum
1014 4079 1151 4133 hunc
1177 4077 1344 4132 fuisse
1368 4075 1482 4144 ipse
1503 4075 1743 4144 scripsit,
1763 4091 1893 4130 auc-

298 4163 418 4208 tore
448 4152 723 4208 Plutarcb.
754 4150 806 4204 in
836 4151 1091 4204 AntOnio.
1147 4147 1310 4204 FABIl.

367 4223 458 4277 ‘2I.
493 4217 679 4292 Afgre.
715 4221 785 4292 Ita
810 4236 937 4292 mss.
967 4231 1021 4274 et
1049 4217 1171 4275 edd.
1205 4219 1384 4292 plures
1407 4225 1462 4270 et
1485 4214 1765 4292 m_e|iores._
1786 4217 1892 4287 Alii

297 4309 461 4366 aeger,
496 4287 720 4366 Sueten.
760 4291 814 4345 in
845 4291 983 4366 Aug.
1017 4306 1135 4358 cap.
1165 4287 1224 4344 9i
1257 4305 1295 4366 ε.
1325 4287 1570 4366 Quamvis
1609 4289 1890 4356 statuisset,

298 4357 401 4417 non
425 4357 599 4431 egredi
630 4357 960 4432 tabernaculo
986 4357 1192 4432 propter
1188 4357 1576 4432 _vale_tudinem_.

369 4427 473 4488 εἰ(
513 4435 578 4487 At
609 4433 789 4490 Roma:
817 4427 1024 4492 Fulvia.
1075 4427 1148 4486 De
1179 4427 1382 4482 Fulvia:
1427 4427 1712 4482 insolentia
1745 4427 1885 4482 Plut.

301 4505 354 4559 in
379 4505 639 4568 Antonio,
669 4513 725 4558 et
755 4503 851 4557 Dio
882 4503 976 4558 lib.
1012 4517 1192 4556 xu'ttt.
1238 4501 1400 4568 Fies.

371 4543 460 4630 2‘5.
493 4548 845 4628 Num'crauda.
881 4574 955 4630 Ita
980 4588 1107 4629 mss.
1133 4586 1268 4643 quos
1295 4565 1526 4638 inspexi,
1556 4583 1766 4634 omnes,
1795 4585 1892 4623 no-
1921 4543 1972 4602 D

305 4647 554 4698 minando
587 4643 866 4703 Fabricius
895 4655 946 4698 et
973 4644 1169 4713 reliqui
1198 4643 1458 4702 editores.

372 4717 463 4771 24.
509 4715 683 4769 Petiit.
721 4713 909 4784 Iidem,
942 4715 1131 4784 petivit.

372 4787 462 4842 25.
496 4787 622 4841 Sex.
660 4780 957 4856 Pompeius.
991 4784 1067 4839 De
1091 4785 1216 4856 Sex.
1250 4782 1510 4853 Pompeio
1525 4780 1794 4856 rebusque
1823 4781 1892 4835 ab

301 4874 368 4911 eo
381 4869 573 4914 etcum
599 4853 844 4928 eogestis
867 4856 1048 4909 Livius
1071 4855 1161 4928 lib.
1179 4868 1363 4928 cxrvtt
1387 4853 1885 4928 etseqq.,_Appian.

302 4931 396 4985 lib.
429 4946 480 4996 ν,
518 4931 612 4984 Dio
643 4921 807 4983 xivnt
835 4941 884 4982 et
913 4941 1058 4990 thx,
1081 4925 1227 4979 Flor.
1260 4924 1353 4979 lib.
1383 4939 1433 4977 iv
1465 4939 1515 4978 c.
1538 4921 1602 4975 ’8.
1632 4921 1798 4996 Fasti.

328 4997 330 5000 ’
370 4993 621 5056 έϐίϐιιηι
650 4999 860 5054 Statilio
902 4997 1101 5050 Tauro.
1139 4996 1235 5050 Dio
1287 4996 1380 5048 lib.
1426 5007 1625 5055 xuttt,
1677 4993 1888 5047 Menam

304 5087 554 5128 noncum
607 5071 815 5135 Tauro,
868 5068 962 5124 sed
1013 5083 1136 5122 cum
1189 5064 1421 5120 Calvisio
1459 5064 1659 5135 Sabino
1687 5066 1886 5134 bellum

300 5144 559 5199 adversus
581 5134 937 5197 Menecratem
968 5140 1200 5207 gessisse
1231 5138 1411 5207 tradit.
1439 5134 1602 5207 FABIl.

370 5215 459 5269 27.
495 5213 863 5283 Scyllacazum.
912 5203 1021 5283 Ι)ίρ
1037 5208 1301 5283 Saepta-toil
1331 5206 1510 5283 liabet.
1543 5203 1709 5283 App._
1733 5205 1888 5258 Σκυλ-

299 5286 492 5340 λάκιον.
528 5275 714 5352 Virgil.
747 5283 841 5336 lib.
877 5297 933 5336 Ill
957 5279 1174 5334 Aineid.
1203 5277 1554 5352 Naeifi'agunt
1587 5275 1890 5352 Scylaceum

302 5358 463 5417 dicit,
494 5369 600 5419 quo
623 5345 686 5408 in
719 5354 838 5407 loco
868 5353 936 5408 de
967 5351 1128 5419 liujus
1180 5345 1413 5402 nominis
1445 5348 1652 5401 ratione
1683 5345 1892 5401 Pierius

302 5435 357 5478 et
386 5419 717 5493 Erytbrzeus.
749 5419 920 5476 FABR.

374 5483 478 5547 ‘28:
510 5493 780 5548 Ventidius
812 5493 1024 5546 Persas.
1059 5491 1133 5544 Ile
1166 5503 1224 5542 re
1267 5503 1293 5540 ιι
1339 5485 1405 5540 Ρ.
1474 5483 1713 5540 Ventidio
1770 5501 1896 5556 pro-

305 5579 464 5633 spere
495 5577 617 5618 cum
644 5562 859 5624 Parthis
887 5575 1038 5633 gesta
1065 5555 1464 5633 Plutarchusin
1494 5557 1752 5633 §n_tonio,
1773 5555 1890 5633 Dio.

308 5626 401 5687 lib.
434 5643 671 5702 ιινιιιᾼεῑ
700 5647 824 5686 XLIX
844 5673 860 5702 ,
881 5631 1030 5686 Flor.
1080 5631 1173 5686 lib.
1203 5644 1255 5683 tv
1281 5642 1331 5682 c.
1381 5630 1444 5698 9,
1494 5626 1750 5682 Valerius
1796 5629 1892 5683 lib.

304 5719 356 5758 Vl
387 5718 436 5757 c.
470 5702 560 5756 10.
592 5700 757 5755 Fusa.

377 5773 468 5851 29.
493 5769 762 5839 Justitque
800 5781 854 5825 ut
887 5770 1310 5842 Antigono.Lege
1336 5769 1629 5846 Josephum
1658 5768 1751 5823 lib.
1802 5783 1893 5824 xrv

1969 5282 2294 5355 Suetonius
2350 5282 2562 5355 quoque

1991 3725 2263 3796 Antiquit.
2298 3727 2464 3790 FABR.

2063 3795 2507 3874 50._D_empserat.
2541 3798 2670 3864 MSS.
2703 3808 2758 3854 et
2784 3799 3452 3874 vulgg.pmnes_tlcderat,
3499 3806 3594 3862 sed

1994 3866 2045 3938 in
2069 3867 2189 3938 cod.
2227 3866 2394 3936 Lugd.
2431 3867 2540 3921 Bat.
2584 3884 2664 3938 pr.
2704 3866 3136 3938 superscribitur
3165 3866 3595 3931 drntserat‘esse

1996 3935 2282 4006 legendum
2316 3935 2330 3999 ξ
2388 3953 2491 4005 qua
2516 3935 2894 3994 emendatione
2925 3941 3056 3992 nihil
3094 3939 3298 3993 certius
3325 3952 3426 3996 est.
3453 3944 3591 4000 Cum

1996 4007 2206 4079 Herode
2233 4009 2376 4079 enim
2409 4019 2457 4070 et
2493 4008 2756 4079 fratribus
2793 4010 3039 4078 ejusdem
3071 4010 3138 4076 de
3189 4025 3356 4079 regno
3389 4013 3589 4069 bellum

1995 4077 2172 4149 gessit
2208 4078 2600 4149 Antigonus,_a
2636 4077 2885 4146 Ventidio
2915 4087 3106 4149 captus
3127 4118 3142 4146 ,
3177 4090 3226 4144 et
3258 4077 3325 4144 ab
3357 4085 3594 4149 Antonio

1997 4147 2516 4221 securipercussus.
2545 4147 2740 4200 Herodi
2773 4162 2948 4221 autent
2981 4147 3200 4221 regnum
3234 4150 3383 4221 dedit
3408 4147 3592 4221 po‘stea

1997 4217 2284 4272 Antonius.
2318 4219 2509 4296 Mirum
2542 4233 2669 4296 vero
2702 4229 2783 4271 cst
2830 4218 3140 4296 Fabricium
3192 4217 3486 4296 advocasse
3539 4226 3592 4296 in

2000 4297 2178 4358 partes
2226 4303 2350 4342 suas
2381 4285 2696 4357 JOseplium,
2743 4298 2797 4344 et
2845 4289 2978 4344 nihil
3025 4299 3317 4345 annotasse
3347 4293 3413 4346 ad
3447 4285 3596 4358 insu-

2000 4355 2177 4433 bidatn
2211 4358 2357 4433 illam
2409 4355 2720 4433 lectionem,
2758 4376 3071 4430 regnumque
3106 4358 3305 4433 Herodi
3334 4355 3589 4433 dederat,

1996 4444 2104 4499 qua
2130 4429 2362 4503 ineptior
2410 4431 2704 4497 excogitari
2759 4429 2993 4502 nequit,
3024 4444 3146 4483 cum
3198 4429 3266 4503 de
3318 4429 3590 4503 Antigono

1997 4502 2221 4572 omnino
2244 4514 2426 4554 sermo
2441 4503 2546 4572 sit,
2579 4503 2667 4569 qui
2710 4501 2872 4570 regno
2905 4511 2959 4554 et
3008 4501 3244 4569 potentia
3275 4501 3594 4572 ejecifHe-

2000 4571 2184 4624 rudem
2216 4585 2338 4628 cum
2370 4571 2482 4630 suis
2499 4612 2513 4635 ,
2547 4587 2654 4642 non
2679 4587 2807 4630 vero
2832 4572 2900 4627 de
2925 4572 3186 4636 Antonio.
3207 4571 3590 4642 quillerodem

1999 4655 2180 4710 regem
2211 4642 2530 4707 constituit,
2563 4641 2658 4695 sed
2689 4652 2910 4711 postea,
2942 4643 3085 4698 victo
3137 4653 3192 4698 et
3226 4641 3388 4714 eapto
3437 4646 3591 4701 Anti-

2033 4729 2160 4765 ΟΠΟ.

1997 4727 2160 4838 angi):
2194 4782 2414 4855 Segnem
2446 4783 2666 4852 reliquit.
2707 4783 2852 4854 Virg.
2885 4782 3102 4839 Eneid.
3134 4801 3187 4852 κ,
3222 4784 3326 4842 699
3359 4805 3370 4840 :

2683 4943 2877 5003 Poplite
2901 4945 3122 4996 Palmum

2243 5007 2440 5058 Suociso
2458 5005 2583 5059 volvi
2604 5018 2811 5070 segnem
2834 5009 2963 5059 sinit.

2067 5144 2154 5197 52.
2188 5144 2444 5218 Adversus
2477 5143 2888 5218 Dentocliarem.‘
2915 5143 2971 5204 In
3013 5145 3133 5206 aliis
3179 5157 3434 5218 corrupte
3461 5159 3584 5216 est,

2000 5211 2323 5288 Demorltmn
2353 5257 2367 5280 ,
2415 5217 2723 5288 Δημοχᾲρην
2754 5214 3029 5288 Appianus
3057 5224 3113 5275 et
3159 5218 3252 5271 Dio
3283 5211 3585 5275 no’niinant.

2648 5284 2961 5338 cmocha’rem
3012 5285 3148 5342 bene
3189 5288 3366 5344 habet.
3419 5289 3584 5350 FABR.

2071 5358 2157 5410 55.
2195 5353 2639 5426 ρειηεηὶιξϐοᾱ.
2673 5353 2908 5426 Lottgob.
2925 5397 2938 5420 ,
2964 5359 3154 5412 tttrrsit.

2071 5427 2160 5480 54.
2197 5425 2508 5495 Trajecerat.
2539 5425 2765 5493 Quidam
2798 5441 2927 5480 tnss.
2949 5468 2964 5489 ,
2995 5429 3284 5484 transierat.

2195 5495 2693 5574 Neciutervenieute
2716 5512 2878 5551 mora.
2914 5498 3082 5574 Lugd.
3112 5499 3257 5574 Ball.
3293 5511 3432 5574 tres,
3459 5519 3584 5560 cum

2001 5567 2138 5636 Coll.
2201 5566 2472 5633 Gronov.,
2528 5584 2620 5622 nec
2677 5569 3037 5624 interveniente
3086 5570 3354 5630 dilatione.
3396 5566 3578 5636 "Edit.

2003 5635 2228 5705 August.
2249 5676 2264 5699 ,
2288 5653 2379 5689 nec
2415 5639 2781 5693 interveniente
2808 5637 3024 5702 ditionis
3053 5655 3219 5697 mora.
3547 5635 3554 5646 ⁶

2189 5705 2540 5789 atrocissima.
2566 5710 2654 5766 Sic
2674 5723 2808 5764 mss.
2833 5709 2958 5765 edd.
2980 5711 3229 5771 meliores
3251 5721 3307 5770 et
3330 5716 3584 5788 August;

1997 5777 2121 5844 alii,
2149 5777 2482 5831 atrocissime.
3361 5775 3370 5788 “
