4028 6340
471 325 608 382 1017

470 543 690 588 centum
720 535 995 602 sexaginta
1036 539 1146 586 tres
1176 546 1340 586 naves
1368 540 1462 586 aut
1490 531 1748 585 demersit
1777 541 1868 585 aut
1898 531 2061 601 cepit.

473 627 764 694 Pompeius
793 639 916 679 cum
945 626 1132 680 decem
1161 633 1217 680 et
1238 634 1445 694 septem
1475 625 1706 678 navibus
1738 624 1824 678 vix
1851 623 2066 694 elapsus

471 719 664 774 evasit.
693 718 734 749 ³⁷
763 717 1003 788 Lepidus
1025 733 1218 788 magna
1245 717 1432 788 viginti
1477 717 1750 787 legionum
1781 715 2066 771 insolentia

470 817 718 875 tumens,
750 824 871 864 cum
901 809 1205 864 Messanam
1254 807 1518 863 militibus
1561 807 1884 878 permissam
1934 806 2068 861 diri-

469 902 723 972 puisset,
775 902 950 970 ipsum
997 900 1269 956 Caesarem
1312 900 1380 954 ad
1431 915 1491 955 se
1545 898 1851 955 venientem
1899 898 2069 954 semel

471 1001 633 1064 atque
658 994 857 1049 iterum
910 993 1154 1063 sprevit,
1181 1007 1245 1048 ac
1276 992 1454 1062 potius
1485 992 1609 1047 telis
1635 992 1814 1063 appeti
1854 990 2019 1061 jussit
2053 1009 2066 1044 :

471 1100 594 1156 qua:
618 1085 741 1151 ille,
772 1085 998 1140 collecta
1030 1083 1084 1138 in
1136 1083 1332 1139 lmvum
1374 1083 1654 1140 brachium
1685 1083 1934 1149 lacerna,
1980 1095 2069 1137 re-

471 1176 729 1247 pellende
751 1176 962 1232 vitavit.
1009 1176 1132 1231 Mox
1164 1176 1409 1231 immisse
1439 1189 1582 1247 eque
1609 1175 1678 1230 ad
1730 1189 1859 1229 sues
1885 1189 2069 1229 rever-

470 1283 566 1324 sus
597 1310 612 1333 ,
639 1269 904 1324 instructo
933 1269 1176 1324 exercitu
1198 1268 1462 1324 adversus
1504 1267 1767 1336 Lepidum
1799 1268 2024 1323 veniens
2053 1308 2070 1335 ,

473 1363 737 1434 plurimas
811 1361 1056 1433 legiones
1130 1361 1385 1430 Lepidi,
1473 1363 1658 1432 paucis
1727 1360 2072 1428 interfectis,

480 1456 714 1511 transire
767 1455 822 1510 in
874 1470 1027 1510 suam
1079 1464 1286 1525 partem
1335 1454 1618 1523 compulit.
1672 1453 1905 1524 Lepidus
1957 1463 2074 1508 tan-

474 1547 596 1603 dem
630 1546 968 1616 intelligens,
994 1561 1100 1616 quo
1131 1546 1344 1600 vanitas
1372 1561 1467 1601 sua
1499 1545 1773 1610 tenderet,
1821 1545 2074 1614 deposito

474 1639 892 1710 paludamento,
935 1638 1390 1709 assumptaque"
1435 1647 1586 1695 veste
1608 1638 1756 1709 pulla
1785 1679 1800 1702 ,
1847 1639 2071 1708 supplex

475 1729 638 1803 435
661 1730 865 1786 Caesari
897 1730 1073 1785 factus
1107 1731 1273 1786 vitam
1317 1741 1371 1787 et
1400 1731 1542 1786 bona
1574 1731 1906 1801 impetravit,
1952 1747 2075 1800 per-

1892 318 2095 377 PAULI
2134 317 2357 378 OROSII

473 439 662 508 pralio
691 437 948 494 adversus
991 437 1306 507 Pompeium
1336 435 1580 491 conﬂixit
1622 444 1677 490 et
1723 434 1869 490 vicit.
1929 433 2061 491 Nam
2090 442 2140 500 Α

3618 323 3757 379 10ιὸ

2650 435 2816 510 ωε
2847 435 3078 494 CAPUT
3127 436 3268 494 χιχ.

2313 525 2391 580 De
2416 528 2566 582 rebus
2593 529 2658 581 ab
2689 530 2912 583 Antonio
2933 531 3112 602 gestis,
3141 541 3188 585 et
3213 530 3346 586 bello
3375 532 3608 588 Actiaco.

2243 619 2260 648 ¹
2285 618 2554 675 Antonius
2605 635 2769 688 vero,
2804 631 3094 694 postquam
3143 626 3382 680 Araxem
3423 626 3757 696 transmisit,

2170 712 2428 768 omnibus
2458 712 2696 784 undique
2726 715 2886 772 malis
2911 715 3338 785 circumventus,
3370 721 3392 751 ³
3422 719 3515 774 vix
3547 719 3761 776 tandem

2173 803 2520 858 Antiochiam
2562 819 2686 860 cum
2727 806 2913 875 paucis
2955 807 3139 862 rediit.
3170 807 3303 863 Nam
3346 823 3471 865 cum
3517 811 3766 866 multitu-

2171 894 2301 950 dine
2325 894 2566 965 equitum
2615 906 2670 950 et
2698 896 2719 927 ³
2745 897 3064 968 sagittarum
3103 899 3172 955 ab
3218 901 3474 956 omnibus
3517 903 3720 972 praeliis
3743 919 3768 968 ;

2172 1003 2292 1058 quae
2328 987 2486 1058 plura
2526 990 2778 1058 tentavit,
2811 990 2833 1019 ⁸
2862 990 3036 1045 victus
3071 1006 3292 1062 semper
3332 991 3620 1065 ell‘ugeret,
3651 1005 3762 1051 tum

2173 1090 2442 1152 pratterea
2474 1081 2703 1138 incertis
2729 1094 2785 1138 et
2811 1082 3012 1154 ignotis
3035 1085 3058 1116 ⁸
3087 1086 3329 1156 regionis
3364 1085 3508 1143 locis
3533 1088 3769 1158 impedi-

2175 1184 2283 1240 tus,
2315 1174 2634 1241 gravissima
2669 1172 2811 1229 fame
2836 1175 2905 1229 ad
2931 1175 3192 1231 nefandos
3225 1177 3378 1232 cibos
3406 1189 3634 1234 ceactus
3664 1190 3766 1248 est,

2176 1262 2198 1292 ⁸
2224 1262 2555 1332 plurimique
2578 1263 2810 1318 militum
2838 1278 2964 1320 sese
2985 1264 3237 1322 hostibus
3261 1266 3616 1324 dediderunt.
3640 1269 3771 1326 Inde

2176 1353 2230 1408 in
2252 1353 2520 1409 Graeciam
2549 1357 2786 1424 transiit,
2813 1358 3087 1428 jussitque
3111 1357 3452 1428 Pompeium,
3485 1359 3580 1430 qui
3595 1361 3773 1417 victus

2175 1459 2205 1499 a
2225 1444 2446 1501 Caesare
2470 1449 2772 1502 exercitum
2801 1447 3120 1520 bellumque
3138 1451 3456 1521 reparabat,
3481 1466 3610 1507 cum
3638 1467 3776 1523 pau-

2175 1538 2257 1594 cis
2279 1538 2347 1593 ad
2379 1554 2441 1594 se
2468 1541 2679 1596 venire.
2706 1541 3000 1612 Pompeius
3031 1541 3269 1613 fugiens,
3294 1544 3356 1598 'a
3375 1543 3523 1600 Titio
3550 1555 3607 1601 et
3634 1544 3774 1601 Fur—

2176 1632 2290 1698 nio,
2315 1630 2642 1688 Antenianis
2679 1632 2932 1700 ducibus,
2965 1649 3115 1704 saepe
3148 1636 3396 1691 terrestri
3425 1637 3718 1708 navalique
3750 1640 3772 1669 ⁸

2177 1722 2322 1778 bello
2348 1724 2526 1778 victus
2556 1733 2611 1779 et
2639 1734 2858 1794 captus,
2898 1740 2963 1781 ac
2990 1735 3116 1796 post
3136 1727 3418 1796 paululum
3443 1727 3772 1784 interiectus

474 1836 642 1894 pelue
665 1823 885 1894 quidem
917 1823 960 1857 ‘9
986 1824 1309 1879 emendatus
1347 1825 1565 1880 exsilio.
1604 1823 1649 1854 ⁸ο
1671 1825 1906 1892 Taurus,
1953 1821 2072 1879 ϐω.
2103 1841 2150 1901 Β
2177 1827 2282 1872 eSI.
2310 1815 2494 1872 Cassar
2531 1817 2830 1890 Illyricum,
2866 1819 3200 1875 Pannoniam
3231 1832 3557 1893 partemque
3578 1822 3770 1888 Italiae,

475 1917 617 1970 saris
643 1915 964 1985 praefectus,
1010 1924 1176 1970 totam
1206 1930 1345 1986 pene
1390 1916 1634 1973 Siciliam
1663 1916 1809 1971 ferro
1852 1925 2072 1987 perten-

477 2011 648 2062 tatam
697 2008 1163 2079 conterritamque
1203 2008 1259 2064 in
1318 2008 1482 2064 ﬁdem
1535 2010 1764 2079 recepit.
1825 2009 2073 2078 Quadra-

477 2100 627 2171 ginta
680 2109 914 2169 quatuor
969 2101 1216 2170 legiones
1267 2101 1370 2156 sub
1433 2100 1592 2156 unius
1649 2109 1778 2156 tunc
1844 2099 2072 2171 imperio

477 2189 715 2246 Caesaris
753 2201 940 2256 erant;
990 2191 1212 2259 milites,
1267 2192 1616 2248 multitudine
1659 2192 1703 2222 ⁸¹
1751 2193 2070 2259 ferociores,

479 2281 741 2353 quosdam
789 2298 887 2352 pro
917 2284 1253 2354 accipiendis
1300 2287 1444 2355 agris
1485 2285 1748 2340 tumultus
1798 2286 2074 2341 excitave-

479 2385 628 2431 runt.
657 2376 766 2433 Sed
792 2376 975 2432 Caesar
1001 2423 1016 2448 ,
1062 2377 1246 2434 animo
1272 2380 1485 2450 ingens,
1519 2381 1708 2451 viginti
1737 2381 1905 2436 millia
1933 2381 2071 2436 milio

478 2476 591 2522 tum
624 2468 1019 2535 exauctoravit,
1056 2470 1275 2540 triginta
1307 2471 1476 2525 millia
1519 2487 1804 2526 servorum
1835 2472 2072 2528 dominis

478 2559 524 2590 "
547 2562 809 2628 restituit,
858 2576 955 2617 sex
997 2562 1188 2632 millia,
1221 2579 1452 2633 quorum
1481 2565 1688 2621 domini
1730 2581 1839 2621 non
1884 2575 2070 2622 exsta-

480 2653 636 2720 bant,
673 2656 728 2709 in
757 2669 975 2712 crucem
1007 2658 1141 2727 egit.
1175 2656 1220 2688 “
1248 2659 1430 2714 Ovans
1462 2658 1665 2715 Urbem
1689 2660 1990 2730 ingressus,
2013 2671 2074 2716 ut

479 2749 534 2803 in
566 2758 888 2820 perpetuum
931 2751 1228 2808 tribunitiae
1273 2754 1561 2823 potestatis
1589 2763 1754 2819 esset,
1793 2771 1823 2809 a
1879 2764 2072 2811 senatu

476 2842 760 2898 decretum
788 2852 895 2899 est.
924 2843 1020 2899 llis
1039 2845 1233 2901 diebus
1256 2855 1405 2901 trans
1435 2846 1682 2903 Tiberim
1711 2848 1758 2878 “
1788 2863 1820 2904 e
1844 2849 2072 2905 taberna

481 2934 760 2989 meritoria
791 2934 912 2991 fons
955 2937 1064 2993 olei
1112 2946 1256 2993 terra
1301 2939 1626 3010 exundavit,
1672 2955 1738 2996 ac
1765 2956 1860 3012 per
1900 2951 2071 2998 totum

480 3023 626 3079 diem
655 3025 965 3096 largissime
992 3029 1108 3084 rivo
1137 3029 1313 3086 ﬂuxit.

2175 1909 2334 1964 hellis
2365 1911 2580 1981 subegit
2601 1920 2656 1966 et
2682 1911 2918 1979 domuit,
2943 1915 2963 1945 ’
2989 1915 3258 1970 Antonius
3283 1916 3643 1986 Artabanem,
3669 1920 3773 1972 Ar-

2173 2003 2370 2057 menia:
2404 2017 2614 2074 regem,
2645 2002 2958 2074 proditione
2991 2016 3047 2061 et
3073 2005 3204 2060 dolo
3249 2008 3432 2078 cepit;
3467 2024 3630 2080 quem
3676 2025 3770 2064 ar-

2173 2106 2366 2168 gentea
2410 2107 2604 2153 catena
2645 2098 2884 2175 vinctum
2929 2097 2999 2152 ad
3043 2099 3448 2156 confessionem
3483 2103 3770 2158 thesauro-

2176 2204 2298 2244 rum
2343 2189 2619 2260 regiorum
2669 2192 2870 2262 coegit.
2916 2191 3356 2264 Expugnatoque
3412 2193 3658 2265 Oppido,
3715 2198 3772 2251 in

2175 2298 2283 2354 que
2326 2283 2578 2340 conditos
2623 2299 2748 2340 esse
2792 2285 3146 2355 prodiderat,
3200 2302 3451 2358 magnam
3498 2290 3609 2345 vim
3652 2291 3768 2345 auri

2173 2375 2496 2445 argentique
2553 2375 2795 2431 abstulit.
2849 2376 2966 2443 Qua
3025 2377 3202 2432 elatus
3255 2379 3508 2449 pecunia,
3562 2380 3764 2436 denun-

2175 2467 2297 2521 tiari
2344 2467 2544 2522 bellum
2603 2469 2838 2538 Caesari,
2891 2481 3056 2541 atque
3101 2470 3376 2537 Octavia}.
3428 2474 3611 2528 sorori
3655 2471 3773 2528 Ca:-

2174 2560 2334 2627 saris,
2366 2562 2522 2616 uxori
2551 2576 2689 2630 suae,
2732 2562 3018 2633 repudium
3046 2563 3216 2618 indici
3243 2563 3430 2632 jussit,
3463 2573 3520 2618 et
3546 2562 3775 2636 Cleopao

2176 2663 2313 2709 tram
2353 2653 2514 2726 437
2543 2654 2644 2710 sibi
2677 2671 2742 2712 ex
2784 2655 3113 2711 Alexandria
3142 2670 3432 2712 occurrere
3460 2658 3772 2728 imperatit.

2179 2749 2221 2779 ¹⁰
2249 2749 2369 2821 Ipse
2400 2750 2644 2817 Actium,
2685 2750 2777 2806 ubi
2809 2751 2853 2782 ”
2882 2751 3112 2806 classem
3165 2752 3559 2820 constituerat,
3596 2753 3776 2823 prole-

2174 2849 2320 2912 ctus,
2344 2856 2465 2899 cum
2496 2853 2664 2911 prope
2686 2843 2902 2899 tertiam
2926 2855 3136 2914 partem
3162 2845 3429 2915 remigum
3451 2847 3594 2901 tame
3622 2847 3663 2876 “
3687 2861 3775 2900 as-

2177 2949 2447 3011 sumptam
2485 2938 2841 3008 offendisset,
2891 2937 3027 2994 nihil
3060 2949 3241 2994 metus
3285 2954 3300 2992 :
3351 2939 3535 3006 Remi,
3577 2940 3771 3012 inquit,

2176 3032 2341 3089 mede
2357 3031 2490 3089 salvi
2520 3033 2624 3088 sint
2647 3047 2662 3098 ;
2688 3045 2812 3088 nam
2840 3031 3072 3102 remiges
3103 3046 3210 3088 non
3237 3030 3492 3100 deerunt,
3519 3032 3565 3064 "
3593 3031 3771 3105 quoad

1772 3168 2220 3227 HAVERCAMPI
2257 3167 2486 3226 NOTE.

553 3275 644 3330 37.
675 3274 903 3356 Lepidus
926 3293 1114 3356 magna
1134 3293 1202 3332 xv
1226 3278 1506 3350 legionum.
1534 3281 1616 3356 _De
1644 3281 1831 3351 Lepidi
1862 3283 2071 3356 dissen-
2098 3283 2145 3346 C
2178 3353 2209 3356 __
2245 3279 2376 3356 Cap.
2401 3281 2545 3356 XlX.
2571 3281 2723 3356 —Hi.
2749 3283 3001 3356 Antonius
3029 3299 3147 3339 vero
3186 3295 3482 3356 postquam.
3521 3285 3595 3341 De
3625 3287 3760 3341 inle-

485 3347 639 3428 sione
663 3361 785 3401 cum
811 3345 1114 3428 Octaviano
1127 3389 1142 3428 τ
1199 3345 1583 3428 et_'quomede
1639 3345 1859 3428 coactus
1913 3353 2073 3428 fuerit
2116 3345 2141 3346 ﬁ
2175 3353 2424 3428 licihelto
2446 3354 2659 3428 Antonii
2689 3369 2805 3408 cum
2828 3352 3043 3409 Parthis
3065 3345 3264 3427 printer
3280 3345 3618 3413 Plutarchum
3644 3359 3764 3428 lege

483 3417 774 3482 abdicare,
805 3417 1025 3486 copiose
1079 3418 1176 3473 Die
1223 3417 1340 3474 lib.‘
1374 3436 1526 3488 xux,
1551 3423 1784 3493 Appian.
1840 3439 1902 3489 v,
1952 3424 2073 3479 Vel-

486 3488 626 3540 leius
656 3503 694 3540 1.
730 3487 897 3540 Ἐλωί.

486 3488 626 3544 leius
656 3503 694 3542 ι.
730 3488 897 3542 ann.

551 3558 648 3612 58.
686 3558 840 3632 l’esta
874 3559 1043 3632 pulla.
1077 3559 1130 3613 In
1161 3560 1482 3629 quibusdam
1513 3579 1669 3632 pura,
1704 3563 1965 3620 mendose
1996 3565 2072 3620 le-

485 3628 650 3706 gitur.
686 3629 785 3682 Dio
813 3645 827 3683 :
857 3630 1119 3706 Reginum)
1146 3628 1229 3706 aceti
1267 3634 1451 3706 ἐκεῖνος
1488 3628 1783 3706 ἦνξγκὰσθη
1819 3636 2072 3699 ἐθελοντής

488 3700 538 3776 έν
565 3701 741 3776 faena
767 3707 891 3771 φαιᾷ
919 3701 1085 3776 ἱκέτης
1109 3704 1269 3758 αὐτοῦ
1293 3705 1536 3776 γενέσθαι.
1561 3700 1618 3760 lt]
1643 3717 1724 3761 est
1745 3729 1759 3762 :
1781 3706 1898 3760 Hoc
1921 3708 2072 3762 modo

484 3769 715 3848 Lepidus
735 3769 964 3848 eaeque
999 3774 1237 3838 adactus,
1270 3769 1545 3848 assumpta
1585 3788 1721 3831 veste
1748 3780 1892 3848 pulla
1935 3779 2072 3848 ultro

483 3840 705 3910 supplex
726 3842 918 3895 (.msari
937 3840 1106 3908 {actus
1134 3852 1231 3898 est.
1270 3840 1502 3899 Velleius
1524 3848 1686 3902 etiam
1712 3840 1904 3902 scribit
1931 3866 1944 3901 :
1971 3846 2076 3903 Le-

482 3912 662 3979 pidum
691 3912 836 3978 pullo
865 3913 1087 3966 velatum
1122 3915 1349 3968 amiculo
1396 3917 1609 3986 genibus
1649 3916 1868 3973 Ctesaris
1907 3919 2071 3973 advo-

480 3984 668 4036 lutum.
701 3982 866 4036 Fam.

505 3991 668 4036 tuum.
701 3983 866 4037 Fam.

553 4053 644 4131 39.
687 4051 1022 4131 Emendatus
1057 4055 1266 4131 exsilio.
1321 4056 1564 4131 Venetiis
1604 4060 1906 4130 impressus
1945 4061 2074 4131 legit

481 4123 784 4178 nntlctatus.
826 4127 972 4180 Bene
1009 4125 1230 4192 hercle;
1259 4129 1354 4183 sed
1398 4129 1528 4185 illud
1580 4123 1760 4187 tamen
1803 4148 1910 4186 non
1942 4123 2107 4186 alie»

479 4209 609 4269 num
639 4195 706 4248 ab
726 4196 938 4250 Oresio.
965 4197 1233 4269 Laur.i—
1258 4199 1487 4269 Propius
1517 4201 1584 4258 ad
1614 4216 1748 4257 mss.
1777 4204 2070 4259 lectionem

479 4265 629 4319 venit
668 4269 965 4343 mandatus,
1012 4268 1154 4337 quod
1197 4270 1273 4343 in
1309 4265 1399 4325 ed'.
1431 4273 1570 4343 Aug.
1603 4282 1802 4328 exstat.
1841 4273 2072 4328 Retince

479 4345 662 4412 autem
697 4339 1018 4412 emendatus,
1069 4339 1214 4412 quod
1261 4340 1376 4396 haec
1424 4339 1541 4396 una'
1578 4343 1806 4412 Lepide,
1861 4345 2071 4399 homini

477 4407 816 4481 turbulente,
851 4409 1016 4481 fuerit
1055 4411 1344 4474 medicina,
1387 4428 1566 4481 neque
1592 4407 1753 4468 aliter
1792 4407 2070 4471 emendari

476 4479 747 4546 potuerit.
783 4479 859 4534 De
889 4479 1032 4534 libro
1059 4494 1160 4535 suo
1184 4481 1445 4538 Martialis
1467 4479 1566 4538 lib.
1597 4499 1673 4550 tv,
1706 4484 1791 4551 10,
1820 4486 1850 4538 7
1877 4503 1891 4540 :

602 4590 730 4657 Non_
739 4601 939 4657 possunt
963 4600 1154 4657 uestros
1174 4593 1357 4657 multae,
1382 4595 1635 4656 Faustine,
1657 4597 1817 4649 litura:

693 4653 970 4705 Emendare
990 4655 1156 4718 jocos;
1182 4668 1278 4706 una
1301 4653 1444 4708 litura
1472 4653 1648 4722 potest.

683 4759 908 4838 Taurus,
955 4771 1090 4838 etc.,
1123 4771 1283 4838 totum
1323 4780 1450 4838 pene
1485 4764 1747 4838 _S_ieilia_m.
1795 4766 1928 4823 Vide
1974 4785 2064 4838 ne,

479 4833 734 4903 Africam,
787 4835 966 4899 potius
1015 4833 1298 4903 legendum
1325 4833 1440 4888 sit.
1484 4835 1616 4889 Nam
1658 4835 1822 4892 Tauri
1863 4833 2065 4898 virtute

473 4901 807 4973 Oetavianus
865 4901 1151 4973 utramque
1213 4903 1451 4960 Africam
1511 4906 1786 4969 obtinuit,
1841 4923 2063 4966 auctore

473 4972 667 5028 Dione.
695 4973 779 5027 Ex
813 4971 996 5028 Africa
1028 4971 1153 5028 eum
1187 4975 1553 5044 tiiumphasse
1584 4977 1826 5034 indicant
1865 4983 2062 5038 tabulzc

471 5044 915 5114 tilapitolintetin
952 5044 1148 5114 quibus
1184 5055 1305 5111 est,
1355 5047 1419 5100 Τ.
1470 5046 1850 5106 STATILIVS.
1889 5051 1952 5106 T.
1997 5053 2060 5108 F.

471 5113 776 5169 'l‘AVllVS.
831 5113 1120 5171 PROCOS.
1175 5116 1268 5171 EX
1330 5116 1606 5174 AFRICA.
1659 5125 1724 5174 Α.
1777 5121 2053 5179 DCCXIX.

467 5183 698 5239 PillDlE
729 5183 793 5238 Κ.
827 5184 962 5240 IVL.
990 5185 1155 5241 Faue.

538 5255 629 5330 Ill.
664 5255 1328 5330 ferocioresLEdzAugq
1358 5261 1573 5330 feroces.

538 5327 629 5380 42.
664 5325 929 5382 Restituit.
971 5328 1100 5403 Mss.
1135 5325 1323 5399 Lugd!
1358 5325 1499 5387 Ball.
1531 5335 1749 5403 quidam
1799 5335 2050 5403 reddidit,

467 5407 520 5452 et
548 5414 806 5475 inox‘pre
835 5400 1190 5475 scamillibus
1215 5416 1494 5458 servorum
1516 5400 1706 5475 septem
1739 5400 2048 5463 numerant.

521 5469 626 5549 ⁹[εὖ.
675 5467 850 5550 ρυιιηδ
894 5467 1085 5550 Urbem
1114 5472 1414 5550 ingressus.
1447 5467 2052 5550 lljncﬂin“capitolinis

464 5539 2048 5676 illiilli.siit.'llitﬁé’iii‘sillllt‘id‘bitlitill:

459 5678 616 5735 lDlB.
651 5679 1009 5736 NOVEMBR.
1043 5681 1208 5736 Faun.

531 5752 624 5805 M.
659 5750 706 5801 Ε
727 5751 938 5827 taberna
957 5753 1406 5827 nteritoria.‘Mss.
1431 5757 1602 5827 Lugd.
1639 5758 1779 5814 Batt.
1810 5761 1943 5827 duo,
1971 5771 2051 5818 ta-

462 5819 622 5873 berna
648 5820 912 5874 meritoria
944 5823 1133 5892 fontem
1164 5823 1261 5877 olei
1291 5834 1429 5878 terra
1461 5819 1761 5884 erimdrwit.

2097 4673 2150 4732 D

2175 3421 2465 3480 Velleinm.
2497 3424 2668 3480 Faue.

2245 3497 2300 3550 2.
2335 3495 2438 3550 Via:
2463 3496 2691 3550 tondent.
2725 3495 2965 3552 Primam
2994 3511 3182 3555 vocem
3221 3498 3347 3554 edd.
3380 3501 3626 3570 quaedam
3672 3516 3766 3556 ne-

2213 3567 2400 3622 haunL

2174 3581 2697 3712 Βηξξῴἒαςὶηανωη.
2745 3640 2802 3696 ln
2834 3643 3089 3698 omnibus
3117 3656 3252 3697 mss.
3301 3652 3362 3694 ut
3399 3651 3456 3698 et
3501 3642 3592 3698 ed.
3624 3644 3756 3712 Aug.

2176 3709 2443 3786 scribitur
2461 3711 2790 3786 sagittarum,
2819 3729 2945 3777 neu,
2975 3724 3034 3786 ut
3057 3713 3113 3769 in
3132 3713 3316 3786 vulgg.
3342 3723 3448 3777 est,
3473 3709 3761 3786 sagittario-

2175 3797 2324 3853 runt.
2343 3778 2616 3853 Videlicet
2642 3798 2709 3837 ex
2735 3786 2891 3853 equis
2921 3785 3149 3852 sagittas
3180 3778 3398 3838 mittere
3426 3778 3574 3839 seliii
3606 3793 3764 3839 erant

2176 3850 2388 3926 Parthi,
2422 3850 2669 3926 adeoque
2713 3850 2814 3923 ipsi
2859 3850 3072 3926 equites
3099 3855 3175 3910 illi
3211 3855 3431 3908 luerunt
3477 3857 3756 3926 sagittarii,

2177 3931 2235 3976 ut
2262 3922 2745 3995 dcentendatiore
2775 3922 3009 3980 lectiene
3037 3925 3274 3980 dubitari
3306 3922 3560 3995 nequeat:

2247 3989 2523 4078 4.1Yiftus
2555 3995 3070 4078 semper‘eﬂugeret.‘
3090 3995 3272 4078 ιιιλξά.
3303 3989 3445 4078 Antig.
3477 3996 3671 4078 legitur
3689 3998 3764 4078 ei:

2175 4068 2289 4137 ctus
2316 4061 2521 4137 (delete
2559 4061 2784 4137 semper),
2811 4061 3091 4136 ile/fugeret.
3139 4067 3251 4131 AL,
3297 4061 3561 4137 e/fu'gerit'.
3608 4068 3761 4136 Quod

2179 4134 2428 4207 ultimum
2461 4135 2515 4207 in
2548 4134 2722 4207 tribus
2752 4134 3024 4192 Floretitt.
3054 4139 3268 4207 legitur.

2337 4201 2603 4274 Regionis.
2632 4207 2688 4262 in
2711 4208 2799 4264 ed.
2827 4212 3056 4280 August.
3091 4201 3148 4263 tit
3171 4208 3530 4280 superﬂuum,
3566 4226 3766 4283 expun-

2175 4274 2407 4350 gitur.__
2484 4349 2487 4350 ν
2556 4349 2561 4350 ν
2726 4349 2741 4350 7
2914 4274 2993 4350 V,
3241 4274 3256 4280 -
3433 4339 3444 4350 .

2248 4347 2302 4401 6.
2338 4345 2682 4420 Plurimique.
2724 4349 2780 4404 in
2831 4349 3086 4405 omnibus
3114 4349 3230 4406 fere
3275 4345 3444 4419 mss.,'
3482 4362 3539 4406 ut
3583 4362 3641 4408 et
3669 4355 3758 4408 ed.

2175 4418 2726 4490 Aug.,gd_csideratiur
2755 4424 2970 4490 copula.

2247 4489 2300 4543 7.
2330 4488 2372 4540 A
2394 4488 2530 4562 Titio
2559 4501 2605 4544 et
2637 4488 2860 4546 Furnio.
2890 4493 2964 4546 lta
2989 4500 3136 4548 recte
3160 4493 3280 4549 libri
3306 4493 3540 4562 antiqui.
3563 4493 3755 4562 Vulgo,

2177 4555 2394 4634 Titolet
2424 4558 2639 4634 Farina,
2673 4573 2931 4632 corrupte
2957 4564 3174 4634 legitur.
3207 4563 3339 4619 Sex.
3371 4555 3695 4634 Pompeiani
3727 4555 3758 4620 εἰ

2178 4627 2255 4682 Μ.
2291 4628 2449 4708 Titio,
2475 4642 2521 4685 et
2540 4627 2755 4708 urnio
2777 4627 3292 4708 occisuufscribunt
3315 4627 3532 4705 quoque
3563 4637 3756 4708 Appia-

2177 4714 2277 4753 nus
2301 4708 2357 4755 et
2384 4701 2504 4756 Dio.
2538 4702 2663 4757 Titii
2693 4705 2942 4759 meminit
2968 4704 3225 4760 Velleius.
3258 4701 3423 4760 Faue.

2241 4770 2297 4824 8.
2329 4768 2498 4849 lletto.
2523 4775 2624 4828 Ed.
2656 4778 2882 4845 August.
2907 4775 3114 4848 prwlio,
3140 4786 3299 4847 prout
3322 4777 3443 4832 haac
3468 4793 3616 4849 stupe
3637 4795 3752 4849 pero

2169 4843 2368 4895 mutari
2399 4844 2596 4899 solent.

2219 4911 2599 5005 .9..A'ultonius
2635 4916 2970 5005 Artaban'em:
3016 4911 3497 5005 llaneltisturiam
3542 4919 3656 5005 lege
3701 4920 3750 4973 in

2168 4981 2478 5057 Dionislib.
2509 5001 2655 5054 xux,
2685 4995 2741 5041 et
2771 4992 2821 5042 in
2859 4988 3106 5057 Epitoma
3134 4986 3356 5043 Liviana
3382 5004 3552 5044 cxxtt.
3585 4981 3744 5045 Fasti.

2239 5055 2324 5130 ill.
2360 5050 2482 5126 Ipse
2519 5050 2748 5130 Actium.
2778 5058 2853 5113 De
2885 5050 3017 5113 bello
3065 5059 3298 5130 Actiaco.
3339 5075 3448 5130 quo
3490 5063 3751 5116 Antonius

2166 5134 2222 5178 et
2240 5122 2527 5192 Cleopatra
2562 5129 2684 5184 ticti
2720 5140 2846 5184 Sttnt
2872 5145 2902 5183 a
2932 5129 3170 5196 Czcsare,
3205 5122 3527 5185 Plutarchus
3562 5133 3612 5186 in
3643 5136 3748 5186 An~

2166 5197 2335 5272 tonio,
2374 5198 2494 5272 Dio.
2526 5199 2618 5272 lib.
2654 5215 2715 5266 ι,
2746 5199 2942 5272 Florus
2969 5201 3065 5272 lib.
3097 5217 3146 5254 tv
3175 5214 3299 5271 cap.
3327 5203 3387 5256 ll
3413 5245 3428 5267 ,
3464 5203 3747 5272 Eutropius

2161 5265 2397 5350 libnvu,
2435 5270 2696 5336 Velleius,
2722 5279 2776 5324 et
2819 5271 2932 5326 alii.
2973 5271 3140 5328 FABR.
3175 5265 3275 5326 Ed'.
3308 5265 3474 5342 Aug.,
3500 5274 3612 5343 ipse
3632 5265 3745 5327 itero

2161 5338 2605 5474 Aci’il.’,ZlassCttt,
2633 5411 2760 5468 Mss.
2791 5413 3008 5484 quidam
3041 5430 3107 5470 ex
3137 5413 3310 5486 Lugd.
3343 5415 3512 5486 Batt.,
3543 5417 3746 5471 dessent

2159 5496 2328 5625 satiat:
2348 5553 2698 5625 Assumplam.
2730 5533 2826 5610 Ed.
2859 5555 3022 5624 Allg-t
3053 5555 3304 5610 “Nam”

2231 5623 2316 5678 15.
2371 5623 2576 5700 Quoad.
2633 5625 2751 5700 Ed;
2784 5627 3012 5700 August.
3059 5637 3114 5681 et
3159 5626 3308 5685 Flor.
3361 5645 3514 5698 sec.,
3563 5633 3752 5700 quoad-

2156 5709 2356 5820 iltjsgue;
2404 5697 2457 5752 in
2502 5697 2673 5768 Lugd.
2719 5697 2860 5752 Bait.
2905 5697 3073 5753 tribus
3115 5699 3316 5754 excidit
3359 5704 3466 5770 ad,
3500 5697 3585 5758 ut
3611 5715 3664 5759 et
3701 5708 3753 5760 in

2254 5781 2297 5818 r.

2254 5781 2297 5818 l‘.
