4028 6314
212 346 357 405 1049

1242 345 1719 405 HISTORIARUM
1759 342 1964 401 LIBER
2004 342 2092 402 Vl.
2133 342 2286 402 CAP.
2333 343 2475 402 XIX.

3362 342 3502 401 £050

208 460 420 517 Graecia
473 460 725 517 homines
765 459 1034 516 habuerit.
1062 460 1244 518 Ctesar
1295 460 1546 517 ducentis
1587 461 1805 534 triginta
1834 462 1887 525 Α
1912 460 1955 493 ¹⁷
1981 459 2252 518 Antonius
2284 476 2500 534 quoque
2526 460 2692 534 ὧδε
2730 460 2975 537 detracto
3006 462 3202 534 insigni
3232 463 3502 535 praetoriae

210 552 467 609 rostratis
506 554 737 609 navibus
781 568 811 607 a
841 553 1147 609 Brundusio
1176 554 1232 609 in
1272 552 1495 623 Epirum
1534 554 1811 624 profectus

213 654 319 703 est.
348 646 588 718 Agrippa
618 659 751 702 vero
778 648 1096 717 prmmissus
1122 661 1152 700 a
1182 646 1418 715 Cresare,
1455 646 1649 701 multas
1678 661 1812 702 one-

213 740 394 796 rarias
424 752 600 794 naves
626 736 901 795 frumento
921 746 1089 809 atque
1116 739 1284 811 armis
1303 753 1519 809 graves,
1555 738 1625 794 ab
1650 737 1813 810 Egy-

216 840 337 904 pto,
358 833 539 901 Syria,
562 828 803 901 Asiaque
826 829 893 886 ad
921 829 1224 886 subsidium
1253 829 1296 862 “
1318 832 1562 887 Antonio
1586 832 1812 886 venien-

216 933 324 991 tes,
349 923 529 995 cepit;
560 930 955 995 peragratoque
980 921 1481 994 Peloponnensium
1520 923 1666 989 sinu,
1701 923 1810 979 Me-

218 1014 442 1071 thonam
495 1015 724 1080 urbem,
784 1014 1120 1070 validissimo
1176 1013 1489 1070 Antoniano
1553 1014 1811 1085 praesidio

216 1107 508 1173 munitam,
538 1106 900 1177 expugnavit.
931 1104 1062 1161 lude
1088 1103 1382 1178 Corcyram
1405 1105 1574 1177 cepit:
1605 1105 1813 1175 fugien-

219 1208 302 1255 tes
333 1197 510 1254 navali
545 1197 736 1268 pratlio
767 1208 1107 1269 persecutus,
1142 1196 1485 1269 proﬂigavit;
1514 1197 1812 1277 multisque

220 1290 386 1347 rebus
410 1290 796 1347 cruentissitne
819 1289 1012 1362 gestis,
1040 1290 1108 1346 ad
1130 1288 1405 1346 Caesarem
1435 1290 1610 1346 venit.
1642 1290 1811 1347 Anto-

220 1384 346 1441 nius
383 1382 600 1440 defectu
648 1392 705 1439 et
763 1382 905 1439 fame
960 1384 1193 1440 militum
1246 1399 1469 1440 suorum
1526 1392 1811 1454 permotus

217 1475 424 1531 bellum
456 1486 730 1532 maturare
759 1475 1013 1545 instituit,
1051 1491 1116 1532 ac
1145 1486 1371 1548 repente
1406 1476 1688 1533 instructis
1713 1491 1808 1532 co-

215 1569 344 1641 piis,
366 1569 434 1624 ad
460 1567 693 1625 Ctesaris
713 1577 889 1625 castra
915 1569 1204 1640 processit,
1230 1579 1286 1626 et
1310 1570 1487 1625 victus
1514 1569 1812 1625 est.Tertio

214 1669 343 1734 post
379 1676 616 1732 pugnam
642 1661 763 1728 die,
795 1663 1064 1718 Antonius
1089 1673 1266 1719 castra
1290 1661 1358 1718 ad
1387 1662 1600 1720 Actium
1632 1672 1811 1721 trans-

214 1752 380 1821 tulit,
425 1752 605 1808 navali
638 1754 826 1823 praelio
852 1755 896 1786 ¹⁵
925 1755 1225 1812 decernere
1278 1766 1524 1826 paratus.
1557 1757 1811 1814 Ducenta:

1913 554 2086 615 navis.
2104 552 2398 625 [rugientem
2418 562 2637 609 secutus
2659 562 2743 610 cst
2767 556 3372 612 uxorchIIuceseente
3386 556 3501 627 jam

1912 645 2000 701 die
2033 646 2311 702 victoriam
2341 643 2525 701 Caesar
2553 648 2970 702 consummavit.
2992 647 3072 702 Ex
3115 647 3270 703 victis
3299 646 3505 703 duode-

1912 736 2017 793 cim
2048 739 2214 794 millia
2228 738 2490 795 cecidisse
2506 738 2835 804 referuntur,
2855 740 2901 779 ι⁸
2913 754 3008 795 sex
3034 739 3200 795 millia
3216 741 3500 795 vulnerata

1912 836 2072 895 sunt,
2114 843 2145 895 e
2195 828 2394 900 quibus
2451 828 2599 885 mille
2627 828 2769 885 inter
2813 830 3114 886 curandum
3155 830 3499 888 defecerunt.

1915 918 2179 974 Antonius
2206 928 2260 975 et
2287 917 2573 990 Cleopatra
2623 935 2942 978 communes
2973 922 3175 979 liberos
3224 939 3347 980 cum
3373 939 3499 995 par-

1914 1019 1967 1066 te
1992 1011 2152 1083 regiae
2172 1027 2318 1083 gaza:
2347 1013 2414 1068 ad
2441 1012 2683 1069 Rubrum
2715 1029 2866 1070 mare
2907 1015 3318 1085 pt-zemittendos
3366 1032 3499 1074 cen-

1912 1113 2157 1160 suerunt.
2211 1102 2377 1175 439
2418 1102 2526 1175 ipsi
2563 1104 2829 1175 praesidiis
2857 1105 3001 1161 circa
3051 1106 3162 1162 duo
3211 1109 3254 1142 "
3281 1107 3507 1181 Egypti

1911 1208 2117 1251 cornua
2141 1236 2156 1263 ,
2181 1194 2456 1251 Pelusium
2477 1195 2956 1268 Paraetoniumque
2978 1239 2993 1264 ,
3017 1196 3295 1268 dispositis
3312 1238 3328 1265 ,
3358 1201 3505 1254 clas-

1912 1300 2028 1343 sem
2058 1295 2114 1343 et
2140 1289 2328 1359 copias
2356 1288 2714 1346 iustaurando
2750 1289 2894 1346 bello
2932 1299 3281 1361 paraverunt.
3318 1291 3506 1350 Caesar

1913 1381 1959 1413 ’θ
1995 1391 2210 1437 sextum
2262 1381 2567 1452 imperator
2608 1381 2936 1454 appellatus,
2987 1392 3044 1439 et
3090 1394 3345 1457 quartum
3388 1386 3507 1456 ipse

1912 1488 2035 1529 cum
2065 1473 2139 1529 Μ.
2170 1472 2383 1529 Licinio
2418 1472 2620 1530 Crasso
2658 1474 2871 1542 consul,
2907 1474 3275 1531 Brundusium
3312 1477 3503 1545 venit,

1913 1567 1958 1599 "
1978 1567 2161 1639 ibique
2185 1565 2337 1623 orbis
2358 1577 2627 1624 terrarum
2652 1567 2929 1638 praesidia,
2955 1568 3147 1625 divisis
3171 1568 3500 1641 legionibus,

1912 1658 2238 1730 composuit.
2259 1658 2388 1715 inde
2409 1660 2462 1714 in
2494 1648 2709 1732 Syriam
2737 1657 3047 1732 proiectus,
3081 1674 3204 1717 mox
3229 1660 3504 1718 Pelusium

1913 1750 2088 1816 adiit;
2133 1750 2223 1807 ubi
2252 1750 2321 1806 ab
2355 1752 2680 1808 Antonianis
2715 1751 2986 1823 praesidiis
3029 1751 3177 1808 ultro
3217 1762 3506 1824 susceptus

216 1853 272 1900 et
303 1845 523 1916 triginta
548 1855 803 1903 rostratas
832 1845 982 1902 fuere
1006 1847 1244 1902 Caesaris
1270 1861 1438 1903 naves
1460 1889 1475 1914 ,
1508 1857 1562 1904 et
1589 1849 1808 1921 triginta
1840 1864 1890 1925 Β
1913 1849 2016 1898 εει.
2047 1841 2260 1900 Interea
2289 1841 2574 1901 Cornelius
2615 1844 2825 1915 Gallus,
2857 1848 3179 1916 praemissus
3206 1861 3236 1900 a
3264 1845 3506 1915 Caasare,

214 1936 336 1993 sine
360 1937 583 2004 rostris,
613 1937 866 1993 triremes
895 1936 1187 1995 velocitate
1214 1937 1524 1995 Liburnicis
1552 1954 1729 2009 pares,
1755 1950 1811 1996 et

215 2037 345 2086 octo
372 2028 614 2100 legiones
641 2028 804 2087 classi
840 2030 1218 2101 superpositae,
1250 2031 1455 2102 absque
1487 2031 1810 2090 cohortibus

215 2104 456 2193 quinque
476 2122 762 2193 praetoriis.
793 2121 999 2179 Classis
1024 2122 1246 2179 Antonii
1276 2124 1320 2155 “
1348 2133 1565 2180 centum
1594 2134 1811 2196 septua-

212 2215 365 2286 ginta
405 2214 620 2271 navium
650 2213 771 2282 l‘uit,
796 2225 1058 2285 quantum
1082 2231 1311 2273 numero
1338 2217 1565 2285 cedens,
1597 2225 1811 2274 tantum

215 2308 589 2381 magnitudine
620 2310 962 2380 praecellens.
993 2309 1128 2367 Nam
1166 2309 1355 2367 decem
1395 2309 1595 2380 pedum
1625 2310 1811 2366 altitu-

1917 1945 2150 2007 quatuor
2180 1937 2453 2007 legiones,
2476 1953 2613 2010 quas
2642 1938 2914 1996 Antonius
2939 1939 3081 2011 apud
3110 1940 3352 2012 Cyrenas
3373 1955 3513 2011 prte-

1917 2028 2042 2084 sidii
2068 2029 2196 2085 loco
2211 2028 2589 2100 constituerat,
2611 2032 2853 2101 suscepit
2879 2033 2933 2089 in
2964 2031 3125 2088 [idem
3156 2050 3171 2089 :
3196 2042 3360 2105 atque
3382 2032 3510 2089 inde

1918 2121 2315 2192 Paraetonium,
2359 2125 2405 2155 υ
2437 2124 2667 2194 primam
2701 2124 2926 2198 IEgypti
2957 2140 2989 2180 a
3020 2125 3204 2198 Libyae
3248 2132 3403 2197 parte
3429 2126 3513 2181 ci-

1920 2215 2164 2280 vitatem,
2197 2214 2246 2247 ³³
2270 2214 2412 2272 victo
2447 2216 2591 2286 cepit
2620 2218 2892 2286 Antonio,
2925 2216 3214 2290 ipsumque
3252 2219 3511 2274 continuo

1921 2307 2064 2377 apud
2101 2306 2338 2363 Pharum
2379 2307 2508 2364 vicit
2565 2326 2578 2363 :
2619 2308 2893 2365 Antonius
2940 2317 3197 2380 equestre
3249 2308 3512 2366 adversus

214 2402 345 2459 dine
371 2418 402 2457 a
432 2403 569 2459 mari
598 2402 848 2459 aberant.
875 2404 1165 2460 Famosum
1193 2412 1250 2461 et
1280 2419 1531 2474 magnum
1559 2404 1668 2460 hoc
1693 2403 1812 2460 bel-
1914 2397 2192 2456 Caesarem
2225 2400 2428 2456 bellum
2463 2399 2583 2455 iniit
2624 2416 2639 2467 ;
2675 2401 2727 2456 in
2772 2416 2840 2457 eo
2874 2416 3096 2473 quoque
3126 2401 3511 2459 miserabiliter

214 2497 329 2553 lum
356 2497 496 2568 apud
522 2496 738 2553 Actium
770 2496 890 2553 fuit.
922 2498 1004 2553 Ab
1044 2497 1180 2553 bora
1205 2499 1391 2569 quinta
1421 2514 1594 2570 usque
1633 2499 1685 2554 in
1717 2498 1815 2554 lto-
1916 2493 2097 2549 victus
2126 2492 2354 2565 aufugit.
2382 2492 2638 2550 Kalendis
2669 2494 2965 2551 Sextilibus
2995 2496 3170 2569 prima
3199 2497 3320 2554 luce
3340 2497 3512 2554 Anto—
3560 2554 3572 2567 ,

216 2603 333 2645 ram
372 2589 659 2659 septimam
682 2635 698 2659 ,
745 2589 949 2646 incerta
1008 2590 1264 2647 vincendi
1310 2607 1439 2662 spe,
1478 2592 1814 2663 gravissima;
1918 2585 2042 2642 nius
2058 2601 2181 2642 cum
2207 2586 2277 2642 ad
2299 2586 2673 2656 instruendam
2697 2588 2928 2645 classem
2961 2590 3014 2645 in
3038 2598 3253 2660 portum
3284 2590 3511 2647 descen-

214 2681 488 2752 utrimque
507 2682 687 2738 caedes
703 2691 871 2739 actae:
894 2683 1163 2756 reliquum
1183 2684 1428 2741 dicicum
1451 2685 1816 2755 subsequente
1919 2677 2110 2748 deret,
2142 2679 2325 2735 subito
2358 2681 2627 2737 universae
2671 2696 2835 2737 naves
2865 2682 2933 2737 ad
2976 2682 3247 2738 Caesarem
3280 2683 3514 2739 transie-

214 2785 376 2832 nocte
413 2776 467 2830 in
499 2774 782 2831 victoriam
818 2775 1049 2832 Ctesaris
1094 2774 1409 2832 declinavit.
1440 2776 1598 2832 Prior
1623 2777 1807 2846 regina
1914 2769 2320 2842 runt.Cumque
2341 2773 2501 2828 unico
2519 2773 2769 2844 praesidio
2788 2775 3052 2847 spoliatus
3072 2785 3238 2843 esset,
3259 2777 3504 2847 trepidus

212 2867 502 2940 Cleopatra
532 2881 656 2926 cum
686 2866 961 2939 sexaginta
992 2867 1355 2925 velocissimis
1382 2868 1609 2925 navibus
1639 2867 1812 2939 fugit;
1916 2880 1979 2923 se
2008 2878 2131 2921 cum
2160 2865 2348 2937 paucis
2380 2866 2585 2936 recepit
2607 2864 2662 2922 in
2695 2867 2921 2938 regiam.
2958 2866 3161 2924 Deinde
3194 2869 3509 2925 imminente

1508 3027 1958 3088 IIAVERCAMPI
1992 3028 2227 3087 NOTAE.

290 3175 380 3232 Η.
408 3174 656 3230 Antonio.
682 3172 854 3246 Lugd.
886 3173 1030 3229 Batt.
1055 3179 1288 3244 quatuor
1308 3169 1522 3227 etColl.
1539 3167 1803 3239 Gronov.,

218 3247 457 3303 Antonii.

217 3316 381 3445 ἀμᾷ.
405 3317 712 3373 Deccmerc.
737 3315 907 3388 Lugd.
934 3315 1070 3371 Batt.
1101 3322 1213 3370 tres
1227 3328 1350 3370 cum
1370 3310 1511 3369 Coll.
1539 3311 1806 3379 Cronov.,

257 3405 494 3445 tmicare.

257 3405 494 3445 timeare.

292 3458 383 3515 16.
403 3457 622 3513 Centum
646 3466 694 3513 et
716 3458 1041 3531 septuaginta
1069 3458 1295 3531 navium.
1318 3456 1417 3512 Ed.
1454 3456 1680 3525 August.
1702 3455 1811 3531 _ba-

217 3529 337 3597 bet,
357 3539 564 3585 centum
583 3539 632 3600 et
644 3527 915 3600 octoginta
929 3530 1154 3583 navium.
1169 3527 1463 3600 Aliquanto
1479 3538 1598 3597 post
1616 3527 1809 3583 eadem

217 3601 320 3658 Ed.
354 3603 492 3671 Aug.
520 3601 574 3654 in
603 3599 805 3667 horam,
847 3600 1041 3672 proAad
1067 3601 1270 3672 lteram.

288 3668 661 3744 17.7A'ntonius
688 3668 909 3744 quoque.
940 3670 1112 3726 Sicuti
1154 3669 1434 3744 Phoenices
1459 3668 1808 3744 eminuerunt

214 3743 487 3799 classibus
513 3743 626 3798 suis
657 3738 710 3798 in
741 3738 978 3813 potentia
1011 3740 1191 3813 navali
1215 3741 1287 3797 Μ.
1320 3739 1541 3813 Antonii
1568 3746 1626 3794 et
1651 3738 1810 3813 Cleo-

214 3823 388 3885 patrm
408 3857 424 3881 ,
471 3815 551 3870 sic
589 3815 643 3869 in
674 3810 953 3884 utriusque
976 3812 1238 3885 gratiam,
1273 3820 1330 3867 et
1358 3812 1490 3885 (elix
1519 3810 1807 3885 augurium

217 3880 472 3964 nummos
499 3885 764 3964 cuderunt
791 3880 913 3964 cuiu
929 3880 1189 3964 lictor-ia:
1226 3882 1437 3964 tragulis
1459 3880 1610 3964 typo,
1632 3880 1809 3951 qualis

218 3954 314 4011 hic
333 3971 511 4012 aereus
524 3965 606 4011 est
621 3956 913 4027 insignis,a
929 3952 1598 4027 Tripolitanistmnicia:
1619 3966 1804 4027 cusus,

216 4028 317 4098 qui
339 4043 369 4080 a
400 4036 556 4097 parte
593 4023 775 4097 pricr'e
802 4025 1021 4081 exhibet
1045 4024 1228 4094 jugata
1255 4024 1322 4079 Μ.
1364 4023 1583 4098 Antonii
1618 4023 1808 4098 triu_t_u-

216 4091 321 4154 viri
352 4091 416 4153 et'
455 4091 656 4167 regina:
691 4098 991 4166 Cleopatrae
1026 4091 1242 4167 capita;
1274 4110 1303 4149 a
1335 4104 1489 4165 parte
1514 4094 1684 4167 altera
1714 4091 1807 4148 Vi-

220 4168 392 4224 ctoria
421 4164 681 4224 insistens
700 4164 873 4237 prora:
890 4167 1151 4231 cernitur,
1169 4164 1359 4221 dextra
1378 4164 1645 4220 corollatn
1667 4178 1807 4237 pras-

214 4238 421 4311 fereus.
444 4239 665 4311 Legitur
692 4232 745 4295 in
790 4238 1019 4311 circuitu
1044 4247 1417 4311 TPlIIOAIjI'At!
1429 4243 1532 4311 _ET.
1563 4246 1657 4311 LE,
1686 4232 1807 4288 Tri-

215 4310 499 4383 politan
524 4306 703 4383 ianua,
735 4325 862 4366 xxv.
901 4309 1169 4382 Tripolis,
1218 4308 1348 4383 u_rb_s
1385 4306 1715 4383 Pltmtticne,
1746 4314 1806 4359 ut

216 4379 439 4453 reliquae
470 4382 633 4438 urbes
657 4382 779 4453 ejus
805 4379 1031 4443 tractus,
1080 4394 1186 4453 aera
1239 4379 1647 4453 Seleucidarum
1685 4384 1806 4432 ute-

216 4449 401 4507 batur.
449 4453 659 4509 Seleuci
688 4449 910 4510 'deinde
958 4451 1190 4521 posteris
1240 4450 1384 4506 inter
1432 4463 1493 4504 se
1528 4449 1598 4521 de
1636 4461 1804 4516 regno

216 4522 628 4588 dissidentibus,
662 4523 911 4595 Tripolin
937 4520 1244 4595 occupavit,
1280 4522 1443 4595 inque
1465 4534 1547 4595 ea‘
1559 4520 1805 4595 domina-

217 4536 628 4588 utssiuentmus.
662 4536 911 4607 't'rtpoun
937 4536 1244 4606 occupavit,
1280 4536 1443 4646 unaue
1465 4536 1529 4576 ea
1559 4536 1803 4600 nomina-

217 4600 306 4666 tns
333 4602 420 4649 est
449 4602 711 4666 tyrannus
738 4596 953 4666 quidam
982 4594 1294 4666 Dionysius.
1373 4606 1475 4647 unc
1516 4590 1803 4659 Pompeius

215 4664 471 4742 Magnus,
505 4664 834 4742 Phoenicium
863 4664 1181 4742 ingressus“,
1214 4664 1266 4718 in
1299 4669 1620 4742 potestatem
1648 4674 1801 4742 suam

215 4731 532 4807 redactum,
581 4740 756 4792 securi
797 4731 1082 4807 percussit.
1125 4731 1312 4803 Quare
1347 4731 1799 4807 Tripolitanitin

215 4801 737 4879 anpeiigratiam,
772 4801 963 4879 n'ovam
991 4801 1406 4879 introduxerunt
1436 4801 1685 4879 mram,ga
1711 4801 1806 4879 be-

214 4875 416 4934 neﬂcio
446 4875 724 4950 Pompeii,
755 4887 811 4934 et
853 4878 1074 4935 redacta
1118 4877 1188 4950 ab
1230 4877 1421 4950 eodem
1459 4877 1714 4932 Phoenice
1753 4875 1808 4928 in

214 4951 549 5021 provinciam
581 4947 746 5021 (quod
785 4952 982 5006 factum
1009 4951 1111 5004 l'uit
1143 4948 1209 5004 A.
1242 4947 1311 5021 UA.
1343 4947 1403 5004 C.
1427 4949 1613 5014 ncxcr)
1637 4958 1809 5002 annos

214 5019 349 5078 suos
379 5019 748 5087 numerantes,
776 5022 919 5077 unde
945 5020 1224 5090 colligitur
1247 5019 1336 5075 hic
1363 5032 1615 5073 nummus
1642 5031 1805 5090 cusus

212 5107 361 5149 anno
393 5091 459 5149 U.
499 5090 562 5147 C.
594 5106 808 5148 nccxvt.
842 5090 1044 5147 Verum
1073 5088 1283 5159 postea,
1330 5088 1806 5159 Augustogratilir

212 5173 425 5226 cantes,
458 5164 664 5231 reiecto
688 5165 898 5217 honore
938 5157 1207 5232 Pompeii,
1248 5159 1473 5232 pristina
1495 5157 1814 5232 Seleucida-

212 5250 337 5291 rum
367 5248 476 5289 tera
508 5228 561 5287 in
595 5233 833 5287 nummis
875 5228 1094 5289 iterum'
1116 5228 1261 5285 sunt
1287 5231 1392 5284 usi.
1435 5229 1696 5285 Servatur
1724 5228 1812 5283 hic

214 5319 473 5362 nummus
499 5304 553 5358 in
576 5304 741 5357 nobili
766 5317 956 5358 museo
983 5302 1181 5358 illustr.
1201 5299 1458 5366 Lebretii,
1479 5300 1646 5368 Aquis
1672 5298 1811 5355 Sex-

215 5377 328 5443 tiis,
362 5375 607 5444 ejusdem
636 5372 929 5444 provinciae
967 5371 1232 5444 praefecti.
1257 5370 1811 5444 Adjunxinms__alium

212 5461 285 5504 ex
314 5440 505 5499 inuseo
533 5440 777 5514 nostro,
801 5443 854 5496 in
881 5440 990 5514 quo
1019 5442 1208 5498 itidem
1236 5451 1365 5514 sunt
1388 5444 1571 5512 jugata
1603 5440 1673 5496 bl.
1704 5442 1814 5496 An;

214 5515 353 5574 tonii
388 5515 684 5583 uxorisque
730 5512 851 5582 ejus
898 5512 1080 5582 capita
1122 5530 1139 5575 ;
1181 5512 1447 5583 muliebre
1483 5521 1665 5567 autem
1704 5528 1811 5567 non

213 5588 544 5653 Cleopatra}.
576 5580 670 5638 sed
699 5580 983 5647 octaviae,‘
1007 5584 1216 5640 sororis
1251 5580 1486 5639 Cesaris
1509 5583 1810 5647 Octaviani,

215 5672 343 5715 esse
381 5656 581 5710 docent
616 5653 826 5724 adjecta
857 5656 1124 5726 capitibus
1166 5655 1381 5710 nomina
1419 5661 1812 5726 M.VANT_ONIOC

215 5735 496 5791 ox'rABtA,
517 5740 638 5795 quae
670 5727 725 5781 in
750 5726 887 5783 meis
914 5724 1151 5783 nummis
1177 5726 1338 5798 (duos
1366 5724 1643 5798 possideo)
1671 5741 1811 5780 teru-

213 5803 357 5875 gine_
372 5805 691 5875 consumpta
715 5808 865 5875 sunt,
897 5798 993 5855 sed
1027 5799 1292 5875 habentur
1321 5798 1375 5875 in_
1399 5797 1560 5875 simili
1591 5812 1810 5875 nummo

215 5866 360 5946 apud
399 5867 674 5929 Andream
713 5868 1040 5929 Marmoram
1078 5871 1133 5930 in
1172 5868 1411 5931 Historia
1449 5866 1769 5940 Corcyrcnsi
1791 5908 1807 5939 ,

1914 3184 2383 3263 Italieoidiomate
2424 3184 2729 3263 vulgatap.
2759 3187 2881 3245 l56.
2905 3188 3278 3263 Corcyrenses
3320 3199 3506 3263 autem

1914 3257 2017 3333 sub
2039 3257 2249 3333 Philum
2291 3273 2581 3333 num_nuun_
2614 3257 2916 3330 signarunt,
2956 3269 3017 3333 ut
3042 3257 3201 3333 docet
3229 3260 3515 3333 inscriptio

1913 3327 2137 3410 alterius
2182 3329 2635 3410 partis._0ctavim
2658 3327 2824 3403 caput
2866 3330 3149 3388 rarissime
3189 3331 3241 3388 in
3272 3327 3510 3390 numinis

1913 3400 2149 3472 antiquis
2176 3401 2434 3457 occurrit.

2855 3727 2925 3942 ιξ
2966 3812 3162 3940 ,μί
3210 3916 3230 3927 μ
3442 3766 3446 3773 ί

2095 4382 2644 4877 ﬁt?
2670 4517 2792 4619 '
2836 4675 3236 4774 νην-η

2518 4786 2553 4813 κ

1982 5016 2073 5074 18.
2127 5014 2235 5071 Sex
2260 5012 2449 5068 millia.
2488 5011 2819 5067 Constanter
2863 5010 3082 5061 servant
3136 5001 3516 5074 lumenume-

1912 5070 2205 5144 rumwmss.
2255 5098 2469 5147 omnes,
2524 5078 2795 5151 nisiqund
2841 5093 2979 5132 untts
3037 5089 3103 5129 ex
3158 5070 3513 5151 Lugd.Batt.

1911 5141 2136 5227 quatuor
2187 5156 2403 5211 habeat.
2442 5141 2636 5227 Yulgg.
2672 5141 2871 5204 'omnes
2914 5155 3128 5227 septeni,
3162 5149 3388 5227 excepta

1913 5216 2049 5300 Aug.
2063 5270 2077 5294 ,
2093 5243 2216 5300 ηερε
2226 5228 2422 5300 ubique
2435 5216 2699 5300 ἴθι-εἶξαι.
2715 5235 2847 5275 mss.
2874 5216 3191 5300 ttteliorilitrs
3207 5216 3511 5300 conseri

1987 5283 2080 5355 ἴένζ
2112 5283 2582 5370 Ὲῃνριῖεονηιω.
2613 5292 2770 5348 Prior
2797 5304 2901 5346 vox
2933 5290 2986 5343 in
3013 5286 3104 5342 ed.
3136 5283 3369 5353 August.
3404 5298 3515 5338 non

1913 5379 2347 5499 exsZ'tla.t.Sea:tum
2366 5481 2382 5503 ,
2411 5444 2518 5493 etc.
2558 5435 2685 5490 Mss.
2715 5432 2830 5489 fere
2856 5442 3048 5486 omnes
3073 5435 3219 5482 sexto
3244 5431 3299 5479 et
3326 5432 3515 5493 quarto

1914 5513 2149 5575 malunt.
2173 5522 2229 5568 et
2256 5515 2330 5567 ita
2359 5510 2475 5565 fere
2501 5504 3105 5577 sempcrgscrilmnlgg
3196 5576 3201 5577 ί
3288 5575 3295 5577 Α

1986 5584 2080 5639 21.
2110 5570 2311 5650 Ibique.
2362 5580 2503 5636 Edit.
2532 5570 2665 5647 Aug.
2695 5575 2787 5629 ibi.
2823 5574 2952 5631 Mss.
2985 5570 3254 5628 Florentt.
3285 5575 3394 5621 tres
3427 5570 3510 5620 iti-

1917 5655 2069 5728 dem,
2104 5656 2284 5728 deleta
2309 5651 2504 5728 c0p_u_la
2528 5665 2648 5722 quc.
2877 5716 2889 5728 _

1985 5726 2077 5782 22.
2113 5726 2370 5779 Primam.
2397 5723 2781 5795 Florettt.pr._.
2802 5723 3069 5795 pri-intimo,
3181 5783 3193 5795 ,
3233 5790 3242 5795 η
3368 5792 3409 5795 Α
3454 5777 3466 5789 .

1986 5798 2079 5855 25.
2120 5795 2270 5851 Victo
2301 5795 2437 5861 cepit
2466 5787 2711 5847 Antonio.
2738 5789 2840 5846 Ed.
2869 5788 3124 5860 August.,
3143 5787 3332 5840 victam
3354 5787 3509 5852 cepit,

1919 5866 2202 5927 Antonium
2225 5869 2400 5940 ipsum
2429 5863 2697 5933 continuo,
2722 5869 2829 5920 etc.
