4028 6302
265 253 407 320 ιθῦ

1324 251 1800 320 IIIS'I'URIARUM
1839 252 2046 322 ΜΒεῆ
2091 253 2173 322 Yl.
2216 254 2366 311 CAP.
2414 255 2534 312 XX.

3418 261 3554 330 1054

259 374 348 444 die
380 373 612 441 primum
640 372 910 444 Augustus
937 372 1310 428 consalutatus
1341 378 1447 424 est.
1471 369 1623 443 Quod
1659 383 1854 426 nomen
1883 373 1930 431 Α
1959 369 2190 425 Caesaris
2223 379 2336 424 toto
2363 371 2496 426 orbe
2530 371 2809 444 regnantis
2839 375 2878 406 “
2914 372 3093 444 futura
3123 373 3326 430 Christi
3361 377 3556 430 nativi-

259 467 478 534 ennrtis
505 474 661 532 antea
686 463 704 493 "
729 462 1072 531 inviolatum,
1101 465 1120 494 ⁸
1143 473 1196 518 et
1225 478 1399 534 usque
1429 463 1494 516 ad
1528 477 1668 522 nunc
1694 474 1857 518 mete-

263 558 340 630 ris
371 558 619 622 inausum
649 553 880 608 dominis
901 594 917 619 ,
943 563 1148 622 tantum
1177 554 1328 622 orbis
1353 554 1500 623 licite
1521 552 1684 630 442
1708 570 1862 620 usur-

261 658 470 722 patum,
503 647 710 718 apicem
750 645 990 700 declarat
1032 646 1246 716 imperii
1284 665 1296 698 :
1328 655 1490 716 atque
1521 646 1540 676 ⁶
1572 661 1640 700 ex
1667 646 1858 723 eodem

261 741 350 796 die
390 753 602 808 summa
647 752 830 794 rerum
868 750 930 791 ac
975 745 1302 807 potestatum
1345 752 1513 805 penes
1543 753 1706 792 unum
1739 752 1860 798 esse

260 833 425 901 coepit
464 840 519 900 et
566 829 785 894 mansit,
823 827 967 902 quod
1009 829 1185 884 Graeci
1229 828 1598 886 monarchiam
1640 838 1853 884 vocant.

265 924 434 994 Porro
466 933 644 986 autem
675 922 814 976 hunc
835 935 954 974 esse
978 920 1230 975 eumdem
1256 919 1421 983 diem,
1453 923 1553 974 hoc
1575 933 1680 988 c5t,
1706 933 1856 975 octa-

260 1034 387 1073 vum
421 1017 537 1084 idus
567 1016 998 1088 Januarias,quo
1029 1029 1127 1069 nos
1157 1013 1480 1084 Epiphania,
1510 1015 1610 1069 hoc
1640 1023 1741 1078 est,
1767 1029 1864 1084 aps-

260 1113 619 1186 paritionem,
665 1112 783 1166 sive
823 1109 1319 1166 manifestationem
1363 1108 1633 1163 Dominici
1675 1123 1860 1164 sacrae

260 1205 426 1260 menti
473 1203 869 1268 observamus,
918 1216 1076 1260 nemo
1117 1200 1494 1264 credentium,
1543 1201 1656 1262 sive
1695 1199 1856 1256 etiam

263 1297 383 1352 lidei
430 1294 937 1358 contradicentium,
974 1293 1167 1360 nescit.
1211 1292 1286 1346 De
1325 1307 1433 1362 quo
1466 1299 1666 1346 nosti-ae
1701 1291 1858 1344 istius

262 1390 590 1462 ﬁdelissimae
635 1387 1039 1460 observationis
1077 1395 1419 1440 sacramento
1465 1383 1684 1440 uberius
1714 1397 1859 1454 nunc

258 1481 462 1546 dicere,
492 1495 590 1536 nec
613 1479 773 1544 ratio,
807 1493 907 1533 nec
934 1478 1088 1534 locus
1119 1477 1324 1547 ﬂagitat
1357 1495 1369 1530 :
1403 1487 1460 1532 ut
1487 1487 1540 1531 et
1569 1477 1859 1548 qua-renti-

263 1573 366 1628 bus
409 1587 739 1638 reservasse,
780 1579 835 1626 et
880 1569 1278 1640 negligentibus
1323 1584 1426 1627 non
1458 1569 1751 1638 ingessisse
1783 1568 1859 1622 vi-

263 1663 509 1728 deamur.
535 1662 648 1727 Hoc
669 1670 849 1728 autem
874 1662 1106 1717 ﬁdeliter
1126 1675 1593 1716 commemorasse
1617 1661 1734 1714 ideo
1761 1674 1856 1730 par

1963 473 2044 517 tas
2073 464 2341 534 declarata
2373 475 2484 530 eSt;
2533 463 2781 534 Christus
2823 466 2968 539 enim
3015 466 3196 537 lingua
3234 471 3408 537 gentis
3437 471 3557 540 ejus

1963 558 2005 588 ¹¹
2036 555 2088 624 ip
2118 572 2219 628 qua
2246 566 2404 612 natus
2425 566 2528 624 est,
2551 572 2746 624 unctus
2775 559 3183 628 interpretatur.
3214 558 3402 631 Itaque
3427 577 3548 622 cum

1960 665 2025 705 eo
2057 660 2303 720 tempore
2337 666 2446 722 qtto
2476 651 2679 705 Cinsari
2705 661 2967 721 perpetua
2993 652 3280 707 tribunicia
3315 661 3556 722 potestas

1959 742 2176 796 decreta
2212 752 2315 807 est,
2348 742 2534 796 Romaa
2560 743 2678 796 fons
2708 741 2816 797 olei
2847 758 2944 812 per
2975 752 3142 798 totum
3186 738 3328 800 diem
3358 744 3514 802 ﬂuxit
3543 765 3554 800 :

1961 834 2060 896 sub
2120 834 2426 905 principatu
2482 833 2719 901 Catsaris
2772 834 3124 904 Romanoque
3184 837 3412 906 imperio
3463 853 3560 908 per

1960 937 2129 998 totum
2158 928 2325 990 diem.
2359 928 2461 996 hoc
2491 937 2596 998 est,
2623 943 2720 998 per
2754 942 2917 983 omne
2947 928 3172 986 Romani
3215 941 3432 1000 tempus
3457 931 3560 988 im-

1958 1023 2117 1091 perii,
2143 1021 2415 1082 Christum
2440 1032 2492 1075 et
2515 1036 2579 1086 ex
2605 1034 2673 1075 eo
2695 1020 3065 1088 Christianos,
3099 1021 3150 1078 id
3179 1033 3283 1088 est,
3309 1034 3557 1091 unctum,

1959 1121 2124 1183 atque
2149 1127 2215 1168 cx
2244 1127 2310 1167 eo
2341 1121 2557 1178 unctos,
2593 1111 2660 1176 de
2690 1111 2972 1170 meritoria
3024 1112 3247 1168 taberna
3269 1155 3282 1179 ,
3315 1115 3418 1169 hoc
3449 1125 3556 1181 est,

1959 1206 2030 1262 de
2055 1205 2270 1274 hospita
2297 1206 2554 1276 largaque
2580 1204 2828 1260 Ecclesia
2857 1203 3171 1271 afﬂuenter,
3193 1214 3355 1271 atque
3382 1207 3560 1263 inces-

1961 1297 2207 1364 sabiliter
2240 1309 2626 1367 processuros,
2658 1295 3139 1364 restituendosque
3167 1311 3264 1366 per
3285 1295 3559 1360 Cmsarcm

1961 1405 2154 1444 omnes
2211 1403 2422 1452 servos,
2469 1389 2559 1457 qtti
2615 1395 2793 1440 tamen
2841 1398 3230 1454 cognoscerent
3274 1388 3557 1460 hominum

1960 1496 2138 1542 suum,
2170 1489 2531 1550 ceterosque,
2557 1478 2646 1547 qui
2678 1478 2722 1508 ¹³
2755 1479 2872 1543 sine
2901 1477 3124 1534 dotuino
3154 1480 3554 1549 invenirentur,

1961 1571 2121 1640 morti
2171 1570 2550 1642 supplicioque
2599 1568 2902 1634 dedendos,
2959 1569 3400 1642 retuittendaque
3455 1574 3556 1640 sub

1960 1664 2175 1718 Ctesare
2206 1662 2384 1718 debita
2419 1669 2769 1732 peccatorum
2810 1661 2864 1716 in
2895 1675 2957 1716 ea
2988 1661 3135 1718 Urbe
3165 1662 3218 1716 in
3257 1679 3361 1732 qua
3394 1678 3557 1733 spon-

265 1756 384 1822 luit,
417 1763 474 1811 ut
499 1769 595 1824 per
618 1755 800 1810 omnia
825 1754 1037 1822 venturi
1067 1753 1264 1807 Christi
1295 1753 1463 1824 gratia
1495 1766 1858 1822 przeparatum
1894 1743 1935 1803 Β
1967 1766 2184 1822 laneum
2217 1753 2258 1784 ¹⁵
2285 1752 2534 1808 ﬂuxisset
2583 1752 2792 1816 oleum,
2845 1751 3250 1810 evidentissima
3304 1753 3418 1817 bis,
3463 1756 3558 1826 qui

261 1848 491 1916 Caesaris
515 1847 804 1915 imperium
827 1846 1234 1916 comprobetur.
1255 1846 1274 1875 ⁷
1296 1845 1428 1900 Nam
1454 1861 1574 1898 eum
1599 1844 1856 1916 primum,

261 1936 392 1991 Caio
428 1937 642 2002 Caesare
677 1938 948 1991 avunculo
985 1950 1086 1991 suo
1122 1936 1426 2006 interfecto,
1457 1951 1524 1992 ex
1568 1936 1858 2006 Apollonia

264 2029 483 2100 rediens
510 2028 712 2084 Urbem
737 2028 1130 2100 ingrederetur,
1158 2029 1288 2083 hora
1311 2031 1529 2084 circiter
1553 2029 1710 2084 tertia
1736 2034 1756 2061 ⁸
1776 2045 1861 2085 re-

266 2132 448 2192 pente,
483 2122 690 2194 liquido
729 2137 790 2182 ac
831 2137 964 2192 puro
1005 2137 1202 2184 sereno
1239 2123 1480 2178 circulus
1523 2121 1589 2176 ad
1618 2121 1856 2194 speciem

263 2213 500 2280 cretestis
528 2228 684 2268 arcus
712 2215 898 2268 orbein
925 2213 1056 2274 solis
1083 2213 1293 2280 ambiit,
1317 2216 1337 2245 θ
1364 2215 1514 2284 quasi
1539 2230 1662 2270 eum
1695 2229 1858 2285 unum

266 2320 327 2358 ac
369 2304 806 2373 potentissimum
851 2305 901 2358 in
947 2305 1047 2358 hoc
1078 2304 1280 2359 mundo
1308 2306 1591 2373 solumque
1619 2305 1860 2364 clarissi-

266 2413 410 2452 mum
439 2397 492 2452 in
522 2397 653 2452 orbe
675 2405 1024 2468 monstraret,
1051 2398 1207 2466 cujus
1231 2406 1475 2466 tempore
1497 2405 1756 2452 venturus
1774 2413 1860 2468 es-

263 2498 366 2556 set,
394 2489 484 2559 qui
516 2489 692 2557 ipsum
725 2488 898 2543 solem
923 2488 1093 2555 solus,
1120 2490 1491 2560 mundumque
1515 2498 1681 2544 totum
1705 2499 1758 2554 et
1783 2489 1860 2550 fe-

261 2582 429 2638 cisset
452 2590 508 2636 et
538 2590 773 2654 regeret.
809 2581 1017 2652 Deinde
1047 2597 1166 2647 cum
1195 2582 1459 2654 secondo,
1491 2583 1542 2638 in
1567 2583 1750 2638 Sicilia
1773 2599 1860 2644 re-

263 2673 437 2744 ceptis
466 2687 496 2728 a
525 2673 784 2744 Pompeio
805 2681 860 2728 et
881 2673 1084 2744 Lepido
1105 2672 1426 2750 legionibus,
1454 2673 1670 2745 triginta
1693 2675 1859 2732 millia

262 2780 544 2840 seniorum
584 2764 822 2836 dominis
866 2767 1214 2836 restituisset,
1253 2776 1309 2822 et
1338 2768 1688 2838 quadraginta
1721 2783 1857 2838 qua-

265 2868 391 2911 tuor
413 2857 650 2926 legiones
673 2857 822 2922 solus
846 2858 1075 2925 imperio
1097 2872 1197 2912 suo
1219 2859 1284 2912 ad
1311 2867 1551 2922 tutamen
1574 2859 1724 2915 orbis
1751 2867 1858 2924 ter-

263 2965 448 3008 rarum
477 2950 866 3020 distribuisset,
895 2967 1173 3022 ovansque
1199 2951 1396 3010 Urbem
1423 2953 1718 3022 ingressus,
1743 2967 1860 3008 o:u-

264 3041 348 3108 nia
389 3041 666 3114 superiora
696 3043 878 3112 populi
924 3042 1151 3111 Romani
1193 3043 1371 3108 debita
1406 3044 1682 3110 donanda,
1714 3043 1861 3098 litte-

1963 1846 2348 1915 prephetarum
2397 1859 2559 1899 voces
2605 1859 2710 1902 non
2756 1843 3078 1909 audiebant,
3110 1844 3262 1916 signa
3296 1846 3349 1900 in
3393 1847 3558 1914 etelo,

1960 1951 2013 1995 et
2048 1941 2098 1994 in
2125 1950 2266 1994 terra
2293 1935 2533 2007 prodigia
2564 1935 2944 2006 prodiderunt.
2976 1935 3164 2000 Tertio
3194 1947 3397 2006 autem,
3430 1951 3555 1992 cum

1961 2030 2162 2086 Urbem
2195 2028 2534 2098 triumphans
2565 2027 2809 2099 quintum
2836 2028 3024 2082 consul
3059 2029 3336 2097 ingressus
3359 2036 3465 2092 est,
3493 2043 3560 2084 eo

1960 2121 2172 2200 scilicet
2202 2121 2310 2186 dic,
2365 2135 2524 2191 quem
2579 2134 2741 2188 supra
2792 2119 3225 2186 nominavimus,
3263 2120 3306 2150 ¹⁵
3336 2136 3456 2175 ctttu
3505 2131 3561 2178 ct

1959 2197 2153 2268 Janutn
2188 2221 2312 2282 post
2337 2210 2606 2266 ducentos
2638 2227 2814 2266 annos
2845 2214 3077 2281 primum
3111 2213 3224 2282 ipse
3253 2212 3478 2279 clausit,
3505 2223 3560 2270 et

1961 2309 2319 2364 clarissimum
2354 2307 2484 2366 illud
2518 2307 2560 2336 ¹⁶
2594 2306 2819 2374 Augusti
2851 2319 3046 2359 nomen
3076 2307 3392 2374 assumpsit,
3428 2307 3558 2377 quid

1964 2401 2178 2456 fidelius
2208 2413 2271 2466 ae
2299 2399 2480 2454 verius
2501 2398 2650 2460 credi
2679 2408 2772 2453 aut
2796 2398 3049 2468 cognosci
3085 2405 3292 2468 potest;
3324 2412 3558 2466 concur-

1962 2491 2215 2547 rentibus
2244 2491 2312 2556 ad
2346 2500 2550 2544 lautam
2582 2489 3102 2555 manifestatiooem,
3135 2504 3287 2560 pace,
3316 2490 3558 2566 nomine,

1962 2583 2074 2649 die,
2105 2599 2263 2652 quam
2317 2581 2460 2636 hunc
2507 2580 2721 2637 occulto
2751 2580 2969 2650 quidem
2999 2591 3300 2651 gestorum,
3335 2581 3554 2658 ordine,

1963 2674 2030 2729 ad
2088 2673 2410 2746 obsequium
2463 2671 2876 2744 praeparationis
2931 2671 3048 2741 ejus
3103 2671 3555 2744 praedestinatum

1963 2765 2131 2833 fuisse
2167 2782 2178 2816 :
2211 2765 2400 2834 quieo
2447 2764 2553 2829 die,
2601 2776 2708 2833 quo
2753 2763 2845 2817 ille
2894 2762 3325 2820 manifestandus
3356 2765 3558 2834 mundo

1966 2859 2007 2888 ¹⁷
2039 2867 2160 2928 post
2194 2855 2470 2928 paululum
2503 2867 2655 2920 erat,
2688 2864 2739 2910 et
2773 2855 2916 2922 patris
2947 2854 3158 2922 signum
3207 2855 3473 2928 praetulit,
3505 2864 3560 2912 ct

1966 2925 2249 3018 potestatis
2278 2962 2474 3002 nomen
2529 2945 2858 3014 assumpsit?
2889 2945 3026 3010 Quid
3056 2925 3234 3006 autem
3269 2946 3320 2998 in
3359 2925 3555 3015 quarto

1966 3042 2162 3110 reditu,
2187 3056 2310 3098 cum
2341 3040 2492 3098 linito
2515 3038 2843 3106 Cantabrico
2866 3039 3026 3105 bello,
3053 3039 3366 3109 pacatisque
3387 3041 3560 3094 omni-

262 3147 448 3186 rarum
496 3133 656 3196 etiam
699 3135 1062 3190 monumentis
1113 3134 1335 3188 abolitis
1364 3135 1406 3165 ¹⁰
1435 3135 1768 3200 censuisset;
1805 3137 1858 3190 iu
1885 3108 1931 3170 Ο
1968 3137 2068 3189 bus
2094 3133 2367 3204 gentibus,
2397 3131 2578 3187 Caisar
2610 3131 2810 3186 Urbem
2842 3133 3080 3202 repetiit,
3108 3131 3175 3185 ad
3206 3108 3560 3190 contestatio-

264 3223 455 3280 diebus
480 3225 648 3295 ipsius
673 3225 794 3280 t'ous
817 3225 920 3294 olei
945 3225 1303 3296 largissimus,
1327 3227 1464 3282 sicut
1490 3227 1741 3298 superius
1765 3244 1861 3301 ex-

265 3319 435 3389 pressi
469 3361 484 3386 ,
526 3320 593 3372 de
623 3319 842 3375 taberna
871 3321 1146 3376 meritoria
1181 3336 1276 3390 per
1307 3330 1473 3380 totum
1505 3321 1645 3382 diem
1677 3323 1855 3392 ﬂuxit.

263 3406 428 3490 443
458 3409 575 3480 Quo
602 3409 756 3488 signo
799 3409 926 3484 quid
971 3409 1294 3478 evidentius,
1353 3428 1512 3481 quam
1563 3413 1620 3466 in
1668 3414 1861 3484 diebus

1968 3243 2091 3282 Item
2127 3226 2248 3280 lldei
2272 3240 2430 3292 quam
2455 3226 2857 3294 exproutituus,
2885 3236 3060 3279 actum
3094 3225 3185 3296 sit,
3221 3225 3339 3296 ipso
3370 3225 3559 3280 ordine

1969 3322 2160 3376 melius
2192 3320 2401 3391 profore
2415 3329 2524 3374 tur.

1564 3595 2014 3668 HAVERCAMPI
2054 3596 2284 3660 NOTAS.

334 3733 390 3786 4.
426 3727 767 3784 Inviolatum.
795 3726 991 3783 Nescio
1019 3727 1145 3796 quid
1178 3727 1280 3782 hoc
1307 3726 1529 3782 verbum
1560 3729 1664 3784 sibi
1697 3729 1851 3793 velit,

264 3812 319 3859 et
346 3799 617 3872 quomodo
638 3806 823 3862 antea,
849 3798 902 3872 id
929 3807 1032 3872 est,
1061 3808 1186 3864 ante
1210 3797 1511 3872 Augustum
1538 3801 1750 3872 dicatur
1773 3802 1854 3854 in-

265 3867 512 3929 violatum
543 3871 594 3937 id
623 3885 840 3926 nomen.
871 3868 927 3926 In
953 3868 1190 3923 Florent.
1221 3884 1334 3924 sec.
1366 3867 1562 3939 legitur
1588 3870 1848 3936 inolitum,

267 3946 359 3998 sed
396 3946 464 3996 ita
494 3953 548 3996 ut
575 3943 876 4010 corrigatur
911 3939 988 4010 sic
1020 3940 1227 3993 abrasis
1256 3940 1573 4008 quibusdam
1609 3957 1728 4010 quae
1755 3943 1853 3994 an-’

267 4025 348 4070 tea
381 4013 682 4076 exstabant,
717 4008 933 4066 litteris.
964 4008 1045 4064 An
1073 4010 1418 4065 scribendum
1449 4008 1716 4064 insolitum
1736 4013 1760 4065 Ι)
1783 4027 1850 4064 au

268 4101 400 4141 vero
431 4084 624 4138 violare
655 4084 742 4138 hic
767 4081 1033 4151 signiﬁcat
1056 4081 1313 4136 invadere
1342 4083 1551 4136 titulum
1575 4081 1853 4138 divinutn't

267 4164 428 4226 prout
471 4155 538 4208 de
580 4155 798 4226 nomine
837 4153 1070 4226 Augusti
1118 4151 1307 4226 Florus
1353 4155 1612 4226 evtretnis
1653 4151 1855 4226 libritv

264 4222 470 4292 verbis,
503 4233 556 4276 ut
596 4225 791 4277 scilicet
817 4224 954 4292 jam,
986 4223 1110 4275 dum
1135 4222 1260 4275 colit
1290 4231 1472 4290 terras,
1506 4225 1619 4291 ipso
1649 4225 1855 4278 nomine

267 4307 314 4351 et
342 4296 495 4350 titulo
521 4305 931 4348 consecraretur.

339 4371 390 4422 5.
428 4365 495 4418 Et
523 4381 684 4435 usque
709 4366 778 4434 ad
808 4379 962 4418 nunc.
993 4361 1127 4416 Edd.
1161 4363 1428 4432 quaedam,
1458 4372 1504 4417 et
1531 4363 1630 4416 huc
1657 4378 1856 4434 usque;

269 4452 367 4493 ms.
409 4433 577 4506 Lugd.
601 4433 725 4489 ‘Bat.
755 4445 961 4506 (ιιιιινι,2
993 4441 1043 4485 et
1072 4449 1229 4506 usque
1256 4450 1412 4487 nunc.

340 4509 394 4562 6.
431 4503 512 4559 es
552 4507 728 4558 eodem
765 4503 869 4559 die.
912 4503 1041 4558 Mss.
1085 4503 1254 4572 Lugd.
1298 4506 1436 4560 Batt.
1469 4515 1702 4575 quatuor
1731 4519 1852 4558 cum

272 4579 409 4634 Ultr.
437 4587 492 4631 et
518 4576 652 4630 Coll.
683 4576 920 4630 Gronov.
951 4584 1114 4644 atque
1145 4575 1235 4631 ed.
1264 4575 1427 4644 Aug.,
1461 4593 1525 4630 ea;
1551 4592 1610 4629 ea
1641 4577 1747 4631 die.

343 4651 394 4702 7.
429 4648 568 4701 Nam
594 4663 708 4700 cum
732 4649 976 4714 primum.
1003 4645 1120 4700 Hoc
1143 4661 1208 4699 ex
1235 4645 1476 4701 Suetonii
1501 4650 1742 4716 Augusto
1764 4644 1856 4700 de-

268 4720 530 4786 scriptum
562 4730 664 4772 est.
698 4717 884 4772 Refert
911 4717 1052 4772 idem
1080 4717 1255 4772 Julius
1281 4714 1621 4785 Obsequens.
1645 4714 1819 4771 Fasti.

341 4793 394 4845 8.
433 4791 676 4858 Repente,
712 4787 907 4858 liquido
935 4805 996 4842 ac
1024 4804 1160 4858 puro
1187 4803 1389 4843 sereno.
1421 4789 1581 4852 Editi,
1615 4805 1748 4860 puro
1773 4803 1856 4860 se-

268 4878 490 4932 renoque
534 4863 678 4917 caelo.
725 4861 1149 4923 lncousiderate,
1184 4862 1486 4928 praesertim
1519 4859 1641 4914 cum
1671 4874 1793 4929 cap.
1827 4859 1852 4912 1

269 4934 440 4989 ιιΙιίιιιὶ
471 4932 559 4987 lib.
591 4936 756 4988 etiam
783 4932 1010 4988 Orosius
1031 4933 1111 4988 sic
1135 4935 1386 5001 loquatur
1411 4951 1426 4986 :
1452 4932 1754 4985 deliciarum
1775 4947 1858 4984 se-

267 5022 390 5059 reno
418 5005 713 5074 assuefacti,
745 5014 797 5058 et
828 5021 855 5055 a
886 5019 1015 5058 mss.
1047 5004 1211 5057 etiam
1253 5003 1418 5056 absit.
1451 5001 1539 5056 Sic
1559 5001 1702 5070 Virg.
1735 5017 1751 5054 :

393 5117 504 5172 Heu
529 5120 728 5184 nimium.
751 5117 864 5169 coeli
889 5116 1070 5167 eontlse
1089 5129 1288 5166 sereno.

270 5226 438 5281 Laur.
472 5256 542 5266 —
572 5225 797 5288 Versus,
831 5239 992 5292 quem
1035 5223 1276 5292 reSpicit,
1309 5230 1486 5276 exstat
1517 5219 1649 5291 Ain.
1682 5222 1776 5275 lib.
1809 5237 1864 5286 v,

271 5299 398 5352 87o.
422 5297 532 5354 Sed
563 5296 636 5349 ibi
665 5295 824 5363 vulgo
854 5295 1080 5362 legitur:

397 5397 437 5446 Ο
459 5397 659 5446 nimium
681 5393 807 5444 caelo
833 5401 884 5443 et
909 5395 1087 5457 pelago
1104 5391 1288 5443 conﬁse
1311 5393 1523 5441 sereno!

271 5500 406 5555 Cum
433 5513 564 5552 vero
594 5498 649 5551 iu
679 5498 933 5552 omnibus
957 5497 1078 5568 edd.
1113 5496 1372 5568 antiquis,
1402 5496 1865 5568 consentientibus

277 5585 407 5626 mss.
447 5569 637 5638 itidem
671 5572 905 5632 cunctis,
953 5565 1258 5636 legeretur,
1291 5565 1494 5638 liquido
1531 5582 1591 5638 ac
1630 5583 1760 5638 puro
1785 5586 1864 5621 se-

275 5657 422 5704 reno,
455 5637 738 5693 Fabricius
783 5647 988 5693 temere
1010 5635 1178 5692 nimis
1209 5649 1263 5693 et
1293 5635 1553 5689 audacter
1581 5635 1867 5706 lectionem

280 5710 612 5786 imntutavit,
666 5708 1018 5787 reposuitque
1063 5725 1194 5780 puro
1239 5721 1519 5787 serenoque
1564 5707 1678 5786 die,
1725 5713 1871 5776 tanto

1958 3737 2111 3784 certe
2135 3725 2610 3788 inconsideratius,
2643 3722 2788 3792 quod
2815 3721 2955 3790 apud
2985 3722 3301 3777 Suetonium
3331 3721 3384 3775 in
3414 3723 3553 3792 Aug.

1958 3816 2079 3868 cap.
2113 3799 2183 3854 95
2211 3842 2225 3865 ,
2261 3797 2401 3868 unde
2432 3796 2544 3852 haec
2574 3793 3034 3868 des_crip_ta__suut,
3065 3808 3172 3868 non
3199 3794 3361 3846 aliter
3388 3807 3552 3868 quam

1961 3861 2392 3924 in'Orosii'codd.
2420 3875 2615 3919 exstet.
2649 3865 2721 3918 Ex
2752 3861 2962 3916 Velleio
2987 3872 3040 3916 et
3070 3863 3235 3916 Dione
3261 3871 3423 3928 atque
3451 3861 3556 3914 Zo-

1961 3957 2085 3994 nara
2119 3933 2358 3994 Suetonii
2411 3937 2545 3988 banc
2591 3933 2952 3987 narrationem
3006 3933 3297 3986 illustravit
3348 3932 3548 3986 ibidem

1958 4011 2333 4065 Casaubonus.

2031 4081 2084 4136 9.
2107 4079 2272 4146 Quasi
2289 4092 2414 4152 eum
2441 4090 2602 4130 unum
2617 4090 2679 4128 ac
2695 4071 3122 4152 potentissimum.
3147 4072 3283 4130 Edd.
3305 4071 3552 4142 quaedam

1961 4161 2120 4216 vett.,
2150 4150 2297 4219 quasi
2328 4163 2442 4202 eum
2473 4161 2634 4200 unum
2651 4160 2724 4219 ac
2746 4150 3088 4219 potissimum.

2034 4211 2119 4278 1οξ
2154 4211 2445 4284 Censuisset
2480 4219 2615 4288 fons.
2647 4211 2755 4268 Sic'
2781 4211 3375 4288 recte_liberlblaterni,
3412 4212 3556 4268 inter

1960 4308 2081 4364 quae
2112 4281 2506 4364 alicundehzee
2536 4288 2870 4364 irrepserant
2897 4299 2908 4333 :
2936 4282 2990 4364 in
3015 4281 3192 4364 diebus
3215 4284 3409 4364 ipsius,
3433 4299 3555 4364 quae

1960 4353 2102 4431 quod
2148 4370 2266 4430 post
2305 4361 2466 4431 etiam
2509 4353 2689 4410 statim
2729 4360 3066 4431 sequantur,
3115 4353 3347 4421 relegavi
3397 4353 3555 4431 hinc,

1962 4423 2106 4488 unde
2133 4423 2412 4486 venerant.
2443 4429 2615 4483 Laur.
2643 4456 2714 4466 —
2742 4425 2796 4479 In
2825 4423 3078 4478 omnibus
3108 4432 3288 4477 tamen
3313 4438 3444 4478 mss.
3473 4423 3556 4478 ini

1963 4507 2278 4564 veniuntur,
2315 4501 2414 4554 nisi
2447 4500 2588 4569 quod
2623 4513 2720 4569 pro
2744 4496 2905 4567 ipsius
2937 4495 2989 4548 iu
3023 4494 3298 4569 plerisque
3319 4494 3553 4569 iuvene-

1886 4546 1938 4607 Β
2265 4546 2322 4626 iu
2349 4546 2738 4650 Meojilliszrllla
2761 4546 2998 4650 quoque,
3022 4546 3078 4647 in
3105 4546 3283 4647 dictius
3309 4546 3552 4634 Cwsuris,

1961 4636 2214 4701 videntur
2233 4636 2574 4712 respondere
2606 4640 2752 4693 hisce
2776 4636 2829 4712 in
2846 4638 3045 4712 _diebus_
3061 4636 3244 4707 ipsius.

2038 4719 2121 4772 11.
2168 4707 2397 4768 Futura.
2432 4714 2599 4766 Abest
2630 4727 2657 4762 a
2689 4708 2810 4765 cod.
2846 4707 3088 4777 Longob.

1969 4861 1981 4873 ο
2038 4790 2123 4843 1‘2.
2175 4783 2244 4840 In
2281 4801 2406 4856 qua.
2458 4783 2585 4837 Mss.
2619 4782 2833 4852 quidam
2865 4795 2929 4834 ex
2956 4795 3094 4848 qua;
3141 4777 3255 4844 alii,
3283 4793 3346 4832 ea:
3371 4794 3473 4850 qua
3504 4786 3560 4833 et

1963 4879 2017 4914 ω
2039 4876 2151 4985 1"???
2159 4895 2298 4983 .Siue
2328 4925 2558 4980 domino.
2606 4924 2680 4978 Ita
2731 4920 2944 4977 restitui
2972 4935 3037 4974 ex
3070 4933 3200 4974 mss.
3237 4919 3373 4974 Male
3416 4919 3563 4988 lege-

1969 5003 2129 5056 batur
2157 5000 2268 5052 siue
2293 4998 2548 5050 dominio.

2042 5073 2129 5126 Ν.
2175 5068 2620 5123 Fluxisset..Mss.
2651 5063 2818 5133 Lugd.
2862 5063 3027 5125 Batt.,

2047 5142 2131 5196 15.
2185 5138 2316 5194 Cum
2365 5147 2413 5193 et
2443 5137 2659 5191 Ianum.
2715 5129 2793 5189 [3e
2845 5133 2982 5187 Jauo
3014 5133 3199 5186 clauso
3231 5130 3434 5186 mentio
3465 5129 3563 5185 fuit

1971 5215 2129 5268 initio
2155 5210 2276 5265 libri
2312 5209 2490 5277 primi.
2529 5209 2664 5261 lliuc
2694 5205 2881 5277 Virgil.
2910 5202 3127 5259 Etteid.
3157 5217 3196 5268 ι,
3219 5201 3349 5266 298,
3381 5203 3516 5256 dixit
3545 5220 3557 5254 :

1970 5282 2291 5339 Claudentur
2313 5276 2436 5334 belli
2467 5276 2846 5350 portw._FABa.

2047 5355 2133 5408 16.
2165 5352 2386 5422 Augusti
2409 5343 2612 5422 nomen.
2641 5347 2909 5422 Caesarem
2935 5362 2969 5422 a-
2993 5354 3206 5422 senatu,
3239 5343 3564 5422 catenisque

1972 5425 2179 5480 civibus
2208 5413 2478 5477 sontentia
2519 5417 2744 5474 Munatii
2793 5418 2972 5470 Planci
3025 5416 3314 5483 Augustum
3359 5413 3562 5467 dictum

1968 5496 2138 5551 fuisse
2188 5505 2314 5547 ante
2361 5492 2501 5545 diem
2556 5505 2640 5543 xvt
2696 5489 2804 5542 kal.
2861 5486 3050 5551 Febr.,
3101 5502 3159 5537 se
3190 5485 3477 5552 septimum
3511 5494 3567 5538 et

1970 5561 2042 5621 Μ.
2106 5562 2360 5634 thsanio
2419 5562 2650 5631 Agrippa
2706 5573 2886 5624 coss.,
2956 5556 3286 5611 Censorinus
3352 5553 3562 5632 scribit.

1974 5637 2140 5782 “2:
2194 5703 2322 5758 Post
2370 5703 2662 5774 paululum.
2695 5699 2827 5755 Cod.
2882 5696 3148 5772 Longob.,
3183 5706 3295 5765 post
3327 5695 3565 5767 paulum.

3059 5061 3233 5129 ﬂuxit.
