4028 6320
550 236 692 293 1035

1001 346 1168 419 ω
1203 344 1435 403 CAPUT
1473 344 1619 401 xm.

554 464 729 519 Caesar
768 460 1026 533 quomodo
1053 459 1341 533 Igiapaniaa
1363 460 1650 533 ingressus,
1680 456 1962 533 Cantabros
1990 459 2146 533 Auito

622 527 804 603 νεαιιὲ
830 532 1022 603 vicerit:
1050 527 1262 603 ,υηάικξ
1297 530 1509 603 quatit!
1548 527 1831 603 (ἔσφαξιίιε
1848 530 2145 603 Αφρρθετει.

626 615 675 660 et
699 598 886 657 Cossus
910 604 965 655 in
988 601 1073 670 Af:
1085 602 1197 666 ica;
1220 600 1384 671 deque
1410 598 1627 668 Tiberii,
1653 600 1894 668 Quintilii
1924 598 2073 667 Vari,
2096 612 2149 656 et

621 676 867 746 Agripptz
895 673 1076 744 gestia.

627 810 643 840 ¹
673 809 836 864 Anno
864 806 932 863 ab
958 804 1105 863 Urbe
1127 804 1346 861 condita
1371 820 1602 861 nccxva
1622 846 1639 873 ,
1670 804 2000 876 imperatore
2039 809 2150 860 Au-

553 909 713 971 gusto
741 902 763 932 ²
787 898 1006 955 Ctesare
1033 898 1235 965 sexies,
1263 908 1321 953 et
1342 898 1426 953 bis
1454 897 1526 952 Il.
1550 898 1783 969 Agrippa
1809 898 2146 965 consulibus,

549 995 739 1049 Caesar
765 1006 954 1063 parum
978 991 1033 1046 in
1056 989 1315 1061 Hispania
1345 1004 1443 1060 per
1469 990 1740 1046 ducentos
1766 1004 1939 1045 annos
1969 998 2147 1044 actum

556 1087 895 1157 intelligens,
925 1086 970 1140 si
1000 1085 1305 1140 Cantabros
1331 1093 1496 1154 atque
1520 1084 1771 1149 Astures,
1797 1084 1933 1139 duas
1968 1083 2151 1139 fortis-

552 1180 723 1235 simas
755 1175 1030 1248 Hispania:
1052 1185 1263 1247 gentes,
1296 1175 1411 1230 suis
1439 1175 1517 1230 uti
1548 1175 1756 1245 legibus
1780 1175 2001 1240 sineret,
2024 1189 2152 1245 ape-

556 1275 664 1329 ruit
691 1273 813 1329 Jani
844 1280 1056 1343 portas,
1088 1278 1255 1341 atque
1284 1270 1337 1325 in
1367 1270 1653 1339 Hispanias
1682 1270 1801 1339 ipse
1837 1284 1960 1324 cum
1988 1284 2153 1325 exer-

550 1366 661 1422 citu
713 1363 986 1435 profectus
1040 1372 1147 1418 est.
1206 1361 1465 1417 Cantabri
1513 1370 1569 1417 et
1621 1364 1850 1417 Astures
1893 1361 2152 1418 Gallecia:

554 1455 575 1487 ⁸
618 1456 912 1527 provincia:
967 1454 1146 1524 portio
1195 1463 1344 1518 sunt,
1400 1468 1509 1523 qua
1567 1461 1846 1508 extentum
1904 1452 2151 1524 Pyreumi

548 1549 739 1621 iugum
786 1547 930 1603 haud
977 1546 1167 1618 procul
1210 1546 1451 1602 secundo
1497 1547 1713 1602 Oceano
1745 1546 1765 1577 ⁸
1791 1547 1893 1603 sub
1932 1558 2151 1619 septen-

555 1642 735 1698 trione
763 1642 1071 1698 deducitur.
1106 1640 1169 1696 Hi
1199 1655 1305 1696 non
1334 1641 1511 1696 solum
1541 1642 1815 1711 propriam
1846 1641 2149 1698 libertatem

1937 233 2141 291 PAULI
2177 233 2403 291 OROSII

2166 353 2212 407 Δ
2244 347 2442 418 positis
2470 346 2671 402 castris
2698 347 2840 418 apud
2876 350 3133 403 Asturam
3158 350 3387 415 ﬂumen,
3412 349 3731 415 Romanos,
3784 351 3909 406 nisi

3736 237 3913 294 1056

2251 440 2449 510 proditi
2481 440 2853 510 prmventique
2871 452 3081 505 essent,
3103 445 3315 511 magnis
3336 444 3598 497 consiliis
3627 444 3911 499 viribus-

2248 546 2355 600 que
2380 532 2810 601 oppressissent.
2840 532 2975 586 Tres
3015 533 3223 601 legatos
3243 549 3367 588 cum
3400 534 3729 603 legionibus
3766 539 3904 590 suis

2252 626 2297 656 “
2325 625 2378 681 in
2417 627 2521 681 tria
2553 636 2737 681 eaStra
2766 625 2992 691 divisos,
3028 626 3201 681 tribus
3231 642 3390 698 usque
3415 628 3747 698 agminibus
3791 629 3903 685 ob-

2250 734 2410 774 ruere
2432 730 2656 787 repente
2675 718 2876 785 moliti,
2897 734 3117 773 suorum
3140 719 3459 789 proditione
3482 721 3695 777 detecti
3718 733 3897 777 sunt.

2252 812 2361 867 llos
2386 822 2571 882 postea
2601 810 2845 867 Carisius
2875 812 3021 867 bello
3041 823 3324 883 exceptos,
3348 828 3460 869 non
3489 829 3666 884 parva
3700 816 3894 871 etiam

2252 903 2625 958 Romanorum
2671 902 2829 957 clade
2872 904 3169 971 superavit.
3222 904 3359 959 Pars
3423 920 3623 960 eorum
3677 908 3891 975 praelia

2250 997 2434 1065 elapsa
2458 993 2714 1049 Lanciam
2742 995 3003 1064 confugit.
3044 995 3291 1065 Cumque
3314 996 3523 1052 milites
3546 998 3888 1052 circumda-

2252 1094 2360 1140 tam
2402 1085 2593 1139 urbem
2628 1084 2884 1139 incendio
2914 1084 3115 1139 adoriri
3139 1096 3431 1153 pararent,
3479 1085 3595 1141 dux
3615 1084 3885 1144 Carisius

2250 1185 2360 1233 eta
2392 1177 2509 1231 suis
2557 1177 2919 1233 cessationem
2956 1178 3000 1208 ¹⁶
3052 1178 3367 1249 impetravit
3413 1178 3711 1245 incendii,
3758 1190 3821 1235 et
3850 1198 3880 1235 a

2252 1270 2501 1326 barbaris
2519 1272 2855 1325 voluntatem
2875 1270 3171 1325 deditionis
3192 1272 3394 1342 exegit.
3421 1271 3693 1329 Studiose
3722 1274 3874 1329 enim

2252 1362 2532 1419 nitebatur
2602 1362 2870 1433 integram
2944 1371 3106 1434 atque
3180 1364 3517 1421 incolumem
3584 1366 3875 1422 civitatem

2252 1454 2495 1509 victoria:
2517 1469 2631 1509 sua:
2660 1464 2853 1510 testem
2876 1455 3212 1525 relinquere.
3245 1457 3588 1513 Cantabrica
3616 1458 3869 1514 victoria!

2254 1546 2405 1603 hunc
2435 1546 2700 1603 honorem
2722 1545 2912 1603 Ca-sar
2935 1547 3152 1617 detulit,
3177 1556 3239 1602 ut
3266 1557 3395 1603 tunc
3418 1564 3641 1621 quoque
3664 1552 3715 1581 ιτ
3742 1550 3869 1606 belli

2253 1648 2443 1711 portas
2479 1639 2725 1694 claustro
2767 1638 3011 1695 cohiberi
3057 1640 3298 1709 iuberet.
3332 1639 3411 1694 ita
3440 1650 3573 1696 tunc
3615 1643 3866 1698 secundo

551 1734 691 1789 tueri
750 1733 963 1803 parati,
1024 1733 1383 1789 verumetiam
1444 1734 1799 1789 ﬁnitimorum
1853 1735 2148 1806 praeripere
2176 1737 2224 1799 Β
2254 1748 2352 1803 per
2375 1731 2671 1799 Caesarem,
2702 1742 2895 1801 quarto
2941 1740 3065 1802 post
3092 1730 3293 1787 Urbem
3329 1733 3613 1790 conditam
3639 1734 3865 1791 clausus

552 1827 667 1880 ausi
693 1867 709 1890 ,
745 1825 1002 1881 Vaccaeos
1027 1835 1081 1881 et
1109 1828 1129 1857 '
1161 1825 1527 1897 Turmodigos
1557 1835 1614 1881 et
1639 1826 1971 1896 Autrigonas
2012 1827 2150 1881 assi-

552 1919 675 1975 duis
721 1920 1099 1989 eruptionibus
1130 1920 1546 1991 populabantur.
1581 1920 1747 1991 lgitur
1773 1920 1959 1975 Caasar
2003 1920 2150 1991 apud

556 2011 577 2041 ‘
608 2010 944 2081 Segisamam
974 2021 1150 2066 castra
1180 2011 1391 2083 posuit,
1425 2011 1599 2068 tribus
1640 2012 1949 2082 agminibus
1981 2022 2150 2067 totam

552 2117 694 2174 pene
740 2103 1027 2173 amplexus
1079 2102 1446 2160 Cantabriam.
1514 2105 1618 2158 Diu
1668 2103 1891 2175 fatigato
1947 2103 2151 2159 frustra

551 2195 797 2265 atquein
849 2195 1148 2267 periculum
1194 2210 1341 2265 saepe
1390 2195 1625 2252 deducto
1671 2197 1918 2252 exercitu
1966 2238 1980 2262 ,
2034 2207 2152 2252 tan—

552 2288 676 2343 dem
749 2288 819 2343 ab
873 2289 1194 2358 Aquitanica
1261 2289 1385 2343 sinu
1440 2304 1539 2359 per
1585 2290 1861 2344 Oceanum
1919 2290 2151 2345 incautis

558 2379 807 2434 hostibus
847 2378 1174 2435 ’admoveri
1223 2380 1457 2436 classem
1507 2388 1668 2449 atque
1715 2380 1917 2449 exponi
1965 2380 2150 2449 cepias

550 2471 722 2541 jubet.
756 2470 909 2529 Tunc
954 2471 1173 2528 demum
1221 2470 1481 2529 Cantabri
1532 2473 1633 2527 sub
1673 2472 1944 2528 mtenibus
1972 2476 1993 2504 ⁸
2023 2472 2150 2529 Bel-

552 2565 688 2634 gicae
742 2564 977 2620 maximo
1024 2565 1300 2635 congressi
1349 2564 1495 2621 bello
1532 2577 1587 2621 et
1624 2562 1786 2637 445
1831 2565 1981 2633 victi,
2032 2565 2085 2621 in
2129 2568 2150 2599 ⁹

557 2655 810 2711 Vinnium
857 2666 1099 2712 montem
1148 2665 1340 2712 natura
1389 2658 1714 2713 tutissimum
1761 2658 2147 2729 confugerunt,

555 2752 645 2807 ubi
702 2752 745 2781 ¹⁰
793 2750 1098 2807 obsidionis
1147 2750 1288 2806 fame
1332 2750 1400 2805 ad
1454 2761 1768 2807 extremum
1828 2766 1966 2821 pene
2006 2765 2145 2806 con-

556 2844 757 2911 sumpti
814 2854 960 2899 sunt.
1019 2844 1060 2874 “
1117 2842 1414 2899 Aracillum
1470 2843 1669 2900 deinde
1725 2843 1985 2915 oppidum
2034 2858 2152 2899 ma-

558 2951 660 3005 gna
702 2935 755 2989 vi
786 2948 850 2990 ac
896 2934 989 2990 diu
1039 2950 1371 3007 repugnans,
1406 2944 1689 3005 postremo
1727 2944 1944 3007 captum
1976 2944 2033 2991 et
2070 2934 2152 2990 di-

559 3034 741 3083 rutum
764 3035 867 3082 est.
906 3026 1175 3083 Praeterea
1207 3028 1497 3083 ulteriores
1521 3028 1776 3084 Gallecia:
1800 3038 2004 3098 partes,
2029 3042 2150 3099 qua:

2252 1832 2337 1878 est
2376 1824 2567 1877 Janus.
2599 1822 2647 1853 ⁸⁸
2672 1822 2802 1877 Post
2841 1824 2945 1877 hoc
2993 1822 3255 1878 Claudius
3300 1823 3542 1891 Drusus,
3578 1825 3863 1897 privignus

2251 1916 2519 1984 Caesaris,
2571 1915 2799 1971 Galliam
2845 1915 3212 1986 Rhetiamque
3260 1916 3534 1985 sortitus,
3584 1919 3861 1973 mximas

2252 2006 2687 2078 fortissimasque
2732 2016 2925 2076 gentes
2973 2007 3323 2074 Germaniae,
3378 2010 3550 2064 armis
3605 2010 3859 2081 subegit.

2252 2097 2386 2154 Nam
2415 2108 2542 2154 tunc
2565 2141 2579 2161 .
2625 2086 2795 2155 veluti
2826 2099 2893 2154 ad
2923 2097 3089 2171 m
3116 2102 3477 2156 constitutum
3529 2103 3684 2171 pacis
3712 2103 3859 2157 diem

2254 2190 2601 2256 festinarent,
2628 2191 2699 2245 ita
2733 2206 2927 2247 omnes
2952 2192 3019 2245 ad
3042 2192 3438 2262 experientiam
3468 2192 3597 2249 belli
3622 2195 3860 2250 decisio-

2254 2297 2450 2338 nemve
2473 2281 2697 2338 ftederis
2718 2283 2963 2337 undatim
2985 2292 3179 2353 gentes
3213 2286 3695 2340 commovebantur
3722 2305 3737 2339 :
3763 2296 3859 2340 aut

2253 2382 2593 2445 suscepturze
2643 2372 2987 2427 conditiones
3020 2373 3169 2443 pacis
3194 2416 3209 2438 ,
3254 2375 3299 2427 si
3346 2374 3692 2431 vincerentur
3716 2416 3735 2440 ,
3765 2385 3860 2430 aut

2255 2482 2437 2522 usura:
2467 2469 2652 2538 quieta
2682 2466 2935 2521 libertate
2969 2467 3013 2521 si
3057 2467 3361 2521 vincerent.
3397 2467 3603 2535 Norici,
3652 2467 3854 2540 illyrii,

2256 2561 2540 2625 Pannonii,
2575 2559 2863 2624 Dalmatze,
2888 2560 3065 2627 Mozsi,
3090 2559 3357 2627 Thraces,
3386 2561 3542 2627 Daci,
3568 2562 3857 2629 Sarmatae,

2256 2653 2583 2725 plurimique
2597 2662 2653 2707 et
2674 2651 2895 2707 maximi
2922 2652 3231 2708 Germania:
3258 2654 3467 2724 populi,
3495 2670 3594 2725 per
3607 2655 3641 2709 d
3651 2657 3857 2711 iversos

2253 2744 2420 2799 duces
2446 2786 2460 2809 ,
2488 2744 2574 2797 vel
2606 2744 2873 2812 superati,
2901 2745 2985 2798 vel
3014 2744 3293 2813 repressi,
3328 2744 3417 2799 vel
3444 2744 3608 2801 etiam
3637 2746 3857 2816 obiectu

2254 2839 2616 2893 maximorum
2649 2835 2956 2902 ﬂuminum,
2993 2836 3191 2903 Rheni,
3244 2837 3621 2908 Danubiique,
3657 2839 3858 2894 seclusi

2254 2940 2407 2986 sunt.
2454 2930 2663 2985 Drusus
2708 2930 2763 2985 in
2811 2929 3102 2985 Germania
3133 2932 3311 3001 primo
3332 2930 3584 2999 Usipetes
3610 2974 3625 2997 ,
3659 2932 3856 2989 deinde

2254 3021 2554 3077 Tencteros
2581 3032 2636 3077 et
2664 3021 2852 3076 Cattos
2893 3023 3222 3092 perdomuit.
3270 3023 3690 3080 Marcomannes
3719 3041 3857 3097 pene

560 3122 841 3179 montibus
889 3124 1149 3195 silvisque
1195 3126 1421 3181 ροηείιεε
1469 3123 1688 3180 Oceano
1745 3125 2107 3179 terminantur
2129 3164 2145 3188 ,
2175 3122 2221 3184 C
2254 3114 2321 3167 ad
2353 3112 2785 3169 internecionem
2822 3114 3059 3169 C(ECldll.
3090 3113 3285 3168 Postea
3331 3114 3660 3172 fUI’llSSllIlaS
3684 3120 3855 3171 natio-

558 3216 829 3274 Antistius
854 3226 913 3272 et
934 3215 1166 3272 Firmius
1189 3217 1347 3289 legati
1370 3219 1579 3289 magnis
1598 3218 1966 3288 gravibusque
1993 3217 2153 3274 bellis

558 3306 1009 3379 perdomuerunt.
1035 3307 1168 3363 Nam
1207 3319 1262 3365 et
1289 3311 1331 3342 ¹²
1364 3310 1682 3366 Medullium
1716 3319 1955 3366 montem
1986 3310 2151 3365 Mittin

558 3400 770 3457 ﬂumini
816 3402 1227 3468 imminentem,
1270 3402 1321 3456 in
1365 3416 1473 3473 quo
1515 3416 1575 3459 se
1630 3417 1822 3473 magna
1867 3402 2153 3458 multitudo

562 3494 843 3548 hominum
879 3492 1162 3561 tuebatur,
1194 3509 1290 3563 per
1336 3494 1648 3563 quindecim
1692 3494 1857 3550 millia
1900 3509 2151 3565 passuum

559 3584 705 3641 l'ossa
728 3586 1150 3657 circumseptum
1179 3586 1465 3642 obsidione
1502 3588 1811 3643 cinxerunt.
1846 3589 2032 3659 Itaque
2064 3589 2153 3645 ubi

560 3692 621 3732 se
649 3691 783 3747 gens
816 3676 1097 3732 hominum
1124 3677 1168 3708 ¹³
1195 3686 1317 3732 trux
1349 3687 1540 3734 natura
1569 3688 1623 3734 et
1663 3679 1838 3747 l’erox,
1875 3695 2051 3752 neque
2077 3690 2159 3736 to-

560 3768 859 3824 lerandie”
881 3767 1155 3824 obsidioni
1188 3768 1577 3837 sufﬁcientem,
1607 3786 1781 3842 neque
1808 3771 2156 3842 suscipiendo

558 3859 707 3915 bello
738 3874 925 3932 parem
951 3860 1233 3932 intelligit,
1276 3862 1342 3917 ad
1370 3863 1731 3918 voluntariam
1769 3872 1997 3919 mortem
2037 3878 2155 3919 ser-

558 3952 746 4008 vitutis
788 3952 985 4008 timore
1018 3955 1316 4009 concurrit.
1348 3953 1482 4009 Nam
1509 3969 1569 4009 se
1597 3970 1737 4025 pene
1757 3970 1951 4010 omnes
1979 3963 2156 4010 certa-

559 4046 655 4102 tim
678 4048 820 4118 igne,
856 4047 1025 4115 lerro,
1057 4062 1122 4105 ac
1153 4063 1368 4106 veneno
1388 4058 1738 4106 necaverunt.
1770 4051 2000 4106 Astures
2022 4064 2154 4105 vero

2258 3220 2378 3274 nes,
2410 3217 2467 3262 et
2487 3206 2683 3277 quibus
2705 3216 2895 3261 natura
2911 3209 3076 3272 vires,
3102 3208 3435 3263 consuetudo
3450 3210 3852 3278 experientiam

2254 3299 2454 3355 virium
2486 3298 2673 3366 dabat,
2704 3299 3033 3364 Cheruscos,
3081 3299 3281 3353 Suevos
3326 3308 3381 3353 et
3408 3298 3732 3357 Sicambros
3759 3316 3856 3373 pa-

2256 3398 2397 3453 riter
2419 3411 2526 3452 uno
2554 3396 2701 3453 bello
2726 3438 2742 3463 ,
2783 3396 2877 3451 sed
2920 3397 3074 3452 etiam
3116 3395 3227 3448 suis
3266 3408 3463 3464 aspero
3487 3439 3502 3462 ,
3538 3399 3851 3465 superavit.

2258 3489 2504 3559 Quorum
2530 3506 2595 3545 ex
2629 3505 2696 3546 eo
2722 3488 3056 3545 considerari
3100 3489 3266 3543 virtus
3294 3501 3356 3541 ac
3394 3486 3583 3542 feritas
3630 3499 3851 3561 potest,

2259 3581 2403 3653 quod
2434 3583 2694 3638 mulieres
2739 3596 2958 3651 quoque
2987 3595 3171 3634 eorum
3192 3620 3207 3644 ,
3237 3579 3279 3633 si
3318 3578 3535 3648 quando
3566 3592 3853 3649 praeventa

2261 3675 2625 3731 Romanorum
2659 3676 2800 3730 inter
2844 3673 3083 3744 plaustra
3112 3688 3204 3727 sua
3245 3671 3735 3741 concludebantur,
3761 3673 3856 3731 de-

2259 3772 2569 3828 licientibus
2593 3771 2716 3826 telis
2743 3810 2759 3838 ,
2805 3771 2888 3825 vel
2918 3769 3161 3837 qualibet
3193 3783 3254 3822 re
3277 3811 3292 3832 ,
3322 3782 3425 3838 qua
3460 3767 3611 3823 velut
3642 3769 3751 3825 telo
3782 3771 3852 3823 uti

2258 3863 2413 3918 furor
2455 3863 2652 3932 possit,
2688 3876 2882 3932 parvos
2915 3861 3054 3916 lilios
3082 3860 3305 3914 collisos
3345 3858 3493 3913 humi
3520 3859 3587 3939 in
3620 3859 3847 3916 hostium

2258 3972 2353 4013 ora
2378 3957 2676 4027 iaciebant,
2706 3957 2757 4010 in
2784 3954 3018 4025 singulis
3043 3953 3283 4007 ﬁliorum
3314 3953 3542 4009 necibus
3566 3956 3608 3987 ‘°
3631 3954 3711 4009 bis
3738 3970 3845 4024 par.

2261 4049 2472 4107 ricidaz.
2497 4049 2649 4105 Tunc
2681 4050 2843 4105 etiam
2867 4048 2922 4105 in
2943 4048 3182 4103 Africa"
3214 4046 3526 4103 Musolanos
3555 4058 3611 4104 et
3635 4046 3836 4103 Gelulos

1838 4188 2295 4247 HAVERCAMPI
2333 4189 2569 4248 ΝΟΤᾸΞ.

557 4305 569 4325 '
630 4304 759 4375 Cap.
795 4304 937 4360 XXI.
975 4335 1042 4346 —
1084 4308 1133 4362 l.
1180 4308 1329 4363 Anno
1373 4308 1436 4362 ab
1476 4308 1616 4364 Urbe
1645 4308 1857 4364 condita
1894 4324 2144 4366 nccxxw.

552 4376 754 4449 Confer
786 4376 1018 4433 Casauh.
1050 4378 1117 4433 ad
1149 4377 1387 4449 Sueten.
1412 4384 1549 4449 Aug.
1583 4394 1708 4447 cap.
1735 4380 1826 4435 20.

624 4448 677 4501 2.
711 4446 917 4521 Cresam
940 4449 1130 4514 sexies,
1151 4458 1200 4505 et
1225 4450 1301 4505 bis
1333 4448 1413 4505 Μ.
1438 4446 1690 4521 Agrippa.
1724 4453 2011 4521 Agrippam
2045 4452 2149 4507 hoc

555 4532 700 4574 anno
740 4518 934 4593 iterum
987 4521 1279 4593 consulem
1318 4518 1501 4593 fuisse
1532 4518 1906 4593 Cassiodorus
1935 4538 2149 4593 quoque

554 4598 805 4662 testatur.
838 4589 1006 4645 Recte
1035 4591 1208 4662 igitur,
1241 4590 1388 4646 Guil.
1439 4591 1720 4662 Xylander
1747 4593 1888 4661 apud
1922 4589 2148 4649 Dionem

555 4660 711 4737 initio
734 4660 829 4714 lib.
855 4661 1301 4737 quinquagesimi
1317 4660 1680 4737 tertii,’_ubinro
1707 4687 1740 4737 σγ
1756 4660 1989 4737 legitur,
2011 4667 2151 4718 seri-

2254 4309 2356 4365 sim
2385 4318 2471 4365 cst
2500 4312 2706 4378 Atticm,
2738 4312 2790 4367 in
2819 4309 2958 4380 Meo,
2994 4308 3161 4366 Acite.

2322 4382 2375 4436 9.
2430 4376 2700 4436 Vinnium.
2734 4382 2917 4447 Meus,
2946 4376 3218 4445 'Viniunt;
3250 4376 3411 4450 Lugd.
3460 4376 3582 4433 Bai.
3616 4388 3791 4448 quart.
3823 4424 3837 4446 ,

2262 4449 2524 4524 Virnimn.
2560 4453 2698 4507 Edd.
2724 4454 2994 4524 quaedam,
3035 4450 3311 4506 Venninm.

2326 4525 2413 4579 lt).
2461 4521 2758 4577 Obsidionis
2787 4527 2948 4591 fame.
2974 4524 3190 4587 Melius,
3225 4522 3485 4576 obsidione
3516 4528 3563 4573 et
3595 4521 3781 4589 fama,

2325 4595 2417 4649 11.
2457 4594 2766 4649 Aracillum.
2799 4595 2872 4648 lla
2899 4594 3125 4659 Florus;
3160 4609 3293 4650 mss.
3328 4592 3414 4647 hic
3439 4592 3666 4661 passim,
3691 4592 3835 4647 Rari-

2254 4663 2405 4729 lium,
2440 4663 2760 4731 Bac/tilium,
2790 4665 3071 4720 Racilium.

552 4727 1023 4805 bendutn__nionet
1060 4727 1121 4787 τὸ
1153 4734 1207 4804 β.
1257 4730 1357 4805 De
1405 4732 1544 4787 bello
1577 4727 1882 4805 Cantabrico
1934 4735 2064 4797 Dio.
2097 4744 2152 4790 et
2180 4727 2228 4787 D
2330 4727 2418 4790 12.
2464 4727 2793 4791 Medulliam.
2829 4735 2886 4791 lu
2917 4736 3091 4791 tribus
3120 4749 3254 4791 mss.
3282 4733 3461 4805 Lugd.
3495 4734 3638 4789 Batt.
3672 4733 3833 4789 inveni

555 4801 752 4857 Florus
802 4802 944 4857 libro
996 4801 1193 4873 quarto
1241 4804 1423 4873 capite
1474 4805 1687 4859 ultimo.
1721 4804 1885 4859 Iidem
1919 4805 1987 4858 de
2031 4806 2150 4861 aliis

551 4887 773 4999 iitroque
830 4873 991 4930 hellis
1047 4889 1283 4945 quorum
1334 4874 1422 4929 hic
1471 4875 1699 4941 mentio,
1750 4885 1876 4930 sunt
1907 4874 2146 4946 legendi.

600 4960 721 4998 mn.
1306 4968 1309 4971 ι

600 4960 721 4998 ABR.
1306 4968 1309 4971 ’

621 5016 675 5070 3.
723 5014 1037 5087 Prouincia.
1071 5014 1241 5073 Abest
1267 5031 1296 5071 a
1326 5015 1538 5071 duobus
1564 5031 1696 5072 mss.
1728 5015 1900 5087 Lttgd.
1936 5016 2075 5071 Batt.

620 5088 675 5159 1.
720 5086 828 5159 διώ
855 5089 1215 5159 septentrione.
1252 5087 1353 5159 Ed.
1385 5088 1550 5157 Aug.,
1581 5088 1674 5142 sub
1711 5086 2148 5159 septemtrionem.

626 5158 681 5212 5.
714 5156 1083 5230 Turmodigos.
1115 5158 1285 5230 Lugd.
1307 5158 1444 5214 Batt.
1465 5156 1723 5230 quatuor,
1750 5156 1917 5230 Meus,
1946 5158 2147 5224 Perii“,

626 5178 681 5212 ὓ.
718 5178 740 5212 Ι
762 5178 965 5214 urmoat
1005 5178 1083 5214 08.
1115 5178 1285 5230 Lugu.
1307 5178 1444 5214 Dii“.
1465 5178 1723 5227 quatuor,
1750 5178 1917 5224 tuens,
1946 5178 2147 5224 ι’θΙΊΖη

553 5227 715 5301 l_lltr.,
766 5178 1198 5286 Coll.(?ronov.
1231 5240 1287 5286 et
1335 5230 1445 5285 duo
1492 5229 1787 5299 Florentt.,
1841 5229 2152 5301 Turmogos.

552 5297 701 5354 Flor.
737 5309 890 5365 tert.,
917 5300 1231 5369 Turmogos.

621 5373 675 5426 6.
700 5360 1050 5439 Segisamam.
1082 5360 1208 5427 Mss.
1236 5371 1345 5428 duo
1372 5372 1545 5443 Lugd.
1578 5372 1746 5438 Batt.,
1778 5373 2145 5443 Segessintant.

624 5444 677 5514 7.
729 5443 1003 5514 Admoneri
1047 5444 1288 5498 classem.
1336 5443 1413 5500 Ita
1463 5453 1574 5499 tres
1621 5443 1889 5499 Flnrentt.
1924 5444 2066 5514 quod
2098 5452 2151 5498 et

553 5512 748 5583 reliqui
780 5528 909 5568 mss.
961 5516 1102 5572 velle
1134 5514 1412 5582 videntur,
1458 5514 1588 5571 dum
1636 5516 1884 5571 scribunt
1927 5512 2150 5570 amoveri

560 5582 736 5650 Vulgo
764 5585 1057 5641 admouere.

628 5654 683 5708 8.
711 5653 957 5726 Belgicw.
990 5657 1100 5712 Viri
1130 5657 1277 5713 docti
1304 5658 1368 5713 ad
1399 5659 1615 5715 Florum
1648 5659 1742 5714 lih.
1776 5674 1853 5724 vi,
1874 5673 1993 5729 cap.
2026 5657 2148 5725 ult.,

562 5735 907 5795 monuerunt,
956 5728 1302 5787 scribendum
1334 5745 1455 5789 esse
1491 5729 1726 5787 γεμίσω.
1761 5729 1817 5788 in
1852 5728 1986 5787 mss.
2025 5743 2147 5802 pas-

2261 4805 2577 4861 Meduliunt.

2330 4878 2420 4933 17).
2461 4875 2609 4947 Trita:
2637 4888 2847 4932 natura.
2880 4878 3021 4947 Aug.
3054 4877 3166 4943 cd.,
3201 4886 3358 4930 atrox
3392 4884 3604 4931 natura.

2330 4949 2418 5003 M.
2465 4946 2754 5003 Obsidioni.
2782 4949 2881 5003 Ed.
2913 4949 3132 5014 eadem,
3164 4948 3474 5002 obsidionis.

2333 5020 2418 5073 15.
2462 5016 2530 5072 In
2562 5020 2682 5073 tria.
2718 5019 2890 5083 Lndg.
2918 5019 3057 5075 Batt.
3086 5028 3215 5083 tres,
3244 5019 3405 5071 intra.

2331 5090 2419 5144 ili.
2463 5088 2788 5161 Impetrabit.
2813 5090 2941 5145 Mss.
2966 5099 3022 5145 et
3040 5090 3164 5145 edd.
3183 5088 3406 5160 quidam
3431 5088 3729 5160 imperarit;
3749 5088 3830 5143 sed

2258 5162 2424 5216 male.

2333 5232 2421 5285 17.
2466 5231 2622 5303 Belli.
2655 5233 2782 5303 Mss.
2818 5231 3062 5303 quidam,
3094 5231 3240 5287 Jani.

2335 5306 2421 5358 ts.
2464 5302 2593 5357 Post
2616 5306 2711 5358 hoc
2737 5301 2991 5357 Claudius
3020 5302 3245 5357 Drusus.
3275 5304 3488 5359 Bellum
3514 5318 3637 5358 cum
3666 5301 3833 5356 thetis

2257 5384 2472 5443 gestum
2528 5384 2633 5443 est,
2696 5375 2871 5429 Druso
2926 5385 2980 5429 et
3031 5374 3227 5429 Pisone
3284 5388 3432 5430 coss.
3490 5390 3635 5429 anno
3694 5372 3835 5429 Urbis

2257 5458 2590 5500 DCC‘X‘VIII.

2330 5516 2419 5570 l9.
2464 5515 2576 5571 Bia.
2604 5517 2775 5573 Abest
2804 5532 2832 5570 a
2862 5514 3033 5583 Lugd.
3064 5517 3207 5571 Bait.
3233 5532 3320 5585 pr.
3352 5526 3408 5572 et
3438 5525 3568 5571 tert.

2328 5585 2420 5641 20.
2465 5586 2786 5643 Musolanos.
2836 5586 2895 5641 In
2942 5587 3115 5654 Lugd.
3161 5589 3302 5643 Bait.
3341 5588 3521 5642 tribus
3556 5585 3832 5655 Usnlanor,

2259 5658 2312 5713 in
2337 5656 2474 5712 Ultr.
2501 5668 2557 5713 et
2581 5659 2720 5713 Coll.
2747 5658 2989 5714 Gronov.
3025 5658 3362 5725 Mnsulanos,
3390 5659 3444 5713 iu
3470 5658 3715 5715 Floreat.
3738 5673 3833 5712 sec.

2260 5726 2561 5785 Muselanos
2595 5729 2807 5801 legitur.
