4028 6290
181 352 322 410 1057

180 558 283 612 bus
325 556 605 621 coercuit,
654 564 821 625 alque
878 553 1136 608 Romanis
1192 552 1457 609 limitibus
1504 553 1783 609 abstinere

182 660 334 705 metu
360 646 647 718 compulit.
678 645 889 701 Interea
918 643 1195 699 Caesarem
1243 645 1385 715 apud
1415 644 1781 699 Tarraconem

162 739 460 796 citerioris
493 736 765 806 llispanize
807 734 996 790 urbem
1019 737 1063 766 ²²
1092 734 1252 805 legati
1281 735 1538 790 Indorum
1565 745 1622 791 et
1649 734 1783 805 Scy-

184 829 400 886 tharum
425 837 538 884 toto
559 827 694 882 orbe
721 827 1064 896 transmisso,
1095 827 1312 883 tandem
1335 827 1409 882 ibi
1436 828 1782 892 invenerunt,

182 921 232 955 ’³
261 921 403 976 ultra
429 919 574 990 quod
595 919 708 990 jam
733 933 984 989 quaerere
1015 933 1122 973 non
1163 928 1408 988 possent,
1437 918 1783 974 reiuderunto

181 1029 293 1083 que
318 1013 373 1068 in
397 1011 673 1068 C:rsarem
703 1010 998 1067 Alexandri
1042 1011 1220 1082 Magni
1247 1011 1477 1082 gloriam
1503 1029 1515 1064 :
1550 1012 1596 1043 ’³
1621 1027 1782 1082 quem

183 1103 330 1160 sicut
363 1103 726 1174 Hispanorum
766 1101 1158 1174 Gallorumque
1186 1103 1386 1172 legatie
1411 1101 1466 1157 in
1502 1101 1682 1158 medie
1713 1101 1793 1158 O-

183 1196 364 1252 riente
387 1194 529 1266 apud
552 1194 1368 1266 Babylonem_centemplatiene
1383 1194 1530 1262 pacis
1545 1193 1696 1258 adiit,
1717 1195 1786 1250 ita

185 1289 331 1345 hunc
359 1289 502 1359 apud
536 1287 853 1358 Hispaniam
886 1288 940 1341 in
973 1285 1289 1342 Occidentis
1333 1285 1529 1342 ultime
1556 1287 1787 1356 supplex

191 1396 317 1438 cum
349 1380 619 1452 gentilitio
646 1394 868 1434 munere
898 1379 1045 1433 Eous
1075 1379 1238 1433 ludus
1275 1387 1328 1433 et
1354 1378 1552 1450 Scytha
1584 1378 1792 1434 Boreus

185 1473 383 1530 oravit.
402 1470 730 1527 Cantabrico
742 1469 892 1526 bello
913 1485 1012 1540 per
1033 1469 1267 1541 quinque
1289 1485 1464 1526 annos
1484 1480 1628 1532 octo.
1657 1480 1793 1526 tuta-

184 1581 294 1636 que
324 1563 582 1634 Hispania
606 1563 657 1617 in
677 1570 934 1617 aeternam
955 1577 1144 1632 pacem
1166 1577 1288 1617 cum
1317 1562 1796 1634 quadam’5respi-

184 1660 399 1716 ratione
420 1655 760 1712 lassitudinis
789 1655 1048 1711 reclinata
1076 1671 1139 1711 ac
1161 1656 1398 1724 reposita
1418 1695 1435 1721 ,
1473 1654 1656 1710 (ἒωεπ
1685 1655 1796 1710 llo-

183 1766 331 1807 mam
351 1750 536 1806 rediit.
557 1746 722 1820 44³1
740 1745 948 1814 Quibus
977 1747 1142 1800 etiam
1172 1746 1368 1802 diebus
1391 1747 1560 1802 multa
1590 1761 1686 1816 per
1710 1761 1792 1814 se,

1190 345 1660 408 lllSTORlARUM
1704 342 1911 403 LIBER
1953 345 2039 404 Vl.
2081 345 2237 405 CAP.
2283 345 2447 403 XXII.

181 467 346 523 latius
372 471 630 535 vagantes
663 463 708 504 ἰ
732 454 957 528 Cossus,
983 461 1091 517 dux
1119 459 1374 529 Caesaris,
1407 463 1633 518 arctatis
1665 461 1781 516 ﬁni-
1807 456 1864 520 Α

3342 341 3482 399 1058

1960 461 2066 544 ipse
2090 459 2238 542 tertio
2265 456 2453 544 clausit
2476 463 2524 510 et
2540 453 2797 524 rcmpubl.
2813 453 3122 524 composuit,
3143 454 3307 526 deque
3325 470 3484 510 censu

1958 531 2179 585 Ctesaris
2203 537 2341 583 acta.

1965 644 1979 675 ¹
2013 643 2202 711 Itaque
2227 657 2369 698 anno
2399 641 2468 697 ab
2491 641 2642 699 Urbe
2662 641 2875 699 condita
2923 656 3123 711 eccm,
3151 639 3332 696 Caesar
3373 637 3486 694 Au-

1885 746 2078 807 gustus
2105 737 2174 790 ab
2203 736 2428 791 Oriente
2450 734 2506 790 in
2528 734 2911 800 Occidentem,
2943 748 2974 788 a
3002 731 3399 802 Septentrione
3431 731 3484 785 in

1889 827 2192 893 Meridiem,
2208 841 2271 882 ac
2295 841 2389 896 per
2417 833 2588 881 totum
2603 827 2806 882 Oceani
2824 825 3088 880 circulum
3117 823 3330 878 eunetis
3354 837 3488 894 gen-

1888 919 2034 975 tibus
2064 935 2169 975 una
2197 934 2334 990 pace
2359 918 2703 990 compositis,
2735 920 2756 950 ²
2785 917 2909 974 Jani
2939 925 3126 988 portas
3171 916 3334 972 tertio
3364 914 3486 984 ipse

1891 1022 2020 1068 tunc
2056 1012 2271 1069 clausit.
2323 1012 2470 1080 Quas
2518 1025 2586 1067 ex
2626 1025 2692 1066 eo
2720 1025 2816 1079 per
2849 1008 3141 1064 duodecim
3166 1007 3281 1064 iere
3309 1021 3486 1062 annos

1889 1105 2231 1178 quietissime
2252 1119 2471 1174 semper
2491 1102 2774 1158 obseratas
2799 1100 2916 1156 otio
2941 1101 3054 1170 ipsa
3084 1099 3248 1154 etiam
3263 1098 3284 1128 ³
3299 1097 3490 1166 rubigo

1890 1199 2155 1270 signavit;
2198 1211 2299 1254 nec
2329 1196 2480 1268 prius
2499 1209 2756 1266 umquam
2786 1194 2888 1248 nisi
2914 1193 3016 1248 sub
3046 1201 3290 1249 extrema
3335 1205 3492 1246 senc-

1892 1300 2039 1349 ctute
2081 1291 2313 1363 Augusti
2364 1290 2617 1362 pulsata,
2671 1287 3089 1345 Atheniensium
3126 1285 3395 1343 seditione
3440 1294 3494 1342 et

1893 1384 2160 1441 Dacorum
2197 1383 2565 1440 commotione
2594 1389 2910 1452 patuerunt.
2941 1378 3158 1435 Clausis
3189 1379 3351 1450 igitur
3370 1377 3493 1433 Jani

1894 1476 2086 1547 portis,
2115 1474 2505 1545 rempublicam
2557 1487 2719 1543 quam
2767 1471 2911 1526 bello
2962 1470 3309 1541 qumsiverat,
3357 1483 3495 1538 pace

1895 1567 2139 1624 enutrirc
2169 1575 2332 1637 atque
2366 1563 2700 1635 ampliﬁcare
2751 1561 3000 1629 studens,
3035 1561 3182 1632 leges
3227 1559 3494 1631 plurimas

1897 1659 2104 1722 statuit,
2135 1673 2232 1728 per
2262 1671 2397 1726 quas
2426 1656 2723 1711 humanum
2753 1669 2922 1724 genus
2961 1653 3131 1707 libera
3185 1652 3489 1708 reverentia

1898 1751 2200 1821 disciplinae
2233 1765 2440 1805 morem
2486 1755 2730 1821 gereret,
2763 1746 2784 1778 ‘
2815 1746 3028 1801 Domini
3073 1744 3491 1817 appellationem

187 1842 525 1912 "multaque
545 1855 644 1910 per
659 1841 825 1895 duces
847 1851 894 1894 cl
913 1840 1119 1908 legalos
1138 1838 1279 1894 bella
1297 1838 1488 1909 gessil;
1513 1853 1636 1893 nam
1657 1839 1798 1892 ῑιιιρι·
1825 1829 1875 1891 Β
1903 1854 1962 1901 ιιι
1993 1845 2154 1899 homo
2175 1842 2486 1900 declinavit.
2514 1842 2645 1897 Nam
2673 1856 2794 1897 cum
2816 1841 3006 1896 eodem
3021 1847 3302 1910 spectante
3334 1837 3493 1894 ludos

187 1944 420 1992 caeteros
431 1942 488 1989 et
506 1933 633 1988 Piso
644 1930 1250 1988 adversumV‘indelicos
1265 1933 1464 1986 missus
1481 1932 1794 1998 est.Quibus

188 2028 450 2095 subactis,
467 2028 638 2082 victor
659 2026 703 2058 ’⁷
725 2024 793 2082 ad
817 2024 1087 2080 Caesarem
1109 2024 1432 2095 Lugdunum
1459 2023 1629 2079 venit.
1655 2023 1795 2078 Pan-

188 2121 389 2177 nonios
404 2134 544 2176 novo
569 2128 716 2174 metu
739 2119 1192 2185 intumescentcs,
1216 2115 1486 2182 Tiberius,
1518 2116 1794 2186 privignus

188 2212 448 2278 Caesaris,
488 2209 870 2267 cruentissima
895 2209 1041 2266 cmde
1063 2207 1263 2264 delevit
1293 2224 1308 2273 ;
1334 2207 1590 2278 idemque
1613 2206 1794 2262 contio

189 2321 304 2362 nuo
333 2304 633 2362 Germanos
658 2302 802 2358 bello
833 2301 1090 2371 arripuit;
1138 2316 1169 2355 e
1201 2300 1400 2371 quibus
1438 2299 1794 2369 quadraginta

191 2397 364 2455 millia
387 2396 730 2468 captivorum
746 2393 918 2451 vietor
931 2393 1180 2448 abduxit.
1204 2386 1358 2458 Quod
1381 2407 1567 2446 revera
1589 2391 1790 2445 bellum

192 2490 494 2545 maximum
535 2495 590 2543 et
619 2485 1184 2542 formidolosissimum
1228 2484 1538 2554 quindecim
1571 2483 1796 2554 legioni-

192 2582 296 2639 bus
323 2597 420 2653 pcr
443 2579 740 2636 triennium
769 2587 980 2650 gestum
1011 2586 1115 2646 est,
1149 2593 1248 2634 nec
1276 2578 1391 2634 fere
1421 2577 1588 2633 ullum
1621 2576 1797 2647 majus

193 2675 423 2741 bellum,
476 2675 620 2730 sicut
672 2673 970 2730 Suetonius
1019 2680 1332 2740 attestatur,
1371 2680 1495 2742 post
1532 2671 1794 2727 Punicum

195 2767 446 2823 fuit.Sub
467 2766 659 2823 eodem
689 2781 822 2822 vero
852 2776 1098 2836 tempore
1125 2764 1450 2834 Quinctilius
1473 2763 1646 2819 Varus
1672 2779 1794 2819 eum

196 2858 380 2914 tribus
405 2858 711 2928 legionibus
738 2872 766 2911 a
795 2856 1084 2913 Germanis
1112 2857 1532 2922 rebellantibus,
1551 2856 1687 2912 mira
1703 2873 1798 2910 su-

197 2949 389 3021 perbia
437 2960 599 3019 atque
641 2947 875 3004 avaritia
923 2947 978 3002 in
1022 2946 1298 3017 subjectos
1327 2962 1516 3019 agens,
1551 2947 1797 3002 funditus

198 3041 414 3097 deletus
441 3050 554 3105 est;
580 3055 739 3109 quam
759 3039 1074 3110 reipublicae
1089 3039 1302 3096 cladem
1324 3039 1511 3094 Caesar
1525 3039 1798 3107 Augustus

201 3134 342 3190 adeo
384 3133 622 3205 graviter
652 3132 794 3196 tulit,
828 3143 886 3188 ut
909 3147 1054 3204 smpe
1083 3147 1179 3202 per
1209 3133 1319 3187 vim
1377 3131 1582 3188 doloris
1636 3140 1800 3201 caput

202 3227 398 3298 parieti
445 3226 735 3294 collidens,
786 3226 1053 3282 clamaret
1085 3242 1099 3280 :
1132 3225 1392 3295 Quinctili
1424 3225 1587 3294 Vare,
1636 3225 1801 3281 redde
1825 3207 1875 3271 ο

203 3320 468 3391 legiones.
499 3320 848 3390 Besperanes
876 3335 1009 3376 vero
1040 3321 1276 3391 Agrippa
1308 3320 1608 3390 superavit,
1640 3328 1696 3374 et
1722 3319 1799 3375 si-

202 3414 327 3484 gnis
351 3411 610 3467 Romanis
635 3427 757 3483 qua:
783 3411 860 3466 illi
888 3411 1163 3482 quondam
1195 3411 1296 3467 sub
1334 3411 1645 3467 Mithridate
1674 3426 1799 3466 sus-

206 3505 447 3560 tulerant
474 3503 618 3560 belle
646 3503 1191 3575 recuperatis,vietos
1225 3503 1290 3559 ad
1317 3503 1650 3560 deditionem
1676 3519 1805 3560 coe-

205 3596 305 3667 git.
329 3595 538 3662 Parthi,
561 3597 714 3666 quasi
747 3604 861 3652 toto
884 3604 1152 3652 terrarum
1198 3596 1331 3652 orbe
1352 3595 1436 3651 vel
1468 3595 1677 3652 domito
1713 3596 1801 3652 vel

208 3696 424 3759 pacato,
449 3688 690 3743 omnium
712 3688 885 3744 oculis
913 3687 1284 3758 signarentur,
1304 3696 1467 3759 atque
1496 3688 1550 3743 in
1569 3704 1630 3744 se
1654 3689 1801 3745 soles

207 3782 391 3837 omnis
415 3781 565 3852 vigor
584 3780 814 3836 Romani
840 3781 1056 3852 imperii
1089 3780 1381 3836 vertendus
1402 3789 1569 3848 esset,
1602 3783 1804 3853 quippe

209 3887 352 3943 quos
378 3873 606 3943 pristina
635 3873 966 3929 ulciscendae
991 3870 1299 3928 Crassiana:
1323 3872 1492 3929 credis
1519 3873 1807 3929 conscien-

212 3964 288 4021 tia
317 3965 788 4034 merdebat,ultre
814 3966 970 4036 signa
995 3980 1117 4036 qua:
1146 3964 1347 4021 Crasso
1371 3965 1660 4023 interiecto
1689 3967 1810 4024 abs-

213 4056 473 4122 tulerant,
499 4057 567 4112 ad
593 4057 868 4113 Caesarem
896 4058 1262 4124 remiserunt;
1293 4058 1569 4130 regiisque
1598 4059 1808 4115 obsidio

214 4147 320 4203 bus
341 4148 824 4222 traditiskﬁrmum
856 4147 1036 4205 [tedus
1066 4147 1216 4207 ﬁdeli
1259 4151 1664 4222 supplicatione
1699 4167 1812 4210 me-

214 4248 463 4296 ruerunt.

706 4332 872 4406 us
903 4330 1132 4422 asper
1169 4333 1336 4390 xxn.

225 4422 466 4479 Octavius
518 4424 806 4499 Augustus,
832 4427 1113 4498 composita
1158 4426 1384 4498 undique
1427 4445 1573 4500 pace,
1620 4429 1818 4487 Ianum

1900 1937 2305 2006 pronuntiatum
2336 1943 2483 1990 esset
2512 1934 2534 1966 ⁸
2562 1935 2614 1988 in
2638 1932 2873 2004 quodam
2907 1932 3095 1996 mimo,
3141 1930 3185 1986 Ο
3227 1929 3495 1985 dominum

1897 2044 2098 2094 aequum
2125 2036 2173 2082 et
2200 2026 2422 2081 bonum!
2461 2023 2808 2093 universique
2837 2023 2992 2094 quasi
3023 2023 3092 2078 de
3142 2023 3264 2094 ipso
3289 2023 3493 2079 dictum

1899 2129 2048 2176 esset
2077 2119 2425 2175 exsultantes
2475 2116 2952 2188 approbavissent,
3001 2116 3022 2146 ⁶
3049 2115 3230 2171 statim
3274 2115 3494 2185 quidem

1900 2227 2060 2268 manu
2089 2213 2351 2283 vultuque
2393 2209 2684 2266 indecoras
2731 2208 3075 2264 adulationes
3126 2209 3411 2277 repressit,
3442 2216 3496 2262 et

1899 2304 2208 2378 insequenti
2229 2304 2320 2361 die
2341 2304 2659 2376 gravissimo
2679 2302 2945 2373 corripuit
2965 2302 3165 2369 edicto,
3189 2301 3497 2357 dominum-

1898 2413 2004 2470 que
2033 2414 2095 2455 se
2124 2399 2145 2430 ⁷
2172 2399 2404 2470 posthac
2457 2396 2720 2468 appellari
2767 2411 2836 2452 ne
2867 2409 2896 2451 a
2928 2394 3116 2452 liberis
3140 2392 3358 2465 quidem
3402 2401 3499 2448 aut

1901 2491 2189 2560 nepotibus
2218 2491 2354 2559 suis,
2387 2491 2472 2547 vel
2501 2490 2648 2547 serio
2674 2490 2760 2546 vel
2785 2489 2934 2560 joco,
2969 2503 3163 2560 passus
3187 2500 3294 2544 εει.
3328 2487 3496 2558 Igitur

1901 2585 2000 2638 llee
2026 2593 2291 2653 tempore,
2308 2583 2362 2638 id
2383 2590 2553 2639 esteo
2578 2597 2721 2639 anno
2745 2598 2853 2654 quo
2878 2581 3244 2638 ﬁrmissimam
3271 2581 3497 2637 verissi-

1899 2690 2153 2746 mamque
2173 2690 2364 2746 pacem
2393 2674 2736 2730 ordinatione
2752 2675 2844 2730 Dei
2858 2674 3045 2730 Caesar
3063 2673 3396 2744 composuit,
3411 2687 3500 2728 na-

1901 2779 1986 2823 tus
2009 2766 2376 2836 esthristus,
2395 2766 2551 2838 cujus
2574 2767 2828 2823 adventui
2854 2782 2962 2838 pax
2985 2767 3086 2823 ista
3113 2765 3375 2821 famulata
3392 2771 3497 2831 est,

1900 2861 1953 2917 in
1967 2862 2120 2933 cujus
2131 2872 2255 2918 ortu
2266 2861 2612 2918 audientibus
2625 2860 2936 2917 horninibus
2967 2859 3299 2916 exsultantes
3319 2858 3500 2929 angeli

1900 2952 2390 3026 meminerunt
2406 2972 2418 3006 :
2437 2953 2618 3010 Gloria
2633 2954 2687 3009 in
2706 2953 2936 3010 excelsis
2955 2953 3089 3021 Deo,
3105 2961 3158 3008 et
3173 2955 3224 3008 in
3238 2961 3381 3008 terra
3397 2967 3501 3022 pax

1903 3045 2216 3102 hominibus
2237 3047 2398 3102 bonae
2420 3045 2742 3102 voluntatis.
2766 3045 3086 3116 Eodemque
3111 3053 3355 3116 tempore
3385 3044 3496 3112 hic,

1903 3139 1971 3194 ad
1999 3154 2164 3211 quem
2191 3155 2375 3195 rerum
2405 3140 2647 3196 omnium
2679 3154 2892 3195 summa
2919 3147 3292 3205 concesserat,
3321 3137 3500 3194 domi-

1906 3247 2038 3288 num
2076 3247 2138 3289 se
2185 3231 2472 3289 hominum
2499 3232 2763 3303 appellari
2812 3249 2922 3288 non
2965 3247 3159 3303 passus
3187 3242 3305 3298 est;
3337 3231 3503 3288 immo

1907 3337 2016 3379 non
2057 3337 2226 3379 ausus
2249 3365 2264 3391 ,
2304 3339 2413 3395 quo
2439 3337 2603 3380 verus
2636 3323 2892 3380 dominus
2935 3323 3103 3380 totius
3135 3322 3354 3396 generis
3403 3323 3502 3378 hu-

1907 3415 2054 3471 mani
2085 3415 2228 3472 inter
2261 3413 2519 3472 homines
2548 3423 2707 3472 natus
2737 3422 2842 3473 est.
2878 3414 3085 3472 Eodem
3115 3430 3332 3487 quoque
3361 3432 3507 3472 anno

1907 3514 2035 3562 tunc
2067 3506 2300 3575 primum
2331 3506 2476 3562 idem
2499 3506 2705 3576 Caesar,
2734 3521 2896 3578 quem
2923 3506 3008 3562 bis
3031 3508 3198 3562 tantis
3227 3507 3505 3578 mysteriis

1906 3602 1928 3633 ο
1959 3599 2450 3670 prtedestinaverat
2487 3600 2656 3668 Deus,
2702 3601 2745 3633 '°
2787 3614 3009 3657 censum
3047 3601 3131 3686 agi
3170 3601 3505 3672 singularum

1909 3689 2111 3761 ubique
2153 3690 2598 3760 provinciarum,
2654 3697 2711 3744 et
2757 3690 2973 3747 censeri
3023 3705 3214 3745 omnes
3257 3689 3510 3747 homines

1907 3783 2090 3855 jussit,
2113 3784 2331 3854 quando
2365 3792 2420 3838 et
2450 3784 2594 3839 Deus
2635 3783 2802 3839 homo
2834 3781 3038 3851 videri,
3084 3792 3290 3839 etesse
3319 3783 3511 3854 digna-

1915 3885 2002 3932 tus
2050 3886 2154 3932 est.
2205 3876 2363 3932 Tunc
2414 3874 2584 3944 igitur
2619 3884 2778 3931 natus
2818 3885 2902 3932 est
2943 3874 3224 3942 Christus,
3265 3873 3512 3930 Romano

1915 3970 2102 4026 censui
2130 3968 2315 4024 statim
2341 3966 2611 4039 ascriptus
2633 3975 2694 4022 ut
2723 3979 2884 4023 natus
2911 3976 3016 4023 est.
3065 3965 3192 4022 Haec
3220 3974 3306 4021 est
3333 3966 3508 4038 prima

1917 4061 2012 4117 illa
2043 4060 2459 4130 clarissimaque
2496 4059 2785 4129 professio,
2815 4075 2934 4130 qua:
2956 4059 3228 4115 Caesarem
3266 4059 3515 4115 omnium

1917 4153 2240 4225 principem,
2282 4152 2670 4221 Romanosque
2699 4166 2886 4206 rerum
2915 4151 3171 4208 dominos
3191 4153 3507 4224 singillatim

1919 4255 2237 4303 emncterum
2280 4241 2560 4298 hominum
2603 4241 2750 4298 edita
2779 4243 3114 4313 aseripttene
3142 4245 3408 4316 signavit,
3460 4246 3516 4302 in

1921 4352 2026 4409 qua
2051 4351 2112 4392 se
2139 4344 2196 4390 et
2224 4333 2360 4405 ipse,
2395 4334 2486 4404 qui
2511 4348 2632 4389 cum
2656 4341 2888 4391 cunctos
2918 4333 3166 4392 homines
3184 4335 3332 4404 fecit,
3365 4337 3515 4394 inve-

1925 4430 2032 4488 niri
2053 4427 2350 4497 hominem,
2377 4424 2689 4497 ascribique
2714 4425 2857 4484 inter
2880 4426 3126 4485 homines
3151 4428 3341 4486 voluit.
3360 4429 3512 4498 Quod

1492 4546 1944 4609 llAVERCAMPl
1979 4543 2214 4604 ΝΟΤᾸΕ.
3481 4551 3516 4608 ίοὶ

295 4633 388 4688 21.
430 4634 642 4714 Cossus,
669 4635 800 4696 dux.
836 4638 908 4695 lte
935 4639 1037 4695 hoc
1055 4645 1112 4694 et
1134 4636 1299 4694 rebus
1321 4637 1390 4694 ab
1411 4652 1478 4696 eo
1497 4642 1686 4714 gestis,
1719 4644 1816 4702 Dio
1843 4648 1898 4710 Ι)
1993 4643 2045 4697 5.
2066 4636 2543 4714 ΔΙέιιιιὶῃοξδξςιηιιιιίι.
2576 4635 2764 4694 Nullus
2793 4653 2860 4695 ex
2884 4652 3013 4714 mss.
3045 4639 3294 4714 agnoscit
3312 4712 3319 4714 _
3339 4644 3515 4699 consi-

223 4705 368 4764 libro
402 4721 491 4762 ιν.
532 4705 718 4762 Ριιιιιπ

297 4775 390 4831 22.
431 4777 612 4848 Legati
658 4778 938 4836 Indorum.
970 4779 1171 4839 Confer
1213 4787 1372 4838 notas
1411 4781 1717 4844 Casauboni
1750 4786 1818 4845 ad

224 4848 477 4922 Suetonii
496 4850 638 4922 Aug.
661 4866 784 4920 cap.
813 4853 904 4909 91.

226 4918 768 5060 ulﬁ.qg:tra'quod.
794 4923 966 4996 Lugd.
993 4924 1138 4982 Batt.
1164 4934 1275 4984 tres
1297 4938 1354 4986 et
1379 4926 1518 4987 Coll.
1546 4926 1818 4999 Gronov.,

297 5061 390 5134 ᾗ.
423 5063 588 5130 Quem
615 5064 774 5130 sicut,
807 5074 916 5120 etc.
953 5065 1127 5134 Supra
1159 5066 1253 5122 lib.
1286 5083 1364 5132 ιιι,
1393 5083 1517 5134 cap.
1549 5069 1640 5126 ΞΟ.

299 5133 389 5188 25.
431 5133 1178 5210 Respirationelassitudinis.
1221 5138 1400 5210 Lugd.
1447 5133 1590 5194 Batt.
1637 5154 1720 5210 pr.
1765 5148 1822 5197 et

226 5210 380 5275 tert.,
414 5219 530 5275 cum
551 5208 780 5275 quadam
807 5206 1136 5260 lassitudine.
1311 5206 1334 5210 '
1638 5206 1675 5241 ⁷ι

225 5274 390 5405 “ait:
420 5273 710 5346 Multaque.
737 5275 1001 5346 Copulam
1029 5290 1139 5334 non
1168 5279 1418 5349 agnoscit
1444 5277 1613 5335 editio
1639 5279 1822 5351 Augu-

301 5417 394 5471 27.
423 5415 504 5472 Ad
525 5415 800 5486 Ctesarem.
826 5416 903 5473 Ex
927 5417 1174 5490 Lugdun.
1211 5422 1354 5476 Batt.
1382 5419 1593 5492 aliquot
1617 5421 1824 5478 addunt

226 5502 484 5542 reversus.

303 5556 434 5637 Car.
468 5555 710 5638 XXIL—g
736 5558 991 5638 l._ltaqué
1017 5562 1178 5638 anno,
1200 5571 1309 5638 etc.
1340 5560 1400 5638 ln
1430 5563 1824 5638 omnibus_ma-

232 5631 534 5705 nuscriptis
566 5636 625 5683 ut
649 5631 990 5705 etedaAug.
1035 5632 1312 5689 invenitur
1340 5633 1534 5705 itaque,
1566 5634 1712 5705 quod
1741 5649 1827 5690 re-

231 5697 369 5767 liqui
395 5697 556 5767 codd.
585 5701 782 5756 exsilio
808 5697 1155 5760 damnarunt.

304 5769 360 5822 2.
386 5766 513 5846 Ja_m'
535 5775 901 5846 portastertio.
917 5777 1224 5846 Augustum
1253 5775 1448 5834 ianum
1471 5783 1553 5835 ter
1567 5775 1828 5834 clausisse

233 5841 532 5904 Suetonius
555 5845 717 5902 etiam
745 5841 1197 5904 testaturCFasn.

1921 4711 2122 4787 gnavit,
2154 4708 2298 4781 quod
2325 4710 2384 4764 in
2412 4708 2540 4764 edd.
2573 4717 2935 4782 praeterquam
2967 4711 3020 4766 in
3049 4708 3277 4784 August.
3309 4712 3519 4770 inveni-

1924 4796 2034 4841 tur.

1993 4858 2050 4912 4.
2109 4851 2345 4926 Domini
2372 4849 2795 4926 appellatignem.
2854 4851 2983 4909 Haec
3057 4853 3336 4926 descripta
3391 4864 3519 4913 sunt

1922 4943 1956 4985 e
1981 4923 2296 4997 Tranquilli
2319 4921 2585 4997 Auguste.
2630 4921 2796 4997 Enn.

1995 4989 2589 5069 5.1n'quoaantirzinto.
2630 4989 2832 5050 Contra
2866 5009 3072 5069 omnes
3104 4997 3335 5066 scriptos
3390 4998 3520 5054 fecit

1924 5068 2042 5125 haec
2060 5065 2346 5139 Fabricius
2393 5081 2426 5118 a
2451 5065 2697 5139 quodam,
2726 5065 2879 5139 quasi
2913 5065 3097 5139 mimus
3146 5065 3255 5122 non
3288 5069 3519 5139 perinde

1923 5138 2162 5196 fabulam
2184 5135 2618 5206 atqueﬁaetOrem
2641 5135 2994 5204 signiﬁcaret.
3025 5135 3200 5193 Laur.

1997 5211 2052 5265 6.
2085 5204 2303 5265 Statim.
2338 5204 2658 5278 Edit.uAug.
2689 5213 2738 5260 et
2766 5207 2961 5276 statim,
2992 5223 3093 5266 nec
3121 5208 3280 5266 aliter
3298 5208 3352 5266 in
3384 5226 3518 5268 mss.

1927 5281 2101 5337 tribus
2132 5277 2460 5335 Florentinis
2488 5275 2736 5346 Meeque.

1928 5423 1962 5476 ἡ
2000 5353 2054 5407 7.
2086 5349 2332 5407 Posthac.
2364 5346 2538 5420 Lugd.
2567 5346 2687 5403 Bat.
2720 5347 2929 5419 primus
2950 5359 3004 5408 et
3033 5350 3122 5408 ed.
3156 5351 3383 5426 August.
3402 5362 3520 5426 post

1964 5437 2058 5476 ωε.

1964 5437 2058 5477 ωε.

2000 5494 2055 5565 8.
2088 5489 2168 5565 Eo
2189 5499 2433 5565 tempore.
2458 5489 2591 5547 Mss.
2616 5487 2826 5565 aliquo}
2849 5491 3037 5565 socient
3056 5500 3301 5565 tempore.

2001 5562 2056 5619 9.
2097 5559 2580 5618 Prcedestinaverat.
2616 5559 2752 5618 Tres
2787 5559 2963 5633 Lugd.
3005 5559 3190 5632 Batti,
3233 5566 3518 5639 prwsigna—

1929 5643 2096 5689 verat.

1929 5702 2358 5836 ωέοὲλξὲηειιηι
2386 5703 2493 5777 agi.
2537 5702 2748 5763 Census
2794 5703 2884 5762 hic
2927 5719 2960 5762 e
3000 5704 3148 5765 Luca
3183 5706 3316 5768 satis
3356 5718 3520 5770 notus
