4028 6300
156 296 289 356 1061

1271 295 1740 357 ιιιδτθιιιιιῐιυιι
1779 291 2136 352 UBER'VII.
2178 290 2333 348 CAP.
2376 291 2444 348 11.

3327 288 3465 350 1068

153 412 257 466 iem
300 421 482 464 tamen
511 419 671 478 atque
700 409 862 481 452
889 409 1234 466 obedientem
1267 412 1552 482 requirunt
1571 457 1584 480 ,
1615 410 1749 466 mibi
1777 429 1831 488 Α
1855 408 1940 463 cui
1962 407 2212 462 voluntas
2233 410 2277 438 ¹²
2297 406 2705 475 nstipulnretur,
2734 420 2839 460 non
2862 406 3168 477 exspectari
3191 408 3453 475 oportuit,

154 513 361 565 autem,
387 499 635 554 “videro
663 515 728 554 an
762 501 1061 570 aliquando
1089 501 1409 569 credituris,
1431 513 1583 558 certe
1604 514 1751 557 utine

156 609 280 647 cum
311 592 614 648 incredulis
647 595 789 647 actio
815 601 930 660 est,
963 593 1272 662 promptius
1315 609 1380 650 ea
1431 595 1703 664 proferam
1731 626 1747 659 ,

156 687 199 718 ’³
230 702 354 756 qua:
381 697 437 740 et
468 687 568 757 ipsi
595 726 610 750 ,
642 687 747 741 etsi
790 685 1020 756 probare
1064 685 1346 742 noluerint
1377 728 1392 753 ,
1436 684 1751 756 improbare

153 794 264 836 non
291 778 524 849 possint.
560 778 746 849 itaque
769 822 784 847 ,
838 786 1096 849 quantum
1129 779 1195 833 ad
1229 779 1619 834 conscientiam
1652 778 1751 833 hu-

151 884 438 926 manarum
463 869 730 925 mentium
759 871 1020 940 pertinet,
1053 870 1097 901 ⁸⁸
1123 869 1341 937 utrique
1363 870 1467 924 sub
1494 884 1750 924 reveren-

151 966 228 1021 tia
253 965 559 1036 religionis.
589 975 647 1020 et
677 965 1024 1020 confessione
1051 964 1310 1035 cultuque
1346 974 1605 1034 supernae
1646 978 1746 1031 po-

151 1059 340 1114 tentiae
370 1059 623 1124 vivimus,
653 1057 894 1112 distante
924 1056 1208 1111 dumtaxat
1239 1056 1347 1111 ﬁde
1381 1074 1394 1110 :
1421 1057 1463 1088 ¹⁷
1490 1055 1614 1125 quia
1645 1069 1748 1110 no-

146 1159 324 1207 strum
355 1159 441 1206 est
470 1149 656 1217 fateri,
681 1164 746 1205 ex
779 1164 889 1204 uno
920 1157 975 1205 et
1005 1163 1102 1218 per
1123 1163 1289 1204 unum
1312 1149 1477 1203 Deum
1495 1155 1749 1202 constare

147 1243 333 1300 omnia
367 1261 379 1296 :
411 1242 636 1300 illorum
661 1281 675 1307 ,
725 1249 832 1298 tam
880 1241 1078 1298 multos
1119 1241 1255 1296 deos
1293 1251 1489 1310 putare
1519 1279 1535 1305 ,
1581 1251 1747 1310 quam

148 1338 319 1393 multa
351 1343 479 1392 sunt
505 1335 800 1392 elementa.
839 1334 902 1390 Si
950 1334 1214 1404 potentias
1260 1334 1397 1401 Dei,
1452 1333 1744 1404 inquiunt,

146 1443 310 1500 quem
334 1429 676 1498 praedicatis,
705 1428 827 1493 fuit,
857 1435 917 1482 ut
947 1426 1253 1482 Romanum
1300 1426 1588 1496 imperium
1635 1435 1747 1481 tam

143 1521 414 1591 amplum,
436 1535 502 1576 ac
523 1529 634 1576 tam
660 1520 895 1576 sublime
925 1520 1104 1588 iteret,
1133 1533 1233 1575 cur
1276 1519 1443 1592 igitur
1485 1520 1746 1590 patientia

145 1611 396 1682 ejusdem
423 1611 624 1678 obfuit,
652 1622 713 1668 ut
741 1623 869 1668 ante
898 1625 1008 1667 non
1041 1610 1229 1667 fieret?
1262 1611 1468 1678 Quibus
1517 1611 1620 1667 sub
1649 1627 1747 1668 eo-

143 1706 270 1762 dem
299 1706 469 1763 verbo
490 1703 951 1778 respondebitur:
981 1705 1038 1759 Si
1068 1704 1325 1774 potentiae
1340 1703 1591 1769 deorum,
1609 1718 1748 1773 quos

1851 501 1946 558 sed
1973 502 2149 557 creari
2177 519 2189 553 :
2225 500 2460 554 maxime
2489 514 2610 555 cum
2640 508 2696 554 et
2724 500 2918 555 Jovem
2942 499 3094 554 illum
3120 513 3277 553 suum
3301 514 3454 552 acer-

1850 606 1946 646 vos
1971 592 2314 647 formicarum
2357 591 2411 645 in
2459 591 2687 661 populos
2733 589 3011 645 hominum
3063 589 3191 644 ludo
3239 599 3454 644 vertere

1849 685 2070 741 solitum
2115 683 2313 740 ferant.
2356 683 2527 738 Porro
2556 693 2736 738 autem
2763 683 2832 737 de
2860 699 2992 739 cura
3015 682 3451 738 caerimoniarum

1851 794 1948 834 nec
1973 775 2363 833 recensendum
2392 774 2639 830 arbitror
2664 793 2678 829 :
2702 776 2961 845 quoniam
2985 775 3125 829 inter
3146 789 3297 830 sacra
3323 789 3456 829 con-

1851 872 2000 926 tinua
2048 869 2466 925 incessabilibus
2511 868 2760 924 cladibus
2806 869 2984 923 nullus
3030 869 3152 923 ﬁnis
3202 883 3269 923 ac
3309 868 3454 923 nulla

1842 963 2069 1031 requies
2096 961 2216 1024 fuit,
2249 963 2350 1016 nisi
2380 977 2502 1016 cum
2535 961 2784 1016 Salvator
2815 960 3001 1014 mundi
3037 960 3288 1016 Christus
3329 961 3455 1013 illu-

1849 1054 1963 1108 xit:
1995 1039 2150 1124 cujus
2175 1053 2427 1108 adventui
2452 1052 2892 1122 praedestinatam
2916 1050 3087 1105 fuisse
3111 1051 3325 1121 imperii
3349 1051 3455 1106 Ro-

1848 1145 1992 1200 mani
2030 1159 2240 1214 pacem,
2268 1145 2372 1200 etsi
2398 1144 2510 1213 jam
2543 1143 2882 1199 sufficienter
2910 1143 3226 1199 ostendisse
3254 1158 3342 1199 me
3371 1159 3456 1198 ar-

1847 1235 2042 1304 bitror,
2073 1235 2259 1306 paucis
2287 1245 2466 1291 tamen
2496 1234 2675 1290 adhuc
2701 1235 2957 1304 supplere
2986 1234 3254 1290 conabor.

2486 1327 2719 1385 CAPUT
2758 1329 2822 1384 li.

1849 1407 2172 1532 Babylonem
2215 1418 2262 1463 et
2315 1407 2557 1473 Romam,
2608 1423 2925 1480 regnumque
2967 1407 3109 1462 illius
3139 1417 3185 1464 et
3215 1409 3373 1462 Ita'us
3401 1409 3454 1463 in

1918 1498 1952 1532 υ
1976 1481 2181 1532 erisque
2210 1479 2443 1532 omnibus
2474 1482 2761 1532 convenire.
2791 1477 2867 1532 De
2893 1489 3115 1532 quatuor
3137 1427 3318 1532 mumii
3347 1497 3454 1532 mo—

1918 1477 2181 1550 pierisque
2210 1479 2443 1533 omnibus
2474 1477 2761 1534 convenire.
2791 1477 2867 1533 De
2893 1489 3115 1550 quatuor
3137 1477 3318 1532 mundi
3347 1497 3454 1533 mo—

1918 1549 2152 1604 narchiis
2177 1590 2192 1616 ,
2243 1551 2307 1604 de
2356 1550 2592 1605 incendio
2636 1551 2864 1621 quodam
2906 1549 3123 1616 Ranae,
3175 1550 3366 1604 Christi
3405 1553 3455 1605 et

1917 1621 2182 1676 Abraham
2212 1623 2436 1676 secutis.
3195 1627 3216 1644 κ

1923 1712 1939 1743 ⁸
1969 1711 2242 1781 Principio
2290 1711 2511 1768 secundi
2543 1711 2709 1767 libelli
2751 1727 2875 1767 cum
2912 1721 3153 1781 tempora
3197 1711 3455 1768 Romana:

144 1799 456 1869 Ρΐωάίοειίδ
479 1797 600 1864 fuit,
626 1806 685 1852 ιιι
710 1797 1021 1854 Romanum
1050 1796 1337 1868 imperium
1362 1805 1469 1851 mm
1497 1796 1741 1865 εωριυω
1775 1801 1819 1867 Β
1847 1804 2182 1861 conditionis
2201 1805 2328 1877 styli
2356 1815 2544 1861 tenore
2573 1805 3024 1876 perstringerem,
3055 1805 3222 1860 inulta
3248 1820 3453 1860 conve-

142 1905 210 1946 ac
235 1901 343 1945 tam
366 1889 804 1958 sublimeliieret,
827 1905 925 1945 cur
946 1889 1110 1959 igitur
1131 1889 1397 1961 patientia
1418 1887 1740 1944 eorumdem

143 1983 344 2048 obfuit,
372 1995 428 2037 ut
454 1991 581 2039 ante
605 1997 710 2038 non
739 1982 936 2039 fieret?
962 1986 1043 2038 An
1069 1981 1172 2052 ipsi
1194 1981 1269 2036 dii
1288 1980 1531 2036 nondum
1549 1981 1744 2036 erant?

144 2091 219 2131 an
245 2075 428 2132 adhuc
449 2075 621 2132 Roma
649 2076 766 2146 ipsa
799 2087 908 2130 non
933 2076 1086 2132 erat?
1115 2090 1184 2130 an
1226 2074 1304 2129 illi
1351 2089 1461 2128 non
1486 2073 1746 2128 coleban-

146 2168 372 2223 turi-an
400 2166 518 2223 haec
547 2169 590 2200 "‘
625 2167 856 2224 necdum
912 2167 1106 2222 idonea
1150 2166 1382 2236 imperio
1410 2162 1743 2221 videbatur?

144 2260 206 2316 Si
235 2255 480 2317 nondum
504 2269 662 2317 erant
688 2260 799 2326 dii;
825 2261 867 2293 “
888 2267 1072 2316 cessat
1113 2258 1367 2314 intentio.
1401 2257 1448 2289 ὀ
1487 2256 1559 2314 Ut
1606 2255 1742 2327 quid

143 2354 292 2412 enim
345 2355 459 2426 jam
516 2355 589 2411 ibi
643 2370 836 2411 eorum
895 2354 1135 2411 discutio
1199 2370 1454 2422 moram,
1515 2354 1607 2409 ubi
1673 2369 1744 2410 ne

142 2450 317 2520 ipsa
355 2449 572 2520 quidem
631 2450 850 2506 invenio
903 2448 1192 2504 naturam?
1239 2449 1296 2505 Si
1353 2456 1537 2504 autem
1589 2457 1744 2504 erant

142 2544 253 2611 dii;
306 2553 404 2599 aut
459 2544 700 2612 potentia
752 2558 980 2610 eorum,
1019 2551 1106 2598 -ut
1135 2542 1236 2613 ipsi
1292 2542 1573 2613 iudicant,
1649 2551 1744 2596 aut

143 2635 407 2706 patientia
455 2637 510 2690 in
564 2636 723 2706 culpa
777 2647 862 2691 est
912 2653 927 2690 :
984 2636 1069 2693 vel
1115 2636 1423 2706 patientia,
1482 2636 1526 2692 si
1582 2635 1740 2702 fuit;

144 2726 233 2782 vel
281 2727 520 2796 potentia
554 2770 569 2795 ,
623 2727 668 2782 si
720 2726 887 2783 defuit
941 2745 952 2779 :
1006 2737 1099 2782 aut
1141 2728 1187 2782 si
1247 2727 1420 2799 magis
1475 2726 1743 2783 suadibiie

144 2817 364 2874 videtur
417 2818 582 2874 fuisse
635 2828 763 2874 tunc
812 2818 1030 2889 quidem
1101 2817 1235 2876 deos
1291 2820 1382 2890 qui
1445 2819 1744 2890 provehere

144 2913 499 2984 potuissent,
551 2913 650 2969 sed
706 2914 946 2970 nondum
996 2913 1274 2970 exstitisse
1325 2913 1602 2970 Romanos
1649 2915 1741 2986 qui

145 3004 373 3077 provehi
402 3005 525 3076 jure
560 3014 825 3076 possent;
870 3023 971 3064 nos
1011 3017 1294 3064 auctorem
1327 3019 1509 3064 rerum
1550 3015 1744 3078 poten—

143 3102 302 3170 tiam,
320 3116 429 3156 non
447 3102 712 3158 artificem
726 3101 1009 3158 scientiam
1032 3101 1352 3174 quzcrimus.
1370 3103 1448 3160 De
1462 3104 1569 3160 diis
1584 3103 1743 3174 quip-

1849 1898 2062 1953 nienter
2092 1898 2235 1952 inter
2270 1898 2628 1970 Babyloniam
2667 1899 2858 1954 urbem
2902 1898 3274 1969 Assyriorum,
3325 1908 3450 1956 tunc

1846 1991 2149 2061 principem
2176 1993 2442 2061 gentium,
2472 2001 2528 2047 et
2558 1992 2808 2058 Romam,
2843 2009 2986 2048 nunc
3012 2009 3166 2064 aeque
3195 1995 3449 2064 gentibus

1845 2083 2238 2150 dominantem,
2262 2087 2283 2116 ¹
2303 2096 2582 2155 compacta
2612 2087 2912 2153 conscripsi
2939 2105 2954 2141 :
2987 2085 3155 2142 fuisse
3188 2085 3318 2141 illud
3344 2087 3455 2155 pri-

1845 2189 2014 2242 mum,
2039 2176 2144 2232 hoc
2163 2177 2416 2232 ultimum
2441 2178 2755 2249 imperium:
2782 2178 2912 2234 illud
2940 2180 3195 2248 paulatim
3221 2180 3446 2246 cedens,

1845 2277 1902 2323 at
1943 2269 2084 2324 istud
2114 2269 2319 2326 sensim
2352 2271 2373 2303 ⁸
2403 2272 2830 2327 convalescens:
2880 2271 3176 2328 deﬂuxisse
3221 2272 3299 2327 illi
3350 2272 3452 2328 sub

1845 2377 1955 2418 uno
1970 2371 2214 2433 tempore
2229 2364 2585 2420 novissimum
2611 2380 2816 2437 regem,
2836 2365 2857 2396 ⁸
2877 2367 2964 2420 isti
2989 2366 3224 2436 primum
3248 2365 3447 2422 fuisse:

1846 2455 1997 2512 illam
2022 2456 2224 2514 deinde
2252 2467 2379 2514 tunc
2414 2458 2707 2516 invadente
2751 2458 2893 2532 Cyro
2937 2468 3152 2530 captam
3202 2460 3353 2530 velut
3395 2460 3449 2514 in

1847 2557 2076 2603 mortem
2103 2549 2432 2613 concidisse,
2466 2566 2587 2605 cum
2622 2553 2779 2605 istam
2810 2551 3134 2607 iiducialiter
3165 2566 3452 2621 assurgat-

1847 2648 1981 2708 tam,
2014 2649 2137 2710 post
2163 2641 2420 2711 expulsos
2450 2641 2615 2717 454
2652 2658 2810 2714 reges
2859 2645 3048 2700 liberis
3095 2643 3170 2698 uti
3220 2643 3452 2713 erupisse

1845 2731 2091 2788 consiliis
2117 2749 2132 2789 :
2164 2734 2435 2804 pracipue
2460 2749 2585 2790 eum
2618 2735 2927 2792 vindicante
2959 2736 3264 2792 libertatem
3293 2747 3446 2790 suam

1849 2823 2037 2893 Rom,
2079 2834 2206 2881 tunc
2251 2841 2468 2897 quoque
2512 2826 2818 2884 Iudaeorum
2871 2828 3126 2896 populus,
3173 2829 3264 2897 qui
3311 2826 3449 2896 apud

1848 2917 2200 2989 Babyloniam
2231 2921 2334 2976 sub
2361 2921 2580 2991 regibus
2618 2922 2909 2988 serviebat,
2944 2923 2997 2977 in
3037 2931 3282 2977 sanctam
3323 2920 3450 2976 Hie-

1846 3010 2081 3067 rusalem
2108 3023 2328 3082 recepta
2359 3012 2606 3068 libertate
2631 3013 2876 3083 redierit,
2902 3013 2923 3046 ⁸
2947 3013 3314 3084 templumque
3344 3013 3446 3068 Do-

1845 3102 2001 3167 mini,
2030 3103 2172 3158 sicut
2191 3119 2221 3158 a
2252 3103 2535 3175 prophetis
2564 3105 2882 3174 prmdictum
2919 3106 3114 3171 fuerat,
3142 3107 3163 3137 °
3189 3105 3449 3160 reforma.

144 3207 212 3263 pe
235 3194 324 3262 (ut
347 3193 562 3265 putant)
592 3197 820 3265 magnis,
845 3207 955 3251 non
985 3195 1054 3251 de
1076 3196 1246 3252 fabris
1279 3196 1560 3253 vilissimis
1589 3211 1742 3267 quae-
1766 3205 1814 3268 ρ
1846 3193 1936 3248 rit.
1963 3193 2228 3250 Praeterea
2253 3196 2623 3252 intercessisse
2642 3197 2893 3254 dixeram
2923 3199 3064 3254 inter
3095 3197 3448 3268 Babylonium

144 3284 369 3346 sttoest,
387 3283 714 3354 quibus,uisi
730 3285 952 3339 materia
965 3284 1304 3352 accedat,ara
1315 3295 1513 3340 cessat.
1529 3285 1584 3339 Si
1598 3285 1742 3339 enim

146 3376 435 3445 prmacisse
453 3375 632 3430 illisae
650 3375 890 3431 voluisse
907 3376 950 3407 ²¹
970 3382 1170 3446 praesto
1191 3389 1411 3446 semper
1431 3375 1553 3438 fuit,
1573 3375 1745 3430 immo

143 3469 310 3525 etiam
332 3466 496 3540 453
524 3467 840 3537 subjacente
866 3468 1230 3538 praescientia,
1257 3469 1380 3540 quia
1407 3468 1549 3537 apud
1576 3468 1746 3524 omni-

143 3560 442 3630 potentiam
472 3559 542 3615 de
566 3559 826 3629 operibus
855 3559 1134 3616 dumtaxat
1160 3559 1297 3627 suis,
1315 3559 1431 3633 hac
1457 3569 1566 3627 est,
1599 3574 1741 3630 prte-

145 3653 307 3720 scire,
347 3651 491 3724 quod
534 3653 695 3720 velle,
749 3653 1126 3724 quodcumque
1173 3651 1308 3709 illud
1361 3653 1742 3724 paesciebatur,

1850 3300 2100 3355 regnum,
2134 3286 2276 3356 quod
2305 3287 2374 3344 ab
2401 3287 2621 3344 Oriente
2648 3289 2844 3356 fuerat,
2875 3300 2929 3343 et
2950 3289 3278 3355 Romanum,
3305 3289 3449 3358 quod

1847 3376 1917 3430 ab
1945 3375 2240 3432 Occidente
2265 3393 2601 3448 consurgens
2629 3380 2648 3409 ⁷
2673 3379 2976 3436 haereditati
3005 3379 3249 3435 Orientis
3271 3381 3291 3411 ⁸
3317 3395 3451 3434 enu-

1846 3470 2134 3536 triebatur,
2169 3471 2572 3528 Macedonicum
2623 3472 3038 3543 Africanumque
3067 3487 3315 3544 regnum,
3347 3472 3450 3529 hoc

1846 3572 1953 3629 est,
1978 3566 2130 3634 quasi
2153 3577 2183 3619 a
2207 3564 2430 3622 Meridie
2453 3581 2518 3621 ac
2548 3567 2930 3635 Septentrione
2961 3567 3216 3622 brevibus
3237 3565 3448 3621 vicibus

1845 3666 2029 3727 partes
2057 3658 2253 3713 tutoris
2279 3660 2658 3729 curatorisque
2681 3659 2940 3715 tenuisse.
2962 3657 3197 3714 Orientis
3219 3667 3273 3713 et
3293 3656 3448 3713 Occi-

1451 3851 1902 3921 iiAVERCAMPi
1940 3863 2177 3922 ΝΟΤιΕ.

218 3997 308 4072 i4.
359 3993 570 4072 Videre,
605 4004 712 4052 etc.
734 3993 916 4072 Recte
934 3997 1012 4054 sic
1036 3991 1251 4072 Fabric.
1273 4014 1287 4061 ;
1313 4006 1381 4072 et,
1405 3993 1729 4072 insipienter

146 4069 273 4142 edd.
303 4069 548 4139 quaedam
573 4077 732 4136 vett.,
765 4069 811 4123 si
834 4069 1010 4124 videro
1039 4086 1105 4123 an
1134 4069 1418 4142 aliquando
1457 4069 1532 4127 esti
1556 4075 1700 4128 credi
1710 4103 1728 4114 -

147 4141 304 4194 turis.

218 4210 466 4286 15._Qttte
489 4219 537 4286 et
567 4210 667 4280 ipsi
695 4211 793 4266 ctsi
821 4209 1070 4283 probare,
1096 4211 1211 4286 etc.
1248 4212 1323 4269 ita
1369 4208 1510 4286 maio
1553 4209 1734 4286 legere

145 4296 215 4360 ex
241 4281 646 4360 cod..Perizon.
679 4281 838 4350 quani
870 4298 992 4338 cum
1026 4283 1193 4356 vulg.,
1225 4301 1338 4355 quae
1366 4281 1468 4358 ipsi
1496 4281 1736 4360 etsipro-

147 4353 268 4406 bare
298 4353 576 4406 noluerint.

200 4423 308 4476 ⁸16.
346 4421 582 4492 Utrique.
614 4424 690 4478 ita
721 4434 1035 4481 constanter
1059 4425 1184 4482 libri
1211 4441 1344 4483 mss.
1364 4431 1421 4484 et
1453 4428 1579 4485 edd.
1599 4438 1730 4492 vett.

145 4493 352 4570 legunt,
389 4491 583 4562 praeter
612 4494 831 4570 Hitt_.__et
855 4495 1017 4553 Fabr.
1043 4509 1204 4567 atque
1225 4497 1422 4566 Scotti,
1452 4497 1506 4555 in
1535 4491 1734 4570 quibus

65 4609 68 4612 .
145 4563 406 4645 inlepide,
434 4572 491 4618 et
513 4574 701 4620 contra
728 4565 970 4636 illorum,
995 4563 1465 4641 quie'sequuntu'r,
1489 4563 1732 4639 Sensum,

145 4650 178 4687 tt
187 4643 349 4697 tique.

221 4707 309 4759 17.
350 4705 850 4784 Quianostrurnest.
880 4711 968 4766 Sic
1006 4727 1224 4784 quoque
1272 4717 1337 4768 es
1377 4724 1511 4784 mss.
1557 4705 1732 4784 Lugd.

144 4775 290 4830 Batt.
328 4777 497 4855 tribus
525 4789 578 4855 et
598 4777 734 4833 Coll.
765 4780 1004 4836 Gronov.
1025 4775 1203 4852 'mal'n,
1239 4789 1293 4838 ut
1325 4782 1394 4839 ad
1422 4783 1558 4855 ﬁde,
1590 4775 1734 4855 quad

1912 4005 1965 4059 5.
1997 4003 2390 4075 conualescens.
2423 4003 2557 4067 Cod.
2593 4001 2868 4070 Perizon.,
2897 4019 3151 4070 crescens,
3201 4001 3343 4075 quod
3387 4005 3448 4060 ut

1842 4075 1999 4145 longe
2028 4073 2295 4139 Latinius,
2344 4075 2517 4142 recipi
2566 4087 2886 4141 mereretur,
2928 4077 2973 4130 si
3019 4073 3299 4132 assensum
3351 4077 3444 4132 alii

1841 4159 2054 4216 quoque
2086 4159 2213 4200 mss.
2254 4146 2582 4213 praeberent.

1911 4213 2100 4288 L'Isti
2123 4216 2348 4288 primum
2378 4217 2557 4287 fuisse.
2587 4215 2773 4288 Lugd.
2793 4215 2910 4272 Bai.
2931 4231 3084 4288 _sec.,
3119 4215 3288 4280 Meus,
3322 4215 3445 4272 Fim-

1843 4293 2006 4342 rentt.
2040 4285 2166 4359 duo,
2202 4293 2256 4342 et
2282 4285 2565 4359 cd.'Aug.,
2602 4285 2718 4359 cum
2762 4287 2888 4353 isti;
2929 4285 3175 4344 Perizon.
3199 4287 3440 4359 melius,

1845 4365 1950 4412 tum
1973 4359 2080 4411 isti.
2104 4353 2239 4412 Tres
2262 4359 2453 4428 reliqui
2480 4353 2646 4428 Eugd.
2679 4358 2841 4424 Batt.,
2867 4375 2989 4414 cum
3011 4359 3150 4415 Coll.
3176 4353 3438 4426 Gronov.,

1843 4439 1941 4500 quo
1969 4428 2076 4495 isti,
2110 4436 2221 4502 etc_.
2258 4425 2505 4499 Mox—pro
2532 4425 2585 4485 in
2610 4440 2844 4502 mortem,
2877 4427 3048 4502 Lugd.
3078 4429 3221 4485 Bait.
3264 4439 3344 4499 pr.
3388 4425 3442 4486 et

1845 4496 1994 4566 tert.,
2027 4511 2148 4554 cum
2180 4496 2326 4554 Flor.
2360 4496 2472 4556 see.
2502 4509 2558 4556 et
2587 4502 2725 4557 Coll.
2756 4496 3018 4567 Gronov}
3049 4504 3101 4556 in
3123 4496 3306 4555 morte.

1914 4573 1968 4627 5.
2001 4570 2388 4643 templumque.
2418 4571 2587 4643 Lugd.
2619 4569 2758 4627 Batt.
2786 4583 2917 4639 tres,
2947 4575 3194 4643 templum
3217 4581 3438 4643 quoque.

1914 4644 1967 4697 6.
2016 4641 2354 4711 Refer-merit.
2404 4641 2577 4714 Lugd.
2629 4644 2769 4698 Batt.
2821 4641 3070 4714 quatuor,
3123 4641 3244 4698 cum
3295 4641 3438 4698 Coll.

1843 4712 2109 4784 Gronov.,
2139 4715 2465 4784 reformaret.

1920 4784 1971 4838 7.
2007 4779 2315 4838 Hared'itati
2345 4782 2592 4839 Orientis.
2624 4779 3044 4840 Pulcherrimam
3074 4783 3212 4839 hanc
3249 4785 3441 4841 lectio~

143 4847 428 4926 praecessit
459 4847 746 4916 referatur,
777 4864 936 4921 quam
969 4856 1090 4924 quia
1117 4896 1130 4919 ,
1173 4845 1337 4926 prout
1379 4845 1432 4910 in
1480 4845 1624 4912 edd."
1653 4848 1737 4912 ie-
1763 4845 1820 4908 D
1846 4869 1965 4911 nem
2013 4853 2272 4910 debemus
2317 4854 2474 4911 codd.
2520 4863 2650 4926 mss.
2709 4855 2878 4926 Lugd.
2909 4854 3074 4926 Bait.
3131 4864 3239 4924 pta,
3287 4863 3438 4920 tert.,

145 4919 308 4988 gitur.

342 4988 580 5044 Necdum
608 4993 820 5068 idonea.
855 4991 910 5050 ld
944 4993 1143 5066 jttbent
1188 5003 1310 5050 cum
1359 4991 1449 5052 ed.
1505 4991 1739 5068 August.

145 5057 307 5134 codd.
336 5075 464 5134 mss.
500 5067 563 5117 ut
594 5057 988 5133 amplectamur
1016 5076 1114 5134 pro
1144 5068 1398 5120 nondum.

336 5129 769 5205 Cessatintent’io.
795 5129 1027 5201 Quidam
1046 5147 1114 5191 ex
1140 5146 1272 5191 mss.
1291 5179 1306 5205 ,
1327 5145 1483 5192 cesset
1505 5137 1739 5192 intentio.

214 5200 310 5256 ΞΟ.
344 5202 410 5278 U_t
441 5204 587 5278 quid,
615 5203 755 5258 Puto
777 5200 1068 5276 legendum
1101 5215 1244 5272 esSe,
1294 5200 1375 5262 'Ad
1419 5208 1548 5278 quid
1569 5249 1584 5275 ,
1632 5219 1739 5264 etc.

148 5273 273 5346 Mox
298 5275 421 5346 co_d.
459 5275 736 5346 Perizon.,
761 5273 856 5346 nec
883 5279 1069 5346 ipsam.

216 5343 307 5398 2L
341 5343 561 5419 Prwstg.
587 5345 773 5419 ιαμ.
803 5343 955 5417 Ball.
982 5353 1095 5401 tres
1115 5387 1130 5411 ,
1156 5343 1410 5419 videlicet
1450 5359 1558 5419 pr.,
1592 5355 1743 5414 tert.,

145 5423 326 5496 quart.
360 5412 641 5496 cum_Coll.
668 5412 1326 5496 gronov.,'prwstantius;
1349 5429 1400 5475 et
1428 5412 1748 5488 titox,quam

148 5495 274 5557 puto
303 5501 400 5555 pro
421 5487 543 5555 quia
571 5485 731 5551 apud.
968 5485 974 5486 “
1601 5485 1610 5488 ’

215 5557 309 5630 ἓῖ.
347 5555 752 5630 Astipularetur.
783 5555 954 5630 Lugd.
993 5554 1110 5610 But.
1146 5556 1683 5630 pr.,ﬁastipttiabatttr.

215 5623 441 5703 Csp.__l_l.
462 5623 546 5665 ⁷-
570 5627 627 5703 1.
659 5623 930 5695 Principio
964 5628 1197 5683 secundi.
1244 5623 1393 5702 Lege
1431 5631 1594 5703 caput
1637 5630 1752 5702 pri-

148 5713 321 5764 mum,
355 5696 449 5752 lib.
481 5712 540 5752 ιι.
570 5695 738 5753 Faue.

218 5774 274 5828 2.
309 5769 610 5841 Comperta.
647 5764 809 5826 Forte
837 5765 1125 5840 legendum
1154 5782 1470 5846 comparata.

1848 4935 2061 4996 quarto,
2093 4926 2336 4982 Perizon.
2367 4934 2422 4982 et
2451 4925 2588 4984 Coll.
2620 4923 2858 4983 Gronov.
2906 4923 3269 4981 MonStrarant
3307 4937 3443 4995 quo.

1848 4993 1951 5068 que
1981 4993 2063 5068 ns,
2087 4995 2284 5054 debere
2309 4997 2432 5068 legi,
2464 4999 2602 5052 inter
2631 4997 2755 5052 edd.
2793 4998 2982 5068 prima,
3017 5007 3070 5052 et
3107 4993 3436 5068 Aligils‘ifiilﬂ;

1847 5067 1944 5124 sed
1993 5067 2219 5136 reliqua:
2269 5084 2456 5122 omnes
2505 5069 2807 5122 maluerunt
2851 5067 3152 5121 htereditate
3185 5067 3436 5130 Orientis,

1848 5151 1950 5209 qua
1979 5146 2043 5209 et
2087 5139 2264 5193 oninis
2313 5139 2519 5194 tollitur
2561 5139 2922 5209 elcganti:t_et
2965 5151 3092 5209 vero
3133 5139 3441 5209 contrarius

1849 5203 2082 5264 efﬁcitur
2108 5219 2317 5265 sensus.
2347 5211 2457 5264 Non
2483 5210 2622 5264 enim
2648 5203 2963 5263 haereditate
2985 5207 3221 5264 Orientis
3245 5203 3442 5262 Roma-

1850 5297 1976 5334 num
2010 5282 2347 5335 nutriebatur
2377 5281 2682 5350 imperium,
2710 5277 2811 5350 sed
2843 5275 3270 5350 Macedonicum,
3297 5273 3440 5350 quod

1853 5353 2018 5420 viguit
2046 5359 2170 5406 ante
2199 5347 2498 5406 “munitum
2531 5352 2584 5405 in
2623 5349 2751 5405 Asia
2777 5361 2888 5404 tum
2911 5349 3122 5420 cumrab
3144 5347 3439 5420 Occidente

1853 5415 2206 5491 consurgeret
2239 5421 2471 5491 primum
2513 5422 2812 5476 Romanum
2856 5419 3162 5491 imperium.
3203 5415 3268 5475 At
3311 5417 3444 5474 illud

1855 5493 2136 5564 imperium
2163 5493 2458 5547 Romanum
2482 5504 2836 5564 consurgens,
2864 5493 2933 5564 ita
2963 5491 3214 5564 paulatim
3239 5491 3449 5564 nutric-

1855 5559 2016 5617 batur
2046 5561 2344 5618 hmredilati
2375 5565 2632 5629 Orientis,
2664 5559 2724 5618 ιιί
2751 5559 2974 5633 quidem
3000 5559 3230 5633 primatu
3260 5561 3446 5632 pr‘nxi-

1859 5646 1943 5687 ma
1976 5633 2552 5705 qumquedeglutiens,
2586 5632 2779 5691 deinde
2807 5632 3043 5690 Orientis
3072 5643 3290 5703 quoque
3317 5643 3443 5702 pos-

1858 5705 2100 5759 sessione
2129 5705 2439 5770 satiaretur,

1862 5794 1870 5832 :
1933 5775 1988 5830 8.
2022 5773 2405 5831 Enutriebatur.
2438 5775 2562 5833 Mss.
2598 5776 2812 5848 quidam
2841 5783 2893 5831 cl
2919 5772 3068 5843 edd.,
3102 5771 3444 5829 nutriebatur.
