4028 6296
609 277 749 337 ωδε
1995 273 2200 334 PAULI
2239 241 2462 334 oitosn
3127 265 3149 280 ’
3788 265 3924 324 tam

605 391 783 447 dentis
804 401 1025 461 regnum
1051 385 1932 460 BabyloniumetRomanumjure
1954 389 2202 458 vocitari,
2231 393 2278 453 Α
2311 389 2415 443 lius
2454 400 2585 457 ergo
2624 384 2744 440 Nini
2788 398 2963 452 anno,
3019 389 3302 453 postquam
3342 393 3578 453 regnare
3633 389 3920 448 cteperat,

607 485 877 541 neminem
908 498 1158 552 umquam
1184 481 1462 537 dubitasse
1499 481 1634 538 scio.
1679 483 2077 540 Macedonicum
2121 501 2204 542 re-
2309 479 2782 550 “quadragesimo
2800 475 3134 532 tertionatus
3152 485 3235 529 est
3252 485 3472 530 sanctus
3491 473 3588 528 ille
3606 471 3921 537 Abraham,

606 593 768 648 gnum
783 576 882 631 sub
898 575 1320 644 Septentrione’
1338 589 1459 631 esse
1479 591 1600 630 cum
1624 575 1738 646 ipsa
1757 577 1878 633 ρωιί
1896 578 2072 648 plaga,
2091 588 2201 634 tum
2307 574 2348 606 ¹⁹
2374 572 2462 627 cui
2487 571 2648 627 dictze
2677 581 2802 628 sunt
2830 571 2876 603 ὀ
2907 569 3388 639 repromissiones,
3421 581 3489 623 ex
3512 565 3674 636 cujus
3701 565 3924 620 semine

606 665 900 722 Alexandri
925 665 1100 735 Magni
1127 680 1260 733 arte,
1289 667 1480 737 posita:
1508 682 1677 738 usque
1703 667 1770 724 ad
1798 684 1942 724 nunc
1969 670 2072 725 sub
2106 670 2204 724 Ri-
2304 671 2610 736 promissus
2649 675 2734 720 est
2761 663 3056 720 Christus:
3101 660 3299 716 deinde
3345 674 3491 715 nunc
3541 657 3707 728 primi
3756 657 3922 712 istius

603 757 773 829 phteis
791 758 1086 826 montibus,
1109 758 1326 814 docent.
1348 758 1730 830 Carthaginem
1768 774 1898 816 vero
1931 762 2203 817 universa:
2305 756 2698 826 imperatorum
2736 754 2979 812 omnium
3011 753 3243 825 Augusti
3273 752 3510 808 Caesaris
3555 748 3844 821 (quamvis
3871 757 3921 803 et

605 851 978 923 praecelluisse
1000 849 1218 917 Africae,
1243 859 1298 906 et
1324 866 1430 905 non
1454 850 1628 906 solum
1654 851 1706 906 in
1734 850 1995 916 Siciliam,
2019 852 2201 908 Sardi-
2306 865 2460 926 pater
2487 854 2609 924 ejus
2633 853 2820 908 t1ac5ar
2843 851 2884 881 ²¹
2916 857 3150 906 metator
3171 846 3387 918 imperii
3412 846 3597 916 potius
3623 859 3795 916 quam
3820 845 3921 898 im-

602 945 771 1010 niam,
790 951 1123 1013 exterasque
1137 942 1449 1012 adjacentes
1467 941 1692 1009 insulas,
1713 942 1806 998 sed
1828 944 1989 997 etiam
2013 943 2066 998 in
2091 943 2206 999 llis-

606 1035 819 1106 paniam
850 1034 1003 1105 regni
1036 1033 1296 1089 terminos
1329 1033 1642 1102 tetendisse,
1675 1033 2021 1090 historiarum
2043 1034 2205 1089 simul

606 1135 952 1184 monumenta
984 1125 1310 1196 urbiumque
1336 1125 1637 1182 declarant.
1667 1125 1879 1182 Dictum
1911 1137 1996 1182 est
2017 1127 2201 1193 etiam,

603 1227 829 1275 vastata:
857 1233 955 1289 per
977 1217 1162 1274 Medos
1190 1217 1522 1288 Babyloniae,
1551 1227 1606 1274 et
1628 1219 1848 1288 irruptae
1874 1235 1972 1290 per
1999 1218 2206 1274 Guthos

608 1309 814 1377 Romae,
850 1323 1007 1380 pares
1033 1309 1322 1365 admodum
1343 1325 1604 1366 annorum
1628 1325 1886 1366 numeros
1912 1311 1955 1342 ¹⁰
1975 1326 2204 1366 concur-

609 1404 764 1460 risse.
790 1401 943 1458 Nunc
963 1412 1144 1459 autem
1168 1404 1255 1458 his
1278 1404 1408 1460 illud
1431 1405 1651 1475 adjicio,
1675 1419 1784 1476 quo
1807 1407 1977 1474 magis
2001 1405 2208 1461 clareat

609 1511 773 1552 unum
795 1510 917 1550 esse
938 1495 1200 1551 arbitrum
1223 1497 1570 1561 saeculorum,
1597 1511 1908 1568 regnorum,
1939 1498 2206 1552 locorum-

606 1603 713 1660 que
731 1587 973 1644 omnium
1003 1590 1194 1646 Deum.
1221 1589 1463 1660 Regnum
1489 1589 1936 1661 Carthaginiense
1963 1606 1992 1645 a
2014 1590 2204 1646 condio

608 1682 756 1738 tione
779 1695 950 1753 usque
975 1681 1044 1736 ad
1069 1682 1406 1737 eversionem
1428 1681 1570 1752 ejus,
1603 1683 1761 1751 paulo
1786 1682 2018 1751 amplius
2043 1697 2204 1752 quam

2307 956 2530 1016 perator
2560 944 2728 1016 456
2755 941 3078 1010 exstiterit),
3102 939 3341 1002 istius,“
3363 938 3608 1009 inquam,
3636 934 3912 1001 Cmsaris,

2307 1050 2659 1110 posteaquam
2687 1038 2956 1107 imperare
2979 1033 3172 1102 erepit,
3195 1033 3242 1064 ³³
3264 1046 3489 1087 emenso
3512 1028 3914 1101 propemodum

2306 1148 2451 1190 anno
2481 1129 2900 1204 quadragesimo
2920 1127 3187 1192 secundo,
3213 1135 3370 1182 natus
3400 1135 3484 1181 est
3512 1124 3796 1187 Christus,
3827 1122 3914 1191 qui

2306 1225 2548 1281 Abrahae
2594 1224 2698 1279 sub
2733 1222 2871 1278 Nino
2920 1220 3098 1290 primo
3139 1234 3270 1288 rege
3308 1217 3482 1272 fuerat
3522 1217 3911 1286 rcpromissus.

2307 1315 2475 1371 Natus
2493 1322 2580 1370 est
2599 1323 2780 1368 autem
2804 1327 2879 1366 vn
2901 1310 3121 1366 kalend.
3147 1308 3410 1373 Januarii,
3431 1307 3654 1378 quando
3675 1306 3910 1376 primum

2308 1408 2649 1464 incrementa
2691 1404 2876 1462 omnia
2921 1403 3048 1458 anni
3090 1401 3362 1459 venientis
3391 1400 3688 1471 incipiunt.
3724 1399 3799 1454 lta
3833 1399 3908 1454 fa-

2307 1511 2451 1556 ctum
2479 1508 2584 1566 est,
2619 1508 2678 1554 ut
2704 1513 2825 1553 cum
2857 1495 3138 1552 Abraham
3167 1495 3586 1567 quadragesimo
3617 1495 3790 1550 tertio
3819 1509 3911 1548 an-

2309 1608 2380 1649 no
2405 1602 2565 1646 natus
2595 1591 2702 1655 sit,
2739 1590 2844 1645 sub
2876 1589 2986 1644 line
3014 1587 3420 1660 quadragesimi
3448 1587 3684 1643 secundi
3716 1588 3907 1642 nativi-

2311 1695 2394 1741 tas
2428 1683 2632 1740 Christi
2674 1683 2723 1715 “
2765 1682 3085 1737 conveniret
3106 1723 3120 1745 ,
3153 1690 3211 1735 ut
3237 1679 3347 1751 jam
3377 1694 3486 1735 non
3519 1681 3639 1750 ipse
3671 1679 3724 1733 in
3761 1690 3906 1750 parte

610 1776 966 1846 septingentis
985 1775 1150 1848 455
1171 1774 1328 1829 annis
1348 1774 1495 1830 Stetit
1525 1775 1768 1847 {,“acque
1781 1789 2007 1844 regnum
2031 1774 2208 1829 Macc-
2241 1769 2285 1828 Β
2315 1780 2458 1835 tertii
2487 1779 2639 1845 anni,
2670 1777 2766 1834 sed
2798 1777 2850 1831 in
2881 1776 3002 1846 ipso
3032 1776 3216 1845 potius
3241 1774 3436 1830 tertius
3465 1787 3648 1828 annus
3669 1773 3718 1805 ’³
3744 1773 3908 1829 orire-

613 1868 866 1925 donicum
911 1884 940 1924 a
986 1867 1201 1924 Carano
1233 1882 1406 1938 usque
1449 1867 1517 1922 ad
1563 1867 1762 1922 Persen
1817 1868 1976 1934 paulo
2027 1866 2208 1922 minus

612 1980 774 2036 quam
797 1980 896 2022 nec
922 1982 934 2019 :
965 1974 1256 2035 utrumque
1283 1974 1463 2019 tamen
1481 1965 1823 2034 septenarius
1843 1963 1882 1994 ¹²
1899 1963 1993 2018 ille
2019 1977 2209 2019 nume-

612 2074 727 2127 rus,
753 2074 862 2132 quo
891 2057 934 2091 ¹³
951 2057 1266 2129 judicantur
1288 2058 1471 2113 omnia
1493 2096 1509 2124 ,
1535 2056 1866 2113 terminavit.
1891 2056 2064 2111 Roma
2090 2056 2207 2126 ipsa

615 2151 778 2207 etiam
800 2191 816 2217 ,
847 2150 1095 2221 quamvis
1127 2149 1171 2180 “
1210 2149 1275 2205 ad
1307 2149 1596 2218 adventum
1634 2148 1848 2202 Domini
1877 2148 2051 2204 nostri
2081 2147 2208 2203 Jcsu

612 2242 816 2299 Christi
845 2243 1092 2313 perfecto
1121 2241 1517 2313 proveheretur
1547 2240 1798 2311 imperio,
1825 2250 2004 2295 tamen
2030 2240 2213 2310 paulu-

613 2334 756 2403 lum,
796 2343 854 2390 et
886 2335 1005 2405 ipsa
1050 2335 1093 2367 ⁸⁸
1135 2335 1188 2389 in
1224 2347 1456 2389 occursu
1501 2331 1714 2388 numeri
1763 2331 1923 2402 hujus
1961 2330 2206 2387 ollendit.

611 2428 749 2486 Nam
795 2427 1286 2499 septingentesimo
1334 2425 1663 2481 conditionis
1713 2440 1828 2480 sua:
1879 2439 2044 2489 anno,
2080 2440 2212 2495 qua-

616 2519 921 2578 tuordeeim
955 2521 1000 2552 “
1023 2521 1172 2576 vicos
1197 2519 1316 2589 ejus
1336 2559 1350 2584 ,
1379 2518 1648 2574 incertum
1681 2517 1826 2574 unde
1851 2532 2208 2594 consurgens,

613 2615 834 2672 ﬂamma
855 2615 1221 2684 consumpsit,
1255 2627 1357 2670 nec
1382 2627 1661 2682 umquam,
1691 2619 1749 2664 ut
1771 2611 1847 2665 ait
1869 2609 2076 2679 Livius,
2100 2623 2214 2663 ma-

610 2708 732 2780 jore
761 2707 1016 2765 incendio
1047 2715 1254 2763 vastata
1288 2716 1400 2773 est;
1431 2706 1590 2773 adeo,
1627 2713 1682 2760 ut
1716 2712 1843 2775 post
1869 2703 2079 2774 aliquot
2109 2716 2210 2757 an-

613 2817 715 2860 nos
754 2801 940 2858 Ctesar
979 2802 1260 2872 Augustus
1296 2799 1362 2855 ad
1394 2799 1798 2870 reparationem
1823 2811 2014 2853 eorum
2041 2837 2058 2863 ,
2091 2810 2212 2867 quae

614 2901 743 2950 tunc
771 2903 968 2950 exusta
995 2901 1154 2949 erant
1177 2933 1192 2959 ,
1221 2907 1471 2968 magnam
1498 2891 1606 2946 vim
1636 2891 1885 2961 pecuniae
1915 2905 1984 2946 ex
2015 2888 2212 2944 aerario

613 2985 833 3056 publico
853 2985 1080 3057 largitus
1102 2984 1192 3040 sit.
1217 2983 1469 3040 Poteram
1495 2998 1709 3055 quoque
1731 2981 2213 3050 ostendere,eum-

612 3076 737 3134 dem
761 3078 1092 3150 duplicatum
1122 3093 1409 3136 numerum
1435 3081 1704 3135 mansisse
1727 3077 2064 3150 Babyloniae,
2090 3090 2213 3147 quae

2314 1885 2420 1930 tur.
2467 1875 2571 1940 Qui
2612 1888 2819 1939 annus,
2861 1871 3109 1942 quantis,
3147 1871 3196 1901 ²⁶
3221 1884 3384 1939 quam
3414 1868 3602 1932 novis,
3637 1883 3907 1938 quamque

2309 1967 2584 2023 inusitatis
2612 1967 2776 2022 bouis
2800 1964 3174 2028 abundaverit,
3198 1962 3334 2018 satis
3355 1963 3520 2018 etiam
3542 1978 3631 2018 me
3654 1977 3767 2018 non
3791 1979 3906 2034 pro-

2312 2065 2524 2118 ferente
2563 2068 2904 2130 compertum
2948 2056 3139 2112 haberi
3182 2056 3452 2121 arbitror;
3483 2064 3598 2111 toto
3640 2064 3900 2111 terrarum

2311 2153 2448 2208 orbe
2473 2168 2578 2207 una
2609 2165 2716 2222 pax
2745 2151 2789 2182 "
2819 2150 3086 2215 omnium,
3120 2165 3228 2204 non
3256 2148 3587 2214 cessatione,
3609 2147 3710 2204 sed
3733 2147 3903 2203 aboli-

2314 2246 2462 2302 tione
2491 2243 2764 2300 bellorum
2785 2287 2798 2312 ,
2831 2243 3032 2298 clausae
3055 2241 3176 2297 lani
3196 2241 3431 2312 gemina:
3459 2250 3664 2311 portrc,
3696 2235 3901 2295 exstir-

2315 2339 2460 2409 patis
2493 2338 2756 2394 bellorum
2788 2335 3066 2391 radicibus
3089 2377 3103 2401 ,
3138 2351 3243 2390 non
3269 2335 3572 2405 repressis,
3594 2349 3794 2390 census
3819 2335 3905 2390 ille

2313 2430 2522 2501 primus
2551 2438 2606 2486 et
2631 2428 2899 2483 maximus
2930 2428 2976 2458 ³⁵
2999 2427 3119 2493 fuit,
3152 2441 3275 2482 eum
3309 2426 3363 2481 in
3398 2425 3502 2482 hoc
3526 2441 3692 2481 unum
3722 2424 3901 2480 Caesa-

2317 2523 2392 2578 ris
2423 2537 2624 2577 nomen
2656 2522 2701 2554 ”
2732 2520 2987 2576 universa
3019 2533 3337 2590 magnarum
3376 2518 3618 2588 gentium
3659 2525 3902 2573 creatura

2309 2613 2519 2684 juravit
2539 2654 2554 2680 ,
2585 2613 2854 2682 simulque
2886 2627 2984 2682 per
3009 2612 3452 2667 communionem
3481 2625 3719 2680 census,
3750 2609 3903 2666 unius

2312 2705 2592 2762 societatis
2619 2704 2811 2761 elleeta
2838 2712 2948 2759 est.

2815 2794 2978 2867 [.57
3029 2794 3257 2851 CAPUT
3311 2789 3397 2849 In.

2316 2889 2547 2945 Christus
2567 2888 2776 2960 quando
2804 2889 2872 2941 ad
2887 2885 3421 2960 Altontinunrsalutent
3449 2894 3620 2953 natm,
3649 2886 3904 2960 quomodo

2386 2957 2828 3027 statim'vexatus,
2861 2958 2924 3012 de
2952 2959 3146 3030 ingenti
3169 2957 3346 3012 Romae
3374 2959 3534 3028 fame,
3563 2968 3612 3012 et
3623 2959 3746 3031 jugi
3763 2975 3901 3028 pace.

2387 3075 2550 3146 Igitur
2583 3075 2598 3106 ⁸
2632 3089 2776 3129 anno
2817 3072 2887 3128 ab
2932 3071 3080 3128 Urbe
3108 3071 3326 3128 condita
3373 3086 3576 3137 necui,
3620 3080 3782 3127 natus
3824 3082 3907 3128 est

611 3180 738 3242 post
769 3171 916 3228 mille
945 3171 1370 3244 quadringentos
1391 3181 1444 3227 et
1465 3171 1610 3242 quod
1636 3170 1885 3226 excurrit
1905 3183 2102 3235 annos,
2131 3168 2211 3222 ul-
2238 3155 2283 3218 C
2315 3169 2566 3225 Christus
2591 3167 2890 3223 salutarem
2919 3165 3122 3221 mundo
3148 3165 3382 3221 aﬂ'erens
3401 3165 3586 3230 ﬁdem,
3614 3176 3634 3204 ι
3656 3180 3786 3222 vere
3815 3180 3908 3237 pe-

614 3265 746 3320 time
767 3280 794 3318 a
818 3263 963 3336 Cyro
991 3280 1122 3335 rege
1150 3275 1308 3336 capta
1330 3274 1436 3332 est,
1463 3265 1565 3320 nisi
1589 3267 1939 3335 praesentium
1961 3273 2209 3320 contem-

614 3358 859 3430 platione
889 3372 1200 3414 revocarer.
1235 3358 1372 3414 lllud
1395 3373 1527 3414 sane
1557 3358 1797 3415 libenter
1826 3357 2054 3427 adjicio,
2085 3356 2210 3427 quia

613 3450 775 3522 primi
813 3449 960 3506 illius
986 3465 1175 3522 regum
1206 3450 1448 3505 omnium
1492 3449 1616 3505 Nini
1663 3449 1935 3520 (quamvis
1974 3456 2029 3503 et
2060 3457 2216 3518 pater

611 3542 734 3614 ejus
763 3544 928 3601 Belus
955 3543 1192 3602 obscure
1218 3544 1260 3576 "
1285 3544 1494 3617 primus
1523 3556 1780 3616 regnasse
1804 3541 2119 3612 referatur),
2149 3539 2213 3595 il-

2317 3270 2398 3317 tra
2423 3260 2601 3316 medio
2627 3274 2806 3315 rerum
2833 3259 3009 3328 posita
3039 3274 3055 3318 ;
3087 3257 3176 3313 ubi
3205 3259 3668 3314 comminueretur
3689 3257 3783 3328 qui
3824 3257 3907 3312 ol-

2314 3353 2584 3419 lendcret,
2615 3351 2706 3423 qui
2729 3350 2979 3409 crederet
2999 3350 3302 3406 salvaretur
3333 3365 3500 3406 :vere
3523 3350 3662 3420 ignis
3681 3347 3903 3415 ardens,

2313 3461 2476 3518 quem
2516 3445 2609 3516 qui
2639 3445 2908 3515 sequitur,
2952 3442 3318 3508 illuminatur;
3350 3441 3442 3513 qui
3477 3449 3672 3511 tentat,
3720 3440 3908 3497 exuri-

2319 3548 2406 3596 tur
2437 3557 2449 3594 :
2482 3539 2598 3610 ipse
2622 3545 2708 3595 est
2732 3536 3010 3604 Christus,
3039 3534 3471 3592 Christianorqu
3495 3540 3682 3604 caput,
3724 3533 3905 3589 salva-

1911 3675 2362 3736 llAVERCAMPl
2401 3673 2630 3734 ΝΟΤᾸΞ.

684 3800 738 3856 9.
767 3799 916 3858 Esse.
945 3799 1115 3856 Abest
1143 3815 1173 3856 a
1201 3799 1473 3870 plerisque
1503 3813 1634 3870 mss.
1665 3797 1783 3854 Mox
1815 3807 1922 3853 tum
1952 3812 2053 3870 pro
2093 3813 2212 3852 cum

611 3873 738 3930 cod.
773 3871 1019 3928 Perizon.
1052 3872 1186 3928 Dein
1204 3869 1436 3926 doceant
1465 3885 1563 3938 pro
1592 3869 1773 3924 docent
1820 3884 1952 3926 mss.
1993 3869 2102 3924 duo
2142 3885 2208 3926 ex

609 3941 782 4014 Lugd.
813 3942 956 4014 Datt.
983 3957 1106 3998 cum
1133 3943 1274 3999 Coll.
1308 3941 1547 4014 Gronov.

683 4010 776 4071 10.
801 4012 1244 4071 ConcurrisseJla
1265 4023 1376 4070 tres
1389 4012 1559 4084 Lugd.
1585 4012 1753 4084 Batt.,
1777 4010 2204 4077 Perizon.,Coll.

611 4085 942 4156 Gronov.et
969 4101 1036 4142 ex
1064 4085 1184 4143 edd.
1221 4083 1553 4156 Augustatia.
1592 4083 1808 4156 Vulﬁgg”
1837 4085 2147 4156 cucurrisse.

685 4157 776 4213 11.
805 4155 977 4228 /Eque
1001 4174 1218 4229 regnum
1242 4153 1656 4229 Macedonicum.
1681 4153 2203 4229 RegnutnAMacedo-

612 4228 718 4300 nia:
747 4225 962 4300 triginta
991 4225 1230 4300 quinque
1254 4227 1444 4300 habuit
1464 4241 1642 4297 reges,
1667 4241 1736 4300 ex
1761 4225 2060 4300 l-leraclidis
2081 4227 2200 4283 sive

611 4296 951 4367 Temenidis,
978 4296 1046 4356 ex
1068 4296 1384 4366 Cassandri,
1412 4306 1467 4355 et
1495 4296 1562 4353 ex
1590 4297 1848 4368 Antigoni
1875 4296 2070 4362 domo;
2095 4311 2200 4353 non

615 4369 834 4441 longius
863 4383 1044 4428 autem
1077 4369 1295 4441 duravit
1324 4383 1485 4440 quam
1516 4369 1674 4441 annis
1701 4368 2014 4441 quingentis
2043 4383 2200 4441 sesa-

613 4438 765 4524 ginta
793 4449 852 4497 et
865 4455 1015 4524 sex,
1035 4451 1196 4524 prot_t_t
1219 4438 1511 4524 docuimus
1549 4441 1603 4494 in
1635 4438 1744 4495 line
1774 4439 1912 4494 Hist.
1945 4438 2200 4494 Macedo-

613 4509 754 4568 nica:
781 4527 840 4584 p.
864 4512 973 4568 279
1005 4509 1115 4568 tem
1144 4510 1188 4568 ll
1219 4511 1357 4568 Hist.
1388 4509 1548 4567 Univ.

679 4583 769 4638 12.
802 4582 939 4654 ίιιιε.
980 4583 1156 4641 Abest
1182 4597 1370 4640 amss.
1413 4581 1593 4654 Lugd.
1634 4581 1778 4637 Batt.
1803 4595 1942 4648 sec.,
1974 4589 2098 4638 tert.
2141 4589 2199 4638 et

608 4653 748 4712 Coll.
779 4653 1026 4712 Gronov.

683 4725 774 4796 ιδ.
808 4724 1146 4782 Judicantur.
1177 4723 1277 4781 Ed.
1311 4723 1638 4796 Augustam,
1665 4724 2050 4796 dijudicantur.

685 4793 776 4851 M.
807 4797 890 4850 Ad
913 4798 1214 4852 adventum.
1245 4796 1382 4851 Cod.
1402 4793 1662 4852 Perizon.
1688 4793 1784 4864 ,in
1812 4796 2112 4850 aduentum.
2137 4794 2198 4850 ln

610 4865 768 4940 Flor.
799 4880 911 4940 sec.
943 4869 1257 4940 corrigitur,
1288 4868 1530 4940 quamvis
1550 4866 1798 4920 adventu.

681 4937 773 4994 15.
807 4937 874 4994 In
904 4936 1150 4995 occursu.
1184 4936 1318 4995 Mss.
1346 4947 1402 4995 et
1429 4937 1555 4994 edd.
1582 4947 1715 4994 vett.
1748 4936 2016 5008 qumdam,
2041 4939 2096 4992 in
2117 4954 2205 4992 occ

505 5073 514 5084 .
607 5025 847 5084 autem:

681 5081 772 5136 16.
811 5081 968 5137 Vicos
999 5083 1133 5151 eius.
1166 5080 1336 5138 Abest
1365 5097 1470 5136 vox
1506 5079 1741 5137 secunda
1783 5094 1813 5134 a
1848 5092 1982 5134 mss.
2025 5077 2199 5150 Lugd.

613 5150 756 5208 Batt.
787 5153 981 5209 tribus.
1012 5150 1253 5224 lncendii
1278 5151 1439 5224 hujus
1467 5153 1799 5208 mentionem
1828 5164 2045 5223 quoque
2070 5151 2200 5207 fecit

608 5237 774 5293 supra
804 5224 1002 5295 ljb.v1,
1031 5240 1153 5289 can.
1189 5222 1277 5279 14.

683 5295 770 5366 17.
801 5293 1033 5366 Primus.
1062 5297 1194 5351 Mss.
1227 5304 1285 5352 et
1306 5293 1434 5352 edd.
1465 5293 1718 5366 quidam,
1751 5294 1997 5366 primum.

683 5364 1217 5440 18.707uad_ragesinto
1241 5367 1414 5422 tertio.
1445 5364 1575 5422 Mss.
1600 5364 1771 5440 Lugd.
1800 5367 1943 5419 Batt.
1967 5371 2201 5435 quatuor

611 5446 734 5492 cum
763 5437 905 5492 Coll.
934 5435 1175 5494 Gronov.
1205 5453 1368 5493 unum
1397 5453 1599 5492 annum
1627 5435 1876 5493 demunt.

679 5509 770 5580 i9.
800 5507 899 5580 Qui
926 5509 1080 5564 dicite
1107 5518 1247 5562 sunt.
1281 5508 1386 5580 Ed.
1412 5511 1641 5580 August.
1665 5553 1679 5576 ,
1707 5508 1794 5580 cui
1820 5506 1959 5561 datm
1986 5515 2128 5580 sunt.

677 5579 771 5634 20.
806 5579 1272 5652 Repromissiones.
1295 5577 1561 5652 Perison.
1593 5579 1681 5635 hic
1708 5577 1875 5652 ba_be_t_
1903 5579 2204 5652 promissio-

613 5661 734 5730 nes;
759 5647 908 5730 mox,
941 5665 1065 5706 cum
1094 5650 1268 5706 tribus
1294 5647 1466 5721 Lugd.
1501 5651 1643 5706 Batt.
1675 5658 1730 5706 et
1760 5647 1899 5704 Coll.
1931 5647 2198 5716 Cronov.,

613 5729 815 5847 "p21,?
809 5736 1038 5845 imi»:
1061 5790 1289 5865 imperii.
1322 5791 1400 5850 lta
1419 5790 1678 5864 loquitur,
1706 5802 1764 5850 ut
1783 5791 2055 5850 Caesarem
2079 5803 2203 5848 cum

2316 3792 2452 3850 Belo
2479 3800 2792 3861 comparet,
2823 3791 3126 3859 Augustum
3152 3803 3270 3844 cum
3294 3787 3454 3861 Nino.
3491 3785 3721 3842 Metator
3752 3805 3901 3846 voea-

2314 3865 2499 3920 bulum
2528 3859 2814 3919 castrense
2837 3872 2955 3927 est;
2987 3862 3066 3916 sic
3092 3863 3238 3916 enim
3269 3859 3570 3922 dicebatur,
3602 3861 3695 3929 qui
3719 3876 3748 3914 a
3769 3861 3899 3915 duce

2313 3935 2630 4008 prtemissus
2655 3977 2669 4001 ,
2704 3933 2886 4008 locum
2921 3933 3114 4008 castris
3145 3931 3398 4008 idoneum
3427 3930 3896 4002 circumspiciebat

2309 4004 2366 4064 et
2393 4006 2732 4077 designabat.
2763 4004 2966 4059 Lucan.
2998 4018 3045 4071 t,
3080 4004 3177 4058 581
3218 4019 3230 4055 :

2432 4162 2602 4225 Castra
2624 4173 2776 4225 super
2797 4160 2945 4211 Tusci
2968 4161 3014 4225 si
3035 4171 3224 4220 ponere
3245 4155 3462 4225 Tibridis
3484 4156 3656 4220 undas,

2434 4222 2703 4288 Hesperias
2727 4225 2885 4274 audax
2911 4224 3099 4272 veniam
3125 4228 3337 4273 metator
3357 4224 3406 4271 in
3429 4232 3592 4282 agros.

2376 4374 2471 4448 22.
2508 4373 2754 4448 linquant.
2785 4375 2914 4432 Mss.
2944 4373 3188 4448 aliquot,
3220 4392 3364 4448 ergo.

2377 4445 3146 4530 2§._.Ente.nto‘propemodnnt
3188 4445 3450 4530 animi”.
3501 4445 3601 4500 llic
3643 4461 3890 4530 numerus

2306 4516 2513 4573 Christi
2542 4518 2651 4573 nati
2683 4516 2782 4574 est
2811 4516 2972 4574 etiam
3000 4517 3143 4587 apud
3187 4517 3474 4572 Eusebium
3501 4533 3516 4581 ;
3545 4528 3674 4572 sunt
3719 4527 3889 4574 tamen

2303 4588 2483 4660 qui“
2516 4597 2569 4644 ct
2591 4589 2682 4660 alii
2705 4588 2794 4659 qui
2817 4587 2887 4644 14
2917 4587 3128 4658 imperii
3153 4588 3374 4658 Augusti
3395 4588 3676 4644 Christum
3716 4601 3889 4644 natum

2222 4677 2277 4738 Β
2308 4658 2576 4738 scribunt.
2609 4658 2774 4738 me.

2376 4731 2468 4786 24.
2499 4730 2827 4788 Conveniret.
2857 4728 2990 4785 Mss.
3019 4727 3261 4798 aliquot,
3293 4731 3599 4786 convenerit.

2375 4800 2470 4859 25.
2505 4801 2764 4856 Oriretur.
2805 4799 2980 4870 Lugd.
3020 4799 3160 4854 Batt.
3215 4810 3326 4857 tres
3363 4810 3421 4857 et
3449 4801 3589 4857 Coll.
3615 4798 3887 4867 Gronov.,

2305 4873 2682 4928 ostenderetur.

2375 4942 2468 4998 26.
2504 4943 2673 5010 Quam
2701 4942 2866 4998 novis.
2900 4939 3091 5007 iidem,
3119 4951 3169 4995 et
3198 4959 3353 5011 quant
3384 4943 3549 4998 novis.

2378 5011 2472 5068 27.
2509 5013 2777 5070 Omnium.
2807 5012 2974 5083 Lugd.
2993 5083 3000 5084 ί
3018 5011 3159 5066 Batt.
3183 5029 3269 5084 pr.
3297 5021 3353 5068 ct
3372 5022 3548 5083 quart.
3571 5055 3586 5077 ,
3611 5028 3737 5068 cum
3757 5014 3887 5070 Coll.

2306 5083 2694 5147 Gronov.,una
2717 5101 2821 5153 pax
2841 5083 3098 5148 omnibus,
3124 5092 3171 5139 et
3190 5083 3299 5138 non
3321 5085 3630 5147 cessatione,
3651 5085 3767 5149 sed,
3789 5095 3887 5141 etc.

2307 5226 2348 5282 Ρ
2374 5155 2468 5238 2β.
2503 5153 2651 5210 Fuit.
2680 5155 2860 5212 Deleri
2886 5154 3077 5210 volunt
3104 5171 3235 5211 mss.
3268 5155 3374 5212 duo
3401 5153 3671 5210 Florentt.
3696 5165 3752 5212 et
3770 5156 3886 5216 eod.

2351 5241 2558 5282 ertzon.

2351 5241 2558 5283 ertzon.

2381 5297 2473 5354 29.
2517 5295 2768 5370 Unittersa
2808 5311 3120 5370 magnarum
3159 5297 3734 5370 qentinnuEdaAug.
3758 5297 3893 5370 delet

2309 5384 2636 5438 magnarum.
2661 5368 2730 5422 At
2749 5367 2876 5422 cod.
2903 5367 3152 5423 Pcrizon.
3168 5367 3394 5422 verbum
3411 5369 3610 5436 iuravit
3632 5369 3890 5424 eliminat.

2306 5438 2364 5515 In
2390 5426 2561 5511 Lugd.
2585 5439 2752 5515 Batt.,
2784 5446 3048 5515 pr.,-tert.
3079 5447 3272 5508 quarto
3302 5448 3356 5493 et
3383 5426 3524 5494 (ῖοιι.
3555 5438 3894 5515 Gronov._|e«

2307 5509 2493 5580 gitur,
2510 5511 2747 5580 universa
2773 5509 3000 5580 gentium
3032 5525 3336 5580 magnarum
3366 5519 3610 5564 creatura
3625 5512 3852 5580 jurarit.

2379 5581 2508 5635 Car.
2542 5579 2631 5634 lll.
2648 5578 2788 5632 -1ξ
2818 5578 2970 5630 Anno
2991 5578 3054 5631 ab
3079 5578 3216 5633 Urbe
3237 5580 3446 5632 condita
3467 5578 3664 5635 necui.
3690 5580 3892 5635 Cassio-

2309 5650 2478 5706 dorus
2503 5650 2689 5706 scribit
2723 5647 2999 5704 Christum
3033 5660 3216 5703 natum
3239 5651 3338 5708 Cn.
3371 5650 3627 5714 Lentulo,
3662 5651 3736 5705 M.
3767 5651 3891 5707 Mes-

2311 5722 2446 5778 salla
2465 5735 2611 5790 coss.
2634 5719 2725 5790 qui
2750 5717 2948 5790 eadunt
2977 5719 3030 5773 in
3057 5734 3260 5774 annum
3286 5719 3450 5776 Urbis
3474 5735 3636 5777 DCCL.
3661 5720 3829 5779 Fan.

2381 5792 2442 5847 2.
2492 5789 2620 5846 Vere
2650 5787 2814 5863 petra.
2845 5787 2947 5846 Ed.
2975 5790 3232 5861 August.,
3262 5805 3380 5846 vera
3405 5801 3573 5864 petra.

3158 6273 3188 6280 ἢ
3266 6273 3296 6278 -
3369 6272 3408 6276 γ-
3484 6272 3508 6276 -
3589 6271 3614 6277 —-
3688 6271 3706 6277 —.
3788 6272 3812 6278 —.
