4028 6304
193 330 336 388 1065

1227 335 1704 393 HISTORIARUM
1743 334 1951 393 LIBER
1993 337 2102 394 Vll.
2143 337 2295 394 CAP.
2340 338 2426 392 IV.

3356 341 3497 398 “’66

191 452 283 501 tor
312 444 608 510 bonorum,
640 444 912 501 malorum
934 443 1179 515 punitor,
1201 446 1370 516 jude'x
1395 449 1672 517 omnium;
1702 448 1795 530 qui
1822 451 1877 512 Α
1902 449 1966 506 ad
1994 450 2381 506 vindicandum
2411 449 2630 506 Domini
2660 448 2835 506 nostri
2873 448 3002 508 .lesu
3032 450 3237 507 Christi
3276 455 3500 523 sangui-

191 536 427 594 formant
458 539 479 569 ³
506 537 883 594 subsecuturis
911 538 1083 594 verbo
1110 550 1168 595 et
1187 556 1354 612 opere
1383 552 1652 613 statuens,
1683 557 1789 613 quo

192 632 367 704 magis
406 630 633 688 doceret
676 631 946 702 patientes
974 632 1027 686 in
1058 631 1080 663 ⁵
1111 634 1592 703 persecutionibus
1613 680 1627 704 ,
1659 649 1795 705 quas

193 739 296 796 pro
326 723 437 780 vita
484 736 692 781 aeterna
724 726 1065 794 exciperent,
1094 740 1217 780 esse
1248 736 1528 796 oportere,
1569 743 1692 782 mox
1739 737 1794 780 ut

194 814 423 888 virginis
439 824 595 887 partu
609 815 808 878 editus,
822 815 1027 871 mundo
1046 817 1319 886 apparuit,
1335 818 1356 849 ³
1369 818 1436 874 de
1451 820 1795 890 passiouihus

199 909 313 965 suis
344 907 529 979 carpit.
561 907 810 978 Namque
837 924 961 964 eum
993 923 1089 964 rex
1129 909 1335 966 Judaeze
1365 911 1608 966 llerodes
1636 911 1796 966 simul

196 1011 259 1059 ut
288 1011 475 1059 natum
517 1004 810 1072 comperit,
858 1017 1057 1058 necare
1101 1002 1373 1070 decrevit,
1425 1005 1797 1074 plurimosque

197 1105 326 1152 tunc
347 1096 626 1167 parvulos,
658 1096 785 1152 dum
816 1112 982 1152 unum
1010 1097 1331 1162 insectatur,
1356 1096 1577 1152 occidit.
1612 1098 1632 1127 °
1661 1097 1798 1152 llinc

194 1189 450 1261 malignis
477 1190 726 1260 improbe
773 1191 1176 1246 incurrentibus
1224 1190 1385 1253 digna
1424 1191 1638 1261 punitio
1685 1200 1794 1245 est.

197 1280 342 1338 Hinc
369 1282 425 1337 in
447 1295 709 1352 quantum
743 1283 1037 1354 tranquille
1066 1284 1241 1355 agitur
1273 1285 1525 1347 mundus,
1561 1286 1798 1339 creden—

200 1374 331 1429 tium
356 1374 553 1445 gratia,
589 1378 641 1429 in
669 1386 932 1445 quantum
970 1377 1276 1445 perniciose
1300 1377 1652 1447 inquietator,
1680 1376 1801 1431 bla-

195 1467 604 1538 aphemantium
632 1483 791 1537 paula
818 1476 938 1523 est:
962 1468 1172 1523 securis
1196 1484 1294 1537 per
1320 1470 1501 1524 omnia
1531 1467 1800 1523 Christia-

196 1560 286 1615 nis
306 1559 580 1626 ﬁdelibus,
602 1561 800 1631 quibus
820 1572 917 1615 aut
943 1568 1164 1615 aeternae
1188 1561 1318 1614 vitae
1339 1560 1559 1630 requies
1584 1560 1635 1613 in
1661 1569 1799 1627 tuto,

200 1661 294 1708 aut
325 1652 492 1708 etiam
518 1652 686 1723 hujus
724 1654 777 1708 in
810 1653 962 1707 luero
990 1662 1075 1708 est
1108 1668 1121 1705 :
1152 1652 1294 1723 quod
1330 1653 1639 1721 promptius
1677 1666 1800 1705 cum

198 1759 297 1814 per
325 1744 577 1800 ordinem
622 1744 881 1811 referam,
934 1744 1063 1816 ipsis
1097 1745 1263 1801 rebus
1294 1744 1612 1800 ostendam.
1647 1743 1804 1799 Post-

1898 557 2022 598 nem
2045 542 2256 612 judicio
2282 543 2380 599 Dei
2410 541 2587 599 fuerat
2612 544 2922 612 ordinatus,
2948 544 3123 599 victor
3150 545 3496 617 triumphans

1898 636 1944 667 ³³
1977 652 2101 692 cum
2144 636 2479 708 Vespasiano
2507 650 2664 708 patre
2683 638 2880 694 ianum
2915 638 3131 695 clausit.
3178 639 3345 711 igitur
3386 640 3491 694 etsi

1895 730 1998 784 sub
2017 731 2281 786 extremis
2309 728 2542 786 Cmsaris
2570 732 2909 802 temporibus
2936 742 3163 802 apertus
3189 743 3273 789 est
3302 733 3496 798 Janus,
3554 770 3562 773 π

1897 830 2077 878 tamen
2122 838 2220 892 per
2268 824 2435 879 multa
2467 838 2536 879 ex
2565 838 2633 879 eo
2672 833 2947 894 tempora,
2998 825 3249 893 quamvis
3280 824 3335 881 in
3368 841 3501 895 pro-

1900 914 2078 967 cinctu
2108 923 2258 968 esset
2285 914 2584 980 exercitus,
2616 914 2764 968 nulla
2792 914 2934 970 bella
2978 925 3308 971 sonuerunt.
3344 917 3500 973 Unde
3572 924 3575 925 ⁷

1901 1009 2064 1064 etiam
2116 1010 2378 1065 Dominus
2430 1011 2548 1079 ipse
2590 1009 2750 1066 Jesus
2777 1010 3031 1066 Christus
3064 1013 3115 1065 iu
3151 1012 3492 1083 Evangeliis,

1901 1113 2025 1155 cum
2059 1100 2401 1171 temporibus
2424 1102 2534 1157 illis
2562 1101 2605 1132 ιδ
2635 1101 2690 1157 in
2711 1116 2925 1158 summa
2951 1104 3351 1171 tranquillitate
3378 1107 3499 1160 uni-

1900 1208 2095 1249 versus
2120 1194 2353 1250 mundus
2374 1206 2582 1266 ageret,
2610 1206 2948 1268 cunctasque
2970 1208 3163 1267 gentes
3187 1213 3291 1269 pax
3323 1214 3429 1253 una
3456 1201 3500 1230 ¹³

1904 1285 2134 1352 velaret,
2168 1296 2222 1342 et
2247 1302 2275 1340 a
2307 1287 2590 1358 discipulis
2626 1288 2735 1342 sui.
2765 1288 3132 1358 interrogatus
3159 1300 3336 1355 esset,
3364 1290 3408 1321 ¹⁶
3432 1290 3502 1347 de

1902 1378 2585 1449 conclusionetemporum
2618 1381 3097 1450 subsequrutium,
3135 1382 3277 1438 inter
3302 1391 3499 1438 caetera

1907 1471 1949 1503 ³⁷
1962 1471 2043 1525 sic
2061 1472 2169 1525 ait:
2200 1471 2446 1525 Audituri
2466 1481 2637 1524 autem
2652 1473 2771 1525 estis
2792 1472 2974 1543 praelia
2990 1484 3039 1526 et
3069 1474 3339 1542 Opinione:
3368 1493 3504 1542 pra:—

1907 1566 2116 1629 liorum,
2133 1564 2300 1639 559
2313 1566 2477 1620 videte
2493 1582 2557 1621 ne
2589 1564 2881 1620 turtnunin'i.
2907 1566 3123 1637 Oportet
3158 1569 3294 1622 enim
3318 1570 3361 1601 ¹⁸
3392 1570 3501 1623 Ιιιιέ

1907 1659 2039 1727 ﬁeri:
2052 1659 2141 1713 sed
2156 1660 2382 1713 nondum
2395 1669 2469 1713 est
2481 1656 2915 1732 ﬁnis.C0nsurget
2928 1662 3063 1713 enim
3081 1678 3203 1730 gens
3216 1663 3267 1714 in
3280 1673 3475 1734 gentem
3490 1704 3500 1721 ,

1906 1759 1955 1805 et
1986 1767 2203 1821 regnum
2226 1751 2280 1804 in
2308 1767 2549 1822 regnum,
2571 1760 2617 1804 et
2652 1760 2805 1804 erunt
2827 1753 3157 1822 pestilentia,
3188 1763 3237 1807 et
3264 1756 3430 1825 {antes
3451 1763 3497 1809 et

198 1851 363 1909 quam
388 1837 722 1909 Redemptor
756 1838 969 1906 mundi,
1003 1839 1268 1893 Dominus
1305 1837 1471 1893 .lesus
1507 1836 1799 1902 Christus,

1919 1851 2255 1909 terrwmotus,
2298 1860 2388 1916 per
2423 1842 2560 1898 loca.
2603 1842 2734 1898 Haec
2765 1856 2931 1897 autent
2973 1845 3147 1898 omnia
3183 1845 3335 1899 initia
3378 1857 3500 1900 sunt

200 1933 355 1990 venit
396 1932 452 1989 in
493 1943 694 2000 terras,
744 1943 799 1990 et
845 1932 1080 1989 Csesaris
1131 1947 1300 1988 censu
1346 1934 1479 1987 civis
1519 1932 1800 1986 Rouuanus

202 2023 474 2095 ascriptus
512 2033 619 2090 est,
666 2025 798 2081 dum
838 2040 936 2096 per
977 2024 1287 2090 duodecim,
1323 2033 1379 2079 ut
1421 2025 1557 2092 dixi,
1585 2038 1758 2079 annos
1784 2067 1800 2089 ,

203 2115 414 2172 clausa:
454 2116 586 2173 belli
637 2126 809 2188 porta:
854 2117 1172 2173 beatissima
1202 2116 1358 2187 pacis
1402 2115 1804 2187 tranquillitate

202 2207 534 2265 cohibentur
565 2225 579 2261 :
606 2208 821 2277 Caium,
856 2217 1112 2288 nepotem
1142 2222 1324 2275 suum,
1368 2208 1553 2263 Caesar
1582 2212 1802 2277 Augus-

202 2308 295 2359 tus
323 2301 394 2357 ad
423 2301 760 2359 ordinandas
789 2300 1013 2374 Egypti
1039 2302 1325 2373 Syriaeque
1352 2300 1667 2370 provincias
1698 2302 1804 2355 mi-

204 2395 300 2464 sit,
323 2395 416 2466 qui
446 2398 767 2467 praeteriens
790 2396 862 2451 ab
890 2395 1131 2468 Egypto
1156 2396 1292 2451 lines
1314 2394 1639 2461 Palaestinae,
1662 2393 1806 2465 apud

205 2486 646 2559 Hierosolymam
688 2487 856 2561 558
890 2490 945 2545 in
978 2489 1182 2559 templo
1216 2488 1311 2544 Dei
1357 2496 1488 2544 tunc
1533 2496 1723 2544 sancto
1751 2496 1808 2543 et

201 2583 409 2640 celebri
437 2583 673 2641 adorare
697 2583 1058 2656 contempsit,
1088 2585 1108 2614 ⁷
1141 2583 1285 2640 sicut
1314 2582 1611 2641 Suetonius
1633 2582 1808 2638 Tran-

207 2676 413 2747 quillus
444 2675 631 2733 refert.
664 2678 688 2710 ⁸
714 2676 869 2746 Quod
909 2678 1215 2747 Augustus,
1250 2677 1338 2732 ubi
1373 2690 1470 2747 per
1499 2692 1624 2732 eum
1656 2690 1809 2730 com-

210 2767 375 2838 perit,
399 2783 572 2839 pravo
592 2768 969 2839 ususjudieio,
991 2769 1289 2839 prudenter
1313 2767 1515 2825 fecisse
1539 2767 1803 2824 laudavit.

208 2860 399 2935 Itaque
428 2877 574 2919 anno
601 2863 814 2934 imperii
846 2861 1078 2918 Caesaris
1107 2862 1531 2934 quadragesimo
1560 2869 1758 2919 octavo
1779 2905 1795 2927 ,

170 2988 179 2993 ι
206 2954 350 3011 adeo
376 2955 493 3011 dira
520 2955 800 3012 Romanos
832 2956 1004 3012 fames
1051 2964 1342 3012 consecuta
1380 2966 1499 3024 est,
1535 2966 1591 3011 ut
1623 2956 1812 3012 Caesar

205 3048 532 3106 lanistarum
559 3049 819 3119 familias,
844 3064 1141 3123 omnesque
1162 3052 1505 3122 peregrinos,
1529 3065 1809 3106 servorum

207 3158 426 3217 quoque
451 3142 715 3199 maximas
744 3142 954 3213 copias,
982 3144 1235 3214 exceptis
1266 3142 1491 3199 medicis
1517 3151 1574 3198 et
1603 3157 1811 3212 praece-

1909 1934 2173 1990 dolorum.
2206 1933 2354 1989 Tunc
2385 1936 2591 1990 tradent
2618 1952 2707 1989 nos
2741 1936 2796 1989 in
2825 1936 3230 2003 tribulationem,
3260 1949 3307 1992 et
3358 1940 3502 1992 orvi-

1904 2029 2029 2083 dent
2071 2042 2160 2082 vos
2193 2035 2284 2081 :et
2315 2027 2463 2082 eritis
2501 2025 2624 2080 odia
2672 2027 2909 2081 omnibus
2948 2027 2989 2061 ¹⁹
3008 2026 3246 2098 gentibus
3294 2043 3506 2099 prapter

1909 2136 2095 2175 nomen
2114 2136 2306 2174 meum.
2343 2118 2456 2175 Hoc
2482 2126 2662 2175 autem
2687 2118 2869 2173 divina
2904 2119 3245 2190 providentia
3274 2120 3500 2186 docens,

1910 2223 1966 2271 et
2003 2213 2289 2271 credentes
2337 2211 2726 2283 prteInOnendo
2769 2213 3038 2279 firmavit,
3083 2222 3141 2269 et
3191 2212 3504 2269 incredulos

1910 2304 2257 2377 praedicendo
2285 2302 2553 2361 contudit.

2535 2393 2765 2451 CAPUT
2802 2394 2892 2449 iV.
2954 2442 2961 2445 .

1912 2476 1992 2547 De
2021 2491 2126 2544 vita
2167 2501 2216 2546 et
2252 2487 2640 2559 gestis'Tiberii
2669 2486 2913 2560 Ctesaris,
2946 2489 3203 2560 quomodo
3240 2486 3507 2543 Christum

2037 2561 2313 2632 amplexus
2336 2562 2428 2628 sit,
2465 2561 2529 2614 de
2558 2562 2672 2631 ejus
2701 2559 3004 2614 crudelitate
3026 2562 3078 2614 in
3111 2559 3383 2631 plurimos.

1985 2680 2143 2732 Auno
2165 2678 2232 2732 ab
2266 2676 2410 2733 Urbe
2440 2675 2657 2731 cendita
2689 2691 2954 2738 DCCLXVI],
2989 2683 3111 2744 post
3140 2681 3371 2730 mortem
3395 2676 3509 2730 Αυ-

1912 2772 2053 2845 gusti
2093 2771 2326 2826 Caesaris
2358 2771 2374 2801 ί
2411 2768 2663 2824 Tiberius
2703 2767 2885 2824 Czesar
2931 2768 3218 2838 imperium
3270 2767 3501 2837 adeptus

1914 2878 2019 2937 est,
2054 2867 2361 2935 mansitque
2393 2866 2446 2919 in
2478 2879 2543 2918 co
2571 2864 2727 2918 anuis
2753 2862 2943 2934 viginti
2978 2871 3037 2917 et
3062 2861 3254 2918 tribus.
3285 2862 3383 2916 llic
3412 2878 3507 2931 per

1916 2960 2267 3030 semetipsum
2321 2957 2467 3012 nulla
2518 2958 2656 3012 bella
2698 2958 2885 3028 gessit,
2912 2956 3007 3012 sed
3039 2971 3106 3011 ne
3156 2971 3248 3025 per
3299 2956 3508 3025 legatos

1917 3050 2132 3121 quidem
2157 3050 2336 3120 aliqua
2365 3036 2569 3119 gravia,
2599 3048 2703 3104 nisi
2732 3047 2874 3118 quod
2908 3055 3117 3102 tantum
3140 3046 3429 3117 aliquantis
3455 3044 3507 3099 in

1920 3144 2054 3199 locis
2097 3141 2412 3213 prmcogttiti
2452 3143 2562 3196 cito
2610 3143 2850 3212 gentium
2903 3149 3144 3194 tummes
3177 3140 3508 3208 Comprime-

207 3240 484 3314 ptoribus,
513 3241 535 3272 ⁹
558 3238 701 3294 trudi
725 3240 868 3295 Urbe
892 3238 1240 3309 praeceperit.
1266 3237 1344 3292 lta
1373 3246 1638 3309 peccante
1663 3237 1812 3307 prin-
1839 3227 1886 3292 C
1918 3239 2135 3295 bantur.
2170 3236 2317 3293 Sane
2344 3247 2541 3307 quarto
2570 3235 2783 3305 imperii
2812 3234 2930 3304 ejus
2959 3250 3102 3287 anno
3126 3231 3509 3296 Germanicus,

206 3335 331 3404 cipe
358 3332 413 3389 in
436 3340 684 3389 sanctum
708 3331 831 3395 Dei,
864 3341 918 3386 et
945 3340 1204 3401 correpto
1232 3346 1329 3402 per
1350 3329 1547 3385 famem
1580 3328 1800 3399 populo,

208 3428 572 3500 quantitatem
629 3424 943 3482 oli‘ensionis
987 3425 1222 3496 qualitas
1265 3424 1487 3480 ultionis
1538 3422 1800 3479 ostendit.

210 3522 257 3556 ¹⁰
285 3520 511 3587 Deinde,
531 3528 592 3575 ιιι
604 3519 781 3575 verbis
802 3518 1225 3575 Cornelii'l‘aciti
1243 3521 1281 3550 ¹¹
1307 3519 1520 3591 loquar,
1553 3534 1672 3573 sene
1700 3517 1805 3571 Au-

208 3625 359 3691 gusto
388 3613 558 3670 Janus
589 3613 903 3687 patefactus,
931 3612 1057 3667 dum
1079 3614 1221 3681 apud
1252 3623 1506 3667 extremos
1547 3621 1803 3665 terrarum

205 3710 452 3766 terminos
480 3725 626 3765 nova:
650 3717 823 3781 gentes
846 3723 983 3779 saepe
1009 3723 1078 3761 ea:
1108 3723 1229 3771 usu,
1270 3716 1320 3759 et
1363 3704 1653 3776 aliquando
1684 3721 1803 3757 cum

206 3805 402 3860 damno
426 3812 755 3873 quaruntur,
783 3816 944 3871 usque
969 3800 1038 3854 ad
1078 3796 1386 3870 Vespasiani
1415 3798 1622 3852 duravit
1647 3798 1811 3866 impe-

204 3898 366 3954 rium.
406 3897 700 3968 ﬂuensque
736 3893 1049 3952 Cornelius.
1084 3891 1359 3949 Caeterum
1390 3899 1446 3947 et
1486 3898 1618 3946 tunc
1650 3891 1692 3922 ¹²
1718 3904 1809 3945 ca-

206 4001 303 4067 pta
325 4007 624 4065 eversaque
645 3990 780 4048 urbe
818 3987 1342 4059 Hierosolymorum,
1367 3985 1509 4040 sicut
1531 3984 1809 4055 pr0phetze

204 4078 734 4161 praenuntiaverunt,
770 4081 1169 4152 exstinctisque
1208 4077 1443 4149 Judaeis,
1493 4076 1689 4144 Titus,
1713 4077 1805 4148 qui

1918 3330 2077 3387 Drusi
2122 3330 2265 3385 illius
2295 3371 2308 3395 ,
2340 3326 2599 3399 Caligula:
2631 3336 2807 3397 pater,
2836 3325 2904 3380 de
2940 3325 3249 3389 Germanis,
3279 3325 3345 3379 ad
3374 3340 3512 3393 quos

1918 3423 1987 3479 ab
2033 3422 2276 3493 Augusto
2317 3436 2449 3476 sene
2497 3419 2697 3475 missus
2751 3421 2950 3483 fuerat,
2978 3417 3350 3497 triumphavit.
3388 3416 3513 3488 Ipse

1917 3523 2098 3569 autem
2128 3512 2382 3568 Tiberius
2411 3511 2641 3582 plurima
2672 3509 2888 3579 imperii
2922 3509 3006 3563 sui
3048 3518 3223 3579 parte.
3256 3522 3379 3563 cum
3404 3522 3513 3563 ma-

1914 3621 2017 3677 gna
2060 3614 2116 3661 et
2150 3606 2302 3675 gravi
2353 3603 2618 3659 modestia
2665 3602 2982 3672 reipublicae
3024 3601 3261 3671 praefuit,
3288 3599 3424 3655 adeo
3450 3610 3512 3655 ut

1915 3696 2238 3770 quibusdam
2288 3695 2608 3767 prazsidibus
2659 3694 2908 3765 augendi
2965 3692 3255 3762 provinciis
3304 3693 3504 3747 tributa

1912 3788 2271 3846 suadentibus
2291 3787 2593 3856 scripserit,
2627 3784 2762 3840 Boni
2792 3785 3015 3856 pastoris
3041 3800 3154 3839 esse
3186 3785 3396 3838 tondere
3414 3801 3505 3853 pe-

1910 3902 2027 3951 cus,
2054 3886 2074 3915 ’
2097 3900 2202 3939 non
2224 3880 2520 3954 deglubere.
2568 3880 2639 3934 At
2669 3888 2955 3949 postquam
3005 3892 3196 3947 passus
3223 3886 3309 3933 est
3341 3876 3363 3907 ³
3391 3876 3502 3931 Do-

1912 3977 2093 4034 minus
2120 3973 2398 4039 Christus,
2429 3981 2594 4041 atque
2640 3986 2669 4024 a
2702 3972 2932 4025 mortuis
2971 3969 3292 4033 resurrexit,
3317 3977 3372 4023 et
3400 3967 3506 4024 dis-

1909 4072 2124 4146 cipulos
2173 4083 2303 4127 suos
2340 4066 2407 4123 ad
2454 4060 2855 4136 prmdicanddiii
2908 4062 2927 4094 ⁵
2960 4061 3188 4129 dimisit,
3221 4062 3241 4093 ⁸
3271 4061 3499 4132 Pilatus,

1505 4304 1958 4369 HAVERCAMPI
1996 4300 2229 4361 NOTE.

278 4501 336 4559 5.
371 4497 754 4557 Subsecuturis.
812 4455 949 4553 Edd.
983 4492 1252 4565 quaedam,
1277 4489 1547 4547 secuturis.

278 4557 334 4628 ι.
376 4568 850 4627 Persecutionibus.
901 4557 1073 4638 Lugd.
1116 4557 1258 4620 Batt'.
1306 4572 1441 4629 tres,
1486 4574 1608 4616 eum
1658 4557 1794 4612 Coll.

202 4643 445 4714 Gronov.
478 4642 533 4697 in
562 4641 933 4714 persecutione,
957 4652 1129 4714 quam,
1155 4646 1262 4692 etc.

278 4694 455 4771 sip.
482 4694 810 4788 senatus.
828 4694 983 4788 ...ξς
1011 4694 1309 4788 Ροείιειηιι
1328 4704 1511 4788 «at.
1539 4694 1661 4758 cod.
1693 4702 1799 4785 ιτε-

201 4786 384 4870 ῐὶξοιι.
410 4774 522 4843 non
544 4792 792 4856 apparet.
825 4780 1058 4854 Quidam
1087 4792 1219 4836 mss.
1263 4787 1319 4834 et
1339 4775 1491 4843 edd.,
1523 4791 1557 4828 (ι
1581 4774 1790 4845 passio-
1826 4795 1877 4855 ί)

201 4857 377 4914 nibus.

199 4955 211 4977 ι
277 4928 331 4999 6.
373 4929 536 4986 Hinc.
598 4926 770 4999 Lugd.
804 4926 923 4999 Dat.
977 4932 1105 4999 tert.
1152 4924 1259 4991 hic,
1308 4929 1366 4975 ut
1407 4918 1475 4974 ad
1519 4916 1795 4972 Christum

200 4998 505 5078 referatur,
529 4996 704 5078 atque
721 5012 846 5078 mox
870 4997 1068 5078 iterum
1093 4996 1146 5050 in
1161 5008 1325 5078 seqq.
1395 5060 1463 5078 m-

274 5070 331 5127 7.
370 5058 519 5129 Sicut
547 5058 851 5127 suetonius.
881 5067 939 5122 ln
966 5069 1214 5132 Augusto
1239 5058 1358 5132 cap.
1395 5060 1486 5132 95.
1522 5058 1684 5112 FABB.

274 5141 333 5199 8.
372 5141 527 5210 Quod
552 5143 857 5214 Augustus,_
885 5148 1000 5214 etc.
1046 5130 1146 5193 Ed.
1192 5149 1277 5205 pr.
1307 5130 1383 5188 'et
1411 5130 1561 5214 illam
1591 5136 1793 5184 secuta:

198 5208 450 5285 Veneta},
481 5208 687 5285 legunt,
715 5208 867 5285 qu_od_
885 5218 951 5285 ut
967 5208 1232 5285 Augustus
1263 5208 1539 5285 contr-ierit.

274 5269 343 5341 9.
373 5269 891 5340 TrudivUrb'efCod.
918 5269 1194 5339 Periion.,
1226 5269 1433 5330 extrudi
1462 5269 1620 5328 Urbe.

274 5354 366 5412 10.
390 5355 614 5423 Deinde,
636 5362 741 5423 etc.
770 5350 1011 5423 consule
1033 5349 1273 5419 Lipsium
1297 5359 1332 5400 ιι
1358 5345 1541 5414 Antiq.
1571 5341 1715 5396 Lect.
1735 5341 1790 5395 8.

274 5425 366 5498 ll.
398 5420 627 5498 Loquar.
659 5422 793 5498 Cod:
828 5420 1108 5498 Perizon.,
1131 5429 1266 5472 utar.

272 5496 366 5553 12.
410 5485 740 5568 Capta_,_ete.
768 5493 914 5568 Lege
941 5485 1225 5568 i_nfra_ca_p.
1263 5489 1318 5544 9.
1365 5485 1533 5541 FABR.

275 5567 365 5623 15.
394 5554 525 5624 Cum
570 5554 911 5637 Vespasiano
947 5561 1119 5634 Lugd.
1148 5554 1268 5617 But.
1294 5572 1432 5625 sec.,
1474 5555 1567 5611 sub
1597 5554 1797 5624 Vespa-

196 5643 378 5701 siano.
1042 5696 1048 5702 .

274 5709 366 5768 ﬂ.
402 5707 473 5764 In
497 5723 699 5764 summa
719 5703 1113 5779 tranquillitate.
1132 5703 1267 5760 Cod.
1294 5701 1570 5766 Perizon.,
1595 5712 1798 5753 summa

195 5780 595 5853 tranquillitate.
666 5851 684 5853 Α
706 5851 716 5853 Α
1682 5849 1693 5853 Α
1782 5812 1793 5817 -

271 5849 366 5916 15.
403 5853 633 5912 Velaret.
662 5851 719 5911 ld
749 5861 856 5917 est,
889 5858 1116 5921 tegeret,
1143 5855 1387 5917 ornaret,
1412 5849 1720 5906 eoronaret.

435 5949 712 6015 ΡΔτιιοι..
797 5946 923 6009 XX
936 5944 1042 6006 XI.

1975 4483 2066 4539 16.
2104 4481 2176 4534 De
2207 4478 2535 4533 conclusione
2554 4486 2861 4549 temporum.
2890 4477 3123 4549 ltamss.
3156 4486 3209 4531 et
3232 4476 3359 4533 edd.
3386 4494 3500 4536 me-

1903 4555 2097 4619 liores;
2130 4552 2220 4607 alii
2249 4552 2312 4605 de
2352 4548 2718 4621 conjunctione
2745 4550 2829 4621 vel
2859 4548 3155 4621 conditione
3183 4559 3491 4621 temporum.

1979 4626 2065 4681 l7.
2103 4624 2192 4683 Sic
2219 4623 2312 4677 ait.
2341 4619 2470 4676 Mss.
2509 4619 2731 4689 quidam
2759 4620 2892 4674 inter
2911 4628 3093 4674 cratera
3124 4619 3293 4674 dixit.
3317 4620 3493 4679 Verba

1904 4705 2119 4755 exstant
2151 4696 2203 4748 in
2237 4694 2441 4760 Evang.
2472 4689 2709 4744 Matthxi
2737 4705 2857 4760 cap.
2893 4707 3038 4746 xxrv.

1976 4770 2064 4823 18.
2100 4765 2228 4820 Hau:
2254 4764 2386 4833 ﬁeri.
2420 4762 2836 4834 Qumdatngedd.
2872 4762 3201 4817 inlerserunt
3244 4763 3490 4834 primum.

1978 4839 2066 4895 l9.
2092 4831 2362 4893 Gentibus.
2388 4834 2556 4888 Abest
2586 4849 2614 4886 a
2646 4831 2886 4888 Florent.
2912 4848 3025 4887 scc.

1974 4909 2107 4965 Car.
2140 4906 2359 4963 lV.-—l.
2398 4903 2634 4958 Tiberius
2666 4902 2860 4957 Catsar.
2888 4903 3090 4959 Tiberii
3115 4905 3276 4958 vitam
3322 4914 3377 4959 et
3406 4919 3494 4960 res

1900 4991 2083 5052 gestas
2116 4979 2204 5034 hic
2243 4975 2827 5052 l)_reviler_per31_l_‘iclas
2857 4975 3076 5052 copiose
3105 4975 3328 5052 habeia
3375 4976 3492 5031 Dio-

1902 5044 1991 5116 ne,
2022 5052 2236 5112 Tacito.
2271 5047 2538 5103 Suetonio
2564 5054 2620 5099 et
2657 5044 2863 5098 Zonara
2900 5046 3220 5112 descriptas.
3246 5044 3413 5101 FABR.

1970 5125 2025 5179 ἓ.
2054 5122 2178 5176 Non
2222 5117 2515 5190 deglubere.
2563 5116 2837 5181 Perizon.,
2896 5133 2998 5170 non
3047 5116 3337 5184 decoriare,
3364 5133 3485 5187 qum

1899 5195 2095 5253 Clossa
2129 5202 2233 5248 est.

1969 5268 2025 5323 5.
2060 5264 2313 5318 Dominus
2351 5258 2609 5316 Christus.
2641 5257 2976 5314 luterserunl
2996 5256 3150 5312 Iesus
3178 5257 3305 5313 edd.
3351 5259 3488 5331 Aug.

1899 5338 2125 5407 aliteque
2154 5351 2215 5390 ex
2245 5332 2459 5407 primis.

1972 5398 2290 5463 L'Dimisi't.
2323 5403 2450 5458 Mss.
2480 5410 2533 5456 et
2563 5398 2689 5455 edd.
2720 5399 2960 5469 quidam,
2987 5401 3145 5455 misit.

1973 5479 2026 5536 5.
2049 5477 2277 5537 Pilatus,
2297 5489 2502 5544 praeses.
2530 5472 2605 5544 De
2628 5471 2820 5544 Pontio
2842 5471 3014 5527 Pilato
3032 5471 3331 5526 Palaestinae
3359 5489 3497 5541 prtu-

1903 5551 2043 5619 side,
2085 5542 2321 5620 ejusque
2360 5545 2523 5620 reb_u_s
2555 5543 2673 5620 lege
2710 5542 3003 5620 losephum
3051 5546 3085 5595 I.
3114 5557 3251 5620 xviii
3294 5546 3490 5620 i\_t~.t_iq.

1904 5612 2146 5692 Epistola
2169 5612 2324 5692 Pi'lat_i
2348 5616 2414 5671 ad
2432 5615 2711 5692 Tiberium
2740 5614 2808 5669 de
2837 5617 3257 5692 ltesurrectione
3287 5612 3491 5692 Christi

1905 5684 2084 5749 exstat
2111 5690 2253 5760 apud
2286 5684 3277 5760 Egesippum.Euam—Confer,qua:
3317 5687 3382 5760 at!
3417 5686 3493 5739 si-

1907 5766 2087 5820 milem
2135 5756 2313 5816 locum
2337 5756 2665 5811 Tertulliani
2706 5758 2757 5811 in
2798 5759 3149 5829 ApologetiCo
3176 5774 3295 5825 cap.
3332 5758 3392 5822 Si,
3436 5776 3489 5829 ι).

1905 5838 1972 5894 57
1995 5847 2050 5892 et
2075 5835 2168 5904 58,
2192 5830 2516 5889 notavimus.

2973 5919 3049 5982 δι
