4028 6292
272 314 416 372 1075

1298 307 1770 365 HISTORIARUM
1811 306 2016 364 LIBER
2059 307 2166 363 VII.
2209 307 2361 364 CAP.
2410 307 2491 362 VI.

3334 350 3337 353 γ
3437 304 3578 361 1074

269 427 475 484 Christi
503 468 518 491 ,
568 425 796 480 Romam
833 422 1064 507 venit\et
1088 421 1380 477 salutarem
1409 422 1618 477 cunctis
1647 423 1876 477 creden-
1905 425 1949 483 Λ
1980 421 2133 485 tiam,
2164 421 2583 479 Scribonianum
2616 423 2809 494 quinto
2831 423 3011 477 statim
3038 422 3127 476 die
3146 423 3469 477 destitutum
3498 421 3581 477 in-

271 519 420 576 tibus
466 517 627 573 ﬁdem
673 514 824 572 ﬁdeli
871 516 1040 571 verbo
1085 515 1311 581 docuit,
1375 515 1875 586 potentissimisque

272 612 565 670 virtutibus
606 609 951 680 approbavit.
1011 608 1189 676 Atque
1227 608 1251 639 ‘
1280 609 1404 664 exin
1443 608 1737 665 Christiani
1770 608 1875 664 Bo-

273 722 377 763 mte
419 718 545 761 esse
585 708 891 773 coeperunt.
938 699 1124 758 Sensit
1162 702 1264 756 hoc
1306 702 1566 755 collatum
1610 701 1735 757 ﬁdei
1762 715 1874 756 sua:

268 799 443 855 Roma
476 794 827 853 beneﬁcium.
862 795 884 825 '
922 793 1056 850 Nam
1087 807 1212 849 cum
1242 793 1532 850 interfecto
1573 794 1823 866 Caligula
1851 795 1873 826 ⁸

266 892 436 949 multa
464 891 535 947 de
558 889 879 960 abrogando
921 888 1183 959 imperio.
1217 903 1280 944 ac
1312 889 1590 959 republica
1630 890 1683 944 in
1721 890 1869 944 anti-

265 1000 433 1056 quum
475 983 723 1039 ordinem
760 981 1104 1038 restituenda
1146 980 1167 1011 ⁷
1200 981 1612 1051 evertendaqne
1654 982 1869 1051 penitus

262 1077 545 1134 Cassarum
577 1076 834 1131 universa
862 1074 1065 1131 familia
1104 1083 1328 1130 senatus
1372 1084 1429 1131 et
1467 1077 1724 1131 consules
1765 1076 1862 1133 de-

263 1172 594 1238 crevissent,
617 1167 881 1225 Claudius
909 1184 1055 1233 mox,
1085 1177 1147 1224 ut
1172 1168 1518 1225 conﬁrmavit
1549 1168 1863 1239 imperium,

266 1277 461 1334 magna
490 1271 653 1331 atque
679 1262 702 1293 ⁸
726 1259 905 1316 adhuc
934 1260 1125 1316 Ilomte
1154 1260 1428 1331 incognita
1461 1276 1593 1316 usus
1619 1261 1866 1316 clemen-

269 1356 368 1421 tia,
420 1370 489 1412 ne
521 1354 576 1411 in
622 1363 829 1411 tantam
876 1354 1136 1409 nobilium
1176 1353 1581 1409 multitudinem
1604 1353 1742 1409 ultio
1768 1396 1783 1420 ,
1817 1352 1863 1408 si

262 1458 414 1506 esset
440 1457 643 1520 coepta,
670 1448 892 1504 saeviret
923 1465 938 1514 ;
964 1451 988 1481 θ
1015 1447 1240 1503 biduum
1263 1447 1419 1518 illud,
1445 1462 1554 1517 quo
1583 1447 1651 1503 de
1683 1448 1865 1518 reipu-

188 1566 191 1569 λ
260 1540 425 1597 blicaa
454 1548 603 1597 statu
626 1538 922 1596 infeliciter
948 1540 1311 1595 consultatum
1344 1550 1634 1610 actumque
1662 1540 1857 1608 fuerat,

259 1632 543 1689 memoria:
573 1631 805 1698 exemit,
843 1634 1194 1701 omniumque
1226 1629 1492 1687 factorum
1522 1631 1861 1689 dictorumve

261 1726 317 1782 in
348 1740 417 1782 eo
443 1726 661 1782 veniam
693 1733 751 1782 et
774 1725 1106 1781 oblivionem
1138 1726 1182 1757 ¹⁰
1213 1728 1266 1780 in
1299 1735 1622 1797 perpetuum
1656 1727 1857 1782 sanxit.

1982 513 2219 581 terfecit,
2270 530 2503 583 seseque
2542 524 2890 571 sacramento
2929 514 3132 587 prioris
3168 513 3375 569 militiae
3402 512 3582 568 conti-

1977 603 2113 660 nuit.
2137 605 2370 661 Tristius
2410 620 2474 661 ac
2506 606 2868 676 perniciosius
2907 605 3030 661 urbi
3060 604 3249 660 Roma:
3288 604 3425 659 nihil
3461 617 3580 658 um-

1974 710 2135 766 quam
2172 696 2363 762 fuisse,
2403 711 2563 766 quam
2613 696 2753 752 bella
2805 696 3013 763 civilia,
3055 698 3184 750 satis
3229 703 3414 749 uotum
3463 685 3574 757 est.

1974 788 2160 861 Itaque
2192 801 2413 860 pr0pter
2446 791 2743 846 adventum
2787 789 3023 860 apostoli
3068 790 3257 862 Petri,
3302 797 3359 844 et
3386 796 3576 844 tenera

1972 882 2411 937 Christianorum
2471 884 2714 953 germina
2773 882 2993 949 vixdum
3043 883 3218 937 adhuc
3279 895 3448 953 pauca
3504 877 3575 935 ad

1971 981 2180 1029 sanctze
2213 973 2337 1029 ﬁdei
2373 974 2415 1004 ¹⁷
2450 972 2850 1043 professionem
2880 973 3245 1042 erumpentia,
3279 971 3421 1028 hanc
3441 984 3577 1028 exo-

1970 1066 2203 1121 rientem
2233 1065 2575 1137 tyrannidem
2604 1106 2618 1130 ,
2647 1070 2704 1120 et
2725 1079 3060 1134 consurgens
3088 1063 3233 1118 istud
3263 1062 3425 1119 civile
3455 1061 3575 1119 bel-

1972 1160 2084 1215 lum
2134 1166 2298 1231 neget
2338 1157 2626 1230 quisquam
2672 1157 2933 1213 divinitus
2989 1172 3111 1213 esse
3151 1155 3574 1227 compressum?

1968 1251 2073 1321 Qui
2101 1249 2392 1321 praeteritis
2420 1250 2755 1321 temporibus
2777 1250 2844 1304 de
2867 1251 3280 1320 compressione
3302 1247 3572 1303 bellorum

1968 1346 2207 1401 civilium
2246 1345 2429 1401 simile
2455 1345 2702 1414 probarit
2731 1344 3063 1414 exemplum.
3094 1343 3355 1399 Claudius
3376 1350 3571 1413 quarto

1966 1438 2182 1509 imperii
2204 1438 2289 1493 sui
2314 1452 2481 1502 anno,
2508 1438 2555 1470 ⁸⁸
2580 1438 2812 1508 cupiens
2832 1452 2893 1493 se
2916 1438 3105 1492 utilem
3138 1437 3575 1507 reipnb..ostcn-

1963 1541 2077 1587 tare
2125 1530 2427 1600 principem
2452 1570 2467 1593 ,
2519 1528 2719 1584 bellum
2750 1527 2947 1598 ubique
2990 1536 3047 1583 et
3080 1528 3362 1582 victoriam
3402 1527 3572 1582 unde-

1960 1639 2193 1696 cumque
2210 1623 2478 1695 qua-sivit.
2500 1621 2695 1693 Itaque
2708 1621 3116 1693 expeditionem
3148 1623 3199 1674 iu
3228 1621 3566 1677 Britanniam

1963 1719 2133 1774 movit
2158 1737 2171 1774 :
2199 1734 2322 1789 qua:
2346 1717 2581 1774 excitata
2605 1718 2659 1772 in
2687 1717 2984 1771 tumultum
3015 1728 3235 1787 propter
3257 1732 3366 1771 non
3382 1717 3423 1750 ¹⁹
3440 1717 3568 1773 red-

260 1820 306 1851 “
354 1819 429 1874 lta
475 1818 624 1873 illam
664 1816 995 1888 praeclaram
1027 1826 1082 1873 et
1123 1815 1390 1873 famosam
1436 1816 1857 1873 Atheniensium
1887 1810 1936 1872 Β
1963 1814 2165 1871 hibitos
2225 1814 2532 1885 transfugas
2554 1813 2879 1879 videbatur;
2910 1821 3368 1884 transvectusque
3400 1812 3454 1868 in
3479 1813 3562 1870 in-

261 1912 614 1980 amnestiam,
639 1926 800 1983 quam
834 1910 1052 1981 quidem
1079 1909 1271 1966 Ronue
1302 1910 1562 1966 inducere
1588 1910 1731 1967 Julio
1752 1909 1862 1968 Cte-

259 2020 386 2062 sare
415 2004 708 2062 interfecto
726 2013 973 2071 senatus,
1003 2003 1272 2060 Cicerone
1301 2004 1586 2072 suadente,
1618 2013 1860 2061 tentave-

261 2102 396 2166 rat,l
419 2100 515 2155 sed
567 2098 807 2154 Antonio
865 2107 921 2153 et
969 2097 1272 2153 Octaviano
1322 2105 1548 2167 propter
1596 2096 1859 2153 ultionem

257 2190 518 2247 exstincti
545 2190 776 2246 Caesaris
797 2188 1248 2259 irrumpentibus,
1274 2189 1328 2244 in
1353 2189 1564 2245 irritum
1588 2198 1857 2245 cesserat:

256 2282 399 2339 hanc
426 2282 706 2344 Claudius.
736 2282 981 2352 quamvis
1012 2283 1057 2314 ι’
1083 2282 1256 2337 multo
1280 2282 1674 2338 truculentiore
1698 2298 1858 2339 causa

257 2372 314 2429 in
344 2374 552 2429 easdem
582 2372 628 2405 ¹⁸
650 2372 1092 2443 θοηειιίηιοιιυπη
1116 2370 1161 2403 ιι
1184 2371 1650 2440 instimularetur,
1684 2372 1862 2429 ultro-

256 2482 357 2524 nea
411 2468 704 2525 clementia
769 2468 921 2523 nullo
970 2477 1265 2538 expetente
1320 2466 1578 2524 ﬁrmavit.
1648 2468 1859 2526 Accidit

260 2562 425 2619 etiam
459 2562 655 2620 eodem
695 2571 945 2635 tempore
972 2563 1262 2633 prmsentis
1300 2564 1488 2634 gratia-
1525 2565 1620 2620 Dei
1648 2566 1857 2637 grande

256 2658 577 2715 miraculum
606 2698 622 2725 ,
651 2657 917 2730 siquidem
946 2657 1142 2713 Furius
1164 2655 1430 2715 Camillus
1445 2657 1853 2728 Scribonianus,

256 2749 544 2805 Dalmatia:
584 2748 819 2821 legatus,
860 2749 1068 2806 bellum
1104 2750 1266 2806 civile
1310 2751 1559 2819 molitus,
1617 2752 1859 2823 legiones

256 2841 465 2898 multas
510 2841 946 2913 furtissimasque
986 2842 1054 2897 ad
1112 2844 1438 2899 sacramenti
1497 2845 1856 2901 mutationem

250 2935 574 3006 pellexerat.
608 2920 795 3005 itaque
826 2934 871 2965 “
892 2932 980 2991 die
1008 2934 1175 3001 dicto,
1202 2945 1260 2989 ut
1291 2938 1344 2991 in
1376 2951 1541 2991 unum
1571 2936 1738 3011 468
1759 2954 1857 2993 uu-

251 3029 416 3101 dique
449 3028 517 3083 ad
546 3043 746 3084 novum
775 3028 1159 3098 imperatorem
1210 3031 1631 3099 conveniretur,
1673 3033 1719 3064 ¹⁶
1758 3050 1852 3090 ne-

252 3135 361 3192 que
382 3120 576 3191 aquilae
595 3119 804 3187 ornari,
824 3135 999 3192 neque
1020 3121 1254 3177 convelli
1273 3124 1664 3194 quoquomodo
1676 3126 1851 3195 signa,

1964 1910 2139 1964 snlam
2186 1917 2301 1975 est,
2331 1922 2495 1981 quam
2533 1922 2711 1980 neque
2739 1917 2865 1963 ante
2888 1908 3094 1963 Julium
3126 1907 3398 1965 Caesarem
3420 1950 3437 1975 ,
3470 1924 3572 1966 ne—

1961 2016 2070 2071 que
2102 2011 2225 2072 post
2256 2016 2379 2057 eum
2411 2001 2694 2071 quisquam
2728 2000 2882 2056 adire
2914 2016 3077 2057 ausus
3111 2000 3309 2058 fuerat.
3352 2002 3564 2073 Ibique,

1962 2094 2009 2126 ’°
2058 2101 2117 2149 ut
2155 2093 2340 2148 verbis
2386 2092 2633 2149 Suetonii
2679 2092 2978 2163 Tranquilli
3023 2095 3235 2165 loquar,
3285 2094 3403 2165 siqe
3445 2094 3561 2152 ullo

1963 2187 2153 2259 prtelio
2176 2201 2242 2243 ac
2277 2186 2545 2258 sanguine
2571 2187 2712 2243 intra
2740 2186 3096 2257 paucissimos
3130 2187 3248 2244 dies
3269 2187 3561 2259 plurimam

1961 2279 2156 2337 insulae
2183 2289 2395 2351 partem
2424 2281 2480 2335 in
2510 2278 2846 2335 deditionem
2876 2280 3105 2351 recepit.
3133 2282 3373 2337 Orcadas
3395 2282 3561 2337 etiam

1962 2374 2171 2431 insulas
2197 2374 2340 2428 ultra
2366 2373 2703 2428 Britanniam
2731 2374 2784 2429 in
2810 2373 3030 2429 Oceano
3063 2375 3289 2443 positas,
3315 2374 3563 2431 Romano

1961 2466 2161 2538 adjecit
2182 2465 2436 2536 imperio,
2468 2479 2534 2521 ac
2561 2473 2719 2522 sexto
2744 2480 2907 2536 quam
2933 2466 3207 2535 profectus
3223 2477 3341 2522 erat
3371 2481 3563 2524 mense

1960 2557 2190 2614 Romam
2218 2557 2403 2613 rediit.
2433 2554 2757 2629 Conferatur
2782 2572 2922 2612 nunc
2944 2602 2957 2625 ,
2988 2557 3035 2611 si
3067 2558 3322 2628 cuiquam
3358 2558 3556 2627 placet,

1961 2652 2007 2703 ιι,
2058 2651 2160 2707 sub
2203 2634 2309 2705 una
2359 2649 2556 2715 insula,
2618 2658 2831 2720 tempus
2870 2659 2925 2702 et
2972 2658 3205 2719 tempus,
3256 2650 3460 2706 bellum
3506 2660 3563 2707 et

1962 2744 2197 2810 bellum,
2228 2742 2396 2815 £89
2433 2741 2615 2798 Cursor
2645 2749 2701 2797 et
2727 2740 2932 2796 Cmsar.
2963 2740 3093 2795 Nam
3127 2741 3194 2795 de
3217 2741 3323 2795 fine
3345 2741 3390 2772 ’ί
3421 2740 3562 2796 nihil

1961 2835 2217 2894 confero:
2241 2834 2499 2906 quoniam
2525 2830 2627 2888 huc
2640 2832 2954 2889 felicissima
2979 2834 3228 2900 victoria,
3251 2832 3381 2888 illud
3409 2849 3565 2890 acer-

1959 2933 2183 2991 bissima
2210 2930 2396 2987 clades
2424 2928 2555 2984 fuit:
2590 2936 2644 2984 et
2675 2928 2757 2981 sic
2786 2928 3004 2983 demum
3035 2927 3204 2983 Roma
3238 2937 3554 2999 cognoscat,

1961 3042 2059 3100 per
2087 3027 2205 3098 ejus
2224 3027 2484 3081 latentem
2511 3022 2916 3092 providentiam
2946 3020 2992 3053 ’³
3020 3021 3075 3075 in
3101 3019 3368 3091 augendis
3396 3022 3563 3077 rebus

1960 3129 2118 3176 antea
2149 3134 2211 3175 se
2240 3126 2461 3200 partem.
2477 3113 2751 3172 felicitatis
2782 3113 3061 3180 habuisse,
3091 3111 3250 3182 cujus
3280 3111 3562 3183 agnitione

252 3212 542 3270 moverive
584 3222 900 3283 potuerunt.
944 3212 1234 3269 Exercitus
1266 3221 1414 3270 tanta
1443 3224 1502 3271 et
1541 3224 1649 3271 tam
1678 3216 1855 3272 inusi-
1879 3199 1927 3263 C
1962 3221 2249 3283 suscepta,
2279 3208 2599 3281 plenissima
2638 3205 2902 3263 felicitate
2944 3203 3264 3277 perfruitur,
3299 3205 3353 3260 in
3381 3219 3558 3275 quan-

251 3314 363 3362 tata
395 3305 642 3362 miraculi
678 3303 787 3361 ﬁde
819 3315 1002 3361 motus
1027 3346 1041 3370 ,
1070 3315 1127 3362 et
1152 3320 1455 3363 conversus
1485 3307 1539 3364 in
1575 3308 1851 3380 pteniten-

1965 3317 2079 3364 tum
2125 3320 2233 3362 non
2280 3314 2461 3360 tamen
2497 3302 2958 3371 blasphemiarum
2987 3294 3333 3361 oﬁ'endiculis
3362 3299 3561 3372 depra—

1564 3507 1948 3567 HAVERCAM
1957 3509 2020 3568 PI
2057 3506 2291 3567 NOTE.

326 3686 383 3742 4.
413 3683 573 3756 Exin.
608 3683 739 3741 Mss.
771 3684 947 3756 Lugd.
977 3685 1150 3754 Batt.,
1179 3685 1357 3741 etiam.

325 3757 376 3813 5.
605 3756 733 3829 Mss.
763 3756 936 3829 Lugd.
964 3758 1102 3829 Batt.
1132 3772 1240 3826 pr.,
1263 3758 1403 3829 jam.

326 3829 391 3900 Β.
416 3826 612 3881 Multa.
655 3827 785 3900 Mss.
819 3826 944 3883 edd.
972 3827 1194 3900 quidam
1237 3826 1423 3899 inepte
1448 3829 1659 3886 addunt
1686 3831 1847 3897 mala,

248 3898 396 3982 quod
421 3912 485 3955 ex
520 3900 666 3955 varia
698 3899 935 3955 lectione
962 3898 1018 3956 et
1040 3899 1307 3956 afﬁnitate
1334 3898 1460 3956 cum
1492 3902 1690 3967 multa,
1725 3918 1850 3972 pro-

249 3980 425 4027 venit.
1425 3986 1436 3997 '

325 4044 379 4097 7.
416 4039 827 4112 Evertendaque.
860 4040 1105 4114 Florent.
1149 4056 1298 4109 sec.,
1332 4043 1684 4114 verendaque,
1727 4058 1848 4111 quae

248 4123 509 4184 corrupta
543 4114 810 4183 scriptura
839 4119 924 4168 est
950 4112 1101 4168 verbi
1120 4113 1526 4181 everrendaque,
1545 4112 1713 4186 quod,
1737 4114 1847 4170 for-

249 4185 394 4240 sitan
423 4184 565 4239 haud
603 4200 767 4240 vane.
798 4183 853 4239 in
885 4184 1008 4240 cod.
1042 4184 1398 4240 Perizoniano
1424 4186 1629 4240 inveni.

249 4200 394 4241 Sllan
423 4200 565 4239 nauu
603 4200 767 4250 vane,
798 4200 853 4239 ιη
885 4200 1008 4240 000.
1042 4200 1398 4241 l’CTlZOﬂlallO
1424 4201 1629 4241 Inveni.

324 4256 381 4311 8.
416 4256 601 4328 Adhuc
640 4255 841 4328 Romae.
880 4254 937 4310 ln
970 4254 1210 4310 Florent.
1249 4270 1363 4311 sec.
1395 4254 1842 4328 superscribitur,

249 4322 444 4393 Forte,
478 4327 546 4381 ad
575 4326 672 4380 hoc
716 4325 910 4381 Romae.

323 4396 379 4453 9.
410 4397 642 4451 Biduum
667 4396 818 4451 illud.
850 4397 947 4451 llic
970 4397 1119 4451 locus
1148 4397 1223 4451 ita
1247 4408 1397 4453 recte
1428 4398 1444 4452 l

248 4467 546 4537 nuscriptis
569 4509 586 4533 ,
607 4477 668 4523 ut
694 4469 1042 4537 cognoscitur
1064 4483 1132 4523 ex
1181 4466 1428 4524 Suetonii

1518 4399 1628 4453 itur
1651 4398 1703 4453 in
1732 4414 1847 4453 ma-

1513 4469 1693 4525 laudio
1721 4484 1841 4538 cap.

138 4536 173 4553 ⁶
249 4541 308 4595 1.
341 4536 508 4594 run.
529 4569 603 4581 —
621 4536 889 4593 Iudicium
914 4538 1067 4606 illud,
1096 4548 1202 4594 etc.
1231 4539 1396 4605 Olim,
1430 4540 1644 4594 biduum
1669 4536 1803 4595 illud
1827 4557 1845 4594 :

248 4609 349 4666 sed
388 4610 649 4666 Venetam
689 4609 827 4665 hanc
870 4610 1267 4667 restitutionem
1302 4613 1563 4681 proba’ut,
1607 4627 1728 4681 qua:
1755 4626 1846 4667 se-

249 4689 493 4754 quuntur
521 4681 665 4737 illico
700 4700 713 4735 :
744 4682 1074 4753 omniumque
1098 4686 1378 4754 factorum,
1412 4685 1765 4754 dictorumque
1790 4686 1845 4737 in

250 4767 315 4808 eo
334 4753 536 4807 veniam
561 4761 611 4808 et
658 4754 958 4809 oblivionem
985 4752 1182 4807 sanxit.
1208 4753 1378 4809 Laur.
1401 4785 1470 4794 —
1499 4752 1557 4808 In
1586 4752 1844 4808 omnibus

249 4834 481 4895 l_nss.rut
505 4833 561 4881 et
585 4825 672 4882 ed.
704 4825 933 4895 August.
958 4833 1046 4879 est
1073 4824 1306 4889 biduum,
1340 4834 1400 4880 ut
1429 4834 1579 4881 recte
1606 4823 1845 4879 restituit

248 4893 581 4968 Fabricius;
604 4893 868 4968 judicium
896 4897 1090 4968 merito
1120 4896 1402 4950 desideres
1440 4896 1493 4950 in
1532 4898 1629 4965 iis,
1658 4897 1748 4964 qui
1776 4911 1843 4951 ex

246 4965 433 5037 pravis
462 4965 622 5037 editt.
653 4979 953 5036 recoquunt
974 4966 1257 5037 judirium.

323 5037 412 5091 10.
463 5035 529 5091 In
582 5034 907 5108 perpetuum.
948 5034 1084 5090 'Mss.
1131 5036 1304 5106 Lugd.
1349 5035 1493 5108 Ball.
1535 5050 1661 5108 cum
1705 5034 1846 5091 Coll.

248 5106 490 5181 Gronov.
520 5106 992 5181 inmatarum,“
1035 5109 1238 5176 glossa,
1268 5106 1428 5161 sicuti
1461 5106 1513 5160 in
1539 5106 1733 5161 iisdem
1761 5121 1852 5161 su-

246 5193 346 5250 pra
372 5178 560 5250 delevit
581 5178 720 5246 ,‘pro
748 5178 954 5250 exeruit.

323 5249 412 5303 11.
440 5248 529 5303 Ita
557 5245 726 5303 illam.
761 5249 891 5304 Mss.
919 5248 1163 5313 quidam,
1190 5248 1263 5300 ita
1294 5259 1338 5300 et
1364 5245 1532 5300 illam.

320 5320 410 5373 12.
438 5320 628 5390 Multo.
661 5322 829 5373 Abest
853 5334 883 5373 a
916 5319 1086 5390 Lugd.
1114 5318 1254 5371 Ball.
1285 5332 1365 5387 pr.
1399 5326 1455 5372 et
1482 5325 1611 5372 tert.
1635 5324 1797 5389 atque
1823 5336 1852 5375 a

242 5388 389 5445 Coll.
417 5389 660 5446 Gronov.

320 5464 411 5543 t_
443 5460 899 5543 Conspirdtontin.
938 5458 1078 5543 (ξοδ.
1103 5458 1396 5543 .l’eri‘zonq
1434 5462 1846 5543 conjuratorum.

320 5531 412 5586 M.
456 5529 909 5585 Instimularetur.
953 5529 1136 5585 Orosii
1177 5529 1393 5585 videtur
1433 5529 1557 5585 esse
1598 5529 1851 5597 verbum,

240 5601 392 5676 quod
424 5616 489 5657 ex
535 5615 667 5656 mss.
711 5614 985 5657 consensu
1023 5600 1264 5657 restitui.
1312 5601 1524 5673 Vulgg.,
1551 5598 1851 5655 stimulare-

250 5686 361 5733 tur.

320 5744 414 5800 15.
443 5741 543 5798 Die
562 5743 722 5799 dicto.
746 5742 1023 5809 Perizon.,
1050 5743 1137 5800 die
1163 5744 1308 5801 dato.
1482 5753 1491 5791 ι

318 5817 410 5872 16.
443 5814 627 5889 Neque
654 5816 844 5888 aquila:
872 5815 1074 5873 ornari.
1104 5817 1258 5890 Apud
1290 5818 1523 5875 Sueten.
1542 5814 1599 5872 in
1627 5810 1856 5870 Claudio

1959 3704 2081 3760 cap.
2113 3691 2205 3747 15.
2247 3687 2642 3764 neque_aquila_
2676 3689 2858 3764 ornari
2899 3686 3116 3764 legitur.
3167 3687 3269 3745 Ubi
3300 3692 3514 3764 aquilas
3539 3739 3555 3764 ,

1963 3756 2194 3817 numero
2240 3756 2467 3829 plurali,
2492 3756 2644 3829 apud
2675 3756 2926 3814 Orosium
2960 3756 3064 3829 legi
3103 3768 3257 3813 nutat
3286 3756 3558 3818 Ca'usaub'.

1959 3843 2221 3904 rOgatque
2257 3846 2323 3885 an
2354 3845 2544 3904 omnes
2587 3829 2786 3904 aquilae
2812 3829 2866 3882 in
2895 3830 2999 3883 hoc
3026 3837 3244 3904 ostento
3273 3833 3559 3901 conspira-

1958 3900 2182 3958 verint"!
2201 3915 2395 3969 rogare
2421 3900 2656 3955 vicissim
2686 3913 2929 3969 possum,
2956 3913 3023 3953 an
3045 3900 3478 3969 conspiraverint
3498 3904 3555 3959 in

1958 3974 2151 4030 eodem
2178 3968 2393 4029 ostento
2416 4010 2432 4036 ,
2463 3984 2559 4025 seu
2584 3971 2765 4040 potius
2791 3968 2982 4026 eadem
3012 3968 3229 4038 fraude,
3254 3969 3408 4041 signa
3437 3989 3554 4029 om-

1960 4044 2047 4099 nia
2073 4045 2099 4099 τ

2030 4115 2119 4169 17.
2179 4112 2588 4182 Professionem.
2643 4110 2717 4165 Ita
2764 4111 2826 4182 in»
2863 4109 3058 4182 Colon.
3107 4108 3314 4178 inveni,
3352 4122 3409 4169 et
3446 4130 3555 4170 non

1956 4186 2200 4257 ambigo,
2223 4180 2352 4255 quin
2376 4182 2604 4238 Orosius
2627 4182 2701 4236 ita
2722 4180 3023 4249 scripserit,
3051 4195 3149 4250 pro
3165 4185 3554 4254 profectionem.

1956 4261 2130 4316 Laur.

1952 4338 1956 4342 ·
2032 4329 2120 4384 18.
2150 4327 2376 4397 Cupiens
2401 4342 2456 4380 se
2477 4324 2673 4397 utilem.
2700 4321 3079 4397 Mssaquidam
3110 4323 3317 4395 legunt,
3342 4327 3556 4396 cupiens

1958 4402 2133 4456 utilem
2158 4393 2456 4467 reipublij
2479 4394 2745 4467 ostendere
2770 4393 3081 4467 principem.

2032 4472 2119 4527 l9.
2148 4465 2472 4524 Redhibitos.
2503 4466 2825 4539 [lectissime
2846 4465 3039 4521 Colon.
3064 4476 3117 4539 et
3140 4465 3436 4539 Maternus,
3455 4483 3557 4539 pro

1953 4543 2204 4597 redditos.
2234 4541 2305 4595 At
2336 4542 2428 4609 qui
2465 4540 2569 4592 hoc
2601 4537 2822 4609 verbum
2856 4538 3245 4609 nonrecipiet,
3293 4537 3552 4609 illum;ad

1948 4596 2377 4739 jugisconsultos
2405 4609 2610 4680 relego.
2641 4607 2815 4663 Laur.
2840 4608 3073 4663 —ldem
3104 4596 3156 4663 i'n
3190 4596 3324 4663 mss.
3362 4596 3554 4667 melio-

1953 4700 1999 4739 ﬂ
2043 4698 2106 4738 us
2139 4698 2343 4737 inveni.

1953 4698 2106 4740 I'IDIIS
2139 4698 2343 4737 inveni.

2021 4756 2113 4811 20.
2151 4752 2218 4808 Ut
2245 4752 2411 4807 verbis
2455 4750 2715 4807 Suetonii.
2748 4748 2975 4806 Sueton.
3007 4749 3060 4804 in
3099 4749 3328 4805 Claudio
3356 4767 3407 4806 c.
3456 4753 3545 4809 17.

1950 4824 2118 4881 Fusa.
2154 4854 2225 4865 --
2254 4823 2516 4894 Copulam
2566 4823 2619 4875 in
2670 4830 3085 4892 transvectusque
3124 4836 3257 4878 mss.
3305 4823 3551 4894 plerique

1950 4897 2161 4953 delent.

1872 4960 1927 5021 D
2023 4970 2112 5023 21.
2148 4965 2259 5022 Sub
2291 4982 2393 5020 una
2426 4963 2622 5018 insula.
2662 4963 2717 5015 In
2748 4970 2980 5030 quatuor
3021 4977 3150 5017 mss.
3187 4963 3328 5018 hanc
3358 4966 3547 5020 inveni

1954 5038 2269 5099 lectionem,
2320 5036 2563 5091 Florent.
2611 5032 2849 5099 duobus,
2891 5033 3060 5099 Ultr.,
3094 5034 3212 5089 Men
3252 5043 3309 5090 et
3338 5035 3556 5091 Perizo-

1954 5111 2138 5166 niano.
2174 5108 2363 5177 Vulgg.
2395 5122 2622 5177 omnes,
2646 5103 2823 5156 insula
2847 5104 3116 5177 etinauia,
3146 5105 3291 5177 quod
3330 5120 3554 5175 prorsus

1956 5180 2201 5249 ineptum
2232 5174 2335 5235 est:
2364 5176 2503 5249 Nam
2543 5176 2613 5231 de
2641 5190 2744 5249 una
2776 5175 2893 5249 agit
2916 5174 3092 5249 insula
3112 5175 3463 5249 ‘Britannia,
3497 5178 3551 5232 in

1956 5244 2062 5322 qua
2106 5251 2310 5322 primus
2346 5247 2559 5322 Caesar,
2586 5246 2818 5322 seduno
2852 5245 2970 5300 sine
3007 5244 3188 5322 clade,
3237 5246 3370 5322 dein
3390 5247 3554 5322 Clau-

1958 5315 2118 5383 dius,
2149 5321 2243 5376 sed
2279 5320 2648 5390 prosperrime
2680 5315 2885 5390 bellum
2914 5317 3109 5386 gessit.
3143 5315 3261 5390 Non
3288 5317 3465 5390 igitur
3485 5318 3556 5374 de

1955 5392 2160 5460 insula,
2192 5386 2312 5462 quti-
2339 5386 2576 5459 conferri
2597 5402 2719 5443 cum
2746 5386 2921 5440 insula
2946 5397 3131 5462 queat,
3157 5389 3395 5462 loquitur
3420 5386 3553 5462 Oro-

1962 5464 2110 5529 sius,
2143 5457 2238 5518 sed
2269 5469 2549 5530 comparat
2579 5474 2665 5512 res
2695 5465 2909 5523 gestas,
2951 5464 3007 5530 et
3034 5457 3292 5530 victorias
3311 5498 3327 5530 ,
3358 5460 3555 5527 quibus

1962 5527 2164 5589 Caesari
2208 5534 2262 5587 in
2306 5527 2585 5587 Britannia
2636 5530 2869 5598 palmam
2906 5527 3176 5599 eripuisse
3219 5529 3352 5584 dicit
3389 5532 3553 5585 Clau-

1924 5670 1929 5675 ‘
1962 5606 2133 5660 dium.

1964 5692 1977 5701 ε
2033 5676 2126 5731 22.
2166 5673 2321 5744 Nihil
2369 5673 2604 5741 confero.
2643 5669 2736 5726 Sic
2772 5684 2905 5725 mss.
2959 5668 3143 5740 plures
3181 5681 3237 5728 et
3281 5670 3369 5739 ed.
3412 5671 3549 5744 Aug.

1964 5744 2095 5817 Alii,
2120 5742 2255 5817 nillil
2281 5747 2511 5817 profero.

2034 5810 2125 5871 23.
2171 5813 2237 5870 In
2268 5810 2542 5890 augendis.
2575 5810 2826 5881 Quidam,
2861 5812 3103 5884 agendis.
