2014 3179
220 151 289 180 1079

925 148 1026 177 I‘AULI
1047 147 1160 176 OROSII

1798 149 1872 177 i080

219 214 306 235 torem
322 214 443 236 creatum
453 208 486 235 ab
501 207 621 234 exercitu
637 207 778 240 cognovit,
796 210 866 232 totus
881 204 971 231 animo
985 212 1015 230 ac
1031 206 1054 235 Α
1070 203 1106 230 De
1124 203 1251 238 Hispania
1268 202 1401 238 siquidem
1425 202 1497 230 illico
1510 201 1593 229 Galba
1616 206 1792 229 surrexerat:
1812 210 1872 238 quo

218 261 268 289 spe
298 255 425 281 concidit.
451 254 574 288 (Eumque
603 252 772 280 incredibilia
804 250 1015 286 perturbandre,

217 301 303 328 immo
345 301 509 333 subruendze
545 300 703 335 reipublicae
744 300 812 325 mala
859 299 1015 329 moliretur,

219 347 305 373 hostis
320 354 333 372 a
348 352 441 373 senatu
455 345 655 381 pronuntiatus,
673 350 699 373 et
712 344 967 380 ignominiosissimc
979 344 1018 371 lu-

218 393 311 428 giens,
327 393 361 420 ad
383 397 507 428 quartum
532 393 567 419 ab
593 392 671 420 Urbe.
689 392 805 427 lapidem
835 391 856 406 ¹³
881 398 940 418 sese
961 391 1018 425 ipse

218 438 358 466 interfecit
374 459 382 471 ,
411 443 494 474 atque
521 439 547 466 in
573 446 606 466 eo
629 438 718 466 omnis
753 437 888 465 Caesarum
916 437 1018 464 familia

222 485 244 501 ιδ
258 490 421 520 consumpta
436 490 488 515 est.

462 564 546 601 474
564 564 680 592 CAPUT
701 564 769 591 vin.

222 644 264 672 De
278 644 382 678 Galbae,
400 643 509 671 Othonis
524 651 547 671 et
568 643 665 671 Vitellii
687 644 810 679 imperio,
833 649 856 671 et
884 643 996 671 moribus
1013 664 1020 676 ,

520 684 542 707 et
557 680 726 714 facinoribus.

262 761 270 775 ¹
286 759 365 787 Anno
378 759 412 786 ab
423 759 494 787 Urbe
507 758 616 786 Condita
637 766 782 792 ncccxxtv,
808 759 818 773 ’
847 758 930 786 Galba
952 759 1021 793 apud

224 805 370 840 Hispanias
385 806 525 840 usurpavit
536 805 678 839 imperium
693 814 700 834 ;
715 806 759 840 qui
776 812 837 832 mox
855 810 886 831 ut
909 804 1023 832 Neronis

225 857 340 880 mortem
366 852 521 887 comperit,
544 852 657 879 Romam
683 853 766 879 venit.
783 852 904 889 Cumque
927 862 1023 882 omnes

1070 257 1130 277 mox
1146 257 1291 284 oppresso,
1305 249 1377 277 Otho
1393 249 1487 276 Romae
1498 268 1506 281 ,
1523 247 1647 276 Vitellius
1664 249 1689 275 in
1706 248 1871 282 Germania,

1071 296 1251 330 Vespasianus
1267 297 1291 323 in
1306 296 1382 331 Syria
1399 295 1511 330 imperia
1525 295 1606 322 simul
1622 299 1703 330 atque
1726 303 1801 322 arma
1824 303 1872 322 ra-

1071 347 1196 376 puerunt.
1211 342 1328 369 Probent
1338 350 1404 370 sane
1417 342 1500 369 etiam
1517 341 1593 368 inviti
1621 342 1768 376 potentiam
1790 342 1874 369 simul

1070 393 1097 416 et
1110 389 1280 416 clementiam
1296 388 1354 421 Dei,
1367 389 1412 424 qui
1423 388 1586 416 Christianis
1603 387 1771 422 temporibus
1786 387 1875 416 olYen-

1071 437 1189 468 duntur,
1218 441 1318 469 quanta
1341 435 1484 463 celeritate
1503 439 1639 462 tantorum
1665 434 1790 462 incendia
1814 435 1876 462 bel-

1072 482 1160 509 lorum
1186 485 1213 507 et
1233 482 1347 510 excitata
1370 486 1433 509 sunt
1456 485 1484 509 et
1509 488 1650 516 repressa,
1664 488 1726 508 eum
1739 485 1768 509 et
1788 485 1871 508 antea

1073 530 1193 558 minimis
1217 530 1308 557 causis
1329 536 1434 565 magna:
1452 536 1484 556 ae
1509 528 1643 556 diuturna:
1668 528 1761 557 clades
1787 529 1875 564 agita-

1073 582 1184 610 rentur,
1209 581 1237 604 et
1262 584 1333 603 nunc
1357 575 1465 602 maximi
1490 574 1610 610 undique
1641 574 1650 589 ‘
1677 580 1875 608 concrepantes

1073 630 1232 658 magnorum
1244 623 1376 650 malorum
1386 621 1518 656 fragores.
1536 621 1647 648 minimo
1660 620 1788 656 negotio‘I
1800 621 1876 656 sopi-

1075 673 1178 696 rentur.
1190 668 1250 697 Jam
1262 669 1335 696 enim
1350 672 1408 695 erat
1423 667 1532 700 Romae,
1547 667 1673 702 quamvis
1686 668 1876 701 persecutione

1075 720 1184 747 vexata,
1201 715 1338 747 Ecclesia,
1355 713 1509 749 qnmjudici
1531 713 1653 740 omnium
1667 711 1776 740 Christo
1790 714 1874 740 etiam

1074 761 1155 798 475
1185 771 1232 797 pro
1258 761 1376 789 inimicis
1399 766 1425 788 et
1447 760 1667 795 persecutoribus
1693 760 1875 795 supplicaret.

1077 807 1159 842 Igitur
1175 807 1256 839 Otho,
1272 814 1333 834 cum
1354 805 1438 833 Galba
1454 810 1481 832 et
1497 805 1596 832 Pisone
1610 805 1704 832 Roma:
1723 804 1876 833 interfecus

1077 855 1146 881 inter
1170 853 1301 880 tumultus
1329 852 1473 887 caedesque
1498 851 1641 879 invasisset
1665 851 1822 886 imperium,
1843 858 1875 878 ac

225 899 355 931 avaritia,
369 899 473 926 saevitia
485 920 493 932 ,
512 898 681 934 segnitiaque
707 899 871 933 oll‘enderet,
897 901 1024 928 Pisonem
1041 901 1064 931 B
1079 910 1140 929 mox
1156 906 1277 929 creatum
1294 902 1499 935 imperatorem,
1517 900 1542 927 in
1558 899 1646 927 Gallia
1670 906 1719 933 per
1733 899 1878 927 Germani-

224 945 294 978 sibi,
311 946 429 973 nobilem
441 945 657 981 industriumque
669 946 887 980 adolescentem,
901 948 926 974 in
942 948 1024 975 lilium

226 995 308 1025 atque
325 991 351 1018 in
363 999 475 1025 regnum
490 991 645 1026 adoptavit:
661 1000 722 1020 cum
735 1000 788 1027 quo
802 993 917 1028 septimo
933 1002 1026 1022 mense

227 1037 335 1073 imperii
347 1038 388 1065 sui
398 1038 431 1065 ab
444 1038 551 1066 Othone
561 1039 702 1074 jugulatus
721 1044 772 1067 est.
787 1040 848 1067 Luit
863 1041 948 1069 Roma
974 1050 1027 1069 cae-

228 1084 308 1111 dibus
332 1083 483 1119 principum
510 1084 688 1120 excitatiSque
713 1086 840 1114 civilibus
864 1087 957 1121 bellis,
985 1095 1026 1115 re-

229 1134 323 1157 centes
334 1130 494 1158 Christianze
509 1131 649 1167 religionis
666 1132 794 1167 injurias:
811 1138 839 1161 et
853 1134 928 1169 signa
946 1135 1027 1169 legio-

229 1184 293 1204 num
309 1176 355 1203 illa
366 1198 373 1209 ,
400 1185 460 1212 qua:
473 1177 523 1205 sub
539 1177 655 1205 adventu
672 1179 697 1206 in
715 1179 813 1207 Urbem
828 1180 900 1207 Petri
913 1181 1028 1215 apostoli

229 1223 358 1251 divinitus
368 1225 486 1251 coercita
501 1224 616 1252 convelli
631 1226 706 1253 nullo
721 1227 801 1254 modo
811 1227 845 1254 ad
857 1228 1028 1255 excitandum

230 1269 309 1296 civile
342 1270 442 1297 bellum
467 1271 624 1304 valuerant,
648 1273 718 1307 quod
748 1280 795 1307 per
820 1273 1029 1303 Scribonianum

231 1315 393 1350 parabatur,
412 1317 490 1344 Petro
506 1318 517 1332 ⁸
528 1319 554 1344 in
570 1317 641 1345 Urbe
656 1319 815 1353 interfecto,
827 1325 854 1347 et
868 1320 1030 1349 Christianis

230 1370 372 1397 ptenarum
386 1363 543 1392 diversitate
553 1365 677 1398 laniatis,
695 1371 750 1394 toto
765 1374 794 1394 se
804 1367 870 1395 orbe
880 1368 1029 1396 solverunt.

1078 955 1125 976 cas
1141 948 1263 982 legiones
1278 946 1417 974 Vitellium
1441 946 1630 980 comperisset,
1655 945 1665 960 θ
1682 945 1782 972 bellum
1799 945 1878 971 civile

1080 996 1200 1027 molitus,
1216 995 1304 1022 tribus
1318 994 1435 1030 primum
1448 993 1553 1021 levibus
1568 992 1682 1028 prieliis,
1693 992 1744 1019 hoc
1757 996 1810 1023 est,
1824 999 1878 1018 uno

1080 1041 1151 1077 apud
1164 1041 1258 1076 Alpes,
1272 1041 1326 1068 alio
1341 1040 1412 1067 circa
1437 1039 1614 1073 Placentiam,
1639 1038 1720 1066 tertio
1742 1037 1814 1065 circa
1839 1037 1879 1064 lo-

1070 1096 1153 1121 .CUIII,
1182 1094 1264 1123 quem
1284 1087 1294 1102 "
1315 1086 1437 1114 Castoris
1463 1090 1570 1118 vocant,
1599 1083 1880 1112 contra/Vitellianos

1081 1134 1166 1162 duces
1180 1140 1345 1168 congressus
1370 1133 1458 1159 victor
1484 1131 1644 1162 exstitisset,
1670 1135 1777 1165 quarto,
1805 1128 1879 1164 apud

1082 1181 1093 1196 ⁸
1106 1179 1276 1212 Bebriacum,
1288 1178 1392 1214 pratlio,
1403 1185 1464 1205 cum
1474 1176 1706 1204 animadvertisset
1718 1183 1780 1202 suos
1791 1175 1877 1209 vinci,

1082 1230 1093 1245 ε’
1105 1234 1200 1256 mense
1216 1226 1298 1254 tertio
1314 1233 1393 1261 quam
1409 1226 1546 1259 imperare
1562 1228 1700 1258 coeperat,
1714 1230 1775 1250 sese
1790 1223 1879 1250 inter-

1083 1275 1156 1303 fecit.
1174 1274 1298 1303 Vitellius
1317 1275 1403 1302 vietor
1417 1273 1529 1301 Romam
1545 1273 1619 1300 venit
1636 1281 1643 1299 :
1658 1271 1702 1298 ubi
1717 1276 1779 1297 cum
1794 1269 1880 1296 multa

1084 1322 1232 1350 crudeliter
1245 1328 1277 1349 ac
1290 1320 1414 1356 nequiter
1426 1324 1527 1353 ageret,
1545 1317 1697 1346 incredibili
1709 1317 1791 1344 etiam
1802 1322 1882 1342 vora-

1085 1372 1175 1401 citatis
1190 1369 1311 1406 appetitu
1327 1368 1471 1395 humanam
1484 1366 1566 1392 vitam
1582 1364 1687 1399 probris
1703 1366 1882 1397 aggravarct.

880 1427 1107 1458 l-IAVERGAMPI
1123 1426 1237 1456 NOTAE.

251 1483 313 1524 J3.
330 1481 392 1510 Sese
407 1482 462 1518 ipse
475 1482 613 1518 interfecit.
637 1482 664 1509 In
688 1483 754 1510 Edd.
781 1484 943 1519 quibusdam
963 1487 1030 1522 abji-

233 1523 305 1546 citur
319 1526 382 1545 sese.

269 1553 312 1589 με.
322 1553 480 1589 Consumpta
494 1559 540 1581 est.
555 1554 702 1581 Florentin.
721 1562 776 1582 sec.
791 1562 969 1584 consummata
979 1562 1030 1586 est.

270 1588 336 1616 CAP.
349 1588 416 1615 Vlll.
428 1604 464 1609 —
479 1591 503 1616 vl.
520 1590 595 1616 Anno
608 1590 639 1616 ab
669 1590 753 1622 Urbe,
776 1597 830 1619 etc.
843 1591 917 1621 Flor.
931 1598 993 1621 tert.
1006 1598 1033 1622 et

236 1624 298 1652 edd.
314 1624 437 1657 quaedam
454 1630 519 1652 vett.
537 1625 604 1652 duos
615 1632 701 1652 annos
716 1627 803 1653 minus
817 1634 970 1656 numerant.

272 1660 300 1687 92.
316 1659 400 1686 Galba
416 1661 491 1696 apud
501 1660 654 1695 Hispanias.
680 1661 749 1695 Lege
764 1662 886 1690 Tacitum
910 1665 956 1691 lib.
982 1672 1030 1696 xv,

1085 1486 1139 1514 sito
1155 1486 1214 1513 (lem.
1230 1484 1310 1511 busto
1326 1481 1360 1509 ad
1372 1481 1501 1508 humeros
1516 1479 1598 1512 alato,
1610 1477 1769 1513 designans.
1786 1476 1883 1504 Serva-

1087 1526 1130 1550 tur
1146 1521 1172 1548 in
1188 1520 1282 1548 eadem
1304 1517 1376 1546 Gaza
1391 1523 1520 1552 nummus
1534 1514 1641 1552 Claudii
1649 1534 1663 1552 ,ἒ
1674 1521 1709 1552 ex_
1725 1520 1758 1539 eo
1772 1519 1881 1552 genere,

1086 1557 1131 1592 qui
1144 1556 1306 1592 Antiochiae,
1317 1560 1377 1580 cum
1391 1557 1453 1579 nota
1465 1550 1534 1592 δερ.
1543 1551 1647 1592 laurea:
1658 1549 1880 1592 inclusa,-si‘giiati

1086 1583 1247 1620 creduntur.
1267 1583 1440 1617 ls'nummus
1456 1587 1490 1613 ad
1506 1586 1606 1613 collum
1623 1585 1784 1624 impressam
1800 1583 1882 1609 habet

1087 1634 1189 1660 notam,
1207 1633 1261 1662 qua
1282 1632 1368 1662 nexus
1384 1624 1549 1662 litterarum,
1570 1627 1630 1662 qua:
1651 1620 1765 1662 Othonis
1779 1625 1879 1662 nomen

1087 1653 1297 1697 etiiiiperatoris
1307 1660 1417 1688 titulum
1428 1653 1594 1697 equititum,
1604 1653 1879 1697 comprehenduntur.

233 1701 263 1724 et
273 1695 385 1733 Sueton.
403 1690 464 1733 Sed,
477 1690 657 1733 Galinhvita
675 1690 818 1729 dili'genler
841 1707 855 1726 a
887 1690 1032 1727 Plutarcho
1045 1694 1067 1726 C
1086 1690 1119 1726 Et
1133 1690 1229 1726 horum
1248 1697 1380 1733 picturam
1392 1701 1445 1722 non
1459 1690 1605 1720 illubenter
1618 1690 1715 1725 adjeci.

234 1732 335 1770 scripta
343 1731 481 1770 imprimis
493 1731 614 1770 legenda.
630 1732 853 1770 ldem_Othonem
870 1735 1025 1770 descripsit,

234 1768 269 1795 de
279 1775 333 1803 quo
343 1766 512 1803 Xiphilinus,
525 1768 684 1798 Suetonius.
701 1768 813 1803 Eutrop.
828 1775 855 1797 et
868 1771 924 1797 alii.
942 1766 1025 1798 Fanni

271 1801 297 1831 5.
314 1801 346 1829 In
368 1801 510 1829 UrbeMss.
533 1803 617 1837 Lugd.
643 1803 712 1830 Batt.
729 1801 795 1831 cuni
814 1805 882 1832 Coll.
907 1807 1024 1833 Gronov.

234 1839 338 1867 addunt
351 1839 444 1866 Roma.
458 1839 559 1866 Deinde
572 1847 619 1873 pro
633 1839 812 1874 agitarentur;
825 1841 946 1870 Florent.
959 1849 1026 1874 sec.,

233 1879 378 1911 agerentur.

269 1915 296 1938 4.
315 1910 514 1945 Concrepantes.
530 1910 579 1938 Ed.
597 1911 663 1945 Aug.
676 1933 682 1943 ,

234 1951 432 1982 constrepentes.

268 1982 295 2011 5.
309 1983 475 2017 Sopirentur.
493 1982 579 2016 Lego,
590 1987 753 2016 separentur.

271 2018 297 2045 6.
325 2018 426 2044 Bellum
448 2018 522 2045 ciuile
545 2018 659 2045 molitus.
682 2018 750 2046 Cod.
770 2019 905 2052 Perizon.,
929 2020 1027 2047 Bellum

234 2054 308 2081 civile
321 2054 441 2085 molitur;
454 2062 571 2088 cumque,
586 2059 638 2081 etc.

272 2090 296 2116 7.
315 2088 441 2126 Castoris.
458 2089 594 2126 Perizon"
610 2089 746 2123 Castores;
760 2095 786 2118 et
802 2091 841 2117 sic
854 2098 962 2126 quoque
975 2091 1028 2118 duo

234 2124 396 2162 Florentini.
413 2125 441 2151 In
458 2124 693 2162 Suetoniotamen
709 2125 823 2153 Castoris
841 2124 949 2158 legitur,
966 2135 1026 2162 cap.

234 2160 262 2193 9,
280 2165 303 2186 et
317 2160 352 2186 ad
367 2159 491 2189 Castoris.
506 2160 576 2194 quod
591 2160 646 2187 loro
660 2169 751 2188 nomen
766 2167 814 2194 est,
828 2163 900 2189 vicit.

270 2196 297 2222 8.
315 2195 479 2223 Bebriacum.
496 2195 648 2222 Belli-incum
666 2196 747 2224 habet
761 2198 841 2224 etiam
860 2197 969 2224 Tacitus
982 2198 1027 2225 lili.

234 2239 297 2263 vui,
321 2231 433 2264 Eutrop.
456 2231 504 2258 lib.
533 2239 585 2262 vu,
601 2231 747 2259 Suetonius
763 2237 791 2259 et
811 2233 874 2259 Sex.
890 2233 1028 2260 Aurelius.

233 2268 288 2295 Sed
303 2273 355 2293 n0n
371 2272 436 2299 puto
450 2267 639 2301 negligenduni
660 2268 733 2301 quod
754 2268 780 2294 in
795 2268 937 2295 Gnaltlieri
959 2269 1029 2296 libro

232 2307 284 2343 est,
301 2302 459 2343 Bel-rinam",
486 2310 548 2329 nam
572 2308 600 2329 et
625 2302 694 2329 l’lttt.
720 2304 746 2330 in
770 2303 878 2331 Othone
892 2305 1030 2343 Βητριακὸν

231 2337 325 2366 habet.
343 2338 425 2365 FABR.

271 2374 299 2401 9.
316 2372 406 2410 Mense
417 2373 502 2410 tet-tio.
519 2372 595 2410 Unde
605 2380 742 2410 negantur
758 2375 874 2402 inveniri
886 2375 966 2410 hujus
980 2376 1029 2402 im-

233 2409 369 2445 peratoris
379 2409 447 2445 :erei
457 2408 571 2438 numini.
585 2408 611 2435 id
628 2414 678 2442 est,
693 2418 707 2436 a
723 2411 873 2438 triumviris
886 2408 1028 2438 monetali-

232 2443 285 2474 bus
301 2444 416 2480 Senatus
432 2443 545 2470 Romani
562 2445 631 2476 cusi,
645 2453 706 2471 nam
721 2446 797 2472 aurei
813 2446 917 2480 plures,
933 2454 1029 2480 argen-

232 2482 269 2509 tei
294 2479 474 2516 inveniuntur
496 2479 620 2513 plurimi,
647 2480 767 2516 Egyptii
789 2479 899 2516 quoque
922 2479 1031 2509 extitre

231 2520 396 2551 supersunt,
413 2515 521 2549 qualem
546 2515 681 2549 qtloudaui
702 2515 732 2543 in
757 2515 863 2544 unuscui
876 2517 1030 2544 Marckiano

230 2551 391 2583 observavi,
414 2554 520 2577 etcum
536 2558 602 2577 cura
623 2551 732 2586 depingi
755 2552 831 2584 iussi.
856 2552 914 2579 Vidi
941 2558 1031 2580 tamen

230 2595 315 2615 unum
330 2594 431 2613 :ereum
443 2586 569 2622 seeundre
582 2587 790 2622 magnitudinis.
804 2596 892 2622 neque
903 2588 1031 2616 Graecum

228 2631 320 2657 neque
345 2621 515 2663 Egyptium,
541 2621 718 2663 sedriLatinis
737 2621 1031 2663 insignituiolitteris,

226 2666 308 2695 quem
322 2659 422 2695 merito
435 2663 542 2695 crucem
551 2659 773 2695 antiquariorum
788 2661 937 2690 vocaveris.
955 2668 1027 2689 nam.

226 2692 257 2731 ut
270 2701 365 2731 verum
381 2693 480 2723 fatear.
494 2692 625 2731 decidere
641 2695 698 2729 ipse
714 2694 824 2728 nothus,
846 2703 879 2722 an
893 2696 1031 2731 genuinus

224 2730 272 2763 sit,
287 2730 350 2763 jure
372 2737 427 2756 non
442 2729 542 2757 ausim.
554 2728 686 2757 Servatur
703 2728 938 2757 Ainstelodamiiii
955 2732 1029 2757 locu-

224 2765 378 2799 pletissimo
387 2766 581 2800 gaz-iphylacio
591 2766 704 2794 Gosuini
718 2767 914 2795 Uilenbroekii.
928 2767 1028 2795 Utrius-

224 2808 278 2835 que
289 2800 537 2836 nummiipicturam
550 2801 688 2836 subjunxi.
702 2804 862 2832 Servantur,
876 2810 939 2829 cum
950 2802 1027 2834 alibi,

224 2839 283 2862 tum
294 2835 531 2872 Aquis_Sextiisi_ii
543 2836 642 2863 selecti
655 2845 762 2872 quoque
773 2845 837 2871 gula
851 2838 1027 2867 Lebretiana,

225 2875 353 2896 nummus
367 2869 486 2896 Othoiiis
499 2869 610 2898 Graecus
624 2869 766 2899 victoriam
776 2869 924 2906 ‘ejusdein,
942 2880 1028 2907 appo-

712 1911 879 1946 int-repentes.
901 1913 1009 1941 Venetae
1018 1934 1026 1946 ,

1579 1990 1594 2001 ί
1619 1992 1713 2002 PN

1191 1989 1452 2079 λ

1163 2124 1203 2173 ἐξ
1258 2092 1351 2177 Νιτεὲ
1516 2117 1526 2161 ἦ
1561 2068 1593 2192 ἒ
1623 2092 1698 2175 aliis,
1718 2127 1728 2142 ι
1760 2117 1815 2161 ω

1167 2172 1226 2229 iga.
1322 2173 1422 2253 HA
1599 2142 1796 2230 έῦὶὲμλι

1330 2246 1366 2257 ,_

1540 2664 1555 2717 ῗ
1623 2645 1755 2714 Qui»?
1798 2682 1835 2712 io

1504 2743 1515 2777 κ

1223 2858 1244 2869 \
1371 2860 1375 2864 ‘
1637 2849 1682 2856 -‘\
