4028 6296
235 319 375 380 Ill‘l

1249 327 1716 384 IIISTOIIHRUM
1759 323 1961 382 LIBER
2005 323 2114 380 VII.
2157 324 2308 378 CAP.
2357 321 2520 378 XXII.

233 438 298 490 ad
327 451 559 492 coronas
583 435 786 491 Christi
813 437 881 492 de
907 439 1020 492 suis
1050 437 1070 468 ³
1099 439 1429 493 cruciatibus
1459 440 1620 495 misit.
1648 439 1830 496 ldem-
1862 448 1905 498 Α
1939 454 2006 492 ex
2037 439 2240 492 morbis
2273 448 2525 502 mortem,
2558 446 2766 492 naturae
2791 438 2949 494 tinem
2979 453 3119 502 esse,
3154 454 3260 494 non
3294 454 3532 510 puniant.

232 545 338 600 que
371 530 540 584 lilium
565 544 721 582 suum
749 529 1022 583 Caesarem
1047 530 1197 598 legit,
1226 546 1348 584 cum
1382 545 1488 596 quo
1511 531 1668 584 simul
1694 546 1829 584 cutt-

233 626 386 676 tinun
439 621 601 693 516
643 623 695 676 in
741 621 922 676 medio
953 621 1310 676 barbarorum
1351 624 1470 676 sinu
1513 623 1830 678 interfectus

233 726 338 771 est.
375 717 528 768 Anno
557 714 625 767 ab
647 712 794 769 Urbe
829 712 1050 768 condita
1078 729 1190 770 IVll
1220 757 1232 780 ,
1280 715 1466 769 Gallus
1500 715 1832 770 Hostilianas

235 817 430 862 sextus
479 815 534 860 et
585 805 884 875 vigesimus
913 806 983 859 ab
1014 808 1255 875 Angusto
1293 821 1518 876 regnum
1562 807 1788 877 adeptus
1813 849 1830 870 ,

237 899 260 930 ³
283 900 366 952 vix
401 897 615 952 duobus
643 899 802 952 annis
830 911 952 952 cum
983 896 1274 951 Volusiano
1289 896 1706 953 filio‘obtinuit.
1730 898 1833 951 Es-

232 992 409 1046 oritur
439 988 576 1044 ultio
607 989 789 1044 violati
819 990 1056 1044 nominis
1087 988 1381 1044 Christiani
1411 1030 1425 1054 ,
1473 1001 1524 1043 et
1556 1004 1833 1059 usquequo

233 1085 302 1137 ad
351 1081 738 1152 proﬂigandas
755 1082 1032 1138 Ecclesias
1063 1083 1239 1136 edicta
1276 1084 1417 1137 Decii
1445 1090 1826 1147 cucurrerunt,

229 1185 460 1232 eatenus
490 1175 930 1231 incredibilium“
955 1176 1268 1230 morborum
1302 1177 1468 1243 pestis
1492 1175 1829 1230 extenditur:

235 1269 382 1326 nulla
428 1268 545 1324 fere
575 1267 850 1338 provincia
882 1268 1168 1330 Romana,
1219 1270 1366 1322 nulla
1413 1269 1639 1334 civitas,
1687 1267 1830 1322 nulla

233 1361 428 1415 domus
453 1361 574 1425 luit,
598 1375 721 1429 qute
746 1374 852 1415 non
875 1359 963 1413 illa
991 1359 1230 1429 generali
1256 1359 1558 1428 pestilentia
1581 1366 1830 1426 correpta

236 1455 252 1484 ⁷
276 1464 439 1523 atque
471 1463 698 1510 vacuata
725 1455 818 1508 sit.
851 1453 963 1506 Hac
986 1453 1098 1506 sola
1131 1452 1371 1520 pernicie
1393 1450 1832 1522 insigncsGallus

233 1557 290 1602 et
316 1547 668 1615 Volusianus,
698 1545 826 1600 dum
855 1553 1046 1601 contra
1077 1544 1454 1610 IEntiliantun,
1485 1546 1641 1599 novis
1669 1543 1832 1598 rebus

215 1640 591 1703 studentem,
650 1639 854 1694 bellum
884 1637 1044 1693 civile
1075 1637 1374 1693 moliuntur
1403 1679 1417 1702 ,
1467 1637 1632 1692 occisi
1679 1644 1827 1690 sunt.

235 1732 564 1790 IEtuilianus
602 1743 780 1787 tamen
810 1732 976 1787 tertio
1013 1747 1200 1786 mense
1236 1734 1256 1763 ⁸
1293 1731 1494 1786 invasa:
1528 1730 1826 1802 tyrannidis

233 1831 533 1884 exstinctus
577 1836 683 1885 est.

811 1919 1042 1974 CAPUT
1084 1918 1253 1972 XXII.

242 2010 552 2064 Valerianus
592 2019 636 2064 et
672 2008 942 2064 Gallienus
971 2008 1232 2079 quomoda
1261 2017 1314 2079 et,
1336 2009 1581 2079 quamdiu
1608 2009 1832 2078 impera-

306 2085 492 2146 verint.
526 2079 751 2155 Interim
782 2083 846 2136 de
874 2077 1232 2152 persecutione
1269 2077 1520 2155 Ecclesia!
1545 2121 1561 2148 ,
1617 2077 1830 2155 ejusque

308 2170 400 2223 per
424 2154 568 2206 varia
594 2151 729 2207 bella
751 2162 799 2210 et
821 2151 1161 2223 tyrannorum
1185 2151 1566 2222 conspiratione
1589 2151 1825 2205 ultionis.

307 2295 468 2352 Anno
499 2292 570 2346 ab
598 2290 750 2347 Urbe
777 2291 997 2350 condita
1041 2307 1113 2346 nx
1143 2333 1158 2357 ,
1208 2291 1315 2346 duo
1361 2292 1720 2362 imperatores
1751 2291 1830 2344 vi-

237 2385 448 2455 gesimo
514 2385 748 2454 septimo
813 2393 940 2454 post
976 2385 1280 2455 Augustum
1314 2385 1434 2440 loco
1465 2384 1638 2440 creati
1681 2391 1825 2439 sunt.

245 2479 258 2508 ¹
288 2476 606 2532 Valerianus
631 2475 684 2530 in
718 2475 913 2531 Rhetia
943 2475 1013 2531 ab
1041 2476 1283 2530 exercitu
1309 2475 1583 2546 Augustus
1623 2485 1707 2530 est
1732 2490 1824 2544 apo

230 2569 487 2640 pellatus.
523 2572 541 2600 ¹
572 2568 763 2628 Roma:
787 2580 970 2634 autem
1001 2584 1030 2624 a
1062 2579 1256 2626 senatu
1286 2569 1585 2628 Gallienus.
1614 2569 1827 2634 Mansit-

228 2677 337 2733 que
360 2649 644 2718 Gallienus
672 2663 726 2717 in
759 2677 929 2733 regno
956 2662 1251 2720 infeliciter
1277 2663 1436 2718 annis
1463 2663 1776 2734 quindecim
1806 2706 1822 2732 ,

228 2753 536 2820 respirante
567 2753 727 2826 517
759 2755 1033 2825 paulisper
1060 2754 1130 2810 ab
1158 2755 1246 2808 illa
1279 2769 1442 2826 supra
1468 2755 1686 2812 solitum
1711 2757 1822 2828 jugi

228 2855 284 2913 et
303 2845 455 2918 gravi
478 2848 786 2916 pestilentia
808 2862 1012 2919 genere
1036 2847 1292 2914 humano.
1315 2849 1582 2905 Provocat
1608 2865 1824 2919 prauam

225 2953 381 2994 suam
406 2938 670 2994 obliviosa
696 2940 908 2998 militia.
926 2941 1178 3011 Impietas
1199 2941 1344 3000 enim
1369 2941 1580 3013 ﬂagella
1603 2945 1820 3014 quidem

228 3031 248 3060 ³
279 3031 592 3084 excruciata
625 3033 791 3109 sentit
813 3073 826 3096 ,
859 3035 953 3087 sed
986 3048 1015 3087 a
1046 3049 1153 3102 quo
1181 3033 1521 3104 flagellatur,
1555 3035 1823 3092 obdurata

226 3138 333 3176 non
365 3125 550 3178 sentit.
580 3121 652 3178 Ut
679 3124 748 3192 de
770 3125 1145 3204 superioribus
1176 3137 1406 3197 taceam,
1438 3129 1576 3188 facta
1606 3145 1634 3182 a
1661 3129 1822 3192 Decio

1861 1823 1905 1889 Β
1935 1839 2058 1880 sero
2102 1825 2329 1895 collegas
2371 1832 2650 1893 permotus
2697 1825 2946 1893 exemplo
2974 1869 2989 1891 ,

1944 529 2148 582 llursns
2179 528 2340 598 igitur
2368 535 2531 598 atque
2561 530 2615 582 in
2649 529 2796 584 brevi
2829 529 2964 586 iram
3001 530 3091 583 Dei
3130 530 3408 586 sceleratis
3439 546 3531 586 ao-

1938 619 2175 675 tionilms
2207 630 2464 689 provocat
2491 661 2504 686 ,
2549 632 2843 692 exceptura
2890 623 3100 693 plagam
3132 664 3146 687 ,
3195 623 3348 693 cujUs
3379 625 3398 656 δ
3429 625 3531 679 ali.

1934 715 2154 783 quando
2184 711 2501 770 meminisse
2536 722 2784 784 cogatur.
2842 714 3166 770 Valerianus
3213 715 3483 782 siquidem
3511 757 3529 785 ,

1938 824 2065 862 mox
2102 820 2159 862 ttt
2205 807 2434 876 arripuit
2464 807 2775 876 imperium,
2810 815 3032 861 octavus
3059 822 3088 860 a
3119 807 3356 874 Nerone,
3391 808 3533 879 adigi

1936 913 2032 968 per
2060 907 2331 952 tormenta
2364 897 2703 952 Christianos
2735 896 2801 950 ad
2833 896 3218 964 idololatriam,
3252 899 3532 968 abnegan.

1936 999 2129 1058 tesque
2152 989 2384 1044 interlici
2413 989 2597 1058 jussit,
2631 989 2752 1046 fuso
2777 1003 2871 1058 per
2892 1004 3109 1043 onmem
3127 991 3351 1044 Ilomaui
3379 992 3531 1062 regni

1935 1085 2280 1142 latitudinem
2309 1093 2624 1138 sanctorum
2656 1085 2938 1145 sanguine.
2975 1082 3304 1138 Valerianus
3334 1083 3482 1140 illico
3511 1129 3527 1156 ,

1936 1177 2129 1232 nefarii
2153 1186 2342 1232 auctor
2364 1177 2551 1242 edicti,
2578 1191 2609 1230 a
2627 1175 2838 1246 Sapore
2861 1176 3148 1234 PerSarum
3172 1192 3298 1247 rege
3322 1191 3530 1249 raptus,

1934 1273 2231 1341 imperator
2279 1270 2465 1340 populi
2500 1269 2770 1336 Rotnani,
2829 1269 3345 1339 ignominiosissima
3390 1271 3531 1340 apud

1935 1365 2130 1419 Persas
2185 1365 2446 1419 servitute
2499 1365 2835 1418 consenuit:
2878 1363 2900 1400 ⁸
2945 1365 3045 1416 hoc
3097 1363 3314 1419 infamis
3363 1364 3530 1429 oftieii

1932 1456 2212 1519 continua,
2246 1455 2419 1510 donec
2448 1454 2578 1509 vixit
2608 1496 2624 1518 ,
2665 1455 3015 1510 damnatione
3041 1455 3290 1520 sortitus,
3323 1467 3383 1511 ut
3413 1458 3531 1523 ipse

1931 1548 2156 1603 acclinis
2185 1547 2333 1601 humi
2360 1589 2376 1614 ,
2409 1547 2428 1578 ⁷
2461 1561 2645 1616 regem
2670 1560 2834 1615 super
2859 1562 3212 1602 escensurum
3246 1549 3297 1602 in
3331 1565 3527 1620 equum

1932 1642 1953 1675 ⁸
1981 1655 2088 1696 non
2127 1655 2289 1696 manu
2324 1653 2421 1693 sua
2446 1681 2461 1706 ,
2503 1638 2599 1692 sed
2635 1639 2800 1694 dorso
2827 1638 3124 1693 attolleret.
3153 1639 3219 1694 Et
3249 1639 3528 1696 Gallienus

1930 1733 2152 1803 quidem
2185 1742 2290 1787 tam
2317 1731 2463 1786 claro
2494 1732 2586 1785 Dei
2615 1729 2823 1800 judicio
2854 1729 3097 1794 territus,
3132 1734 3152 1770 ο
3181 1741 3397 1802 tamque
3428 1733 3530 1788 mi-

3046 1838 3234 1896 pacem
3269 1826 3528 1881 Ecclesiis

1935 1917 2141 1987 trepida
2169 1916 2543 1972 satisfactione
2572 1917 2834 1974 restituit.
2861 1917 2903 1948 ¹⁰
2925 1917 3029 1974 Sed
3062 1919 3226 1991 518
3250 1935 3355 1973 non
3379 1935 3528 1975 com-

1935 2020 2126 2080 pensat
2156 2010 2369 2079 injuriae
2399 2010 2724 2082 ultionisque
2753 2025 3061 2066 mensuram
3109 2015 3273 2065 unius
3314 2012 3460 2082 impii
3503 2057 3518 2083 ,

1931 2105 2180 2172 quamvis
2237 2112 2497 2172 perpetua
2549 2111 2604 2158 et
2654 2117 2820 2172 supra
2881 2103 3100 2162 modum
3159 2103 3526 2162 abominanda

1925 2196 2222 2264 captivitas
2243 2236 2258 2260 ,
2307 2204 2493 2262 contra
2523 2203 2602 2268 tot
2627 2195 2794 2250 millia
2824 2197 3137 2251 excruciata
3171 2208 3486 2253 sanctorum
3509 2239 3527 2268 ,

1926 2288 2311 2358 justorumque
2337 2267 2562 2358 sanguis
2585 2329 2600 2354 ,
2641 2287 2708 2344 ad
2740 2287 2910 2344 Deum
2943 2289 3220 2360 clamans,
3255 2291 3309 2346 in
3336 2267 3525 2356 eadem

1931 2394 2052 2435 sese
2083 2390 2226 2435 terra
2260 2380 2350 2436 ubi
2380 2380 2534 2436 fusus
2563 2389 2648 2436 est
2670 2421 2687 2448 ,
2729 2382 2997 2437 vindicari
3022 2394 3196 2454 rogat.
3225 2382 3346 2439 Non
3379 2387 3524 2440 enim

1929 2475 1998 2529 de
2043 2474 2165 2529 solo
2205 2475 2575 2530 constitutore
2621 2479 2877 2547 praecepti
2929 2477 3078 2546 justo
3125 2478 3164 2508 “
3195 2479 3523 2550 supplicium

1923 2567 2134 2636 judicio
2165 2565 2511 2640 ﬂagitabatur
2535 2609 2549 2634 ,
2597 2568 2694 2626 sed
2723 2572 2891 2626 etiam
2923 2579 3281 2636 exaecutores
3305 2611 3322 2639 ,
3370 2573 3526 2629 delat-

1930 2669 2100 2728 tores,
2129 2668 2503 2726 accusatores,
2535 2670 2872 2730 spectatores
2895 2677 2959 2718 ac
2977 2661 3212 2731 iudices,
3247 2671 3524 2732 postremo

1927 2764 2121 2805 omnes
2149 2752 2242 2822 qui
2272 2751 2642 2822 injustissima:
2672 2754 2979 2809 crudelitati
3011 2755 3097 2812 vel
3127 2755 3291 2810 tacita
3325 2757 3519 2814 volun-

1929 2856 2036 2902 tate
2065 2845 2105 2876 “
2138 2847 2562 2912 assentabautur
2583 2889 2596 2912 ,
2631 2849 2755 2918 quia
2785 2848 2929 2904 Deus
2957 2860 3298 2914 secretorum
3327 2851 3518 2922 cogni-

1927 2946 2013 2992 tor
2042 2947 2125 2991 est
2149 2979 2164 3002 ,
2217 2946 2273 2992 et
2312 2951 2546 3008 quorum
2591 2941 2827 2996 maxima
2864 2956 2961 3009 per
2993 2955 3182 2998 omnes
3209 2944 3522 3012 provincias

1926 3043 2052 3099 pars
2091 3029 2368 3085 hominum
2416 3032 2783 3096 versabatur,
2837 3032 3030 3088 eadem
3085 3033 3314 3088 ultionis
3361 3034 3521 3106 plaga

1925 3121 2126 3193 corripi
2155 3123 2367 3194 justum
2400 3134 2536 3179 erat.
2593 3125 2893 3181 Solvuntur
2942 3138 3168 3197 repente
3207 3128 3451 3196 undique
3479 3129 3522 3159 ¹³

223 3213 662 3272 Christianorum
686 3216 1087 3285 persecutione,
1117 3226 1286 3274 totum
1316 3219 1624 3280 Romanum
1652 3223 1821 3291 impe-
1849 3203 1896 3267 Ο
1929 3217 2196 3286 permissu
2211 3215 2306 3272 Dei
2329 3217 2394 3278 ad
2422 3220 2524 3274 ltoc
2545 3218 2950 3287 circumpositae
2976 3219 3290 3288 relictisque
3309 3230 3523 3290 gentos,

227 3307 367 3360 rium
397 3307 702 3376 pestilentia
730 3323 921 3378 magna
944 3311 1179 3364 vexavit.
1210 3312 1433 3368 Mentita
1457 3323 1541 3368 est
1566 3314 1821 3388 iniquitas

223 3399 370 3465 sibi,
414 3415 586 3469 pravo
619 3402 672 3454 in
706 3403 1002 3473 perniciem
1033 3419 1186 3458 suam
1217 3407 1586 3462 circumventa
1611 3408 1820 3479 judicio

225 3492 588 3562 pestilentiam
619 3494 922 3558 communis
951 3509 1070 3551 esse
1102 3511 1259 3556 casus
1283 3541 1299 3567 ,
1326 3497 1347 3528 "
1370 3500 1819 3573 accidentetnque

1928 3311 2228 3380 laxatisque
2269 3311 2500 3366 habenis
2543 3310 2597 3364 in
2629 3325 2822 3365 omnes
2853 3311 3221 3367 Romanorum
3254 3312 3391 3368 lines
3426 3315 3515 3368 in-

1924 3407 2220 3462 vehuntur.
2254 3407 2514 3463 Germani
2544 3407 2804 3478 Alpibus,
2840 3406 3033 3462 [lltetia
3059 3450 3073 3472 ,
3125 3418 3344 3480 totaque
3371 3408 3522 3464 Italia

1927 3511 2230 3572 penetrata,
2257 3501 2578 3558 Ravennam
2607 3515 2780 3571 usque
2803 3501 3147 3572 perveniunt.
3165 3501 3209 3532 "‘
3233 3503 3523 3563 Alamanni

1513 3646 1963 3712 HAVERCAMPI
2004 3649 2237 3710 NOTAE.

299 3750 352 3802 5.
389 3745 734 3802 Cruciatibus.
783 3745 861 3826 Ita
912 3759 1102 3802 omnes
1122 3748 1245 3826 fere
1291 3768 1424 3826 mss.
1460 3760 1662 3816 rectius
1691 3803 1705 3826 ,
1759 3777 1816 3820 ut

227 3828 356 3904 puto
379 3861 400 3904 ,Α
449 3833 611 3888 quam
660 3817 939 3884 crucibus,
991 3820 1134 3889 quod
1188 3822 1242 3877 in
1299 3823 1489 3897 Vulgg.
1541 3817 1818 3904 plerisque

226 3899 426 3946 exstat.

298 3965 354 4045 it.
407 3959 502 4041 Via:
531 3959 733 4045 duobus
761 3959 930 4045 annis.
968 3960 1579 4045 ltld:'August.,_d_uobns
1613 3973 1817 4045 (deleto

224 4034 332 4100 vir)
364 4032 512 4084 annis
539 4047 656 4082 cum
693 4027 999 4101 Volusiano,
1031 4032 1141 4101 ﬁlio
1170 4027 1286 4099 s'uo,
1318 4027 1557 4096 obtinuit.

299 4106 350 4159 5.
395 4101 653 4155 Obtinuit.
688 4100 956 4163 Perizon.,
987 4100 1172 4158 ternuit.

297 4175 352 4257 6ἷ
395 4171 700 4257 Martiarum
727 4173 902 4257 pestis.
925 4173 1092 4257 llujus
1115 4178 1300 4257 pestis,
1321 4179 1495 4257 inquit
1518 4185 1814 4257 Eusebius,

225 4246 380 4300 testis
411 4251 496 4296 est
521 4240 827 4313 Cyprianus
857 4244 925 4298 de
948 4240 1160 4299 Morta].
1193 4240 1294 4302 lib.
1325 4240 1488 4306 Fasti.

300 4317 352 4397 7.
404 4315 836 4398 Atquemacugtft
881 4315 968 4368 sit.
1018 4315 1165 4398 rMss.
1215 4326 1426 4398 restitui
1475 4325 1766 4398 lectionem
1795 4371 1812 4398 ,

222 4389 416 4512 cttdjus,
456 4382 598 4454 quod
631 4385 684 4439 in
715 4382 909 4455 Vulgg.
949 4397 1055 4453 est,
1098 4398 1299 4444 vastata
1336 4393 1424 4460 sit,
1476 4396 1658 4466 glossa
1687 4382 1810 4458 έεέέ

222 4474 272 4511 γι
318 4470 452 4512 etur.

221 4470 452 4512 Videtur.

300 4530 354 4583 8.
394 4526 618 4599 Inpone.
651 4527 820 4581 Abest
845 4527 941 4599 ab.
965 4527 1055 4582 ed.
1078 4530 1304 4599 August.

1923 3764 2042 3829 Dei,
2075 3773 2203 3826 etc.,
2240 3766 2520 3830 praeacuta
2550 3756 2787 3812 Floreat.
2819 3771 2932 3830 sec.

1993 3837 2048 3890 5.
2086 3828 2402 3901 Aliquando.
2439 3828 3194 3901 Ed.August.,Aaliquamditt.

1993 3906 2044 3960 6.
2093 3897 2273 3956 Hoc...
2316 3899 2664 3954 damnatione.
2692 3897 3026 3967 Lugd.,Batt.
3061 3908 3191 3964 tres,
3215 3913 3336 3953 cum
3366 3897 3506 3954 Coll.

1920 3976 2185 4037 Gronov.,
2219 3972 2371 4033 hanc,
2399 3980 2532 4024 etc.:
2565 3969 2711 4032 dein,
2747 3970 3148 4022 damnationem.

1991 4049 2042 4099 7.
2091 4044 2275 4112 Regem
2299 4057 2452 4112 super
2480 4054 2833 4112 escensurum.
2856 4039 3024 4108 Lugd.
3046 4039 3190 4093 Batt.
3215 4053 3353 4112 see.9
3377 4048 3503 4095 tert.

1924 4127 1980 4172 et
2014 4110 2192 4186 quart.
2243 4110 2635 4186 cotn'tnodesic
2664 4111 2980 4173 restituunt,
3003 4124 3122 4162 nam
3166 4110 3307 4186 quod
3340 4110 3390 4163 in
3427 4127 3512 4165 re-

1927 4179 2088 4258 liquis
2111 4196 2164 4238 ttt
2189 4183 2424 4258 etpeditis
2446 4179 2874 4258 legitur,semper
2895 4195 3249 4258 escensurum,
3269 4179 3510 4258 ineptum

1924 4249 2025 4315 esi.
2052 4257 2280 4324 Librarii
2309 4255 2633 4324 invenerunt
2657 4249 2711 4324 in
2735 4250 2895 4304 codd.
2918 4251 3176 4324 scriptum
3199 4268 3259 4320 8p
3283 4255 3363 4324 vel
3387 4268 3506 4324 sup.

1923 4345 2044 4385 cum
2080 4321 2271 4382 lin'eola
2299 4338 2458 4393 supra
2496 4321 2630 4375 duas
2673 4321 2878 4375 litteras
2919 4321 3112 4393 prioris
3155 4321 3509 4393 scriptionis,

1923 4402 2010 4456 vel
2059 4415 2155 4470 per
2185 4391 2514 4470 postremam
2561 4394 2795 4470 litteram
2843 4391 3097 4470 secunda:
3132 4392 3312 4456 ducta,
3369 4395 3512 4450 unde

1923 4463 2144 4542 quidam
2176 4463 2242 4523 ex
2273 4468 2336 4521 iis
2359 4481 2456 4535 pro
2484 4479 2635 4542 super
2665 4463 2746 4515 vel
2773 4479 2931 4535 supra
2960 4464 3205 4518 fecerunt
3233 4479 3452 4542 semper.

1997 4545 2048 4596 8.
2095 4539 2216 4592 Non
2241 4533 2400 4591 manu
2430 4533 2551 4591 sua.
2571 4533 2840 4602 Flurent.,
2868 4552 2970 4588 non
2998 4550 3176 4600 manu,
3207 4534 3298 4587 sed
3329 4533 3506 4590 dorso.

295 4595 796 4680 CAR—1‘.
847 4587 1238 4680 Valerianusfn
1267 4604 1475 4680 filictia.
1526 4609 1602 4664 De
1654 4612 1807 4668 Vale-
1839 4587 1893 4648 D
2087 4587 2546 4680 i‘a'iiiq'ié'ﬁiséiéo,‘
2570 4587 2678 4664 etc.
2709 4587 3040 4677 LugdiBatt.
3070 4587 3200 4671 tres,
3223 4587 3507 4676 tamquam,

223 4671 378 4754 riano
405 4679 460 4726 et
485 4668 741 4754 Gallieno,
758 4669 1038 4754 legendus
1052 4681 1133 4726 est
1156 4673 1465 4733 Trebellius
1488 4681 1684 4749 Pollio,
1716 4686 1808 4754 qui

225 4743 506 4809 utriusque
536 4740 696 4792 vitam
726 4739 964 4809 seripsit.
1000 4739 1162 4797 ΕΔΜ.

296 4811 350 4866 ‘2.
400 4812 577 4865 Roma:
621 4819 890 4894 antemna“
912 4823 1098 4866 senatu
1127 4811 1418 4894 Gallienus.
1467 4821 1813 4894 Subjungunt

221 4882 432 4964 aliqum
463 4889 681 4964 mss-et
705 4881 836 4936 editi
864 4880 982 4964 fere
1004 4898 1193 4964 omnes
1213 4886 1386 4964 Caesar
1407 4880 1630 4964 creata},
1659 4880 1810 4950 nian-

221 4955 550 5034 silquepetc.
592 4952 790 5034 Verurt‘n
820 4968 922 5022 ego
951 4954 1125 5034 delevi
1154 4957 1312 5034 istam
1346 4961 1599 5018 laciniam
1617 4952 1810 5034 'viletn,

223 5024 541 5100 auctoribus
573 5023 987 5100 ms_s.F_lorentt.
1018 5034 1074 5080 et
1101 5028 1462 5100 ed.August.:
1493 5035 1632 5090 duos
1663 5023 1807 5092 enini

225 5093 772 5178 imperatores-simul
798 5105 1016 5178 creatos
1043 5099 1204 5178 modo
1231 5093 1628 5178 di_i_it__0rosius-
1655 5153 1668 5176 ,
1698 5109 1808 5178 jam

223 5174 436 5245 narrat,
470 5166 558 5245 ubi
591 5165 828 5245 locorum
861 5177 965 5245 cata
991 5169 1207 5245 quibus,
1243 5172 1492 5229 videlicet
1523 5165 1726 5245 patrem
1757 5179 1808 5234 in

224 5235 419 5290 Rttetia
453 5235 830 5306 abexercitu,
881 5236 1052 5292 ﬁlium
1103 5235 1287 5296 Romae
1331 5259 1361 5297 a
1407 5235 1618 5302 senatu.
1670 5250 1811 5306 Infra

222 5321 440 5388 quoque
467 5305 722 5376 collegam
749 5309 1010 5377 appellat,
1043 5307 1230 5367 Caesar
1259 5324 1440 5369 autem
1471 5305 1813 5388 imperatoris

226 5378 436 5445 collega
467 5393 572 5430 non
599 5388 736 5430 erat.

295 5449 349 5503 3.
392 5447 728 5524 Excruciata.
759 5447 888 5504 Mss.
916 5449 1090 5522 Lugd.
1122 5453 1262 5509 Batt.
1295 5463 1426 5524 tres,
1461 5471 1583 5511 cum
1615 5461 1809 5517 Collat.

219 5518 487 5590 Gronov.,
513 5519 816 5573 exercitata.
1003 5518 1025 5522 ⁷
1091 5570 1112 5590 ς

393 5589 861 5668 ilcoidentcmquc,
910 5601 1018 5668 etc.
1074 5593 1246 5666 Lugd.
1292 5595 1432 5650 Batt.
1482 5607 1636 5668 tres,
1688 5617 1810 5659 cum

219 5659 362 5742 Coll.
390 5659 658 5742 Gronov”
699 5663 982 5742 communis
1027 5659 1184 5719 casus
1207 5682 1315 5742 esse
1341 5659 1660 5736 accidentis,
1698 5691 1812 5742 qua;

220 5732 301 5784 vel
319 5729 595 5811 camerina
620 5740 858 5811 mortem,
891 5744 1091 5811 naturae
1114 5751 1222 5811 esse
1247 5738 1426 5804 ﬁnem,
1458 5757 1560 5794 non
1584 5729 1807 5811 plenam,

220 5803 442 5872 putauit,
483 5802 608 5856 Mox
638 5800 692 5856 in
719 5815 875 5872 seqq.
908 5819 1010 5873 pro
1037 5808 1169 5860 iram
1194 5800 1318 5876 Dci,
1350 5800 1455 5865 etc.
1475 5853 1489 5878 ,
1528 5800 1691 5869 habet
1722 5800 1810 5871 1τὰ

1914 4695 2077 4812 emit).
2123 4751 2229 4808 Sed
2250 4767 2352 4806 non
2377 4755 2692 4819 compensat.
2725 4747 2918 4818 Vulgg.
2948 4747 3033 4803 hic
3055 4748 3262 4817 legunt,
3295 4747 3386 4802 sed
3407 4765 3512 4802 non

1917 4841 2254 4896 compensatur
2278 4867 2293 4888 ,
2342 4837 2533 4896 verum
2573 4835 2674 4896 ego
2717 4820 2933 4896 praetuli
2964 4819 3215 4896 Perizon.
3249 4825 3309 4896 et
3335 4820 3507 4889 Lugd.

1918 4889 2044 4952 Bal:
2074 4905 2207 4951 tert.
2241 4895 2552 4948 lectionem.
2599 4889 2787 4946 Ferrei
2827 4905 2960 4948 vero
2999 4893 3099 4946 aevi
3130 4890 3349 4950 flocutio
3377 4900 3462 4944 est
3489 4931 3505 4956 ,

1919 4976 2211 5039 compensat
2247 4974 2428 5018 contra
2457 4973 2529 5017 tot
2554 4963 2750 5039 millia,
2781 4971 2888 5022 etc.
2924 4961 3183 5039 Potperat
3217 4961 3460 5039 scribere
3488 5004 3506 5030 ,

1909 5031 2476 5111 justorumqttecontra
2502 5037 2736 5104 sanguis,
2769 5043 2901 5101 etc.,
2933 5044 2986 5092 et
3018 5031 3242 5088 forsitan
3265 5031 3386 5086 loco
3408 5045 3509 5086 suo

1915 5107 2118 5164 tnotutn
2152 5107 2234 5168 est
2262 5107 2394 5160 illud
2421 5115 2623 5159 contra.

1987 5183 2075 5256 II.
2123 5177 2634 5256 Sttpplicnium._lll_ss.
2668 5175 3190 5256 quidamsupplicii,
3231 5173 3332 5255 .alii
3378 5188 3504 5241 sup-

1917 5251 2096 5322 plicio,
2131 5246 2294 5304 male.
2319 5246 2863 5322 Suppliciuquuod
2899 5250 3069 5322 lueret
3114 5246 3312 5322 impius
3341 5285 3355 5310 ,
3399 5259 3505 5298 non

1915 5318 2258 5391 ﬂagitabatur
2298 5320 2367 5375 de
2410 5324 2530 5373 Solo
2563 5319 2850 5391 Valeriano
2877 5360 2891 5384 ,
2932 5319 3023 5390 qui
3063 5318 3240 5372 edicta
3282 5324 3506 5391 cruenta

1919 5387 2103 5460 contra
2135 5391 2476 5446 Christianos
2502 5387 2969 5460 promulgaverat,
3003 5403 3188 5444 verum
3219 5397 3274 5441 et
3304 5387 3373 5440 de
3403 5387 3475 5440 mi
3495 5414 3508 5425 ο

1921 5467 2110 5519 nistris
2134 5465 2272 5532 ejus,
2300 5471 2405 5516 etc.
2733 5470 2736 5474 '

1995 5538 2080 5589 19..
2122 5530 2544 5587 Assentabantur.
2597 5532 2673 5586 lta
2722 5530 2934 5586 malunt
2978 5544 3170 5585 omnes
3211 5544 3343 5583 mss.
3382 5541 3507 5583 cum

1922 5605 2238 5660 melioribus
2265 5604 2391 5658 edd.
2424 5613 2551 5658 velt.
2583 5619 2739 5673 quam
2767 5602 3194 5656 assentiebantur.

1993 5678 2081 5730 l5.
2126 5675 2391 5728 Permissa
2423 5675 2540 5728 Dei.
2577 5671 2746 5744 Lugd.
2777 5673 2917 5728 Batt.
2945 5684 3176 5743 quatuor
3204 5687 3325 5725 cum
3358 5671 3500 5726 Goll.

1921 5747 2190 5810 Gronov.,
2211 5749 2366 5818 jussu
2393 5744 2511 5818 Dei.

1999 5818 2086 5872 14.
2118 5814 2412 5870 Alamanni.
2446 5816 2520 5872 Ita
2537 5817 2906 5882 scribendum,
2927 5829 3033 5872 non
3053 5814 3339 5879 Alemanni,
3365 5821 3508 5887 patet
