  <div class='ocr_page' id='page_1' title='image "/cluster/home/n/w/nwhite01/storage/ocr_20150623/31/uva.x000826569/574.png"; bbox 0 0 4000 6318; ppageno 0'>
   <div class='ocr_carea' id='block_1_1' title="bbox 211 311 353 369">
    <p class='ocr_par' dir='ltr' id='par_1_1' title="bbox 211 311 353 369">
     <span class='ocr_line' id='line_1_1' title="bbox 211 311 353 369; baseline 0 -1"><span class='ocrx_word' id='word_1_1' title='bbox 211 311 353 369; x_wconf 72' lang='lat' dir='ltr'><strong>H99</strong></span> 
     </span>
    </p>
   </div>
   <div class='ocr_carea' id='block_1_2' title="bbox 1240 311 2562 373">
    <p class='ocr_par' dir='ltr' id='par_1_2' title="bbox 1240 311 2562 373">
     <span class='ocr_line' id='line_1_2' title="bbox 1240 311 2562 373; baseline -0.001 -3"><span class='ocrx_word' id='word_1_2' title='bbox 1240 311 1709 373; x_wconf 64' lang='lat' dir='ltr'><strong>IIISTORIARUII</strong></span> <span class='ocrx_word' id='word_1_3' title='bbox 1753 313 1956 372; x_wconf 78' lang='lat' dir='ltr'><strong>LIBER</strong></span> <span class='ocrx_word' id='word_1_4' title='bbox 1999 315 2109 373; x_wconf 83' lang='lat' dir='ltr'><strong>VII.</strong></span> <span class='ocrx_word' id='word_1_5' title='bbox 2151 314 2303 373; x_wconf 73' lang='lat' dir='ltr'><strong>CAP.</strong></span> <span class='ocrx_word' id='word_1_6' title='bbox 2347 314 2562 373; x_wconf 72' lang='lat' dir='ltr'><strong>XXVII.</strong></span> 
     </span>
    </p>
   </div>
   <div class='ocr_carea' id='block_1_3' title="bbox 3379 319 3517 376">
    <p class='ocr_par' dir='ltr' id='par_1_3' title="bbox 3379 319 3517 376">
     <span class='ocr_line' id='line_1_3' title="bbox 3379 319 3517 376; baseline 0.036 -5"><span class='ocrx_word' id='word_1_7' title='bbox 3379 319 3517 376; x_wconf 76' lang='lat'><strong>“50</strong></span> 
     </span>
    </p>
   </div>
   <div class='ocr_carea' id='block_1_4' title="bbox 203 423 3518 504">
    <p class='ocr_par' dir='ltr' id='par_1_4' title="bbox 203 423 3518 504">
     <span class='ocr_line' id='line_1_4' title="bbox 203 423 3518 504; baseline 0.002 -24"><span class='ocrx_word' id='word_1_8' title='bbox 203 423 397 482; x_wconf 78' lang='lat' dir='ltr'><strong>foveas</strong></span> <span class='ocrx_word' id='word_1_9' title='bbox 422 431 638 482; x_wconf 88' lang='lat' dir='ltr'><strong>nostras</strong></span> <span class='ocrx_word' id='word_1_10' title='bbox 663 424 755 482; x_wconf 92' lang='lat' dir='ltr'><strong>diu</strong></span> <span class='ocrx_word' id='word_1_11' title='bbox 783 435 1097 498; x_wconf 74' lang='lat' dir='ltr'><strong>exspectate</strong></span> <span class='ocrx_word' id='word_1_12' title='bbox 1119 430 1314 485; x_wconf 85' lang='lat' dir='ltr'><strong>venisti</strong></span> <span class='ocrx_word' id='word_1_13' title='bbox 1341 471 1356 493; x_wconf 86' lang='lat'><strong>,</strong></span> <span class='ocrx_word' id='word_1_14' title='bbox 1393 431 1480 486; x_wconf 90' lang='lat' dir='ltr'><strong>hic</strong></span> <span class='ocrx_word' id='word_1_15' title='bbox 1508 441 1558 486; x_wconf 94' lang='lat' dir='ltr'><strong>tc</strong></span> <span class='ocrx_word' id='word_1_16' title='bbox 1605 431 1804 488; x_wconf 79' lang='lat' dir='ltr'><strong>docur-</strong></span> <span class='ocrx_word' id='word_1_17' title='bbox 1837 445 1880 496; x_wconf 66' lang='grc' dir='ltr'><strong>Α</strong></span> <span class='ocrx_word' id='word_1_18' title='bbox 1915 432 1957 464; x_wconf 64' lang='grc'>¹³</span> <span class='ocrx_word' id='word_1_19' title='bbox 1993 434 2188 489; x_wconf 85' lang='lat' dir='ltr'><strong>Decem</strong></span> <span class='ocrx_word' id='word_1_20' title='bbox 2225 434 2633 504; x_wconf 85' lang='lat' dir='ltr'><strong>persecutiones</strong></span> <span class='ocrx_word' id='word_1_21' title='bbox 2680 446 2709 488; x_wconf 89' lang='lat' dir='ltr'><strong>a</strong></span> <span class='ocrx_word' id='word_1_22' title='bbox 2761 432 2975 488; x_wconf 88' lang='lat' dir='ltr'><strong>Nerone</strong></span> <span class='ocrx_word' id='word_1_23' title='bbox 3015 445 3186 504; x_wconf 89' lang='lat' dir='ltr'><strong>usque</strong></span> <span class='ocrx_word' id='word_1_24' title='bbox 3229 432 3296 488; x_wconf 87' lang='lat' dir='ltr'><strong>ad</strong></span> <span class='ocrx_word' id='word_1_25' title='bbox 3347 433 3518 488; x_wconf 84' lang='lat' dir='ltr'><strong>Maxi-</strong></span> 
     </span>
    </p>
   </div>
   <div class='ocr_carea' id='block_1_5' title="bbox 212 521 1810 594">
    <p class='ocr_par' dir='ltr' id='par_1_5' title="bbox 212 521 1810 594">
     <span class='ocr_line' id='line_1_5' title="bbox 212 521 1810 594; baseline 0.003 -19"><span class='ocrx_word' id='word_1_26' title='bbox 212 534 403 576; x_wconf 90' lang='lat' dir='ltr'><strong>snrum</strong></span> <span class='ocrx_word' id='word_1_27' title='bbox 443 521 858 591; x_wconf 83' lang='lat' dir='ltr'><strong>operiebamur,</strong></span> <span class='ocrx_word' id='word_1_28' title='bbox 899 522 988 578; x_wconf 92' lang='lat' dir='ltr'><strong>hic</strong></span> <span class='ocrx_word' id='word_1_29' title='bbox 1035 523 1317 594; x_wconf 91' lang='lat' dir='ltr'><strong>delapsum</strong></span> <span class='ocrx_word' id='word_1_30' title='bbox 1348 524 1370 555; x_wconf 85' lang='grc'>³</span> <span class='ocrx_word' id='word_1_31' title='bbox 1414 525 1810 594; x_wconf 86' lang='lat' dir='ltr'><strong>opprimimus,</strong></span> 
     </span>
    </p>
   </div>
   <div class='ocr_carea' id='block_1_6' title="bbox 213 613 1810 687">
    <p class='ocr_par' dir='ltr' id='par_1_6' title="bbox 213 613 1810 687">
     <span class='ocr_line' id='line_1_6' title="bbox 213 613 1810 687; baseline 0.002 -19"><span class='ocrx_word' id='word_1_32' title='bbox 213 613 304 670; x_wconf 87' lang='lat' dir='ltr'><strong>hic</strong></span> <span class='ocrx_word' id='word_1_33' title='bbox 344 615 628 670; x_wconf 81' lang='lat' dir='ltr'><strong>confusum</strong></span> <span class='ocrx_word' id='word_1_34' title='bbox 681 625 946 672; x_wconf 85' lang='lat' dir='ltr'><strong>tenemus.</strong></span> <span class='ocrx_word' id='word_1_35' title='bbox 989 617 1362 673; x_wconf 88' lang='lat' dir='ltr'><strong>Sustinuimus</strong></span> <span class='ocrx_word' id='word_1_36' title='bbox 1415 628 1466 674; x_wconf 90' lang='lat' dir='ltr'><strong>te</strong></span> <span class='ocrx_word' id='word_1_37' title='bbox 1505 619 1767 675; x_wconf 81' lang='lat' dir='ltr'><strong>hactenus</strong></span> <span class='ocrx_word' id='word_1_38' title='bbox 1796 663 1810 687; x_wconf 93' lang='lat'><strong>,</strong></span> 
     </span>
    </p>
   </div>
   <div class='ocr_carea' id='block_1_7' title="bbox 212 706 1814 781">
    <p class='ocr_par' dir='ltr' id='par_1_7' title="bbox 212 706 1814 781">
     <span class='ocr_line' id='line_1_7' title="bbox 212 706 1814 781; baseline 0.004 -21"><span class='ocrx_word' id='word_1_39' title='bbox 212 706 511 763; x_wconf 84' lang='lat' dir='ltr'><strong>artiﬁciose</strong></span> <span class='ocrx_word' id='word_1_40' title='bbox 537 706 942 778; x_wconf 89' lang='lat' dir='ltr'><strong>quodammodo</strong></span> <span class='ocrx_word' id='word_1_41' title='bbox 985 718 1042 764; x_wconf 91' lang='lat' dir='ltr'><strong>et</strong></span> <span class='ocrx_word' id='word_1_42' title='bbox 1072 709 1265 765; x_wconf 89' lang='lat' dir='ltr'><strong>callide</strong></span> <span class='ocrx_word' id='word_1_43' title='bbox 1303 709 1557 766; x_wconf 90' lang='lat' dir='ltr'><strong>fortuitas</strong></span> <span class='ocrx_word' id='word_1_44' title='bbox 1607 720 1814 781; x_wconf 90' lang='lat' dir='ltr'><strong>tempo-</strong></span> 
     </span>
    </p>
   </div>
   <div class='ocr_carea' id='block_1_8' title="bbox 210 800 1814 872">
    <p class='ocr_par' dir='ltr' id='par_1_8' title="bbox 210 800 1814 872">
     <span class='ocr_line' id='line_1_8' title="bbox 210 800 1814 872; baseline 0 -18"><span class='ocrx_word' id='word_1_45' title='bbox 210 814 334 854; x_wconf 86' lang='lat' dir='ltr'><strong>rum</strong></span> <span class='ocrx_word' id='word_1_46' title='bbox 375 800 704 854; x_wconf 88' lang='lat' dir='ltr'><strong>mutationes</strong></span> <span class='ocrx_word' id='word_1_47' title='bbox 747 800 1184 855; x_wconf 78' lang='lat' dir='ltr'><strong>Christianorum</strong></span> <span class='ocrx_word' id='word_1_48' title='bbox 1225 802 1520 857; x_wconf 91' lang='lat' dir='ltr'><strong>ultionibus</strong></span> <span class='ocrx_word' id='word_1_49' title='bbox 1552 813 1814 872; x_wconf 89' lang='lat' dir='ltr'><strong>coaptan-</strong></span> 
     </span>
    </p>
   </div>
   <div class='ocr_carea' id='block_1_9' title="bbox 216 892 1814 965">
    <p class='ocr_par' dir='ltr' id='par_1_9' title="bbox 216 892 1814 965">
     <span class='ocr_line' id='line_1_9' title="bbox 216 892 1814 965; baseline 0.003 -19"><span class='ocrx_word' id='word_1_50' title='bbox 216 901 350 948; x_wconf 91' lang='lat' dir='ltr'><strong>tem.</strong></span> <span class='ocrx_word' id='word_1_51' title='bbox 383 893 450 948; x_wconf 87' lang='lat' dir='ltr'><strong>Et</strong></span> <span class='ocrx_word' id='word_1_52' title='bbox 476 892 746 948; x_wconf 84' lang='lat' dir='ltr'><strong>interdum</strong></span> <span class='ocrx_word' id='word_1_53' title='bbox 780 893 998 963; x_wconf 82' lang='lat' dir='ltr'><strong>quidem</strong></span> <span class='ocrx_word' id='word_1_54' title='bbox 1031 894 1048 925; x_wconf 76' lang='lat'><strong>&#39;°</strong></span> <span class='ocrx_word' id='word_1_55' title='bbox 1079 895 1452 950; x_wconf 84' lang='lat' dir='ltr'><strong>verisimilium</strong></span> <span class='ocrx_word' id='word_1_56' title='bbox 1479 896 1667 965; x_wconf 90' lang='lat' dir='ltr'><strong>specie</strong></span> <span class='ocrx_word' id='word_1_57' title='bbox 1694 911 1814 965; x_wconf 86' lang='lat' dir='ltr'><strong>per-</strong></span> 
     </span>
    </p>
   </div>
   <div class='ocr_carea' id='block_1_10' title="bbox 220 985 1810 1058">
    <p class='ocr_par' dir='ltr' id='par_1_10' title="bbox 220 985 1810 1058">
     <span class='ocr_line' id='line_1_10' title="bbox 220 985 1810 1058; baseline 0 -16"><span class='ocrx_word' id='word_1_58' title='bbox 220 987 376 1052; x_wconf 86' lang='lat' dir='ltr'><strong>moti,</strong></span> <span class='ocrx_word' id='word_1_59' title='bbox 411 994 598 1058; x_wconf 86' lang='lat' dir='ltr'><strong>utpote</strong></span> <span class='ocrx_word' id='word_1_60' title='bbox 624 985 873 1042; x_wconf 83' lang='lat' dir='ltr'><strong>homines</strong></span> <span class='ocrx_word' id='word_1_61' title='bbox 902 988 1072 1058; x_wconf 88' lang='lat' dir='ltr'><strong>ignari</strong></span> <span class='ocrx_word' id='word_1_62' title='bbox 1103 987 1414 1043; x_wconf 89' lang='lat' dir='ltr'><strong>divinorum</strong></span> <span class='ocrx_word' id='word_1_63' title='bbox 1449 999 1810 1054; x_wconf 88' lang='lat' dir='ltr'><strong>secretorum,</strong></span> 
     </span>
    </p>
   </div>
   <div class='ocr_carea' id='block_1_11' title="bbox 217 1077 1814 1148">
    <p class='ocr_par' dir='ltr' id='par_1_11' title="bbox 217 1077 1814 1148">
     <span class='ocr_line' id='line_1_11' title="bbox 217 1077 1814 1148; baseline 0.001 -16"><span class='ocrx_word' id='word_1_64' title='bbox 217 1078 416 1133; x_wconf 89' lang='lat' dir='ltr'><strong>timore</strong></span> <span class='ocrx_word' id='word_1_65' title='bbox 440 1077 764 1148; x_wconf 89' lang='lat' dir='ltr'><strong>palluimus;</strong></span> <span class='ocrx_word' id='word_1_66' title='bbox 795 1080 814 1109; x_wconf 80' lang='grc'>⁸</span> <span class='ocrx_word' id='word_1_67' title='bbox 844 1079 939 1134; x_wconf 89' lang='lat' dir='ltr'><strong>sed</strong></span> <span class='ocrx_word' id='word_1_68' title='bbox 979 1094 1122 1134; x_wconf 92' lang='lat' dir='ltr'><strong>nunc</strong></span> <span class='ocrx_word' id='word_1_69' title='bbox 1145 1079 1426 1134; x_wconf 88' lang='lat' dir='ltr'><strong>cvacuavit</strong></span> <span class='ocrx_word' id='word_1_70' title='bbox 1459 1079 1814 1134; x_wconf 89' lang='lat' dir='ltr'><strong>Maximianus</strong></span> 
     </span>
    </p>
   </div>
   <div class='ocr_carea' id='block_1_12' title="bbox 212 1171 1815 1239">
    <p class='ocr_par' dir='ltr' id='par_1_12' title="bbox 212 1171 1815 1239">
     <span class='ocr_line' id='line_1_12' title="bbox 212 1171 1815 1239; baseline -0.001 -14"><span class='ocrx_word' id='word_1_71' title='bbox 212 1179 403 1225; x_wconf 87' lang='lat' dir='ltr'><strong>noster</strong></span> <span class='ocrx_word' id='word_1_72' title='bbox 433 1185 652 1226; x_wconf 89' lang='lat' dir='ltr'><strong>omnem</strong></span> <span class='ocrx_word' id='word_1_73' title='bbox 681 1186 903 1227; x_wconf 78' lang='lat' dir='ltr'><strong>scenam</strong></span> <span class='ocrx_word' id='word_1_74' title='bbox 940 1172 1137 1227; x_wconf 78' lang='lat' dir='ltr'><strong>fabula:</strong></span> <span class='ocrx_word' id='word_1_75' title='bbox 1163 1184 1264 1227; x_wconf 67' lang='lat' dir='ltr'><strong>ture</strong></span> <span class='ocrx_word' id='word_1_76' title='bbox 1285 1215 1299 1239; x_wconf 93' lang='lat'><strong>,</strong></span> <span class='ocrx_word' id='word_1_77' title='bbox 1345 1173 1655 1238; x_wconf 72' lang='lat' dir='ltr'><strong>nestrmque</strong></span> <span class='ocrx_word' id='word_1_78' title='bbox 1687 1171 1815 1226; x_wconf 89' lang='lat' dir='ltr'><strong>reli-</strong></span> 
     </span>
    </p>
   </div>
   <div class='ocr_carea' id='block_1_13' title="bbox 213 1262 1816 1336">
    <p class='ocr_par' dir='ltr' id='par_1_13' title="bbox 213 1262 1816 1336">
     <span class='ocr_line' id='line_1_13' title="bbox 213 1262 1816 1336; baseline -0.001 -18"><span class='ocrx_word' id='word_1_79' title='bbox 213 1262 392 1334; x_wconf 85' lang='lat' dir='ltr'><strong>gionis</strong></span> <span class='ocrx_word' id='word_1_80' title='bbox 431 1263 452 1293; x_wconf 78' lang='grc'>⁶</span> <span class='ocrx_word' id='word_1_81' title='bbox 487 1265 866 1336; x_wconf 84' lang='lat' dir='ltr'><strong>antiquitatem</strong></span> <span class='ocrx_word' id='word_1_82' title='bbox 895 1266 912 1295; x_wconf 87' lang='grc'>⁷</span> <span class='ocrx_word' id='word_1_83' title='bbox 943 1265 1193 1319; x_wconf 86' lang='lat' dir='ltr'><strong>columna</strong></span> <span class='ocrx_word' id='word_1_84' title='bbox 1242 1263 1681 1334; x_wconf 79' lang='lat' dir='ltr'><strong>inexpugnabilis</strong></span> <span class='ocrx_word' id='word_1_85' title='bbox 1713 1262 1816 1317; x_wconf 83' lang='lat' dir='ltr'><strong>ful-</strong></span> 
     </span>
    </p>
   </div>
   <div class='ocr_carea' id='block_1_14' title="bbox 213 1355 1812 1423">
    <p class='ocr_par' dir='ltr' id='par_1_14' title="bbox 213 1355 1812 1423">
     <span class='ocr_line' id='line_1_14' title="bbox 213 1355 1812 1423; baseline -0.001 -13"><span class='ocrx_word' id='word_1_86' title='bbox 213 1356 304 1410; x_wconf 89' lang='lat' dir='ltr'><strong>sit.</strong></span> <span class='ocrx_word' id='word_1_87' title='bbox 329 1355 434 1411; x_wconf 87' lang='lat' dir='ltr'><strong>Per</strong></span> <span class='ocrx_word' id='word_1_88' title='bbox 474 1371 646 1410; x_wconf 89' lang='lat' dir='ltr'><strong>annos</strong></span> <span class='ocrx_word' id='word_1_89' title='bbox 673 1357 863 1412; x_wconf 84' lang='lat' dir='ltr'><strong>decem</strong></span> <span class='ocrx_word' id='word_1_90' title='bbox 896 1371 1104 1411; x_wconf 81' lang='lat' dir='ltr'><strong>eversa:</strong></span> <span class='ocrx_word' id='word_1_91' title='bbox 1144 1367 1270 1411; x_wconf 89' lang='lat' dir='ltr'><strong>sunt</strong></span> <span class='ocrx_word' id='word_1_92' title='bbox 1313 1357 1559 1412; x_wconf 76' lang='lat' dir='ltr'><strong>ecclesia:</strong></span> <span class='ocrx_word' id='word_1_93' title='bbox 1579 1365 1775 1412; x_wconf 83' lang='lat' dir='ltr'><strong>vestrae</strong></span> <span class='ocrx_word' id='word_1_94' title='bbox 1796 1396 1812 1423; x_wconf 93' lang='lat'><strong>,</strong></span> 
     </span>
    </p>
   </div>
   <div class='ocr_carea' id='block_1_15' title="bbox 215 1447 1812 1514">
    <p class='ocr_par' dir='ltr' id='par_1_15' title="bbox 215 1447 1812 1514">
     <span class='ocr_line' id='line_1_15' title="bbox 215 1447 1812 1514; baseline 0 -12"><span class='ocrx_word' id='word_1_95' title='bbox 215 1449 457 1502; x_wconf 81' lang='lat' dir='ltr'><strong>utetiam</strong></span> <span class='ocrx_word' id='word_1_96' title='bbox 484 1455 539 1502; x_wconf 90' lang='lat' dir='ltr'><strong>tu</strong></span> <span class='ocrx_word' id='word_1_97' title='bbox 571 1448 761 1502; x_wconf 83' lang='lat' dir='ltr'><strong>lateris</strong></span> <span class='ocrx_word' id='word_1_98' title='bbox 797 1447 1119 1503; x_wconf 88' lang='lat' dir='ltr'><strong>:dilaccrati</strong></span> <span class='ocrx_word' id='word_1_99' title='bbox 1153 1448 1520 1514; x_wconf 86' lang='lat' dir='ltr'><strong>cruciatibus,</strong></span> <span class='ocrx_word' id='word_1_100' title='bbox 1553 1449 1812 1504; x_wconf 85' lang='lat' dir='ltr'><strong>exinaniti</strong></span> 
     </span>
    </p>
   </div>
   <div class='ocr_carea' id='block_1_16' title="bbox 214 1538 1816 1596">
    <p class='ocr_par' dir='ltr' id='par_1_16' title="bbox 214 1538 1816 1596">
     <span class='ocr_line' id='line_1_16' title="bbox 214 1538 1816 1596; baseline 0.001 -4"><span class='ocrx_word' id='word_1_101' title='bbox 214 1539 480 1593; x_wconf 85' lang='lat' dir='ltr'><strong>mortibus</strong></span> <span class='ocrx_word' id='word_1_102' title='bbox 513 1547 626 1593; x_wconf 91' lang='lat' dir='ltr'><strong>toto</strong></span> <span class='ocrx_word' id='word_1_103' title='bbox 657 1539 791 1595; x_wconf 88' lang='lat' dir='ltr'><strong>orbe</strong></span> <span class='ocrx_word' id='word_1_104' title='bbox 818 1539 1136 1594; x_wconf 83' lang='lat' dir='ltr'><strong>Christiani.</strong></span> <span class='ocrx_word' id='word_1_105' title='bbox 1178 1538 1453 1596; x_wconf 87' lang='lat' dir='ltr'><strong>Tenemus</strong></span> <span class='ocrx_word' id='word_1_106' title='bbox 1483 1539 1706 1596; x_wconf 80' lang='lat' dir='ltr'><strong>evidens</strong></span> <span class='ocrx_word' id='word_1_107' title='bbox 1737 1549 1816 1594; x_wconf 89' lang='lat' dir='ltr'><strong>tc-</strong></span> 
     </span>
    </p>
   </div>
   <div class='ocr_carea' id='block_1_17' title="bbox 213 1629 1812 1703">
    <p class='ocr_par' dir='ltr' id='par_1_17' title="bbox 213 1629 1812 1703">
     <span class='ocr_line' id='line_1_17' title="bbox 213 1629 1812 1703; baseline 0.002 -19"><span class='ocrx_word' id='word_1_108' title='bbox 213 1629 530 1685; x_wconf 86' lang='lat' dir='ltr'><strong>stimonium</strong></span> <span class='ocrx_word' id='word_1_109' title='bbox 561 1639 737 1697; x_wconf 89' lang='lat' dir='ltr'><strong>tuum,</strong></span> <span class='ocrx_word' id='word_1_110' title='bbox 771 1631 976 1686; x_wconf 91' lang='lat' dir='ltr'><strong>nullam</strong></span> <span class='ocrx_word' id='word_1_111' title='bbox 1005 1631 1340 1702; x_wconf 79' lang='lat' dir='ltr'><strong>superiorem</strong></span> <span class='ocrx_word' id='word_1_112' title='bbox 1374 1633 1812 1703; x_wconf 82' lang='lat' dir='ltr'><strong>persecutionem</strong></span> 
     </span>
    </p>
   </div>
   <div class='ocr_carea' id='block_1_18' title="bbox 210 1722 1814 1795">
    <p class='ocr_par' dir='ltr' id='par_1_18' title="bbox 210 1722 1814 1795">
     <span class='ocr_line' id='line_1_18' title="bbox 210 1722 1814 1795; baseline 0.002 -17"><span class='ocrx_word' id='word_1_113' title='bbox 210 1722 351 1778; x_wconf 86' lang='lat' dir='ltr'><strong>adeo</strong></span> <span class='ocrx_word' id='word_1_114' title='bbox 378 1723 461 1778; x_wconf 90' lang='lat' dir='ltr'><strong>vel</strong></span> <span class='ocrx_word' id='word_1_115' title='bbox 485 1739 705 1795; x_wconf 82' lang='lat' dir='ltr'><strong>gravem</strong></span> <span class='ocrx_word' id='word_1_116' title='bbox 726 1724 812 1779; x_wconf 89' lang='lat' dir='ltr'><strong>vel</strong></span> <span class='ocrx_word' id='word_1_117' title='bbox 837 1725 1145 1780; x_wconf 89' lang='lat' dir='ltr'><strong>diuturnam</strong></span> <span class='ocrx_word' id='word_1_118' title='bbox 1170 1724 1362 1784; x_wconf 79' lang='lat' dir='ltr'><strong>fuisse.</strong></span> <span class='ocrx_word' id='word_1_119' title='bbox 1397 1728 1462 1781; x_wconf 78' lang='lat' dir='ltr'><strong>Et</strong></span> <span class='ocrx_word' id='word_1_120' title='bbox 1484 1737 1660 1782; x_wconf 90' lang='lat' dir='ltr'><strong>tamen</strong></span> <span class='ocrx_word' id='word_1_121' title='bbox 1687 1741 1814 1782; x_wconf 69' lang='lat' dir='ltr'><strong>erce</strong></span> 
     </span>
    </p>
   </div>
   <div class='ocr_carea' id='block_1_19' title="bbox 1917 524 3524 596">
    <p class='ocr_par' dir='ltr' id='par_1_19' title="bbox 1917 524 3524 596">
     <span class='ocr_line' id='line_1_19' title="bbox 1917 524 3524 596; baseline 0.001 -17"><span class='ocrx_word' id='word_1_122' title='bbox 1917 524 2157 579; x_wconf 90' lang='lat' dir='ltr'><strong>mianum</strong></span> <span class='ocrx_word' id='word_1_123' title='bbox 2193 526 2438 580; x_wconf 86' lang='lat' dir='ltr'><strong>Ecclesia</strong></span> <span class='ocrx_word' id='word_1_124' title='bbox 2489 525 2693 581; x_wconf 87' lang='lat' dir='ltr'><strong>Christi</strong></span> <span class='ocrx_word' id='word_1_125' title='bbox 2739 525 2781 565; x_wconf 65' lang='lat'><strong>‘6</strong></span> <span class='ocrx_word' id='word_1_126' title='bbox 2823 540 2978 596; x_wconf 87' lang='lat' dir='ltr'><strong>passa</strong></span> <span class='ocrx_word' id='word_1_127' title='bbox 3021 533 3124 580; x_wconf 84' lang='lat' dir='ltr'><strong>est.</strong></span> <span class='ocrx_word' id='word_1_128' title='bbox 3160 524 3365 581; x_wconf 83' lang='lat' dir='ltr'><strong>Novem</strong></span> <span class='ocrx_word' id='word_1_129' title='bbox 3417 525 3524 595; x_wconf 87' lang='lat' dir='ltr'><strong>(ut</strong></span> 
     </span>
    </p>
   </div>
   <div class='ocr_carea' id='block_1_20' title="bbox 1916 616 3518 687">
    <p class='ocr_par' dir='ltr' id='par_1_20' title="bbox 1916 616 3518 687">
     <span class='ocr_line' id='line_1_20' title="bbox 1916 616 3518 687; baseline 0.001 -17"><span class='ocrx_word' id='word_1_130' title='bbox 1916 630 2018 686; x_wconf 85' lang='lat' dir='ltr'><strong>ego</strong></span> <span class='ocrx_word' id='word_1_131' title='bbox 2044 617 2200 685; x_wconf 83' lang='lat' dir='ltr'><strong>dixi)</strong></span> <span class='ocrx_word' id='word_1_132' title='bbox 2232 618 2469 673; x_wconf 88' lang='lat' dir='ltr'><strong>ultiones</strong></span> <span class='ocrx_word' id='word_1_133' title='bbox 2500 658 2514 683; x_wconf 92' lang='lat'><strong>,</strong></span> <span class='ocrx_word' id='word_1_134' title='bbox 2547 627 2603 671; x_wconf 94' lang='lat' dir='ltr'><strong>ut</strong></span> <span class='ocrx_word' id='word_1_135' title='bbox 2635 617 2735 687; x_wconf 83' lang='lat' dir='ltr'><strong>ipsi</strong></span> <span class='ocrx_word' id='word_1_136' title='bbox 2768 633 2874 671; x_wconf 89' lang='lat' dir='ltr'><strong>non</strong></span> <span class='ocrx_word' id='word_1_137' title='bbox 2903 627 3099 686; x_wconf 87' lang='lat' dir='ltr'><strong>negant</strong></span> <span class='ocrx_word' id='word_1_138' title='bbox 3131 657 3145 681; x_wconf 95' lang='lat'><strong>,</strong></span> <span class='ocrx_word' id='word_1_139' title='bbox 3179 616 3518 671; x_wconf 87' lang='lat' dir='ltr'><strong>calamitates</strong></span> 
     </span>
    </p>
   </div>
   <div class='ocr_carea' id='block_1_21' title="bbox 1920 707 3523 779">
    <p class='ocr_par' dir='ltr' id='par_1_21' title="bbox 1920 707 3523 779">
     <span class='ocr_line' id='line_1_21' title="bbox 1920 707 3523 779; baseline 0.001 -17"><span class='ocrx_word' id='word_1_140' title='bbox 1920 707 1962 738; x_wconf 73' lang='grc'><strong>³⁸</strong></span> <span class='ocrx_word' id='word_1_141' title='bbox 1994 723 2025 762; x_wconf 89' lang='lat' dir='ltr'><strong>c</strong></span> <span class='ocrx_word' id='word_1_142' title='bbox 2055 712 2284 779; x_wconf 85' lang='lat' dir='ltr'><strong>vestigio</strong></span> <span class='ocrx_word' id='word_1_143' title='bbox 2325 719 2634 765; x_wconf 77' lang='lat' dir='ltr'><strong>consecuta:</strong></span> <span class='ocrx_word' id='word_1_144' title='bbox 2676 719 2822 763; x_wconf 91' lang='lat' dir='ltr'><strong>sunt.</strong></span> <span class='ocrx_word' id='word_1_145' title='bbox 2863 708 2976 764; x_wconf 85' lang='lat' dir='ltr'><strong>Nec</strong></span> <span class='ocrx_word' id='word_1_146' title='bbox 3017 709 3068 762; x_wconf 93' lang='lat' dir='ltr'><strong>in</strong></span> <span class='ocrx_word' id='word_1_147' title='bbox 3122 708 3288 763; x_wconf 89' lang='lat' dir='ltr'><strong>verbo</strong></span> <span class='ocrx_word' id='word_1_148' title='bbox 3323 709 3366 738; x_wconf 74' lang='grc'><strong>³⁷</strong></span> <span class='ocrx_word' id='word_1_149' title='bbox 3399 723 3523 778; x_wconf 81' lang='lat' dir='ltr'><strong>prc-</strong></span> 
     </span>
    </p>
   </div>
   <div class='ocr_carea' id='block_1_22' title="bbox 1916 799 3519 869">
    <p class='ocr_par' dir='ltr' id='par_1_22' title="bbox 1916 799 3519 869">
     <span class='ocr_line' id='line_1_22' title="bbox 1916 799 3519 869; baseline 0 -15"><span class='ocrx_word' id='word_1_150' title='bbox 1916 814 2058 865; x_wconf 91' lang='lat' dir='ltr'><strong>mor,</strong></span> <span class='ocrx_word' id='word_1_151' title='bbox 2091 809 2267 854; x_wconf 87' lang='lat' dir='ltr'><strong>utrum</strong></span> <span class='ocrx_word' id='word_1_152' title='bbox 2289 799 2490 854; x_wconf 77' lang='lat' dir='ltr'><strong>debita:</strong></span> <span class='ocrx_word' id='word_1_153' title='bbox 2517 799 2772 865; x_wconf 82' lang='lat' dir='ltr'><strong>ultiones,</strong></span> <span class='ocrx_word' id='word_1_154' title='bbox 2805 815 2872 854; x_wconf 92' lang='lat' dir='ltr'><strong>an</strong></span> <span class='ocrx_word' id='word_1_155' title='bbox 2896 799 3130 854; x_wconf 75' lang='lat' dir='ltr'><strong>fortuin</strong></span> <span class='ocrx_word' id='word_1_156' title='bbox 3159 801 3519 869; x_wconf 83' lang='lat' dir='ltr'><strong>permutatio-</strong></span> 
     </span>
    </p>
   </div>
   <div class='ocr_carea' id='block_1_23' title="bbox 1917 892 3522 964">
    <p class='ocr_par' dir='ltr' id='par_1_23' title="bbox 1917 892 3522 964">
     <span class='ocr_line' id='line_1_23' title="bbox 1917 892 3522 964; baseline 0 -17"><span class='ocrx_word' id='word_1_157' title='bbox 1917 907 2016 947; x_wconf 90' lang='lat' dir='ltr'><strong>nes</strong></span> <span class='ocrx_word' id='word_1_158' title='bbox 2057 892 2223 947; x_wconf 93' lang='lat' dir='ltr'><strong>fuisse</strong></span> <span class='ocrx_word' id='word_1_159' title='bbox 2253 893 2563 958; x_wconf 81' lang='lat' dir='ltr'><strong>videantur,</strong></span> <span class='ocrx_word' id='word_1_160' title='bbox 2593 909 2710 963; x_wconf 61' lang='lat' dir='ltr'><strong>quae</strong></span> <span class='ocrx_word' id='word_1_161' title='bbox 2745 902 2922 948; x_wconf 89' lang='lat' dir='ltr'><strong>tamen</strong></span> <span class='ocrx_word' id='word_1_162' title='bbox 2972 909 3091 947; x_wconf 90' lang='lat' dir='ltr'><strong>meo</strong></span> <span class='ocrx_word' id='word_1_163' title='bbox 3121 909 3326 964; x_wconf 90' lang='lat' dir='ltr'><strong>suoque</strong></span> <span class='ocrx_word' id='word_1_164' title='bbox 3366 895 3522 950; x_wconf 84' lang='lat' dir='ltr'><strong>testi-</strong></span> 
     </span>
    </p>
   </div>
   <div class='ocr_carea' id='block_1_24' title="bbox 1918 984 3522 1056">
    <p class='ocr_par' dir='ltr' id='par_1_24' title="bbox 1918 984 3522 1056">
     <span class='ocr_line' id='line_1_24' title="bbox 1918 984 3522 1056; baseline 0.001 -18"><span class='ocrx_word' id='word_1_165' title='bbox 1918 984 2103 1038; x_wconf 91' lang='lat' dir='ltr'><strong>monio</strong></span> <span class='ocrx_word' id='word_1_166' title='bbox 2137 984 2321 1038; x_wconf 87' lang='lat' dir='ltr'><strong>clades</strong></span> <span class='ocrx_word' id='word_1_167' title='bbox 2351 985 2584 1040; x_wconf 90' lang='lat' dir='ltr'><strong>fuerunt.</strong></span> <span class='ocrx_word' id='word_1_168' title='bbox 2641 984 2698 1038; x_wconf 92' lang='lat' dir='ltr'><strong>In</strong></span> <span class='ocrx_word' id='word_1_169' title='bbox 2745 984 2953 1039; x_wconf 89' lang='lat' dir='ltr'><strong>decima</strong></span> <span class='ocrx_word' id='word_1_170' title='bbox 2989 985 3294 1040; x_wconf 76' lang='lat' dir='ltr'><strong>lncsitatnm</strong></span> <span class='ocrx_word' id='word_1_171' title='bbox 3327 995 3522 1056; x_wconf 85' lang='lat' dir='ltr'><strong>putant</strong></span> 
     </span>
    </p>
   </div>
   <div class='ocr_carea' id='block_1_25' title="bbox 1918 1075 3520 1147">
    <p class='ocr_par' dir='ltr' id='par_1_25' title="bbox 1918 1075 3520 1147">
     <span class='ocr_line' id='line_1_25' title="bbox 1918 1075 3520 1147; baseline 0.002 -18"><span class='ocrx_word' id='word_1_172' title='bbox 1918 1075 2103 1130; x_wconf 89' lang='lat' dir='ltr'><strong>miseri</strong></span> <span class='ocrx_word' id='word_1_173' title='bbox 2133 1085 2189 1131; x_wconf 92' lang='lat' dir='ltr'><strong>et</strong></span> <span class='ocrx_word' id='word_1_174' title='bbox 2219 1076 2348 1131; x_wconf 62' lang='lat' dir='ltr'><strong>caeci</strong></span> <span class='ocrx_word' id='word_1_175' title='bbox 2378 1116 2393 1142; x_wconf 95' lang='lat'><strong>,</strong></span> <span class='ocrx_word' id='word_1_176' title='bbox 2427 1091 2530 1130; x_wconf 87' lang='lat' dir='ltr'><strong>non</strong></span> <span class='ocrx_word' id='word_1_177' title='bbox 2559 1077 2804 1131; x_wconf 83' lang='lat' dir='ltr'><strong>videntes</strong></span> <span class='ocrx_word' id='word_1_178' title='bbox 2854 1085 3000 1131; x_wconf 91' lang='lat' dir='ltr'><strong>tanto</strong></span> <span class='ocrx_word' id='word_1_179' title='bbox 3029 1094 3150 1131; x_wconf 85' lang='lat' dir='ltr'><strong>eam</strong></span> <span class='ocrx_word' id='word_1_180' title='bbox 3187 1077 3318 1147; x_wconf 85' lang='lat' dir='ltr'><strong>ipsis</strong></span> <span class='ocrx_word' id='word_1_181' title='bbox 3354 1080 3520 1133; x_wconf 90' lang='lat' dir='ltr'><strong>fuisse</strong></span> 
     </span>
    </p>
   </div>
   <div class='ocr_carea' id='block_1_26' title="bbox 1917 1169 3523 1241">
    <p class='ocr_par' dir='ltr' id='par_1_26' title="bbox 1917 1169 3523 1241">
     <span class='ocr_line' id='line_1_26' title="bbox 1917 1169 3523 1241; baseline 0.002 -19"><span class='ocrx_word' id='word_1_182' title='bbox 1917 1169 2226 1240; x_wconf 80' lang='lat' dir='ltr'><strong>graviorem</strong></span> <span class='ocrx_word' id='word_1_183' title='bbox 2258 1210 2274 1234; x_wconf 94' lang='lat'><strong>,</strong></span> <span class='ocrx_word' id='word_1_184' title='bbox 2307 1183 2511 1240; x_wconf 91' lang='lat' dir='ltr'><strong>quanto</strong></span> <span class='ocrx_word' id='word_1_185' title='bbox 2541 1171 2719 1224; x_wconf 91' lang='lat' dir='ltr'><strong>minus</strong></span> <span class='ocrx_word' id='word_1_186' title='bbox 2749 1171 2790 1200; x_wconf 76' lang='lat'>“‘</span> <span class='ocrx_word' id='word_1_187' title='bbox 2820 1170 3095 1225; x_wconf 91' lang='lat' dir='ltr'><strong>intellecta</strong></span> <span class='ocrx_word' id='word_1_188' title='bbox 3119 1181 3217 1226; x_wconf 90' lang='lat' dir='ltr'><strong>est.</strong></span> <span class='ocrx_word' id='word_1_189' title='bbox 3253 1174 3292 1205; x_wconf 70' lang='grc'><strong>¹¹³</strong></span> <span class='ocrx_word' id='word_1_190' title='bbox 3323 1173 3523 1241; x_wconf 86' lang='lat' dir='ltr'><strong>Impius</strong></span> 
     </span>
    </p>
   </div>
   <div class='ocr_carea' id='block_1_27' title="bbox 1918 1259 3525 1333">
    <p class='ocr_par' dir='ltr' id='par_1_27' title="bbox 1918 1259 3525 1333">
     <span class='ocr_line' id='line_1_27' title="bbox 1918 1259 3525 1333; baseline 0.002 -19"><span class='ocrx_word' id='word_1_191' title='bbox 1918 1259 2066 1314; x_wconf 90' lang='lat' dir='ltr'><strong>enim</strong></span> <span class='ocrx_word' id='word_1_192' title='bbox 2098 1259 2426 1331; x_wconf 85' lang='lat' dir='ltr'><strong>ﬂagellatur,</strong></span> <span class='ocrx_word' id='word_1_193' title='bbox 2458 1271 2646 1316; x_wconf 82' lang='lat' dir='ltr'><strong>etnon</strong></span> <span class='ocrx_word' id='word_1_194' title='bbox 2693 1262 2858 1316; x_wconf 87' lang='lat' dir='ltr'><strong>sentit</strong></span> <span class='ocrx_word' id='word_1_195' title='bbox 2889 1281 2902 1315; x_wconf 88' lang='lat'><strong>:</strong></span> <span class='ocrx_word' id='word_1_196' title='bbox 2929 1263 2973 1293; x_wconf 83' lang='grc'><strong>²⁰</strong></span> <span class='ocrx_word' id='word_1_197' title='bbox 3010 1263 3154 1332; x_wconf 90' lang='lat' dir='ltr'><strong>quod</strong></span> <span class='ocrx_word' id='word_1_198' title='bbox 3193 1278 3313 1316; x_wconf 91' lang='lat' dir='ltr'><strong>cum</strong></span> <span class='ocrx_word' id='word_1_199' title='bbox 3353 1278 3525 1333; x_wconf 83' lang='lat' dir='ltr'><strong>expo-</strong></span> 
     </span>
    </p>
   </div>
   <div class='ocr_carea' id='block_1_28' title="bbox 1919 1350 3518 1424">
    <p class='ocr_par' dir='ltr' id='par_1_28' title="bbox 1919 1350 3518 1424">
     <span class='ocr_line' id='line_1_28' title="bbox 1919 1350 3518 1424; baseline 0.004 -19"><span class='ocrx_word' id='word_1_200' title='bbox 1919 1351 2084 1406; x_wconf 88' lang='lat' dir='ltr'><strong>situm</strong></span> <span class='ocrx_word' id='word_1_201' title='bbox 2119 1350 2315 1414; x_wconf 88' lang='lat' dir='ltr'><strong>fuerit.</strong></span> <span class='ocrx_word' id='word_1_202' title='bbox 2346 1352 2496 1407; x_wconf 88' lang='lat' dir='ltr'><strong>inviti</strong></span> <span class='ocrx_word' id='word_1_203' title='bbox 2530 1353 2658 1407; x_wconf 85' lang='lat' dir='ltr'><strong>licet</strong></span> <span class='ocrx_word' id='word_1_204' title='bbox 2694 1364 2912 1424; x_wconf 86' lang='lat' dir='ltr'><strong>propter</strong></span> <span class='ocrx_word' id='word_1_205' title='bbox 2943 1355 3112 1424; x_wconf 88' lang='lat' dir='ltr'><strong>ipsam</strong></span> <span class='ocrx_word' id='word_1_206' title='bbox 3147 1371 3326 1410; x_wconf 89' lang='lat' dir='ltr'><strong>rerum</strong></span> <span class='ocrx_word' id='word_1_207' title='bbox 3356 1355 3518 1412; x_wconf 81' lang='lat' dir='ltr'><strong>ﬁdem</strong></span> 
     </span>
    </p>
   </div>
   <div class='ocr_carea' id='block_1_29' title="bbox 1919 1441 3520 1516">
    <p class='ocr_par' dir='ltr' id='par_1_29' title="bbox 1919 1441 3520 1516">
     <span class='ocr_line' id='line_1_29' title="bbox 1919 1441 3520 1516; baseline 0.003 -19"><span class='ocrx_word' id='word_1_208' title='bbox 1919 1441 2273 1497; x_wconf 88' lang='lat' dir='ltr'><strong>fatebuntur:</strong></span> <span class='ocrx_word' id='word_1_209' title='bbox 2309 1445 2432 1514; x_wconf 87' lang='lat' dir='ltr'><strong>quia</strong></span> <span class='ocrx_word' id='word_1_210' title='bbox 2463 1460 2529 1500; x_wconf 85' lang='lat' dir='ltr'><strong>ex</strong></span> <span class='ocrx_word' id='word_1_211' title='bbox 2584 1445 2672 1498; x_wconf 91' lang='lat' dir='ltr'><strong>illa</strong></span> <span class='ocrx_word' id='word_1_212' title='bbox 2726 1446 3070 1501; x_wconf 72' lang='lat' dir='ltr'><strong>Maximianrc</strong></span> <span class='ocrx_word' id='word_1_213' title='bbox 3127 1448 3520 1516; x_wconf 77' lang='lat' dir='ltr'><strong>persecutionis</strong></span> 
     </span>
    </p>
   </div>
   <div class='ocr_carea' id='block_1_30' title="bbox 1917 1537 3526 1613">
    <p class='ocr_par' dir='ltr' id='par_1_30' title="bbox 1917 1537 3526 1613">
     <span class='ocr_line' id='line_1_30' title="bbox 1917 1537 3526 1613; baseline 0.002 -21"><span class='ocrx_word' id='word_1_214' title='bbox 1917 1537 2154 1592; x_wconf 84' lang='lat' dir='ltr'><strong>maxima</strong></span> <span class='ocrx_word' id='word_1_215' title='bbox 2199 1538 2477 1607; x_wconf 90' lang='lat' dir='ltr'><strong>punitione</strong></span> <span class='ocrx_word' id='word_1_216' title='bbox 2510 1538 2670 1610; x_wconf 78' lang='lat'><strong>532</strong></span> <span class='ocrx_word' id='word_1_217' title='bbox 2722 1540 2822 1595; x_wconf 83' lang='lat' dir='ltr'><strong>ista</strong></span> <span class='ocrx_word' id='word_1_218' title='bbox 2856 1553 2984 1596; x_wconf 92' lang='lat' dir='ltr'><strong>sunt</strong></span> <span class='ocrx_word' id='word_1_219' title='bbox 3015 1541 3238 1596; x_wconf 85' lang='lat' dir='ltr'><strong>vulnera</strong></span> <span class='ocrx_word' id='word_1_220' title='bbox 3260 1587 3274 1609; x_wconf 89' lang='lat'><strong>,</strong></span> <span class='ocrx_word' id='word_1_221' title='bbox 3323 1545 3526 1613; x_wconf 88' lang='lat' dir='ltr'><strong>quibus</strong></span> 
     </span>
    </p>
   </div>
   <div class='ocr_carea' id='block_1_31' title="bbox 1917 1631 3530 1701">
    <p class='ocr_par' dir='ltr' id='par_1_31' title="bbox 1917 1631 3530 1701">
     <span class='ocr_line' id='line_1_31' title="bbox 1917 1631 3530 1701; baseline 0.003 -14"><span class='ocrx_word' id='word_1_222' title='bbox 1917 1631 2082 1687; x_wconf 88' lang='lat' dir='ltr'><strong>etiam</strong></span> <span class='ocrx_word' id='word_1_223' title='bbox 2133 1647 2275 1685; x_wconf 90' lang='lat' dir='ltr'><strong>nunc</strong></span> <span class='ocrx_word' id='word_1_224' title='bbox 2328 1631 2416 1686; x_wconf 89' lang='lat' dir='ltr'><strong>isti</strong></span> <span class='ocrx_word' id='word_1_225' title='bbox 2473 1633 2689 1698; x_wconf 85' lang='lat' dir='ltr'><strong>dolent,</strong></span> <span class='ocrx_word' id='word_1_226' title='bbox 2744 1644 2797 1687; x_wconf 89' lang='lat' dir='ltr'><strong>et</strong></span> <span class='ocrx_word' id='word_1_227' title='bbox 2841 1635 2893 1688; x_wconf 89' lang='lat' dir='ltr'><strong>in</strong></span> <span class='ocrx_word' id='word_1_228' title='bbox 2942 1643 3148 1690; x_wconf 87' lang='lat' dir='ltr'><strong>tantum</strong></span> <span class='ocrx_word' id='word_1_229' title='bbox 3199 1636 3412 1701; x_wconf 86' lang='lat' dir='ltr'><strong>dolent,</strong></span> <span class='ocrx_word' id='word_1_230' title='bbox 3467 1647 3530 1692; x_wconf 91' lang='lat' dir='ltr'><strong>ut</strong></span> 
     </span>
    </p>
   </div>
   <div class='ocr_carea' id='block_1_32' title="bbox 1919 1723 3521 1795">
    <p class='ocr_par' dir='ltr' id='par_1_32' title="bbox 1919 1723 3521 1795">
     <span class='ocr_line' id='line_1_32' title="bbox 1919 1723 3521 1795; baseline 0.004 -17"><span class='ocrx_word' id='word_1_231' title='bbox 1919 1724 2085 1778; x_wconf 87' lang='lat' dir='ltr'><strong>etiam</strong></span> <span class='ocrx_word' id='word_1_232' title='bbox 2125 1723 2402 1793; x_wconf 88' lang='lat' dir='ltr'><strong>clament,</strong></span> <span class='ocrx_word' id='word_1_233' title='bbox 2458 1727 2732 1795; x_wconf 81' lang='lat' dir='ltr'><strong>nosque“</strong></span> <span class='ocrx_word' id='word_1_234' title='bbox 2783 1727 2848 1781; x_wconf 91' lang='lat' dir='ltr'><strong>ad</strong></span> <span class='ocrx_word' id='word_1_235' title='bbox 2891 1728 3298 1784; x_wconf 89' lang='lat' dir='ltr'><strong>reclamandum</strong></span> <span class='ocrx_word' id='word_1_236' title='bbox 3348 1731 3521 1786; x_wconf 85' lang='lat' dir='ltr'><strong>laces-</strong></span> 
     </span>
    </p>
   </div>
   <div class='ocr_carea' id='block_1_33' title="bbox 209 1814 3227 1890">
    <p class='ocr_par' dir='ltr' id='par_1_33' title="bbox 209 1814 3227 1890">
     <span class='ocr_line' id='line_1_33' title="bbox 209 1814 3227 1890; baseline 0.003 -20"><span class='ocrx_word' id='word_1_237' title='bbox 209 1816 233 1847; x_wconf 79' lang='grc'><strong>⁸</strong></span> <span class='ocrx_word' id='word_1_238' title='bbox 265 1815 412 1872; x_wconf 87' lang='lat' dir='ltr'><strong>inter</strong></span> <span class='ocrx_word' id='word_1_239' title='bbox 451 1814 897 1887; x_wconf 87' lang='lat' dir='ltr'><strong>tranquillissima</strong></span> <span class='ocrx_word' id='word_1_240' title='bbox 942 1816 1102 1888; x_wconf 75' lang='lat'><strong>531</strong></span> <span class='ocrx_word' id='word_1_241' title='bbox 1155 1827 1458 1886; x_wconf 87' lang='lat' dir='ltr'><strong>temporum</strong></span> <span class='ocrx_word' id='word_1_242' title='bbox 1491 1817 1631 1872; x_wconf 81' lang='lat' dir='ltr'><strong>bona</strong></span> <span class='ocrx_word' id='word_1_243' title='bbox 1667 1819 1812 1888; x_wconf 88' lang='lat' dir='ltr'><strong>ipso-</strong></span> <span class='ocrx_word' id='word_1_244' title='bbox 1842 1825 1891 1885; x_wconf 84' lang='grc' dir='ltr'><strong>Β</strong></span> <span class='ocrx_word' id='word_1_245' title='bbox 1917 1827 2071 1888; x_wconf 89' lang='lat' dir='ltr'><strong>sant,</strong></span> <span class='ocrx_word' id='word_1_246' title='bbox 2105 1819 2370 1875; x_wconf 89' lang='lat' dir='ltr'><strong>sollicitos</strong></span> <span class='ocrx_word' id='word_1_247' title='bbox 2395 1821 2541 1886; x_wconf 85' lang='lat' dir='ltr'><strong>ﬁeri,</strong></span> <span class='ocrx_word' id='word_1_248' title='bbox 2576 1821 2812 1890; x_wconf 88' lang='lat' dir='ltr'><strong>qualiter</strong></span> <span class='ocrx_word' id='word_1_249' title='bbox 2835 1823 3227 1879; x_wconf 87' lang='lat' dir='ltr'><strong>conticescant.</strong></span> 
     </span>
    </p>
   </div>
   <div class='ocr_carea' id='block_1_34' title="bbox 213 1907 1817 1979">
    <p class='ocr_par' dir='ltr' id='par_1_34' title="bbox 213 1907 1817 1979">
     <span class='ocr_line' id='line_1_34' title="bbox 213 1907 1817 1979; baseline 0.001 -17"><span class='ocrx_word' id='word_1_250' title='bbox 213 1921 336 1962; x_wconf 89' lang='lat' dir='ltr'><strong>rum</strong></span> <span class='ocrx_word' id='word_1_251' title='bbox 375 1921 595 1978; x_wconf 92' lang='lat' dir='ltr'><strong>quoque</strong></span> <span class='ocrx_word' id='word_1_252' title='bbox 639 1907 1028 1977; x_wconf 83' lang='lat' dir='ltr'><strong>imperatorum</strong></span> <span class='ocrx_word' id='word_1_253' title='bbox 1058 1950 1074 1974; x_wconf 92' lang='lat'><strong>,</strong></span> <span class='ocrx_word' id='word_1_254' title='bbox 1102 1908 1192 1979; x_wconf 89' lang='lat' dir='ltr'><strong>qui</strong></span> <span class='ocrx_word' id='word_1_255' title='bbox 1225 1907 1327 1963; x_wconf 90' lang='lat' dir='ltr'><strong>ista</strong></span> <span class='ocrx_word' id='word_1_256' title='bbox 1357 1909 1604 1964; x_wconf 88' lang='lat' dir='ltr'><strong>fecerunt</strong></span> <span class='ocrx_word' id='word_1_257' title='bbox 1634 1950 1649 1975; x_wconf 90' lang='lat'><strong>,</strong></span> <span class='ocrx_word' id='word_1_258' title='bbox 1682 1912 1702 1942; x_wconf 69' lang='grc' dir='ltr'>θ</span> <span class='ocrx_word' id='word_1_259' title='bbox 1733 1911 1817 1964; x_wconf 88' lang='lat' dir='ltr'><strong>in-</strong></span> 
     </span>
    </p>
   </div>
   <div class='ocr_carea' id='block_1_35' title="bbox 215 1999 1821 2072">
    <p class='ocr_par' dir='ltr' id='par_1_35' title="bbox 215 1999 1821 2072">
     <span class='ocr_line' id='line_1_35' title="bbox 215 1999 1821 2072; baseline 0.003 -19"><span class='ocrx_word' id='word_1_260' title='bbox 215 1999 415 2054; x_wconf 88' lang='lat' dir='ltr'><strong>usitata</strong></span> <span class='ocrx_word' id='word_1_261' title='bbox 447 1999 706 2056; x_wconf 82' lang='lat' dir='ltr'><strong>felicitas.</strong></span> <span class='ocrx_word' id='word_1_262' title='bbox 738 2001 780 2031; x_wconf 83' lang='grc'><strong>¹⁰</strong></span> <span class='ocrx_word' id='word_1_263' title='bbox 810 1999 962 2055; x_wconf 85' lang='lat' dir='ltr'><strong>Nulla</strong></span> <span class='ocrx_word' id='word_1_264' title='bbox 987 2000 1135 2055; x_wconf 90' lang='lat' dir='ltr'><strong>domi</strong></span> <span class='ocrx_word' id='word_1_265' title='bbox 1165 2001 1356 2068; x_wconf 88' lang='lat' dir='ltr'><strong>fames,</strong></span> <span class='ocrx_word' id='word_1_266' title='bbox 1389 2002 1530 2057; x_wconf 90' lang='lat' dir='ltr'><strong>nulla</strong></span> <span class='ocrx_word' id='word_1_267' title='bbox 1564 2003 1821 2072; x_wconf 86' lang='lat' dir='ltr'><strong>pestilen-</strong></span> 
     </span>
    </p>
   </div>
   <div class='ocr_carea' id='block_1_36' title="bbox 214 2091 1819 2168">
    <p class='ocr_par' dir='ltr' id='par_1_36' title="bbox 214 2091 1819 2168">
     <span class='ocr_line' id='line_1_36' title="bbox 214 2091 1819 2168; baseline 0.002 -22"><span class='ocrx_word' id='word_1_268' title='bbox 214 2091 314 2161; x_wconf 84' lang='lat' dir='ltr'><strong>tia,</strong></span> <span class='ocrx_word' id='word_1_269' title='bbox 349 2093 555 2148; x_wconf 93' lang='lat' dir='ltr'><strong>nullum</strong></span> <span class='ocrx_word' id='word_1_270' title='bbox 587 2092 720 2148; x_wconf 90' lang='lat' dir='ltr'><strong>foris</strong></span> <span class='ocrx_word' id='word_1_271' title='bbox 741 2092 1090 2168; x_wconf 68' lang='lat' dir='ltr'><strong>bellum,;iisi</strong></span> <span class='ocrx_word' id='word_1_272' title='bbox 1119 2093 1511 2160; x_wconf 90' lang='lat' dir='ltr'><strong>voluntarium,</strong></span> <span class='ocrx_word' id='word_1_273' title='bbox 1538 2110 1644 2165; x_wconf 90' lang='lat' dir='ltr'><strong>quo</strong></span> <span class='ocrx_word' id='word_1_274' title='bbox 1665 2109 1819 2149; x_wconf 85' lang='lat' dir='ltr'><strong>exer-</strong></span> 
     </span>
    </p>
   </div>
   <div class='ocr_carea' id='block_1_37' title="bbox 212 2187 1821 2259">
    <p class='ocr_par' dir='ltr' id='par_1_37' title="bbox 212 2187 1821 2259">
     <span class='ocr_line' id='line_1_37' title="bbox 212 2187 1821 2259; baseline 0 -17"><span class='ocrx_word' id='word_1_275' title='bbox 212 2187 328 2242; x_wconf 89' lang='lat' dir='ltr'><strong>ceri</strong></span> <span class='ocrx_word' id='word_1_276' title='bbox 360 2188 508 2243; x_wconf 91' lang='lat' dir='ltr'><strong>vires</strong></span> <span class='ocrx_word' id='word_1_277' title='bbox 537 2203 642 2242; x_wconf 92' lang='lat' dir='ltr'><strong>non</strong></span> <span class='ocrx_word' id='word_1_278' title='bbox 675 2187 1017 2258; x_wconf 84' lang='lat' dir='ltr'><strong>periclitari,</strong></span> <span class='ocrx_word' id='word_1_279' title='bbox 1047 2199 1262 2259; x_wconf 87' lang='lat' dir='ltr'><strong>queant.</strong></span> <span class='ocrx_word' id='word_1_280' title='bbox 1297 2188 1403 2245; x_wconf 73' lang='lat' dir='ltr'><strong>lies</strong></span> <span class='ocrx_word' id='word_1_281' title='bbox 1434 2199 1698 2258; x_wconf 75' lang='lat' dir='ltr'><strong>prmterea</strong></span> <span class='ocrx_word' id='word_1_282' title='bbox 1722 2188 1821 2243; x_wconf 82' lang='lat' dir='ltr'><strong>hu-</strong></span> 
     </span>
    </p>
   </div>
   <div class='ocr_carea' id='block_1_38' title="bbox 213 2278 1820 2354">
    <p class='ocr_par' dir='ltr' id='par_1_38' title="bbox 213 2278 1820 2354">
     <span class='ocr_line' id='line_1_38' title="bbox 213 2278 1820 2354; baseline 0 -18"><span class='ocrx_word' id='word_1_283' title='bbox 213 2294 378 2336; x_wconf 88' lang='lat' dir='ltr'><strong>mano</strong></span> <span class='ocrx_word' id='word_1_284' title='bbox 401 2281 587 2352; x_wconf 88' lang='lat' dir='ltr'><strong>generi</strong></span> <span class='ocrx_word' id='word_1_285' title='bbox 629 2278 915 2354; x_wconf 84' lang='lat' dir='ltr'><strong>hucusque</strong></span> <span class='ocrx_word' id='word_1_286' title='bbox 957 2283 1231 2353; x_wconf 85' lang='lat' dir='ltr'><strong>incognita</strong></span> <span class='ocrx_word' id='word_1_287' title='bbox 1260 2324 1275 2351; x_wconf 96' lang='lat'><strong>,</strong></span> <span class='ocrx_word' id='word_1_288' title='bbox 1321 2283 1615 2339; x_wconf 87' lang='lat' dir='ltr'><strong>multorum</strong></span> <span class='ocrx_word' id='word_1_289' title='bbox 1654 2282 1820 2339; x_wconf 83' lang='lat' dir='ltr'><strong>simul</strong></span> 
     </span>
    </p>
   </div>
   <div class='ocr_carea' id='block_1_39' title="bbox 212 2375 1822 2448">
    <p class='ocr_par' dir='ltr' id='par_1_39' title="bbox 212 2375 1822 2448">
     <span class='ocr_line' id='line_1_39' title="bbox 212 2375 1822 2448; baseline 0.001 -18"><span class='ocrx_word' id='word_1_290' title='bbox 212 2389 402 2445; x_wconf 82' lang='lat' dir='ltr'><strong>regum</strong></span> <span class='ocrx_word' id='word_1_291' title='bbox 435 2376 646 2446; x_wconf 90' lang='lat' dir='ltr'><strong>patiens</strong></span> <span class='ocrx_word' id='word_1_292' title='bbox 679 2378 1033 2445; x_wconf 86' lang='lat' dir='ltr'><strong>consortium,</strong></span> <span class='ocrx_word' id='word_1_293' title='bbox 1064 2387 1122 2432; x_wconf 90' lang='lat' dir='ltr'><strong>et</strong></span> <span class='ocrx_word' id='word_1_294' title='bbox 1150 2393 1344 2448; x_wconf 89' lang='lat' dir='ltr'><strong>magna</strong></span> <span class='ocrx_word' id='word_1_295' title='bbox 1376 2375 1688 2438; x_wconf 88' lang='lat' dir='ltr'><strong>concordia,</strong></span> <span class='ocrx_word' id='word_1_296' title='bbox 1724 2391 1822 2446; x_wconf 83' lang='lat' dir='ltr'><strong>po-</strong></span> 
     </span>
    </p>
   </div>
   <div class='ocr_carea' id='block_1_40' title="bbox 219 2469 1819 2539">
    <p class='ocr_par' dir='ltr' id='par_1_40' title="bbox 219 2469 1819 2539">
     <span class='ocr_line' id='line_1_40' title="bbox 219 2469 1819 2539; baseline 0.002 -19"><span class='ocrx_word' id='word_1_297' title='bbox 219 2474 499 2538; x_wconf 84' lang='lat' dir='ltr'><strong>testasque</strong></span> <span class='ocrx_word' id='word_1_298' title='bbox 525 2469 865 2534; x_wconf 90' lang='lat' dir='ltr'><strong>communis,</strong></span> <span class='ocrx_word' id='word_1_299' title='bbox 898 2469 1034 2524; x_wconf 88' lang='lat' dir='ltr'><strong>alias</strong></span> <span class='ocrx_word' id='word_1_300' title='bbox 1063 2485 1380 2539; x_wconf 89' lang='lat' dir='ltr'><strong>numquam,</strong></span> <span class='ocrx_word' id='word_1_301' title='bbox 1409 2484 1555 2523; x_wconf 88' lang='lat' dir='ltr'><strong>nunc</strong></span> <span class='ocrx_word' id='word_1_302' title='bbox 1585 2469 1636 2522; x_wconf 94' lang='lat' dir='ltr'><strong>in</strong></span> <span class='ocrx_word' id='word_1_303' title='bbox 1667 2482 1819 2523; x_wconf 81' lang='lat' dir='ltr'><strong>eom-</strong></span> 
     </span>
    </p>
   </div>
   <div class='ocr_carea' id='block_1_41' title="bbox 220 2561 1816 2634">
    <p class='ocr_par' dir='ltr' id='par_1_41' title="bbox 220 2561 1816 2634">
     <span class='ocr_line' id='line_1_41' title="bbox 220 2561 1816 2634; baseline 0.001 -19"><span class='ocrx_word' id='word_1_304' title='bbox 220 2575 386 2615; x_wconf 88' lang='lat' dir='ltr'><strong>mune</strong></span> <span class='ocrx_word' id='word_1_305' title='bbox 413 2561 778 2632; x_wconf 89' lang='lat' dir='ltr'><strong>prospiciens.</strong></span> <span class='ocrx_word' id='word_1_306' title='bbox 822 2562 1026 2619; x_wconf 87' lang='lat' dir='ltr'><strong>Deinde</strong></span> <span class='ocrx_word' id='word_1_307' title='bbox 1055 2563 1219 2619; x_wconf 90' lang='lat' dir='ltr'><strong>etiam</strong></span> <span class='ocrx_word' id='word_1_308' title='bbox 1249 2605 1264 2633; x_wconf 92' lang='lat'><strong>,</strong></span> <span class='ocrx_word' id='word_1_309' title='bbox 1298 2561 1443 2634; x_wconf 88' lang='lat' dir='ltr'><strong>quod</strong></span> <span class='ocrx_word' id='word_1_310' title='bbox 1473 2563 1681 2633; x_wconf 89' lang='lat' dir='ltr'><strong>absque</strong></span> <span class='ocrx_word' id='word_1_311' title='bbox 1711 2561 1816 2616; x_wconf 89' lang='lat' dir='ltr'><strong>ulla</strong></span> 
     </span>
    </p>
   </div>
   <div class='ocr_carea' id='block_1_42' title="bbox 216 2653 1820 2728">
    <p class='ocr_par' dir='ltr' id='par_1_42' title="bbox 216 2653 1820 2728">
     <span class='ocr_line' id='line_1_42' title="bbox 216 2653 1820 2728; baseline 0.002 -20"><span class='ocrx_word' id='word_1_312' title='bbox 216 2653 483 2710; x_wconf 90' lang='lat' dir='ltr'><strong>hactenus</strong></span> <span class='ocrx_word' id='word_1_313' title='bbox 537 2656 846 2712; x_wconf 88' lang='lat' dir='ltr'><strong>mortalium</strong></span> <span class='ocrx_word' id='word_1_314' title='bbox 898 2659 1090 2713; x_wconf 89' lang='lat' dir='ltr'><strong>notitia</strong></span> <span class='ocrx_word' id='word_1_315' title='bbox 1141 2667 1266 2725; x_wconf 88' lang='lat' dir='ltr'><strong>est,</strong></span> <span class='ocrx_word' id='word_1_316' title='bbox 1333 2659 1692 2728; x_wconf 86' lang='lat' dir='ltr'><strong>imperatores</strong></span> <span class='ocrx_word' id='word_1_317' title='bbox 1739 2657 1820 2713; x_wconf 89' lang='lat' dir='ltr'><strong>illi</strong></span> 
     </span>
    </p>
   </div>
   <div class='ocr_carea' id='block_1_43' title="bbox 213 2746 1823 2822">
    <p class='ocr_par' dir='ltr' id='par_1_43' title="bbox 213 2746 1823 2822">
     <span class='ocr_line' id='line_1_43' title="bbox 213 2746 1823 2822; baseline 0.002 -22"><span class='ocrx_word' id='word_1_318' title='bbox 213 2746 438 2801; x_wconf 79' lang='lat' dir='ltr'><strong>maximi</strong></span> <span class='ocrx_word' id='word_1_319' title='bbox 466 2788 481 2813; x_wconf 93' lang='lat'><strong>,</strong></span> <span class='ocrx_word' id='word_1_320' title='bbox 508 2749 710 2819; x_wconf 87' lang='lat' dir='ltr'><strong>quippe</strong></span> <span class='ocrx_word' id='word_1_321' title='bbox 732 2758 790 2806; x_wconf 90' lang='lat' dir='ltr'><strong>et</strong></span> <span class='ocrx_word' id='word_1_322' title='bbox 819 2759 1226 2821; x_wconf 89' lang='lat' dir='ltr'><strong>persecutores,</strong></span> <span class='ocrx_word' id='word_1_323' title='bbox 1263 2750 1468 2806; x_wconf 89' lang='lat' dir='ltr'><strong>honore</strong></span> <span class='ocrx_word' id='word_1_324' title='bbox 1489 2750 1740 2822; x_wconf 89' lang='lat' dir='ltr'><strong>deposito</strong></span> <span class='ocrx_word' id='word_1_325' title='bbox 1766 2758 1823 2806; x_wconf 96' lang='lat' dir='ltr'><strong>et</strong></span> 
     </span>
    </p>
   </div>
   <div class='ocr_carea' id='block_1_44' title="bbox 215 2842 1820 2914">
    <p class='ocr_par' dir='ltr' id='par_1_44' title="bbox 215 2842 1820 2914">
     <span class='ocr_line' id='line_1_44' title="bbox 215 2842 1820 2914; baseline 0.003 -21"><span class='ocrx_word' id='word_1_326' title='bbox 215 2850 494 2910; x_wconf 85' lang='lat' dir='ltr'><strong>assumpta</strong></span> <span class='ocrx_word' id='word_1_327' title='bbox 521 2842 724 2914; x_wconf 88' lang='lat' dir='ltr'><strong>quiete.</strong></span> <span class='ocrx_word' id='word_1_328' title='bbox 756 2843 974 2914; x_wconf 89' lang='lat' dir='ltr'><strong>privati,</strong></span> <span class='ocrx_word' id='word_1_329' title='bbox 1006 2845 1148 2914; x_wconf 91' lang='lat' dir='ltr'><strong>quod</strong></span> <span class='ocrx_word' id='word_1_330' title='bbox 1174 2844 1214 2876; x_wconf 85' lang='grc'>¹¹</span> <span class='ocrx_word' id='word_1_331' title='bbox 1240 2843 1612 2900; x_wconf 89' lang='lat' dir='ltr'><strong>beatissimum</strong></span> <span class='ocrx_word' id='word_1_332' title='bbox 1644 2844 1820 2898; x_wconf 90' lang='lat' dir='ltr'><strong>homi-</strong></span> 
     </span>
    </p>
   </div>
   <div class='ocr_carea' id='block_1_45' title="bbox 214 2937 1822 3008">
    <p class='ocr_par' dir='ltr' id='par_1_45' title="bbox 214 2937 1822 3008">
     <span class='ocr_line' id='line_1_45' title="bbox 214 2937 1822 3008; baseline 0.003 -21"><span class='ocrx_word' id='word_1_333' title='bbox 214 2947 317 2988; x_wconf 88' lang='lat' dir='ltr'><strong>nes</strong></span> <span class='ocrx_word' id='word_1_334' title='bbox 339 2977 352 3001; x_wconf 93' lang='lat'><strong>,</strong></span> <span class='ocrx_word' id='word_1_335' title='bbox 383 2942 436 2988; x_wconf 87' lang='lat' dir='ltr'><strong>et</strong></span> <span class='ocrx_word' id='word_1_336' title='bbox 461 2949 731 2990; x_wconf 88' lang='lat' dir='ltr'><strong>summum</strong></span> <span class='ocrx_word' id='word_1_337' title='bbox 767 2937 968 2991; x_wconf 87' lang='lat' dir='ltr'><strong>bonum</strong></span> <span class='ocrx_word' id='word_1_338' title='bbox 1001 2938 1044 2969; x_wconf 83' lang='grc'>¹²</span> <span class='ocrx_word' id='word_1_339' title='bbox 1076 2938 1201 2993; x_wconf 73' lang='lat' dir='ltr'><strong>vita:</strong></span> <span class='ocrx_word' id='word_1_340' title='bbox 1238 2937 1394 2994; x_wconf 72' lang='lat' dir='ltr'><strong>bona:</strong></span> <span class='ocrx_word' id='word_1_341' title='bbox 1443 2938 1723 3008; x_wconf 87' lang='lat' dir='ltr'><strong>judicant,</strong></span> <span class='ocrx_word' id='word_1_342' title='bbox 1766 2946 1822 2993; x_wconf 90' lang='lat' dir='ltr'><strong>et</strong></span> 
     </span>
    </p>
   </div>
   <div class='ocr_carea' id='block_1_46' title="bbox 220 3025 1820 3103">
    <p class='ocr_par' dir='ltr' id='par_1_46' title="bbox 220 3025 1820 3103">
     <span class='ocr_line' id='line_1_46' title="bbox 220 3025 1820 3103; baseline 0.004 -23"><span class='ocrx_word' id='word_1_343' title='bbox 220 3025 327 3081; x_wconf 85' lang='lat' dir='ltr'><strong>hoc</strong></span> <span class='ocrx_word' id='word_1_344' title='bbox 359 3033 485 3083; x_wconf 91' lang='lat' dir='ltr'><strong>tunc</strong></span> <span class='ocrx_word' id='word_1_345' title='bbox 511 3069 526 3094; x_wconf 92' lang='lat'><strong>,</strong></span> <span class='ocrx_word' id='word_1_346' title='bbox 574 3029 616 3060; x_wconf 71' lang='grc'><strong>’³</strong></span> <span class='ocrx_word' id='word_1_347' title='bbox 643 3031 792 3086; x_wconf 91' lang='lat' dir='ltr'><strong>velut</strong></span> <span class='ocrx_word' id='word_1_348' title='bbox 831 3031 1038 3101; x_wconf 70' lang='lat' dir='ltr'><strong>prmmii</strong></span> <span class='ocrx_word' id='word_1_349' title='bbox 1073 3032 1198 3088; x_wconf 91' lang='lat' dir='ltr'><strong>loco</strong></span> <span class='ocrx_word' id='word_1_350' title='bbox 1223 3075 1238 3099; x_wconf 93' lang='lat'><strong>,</strong></span> <span class='ocrx_word' id='word_1_351' title='bbox 1288 3039 1540 3088; x_wconf 90' lang='lat' dir='ltr'><strong>auctores</strong></span> <span class='ocrx_word' id='word_1_352' title='bbox 1565 3046 1820 3103; x_wconf 83' lang='lat' dir='ltr'><strong>persecu-</strong></span> 
     </span>
    </p>
   </div>
   <div class='ocr_carea' id='block_1_47' title="bbox 215 3117 1820 3196">
    <p class='ocr_par' dir='ltr' id='par_1_47' title="bbox 215 3117 1820 3196">
     <span class='ocr_line' id='line_1_47' title="bbox 215 3117 1820 3196; baseline 0.004 -23"><span class='ocrx_word' id='word_1_353' title='bbox 215 3117 384 3174; x_wconf 90' lang='lat' dir='ltr'><strong>tionis</strong></span> <span class='ocrx_word' id='word_1_354' title='bbox 413 3121 595 3192; x_wconf 88' lang='lat' dir='ltr'><strong>adepti</strong></span> <span class='ocrx_word' id='word_1_355' title='bbox 616 3131 762 3191; x_wconf 90' lang='lat' dir='ltr'><strong>sunt,</strong></span> <span class='ocrx_word' id='word_1_356' title='bbox 784 3124 1001 3194; x_wconf 88' lang='lat' dir='ltr'><strong>quando</strong></span> <span class='ocrx_word' id='word_1_357' title='bbox 1027 3139 1260 3180; x_wconf 89' lang='lat' dir='ltr'><strong>accensa</strong></span> <span class='ocrx_word' id='word_1_358' title='bbox 1291 3126 1618 3196; x_wconf 90' lang='lat' dir='ltr'><strong>persecutio,</strong></span> <span class='ocrx_word' id='word_1_359' title='bbox 1639 3125 1820 3182; x_wconf 89' lang='lat' dir='ltr'><strong>medio</strong></span> 
     </span>
    </p>
   </div>
   <div class='ocr_carea' id='block_1_48' title="bbox 2483 1932 2973 1992">
    <p class='ocr_par' dir='ltr' id='par_1_48' title="bbox 2483 1932 2973 1992">
     <span class='ocr_line' id='line_1_48' title="bbox 2483 1932 2973 1992; baseline 0.004 -2"><span class='ocrx_word' id='word_1_360' title='bbox 2483 1932 2713 1991; x_wconf 79' lang='lat' dir='ltr'><strong>CAPUT</strong></span> <span class='ocrx_word' id='word_1_361' title='bbox 2754 1936 2973 1992; x_wconf 78' lang='lat' dir='ltr'><strong>XXVII.</strong></span> 
     </span>
    </p>
   </div>
   <div class='ocr_carea' id='block_1_49' title="bbox 1923 2026 3525 2104">
    <p class='ocr_par' dir='ltr' id='par_1_49' title="bbox 1923 2026 3525 2104">
     <span class='ocr_line' id='line_1_49' title="bbox 1923 2026 3525 2104; baseline 0.004 -22"><span class='ocrx_word' id='word_1_362' title='bbox 1923 2027 2146 2104; x_wconf 76' lang='lat' dir='ltr'><strong>Collatio</strong></span> <span class='ocrx_word' id='word_1_363' title='bbox 2192 2028 2374 2104; x_wconf 71' lang='lat' dir='ltr'><strong>populi</strong></span> <span class='ocrx_word' id='word_1_364' title='bbox 2422 2026 3161 2104; x_wconf 22' lang='lat' dir='ltr'><strong>lsraeliticiAetLChristiaiii,</strong></span> <span class='ocrx_word' id='word_1_365' title='bbox 3217 2033 3525 2104; x_wconf 78' lang='lat' dir='ltr'><strong>/quptiaci</strong></span> 
     </span>
    </p>
   </div>
   <div class='ocr_carea' id='block_1_50' title="bbox 1995 2098 3526 2176">
    <p class='ocr_par' dir='ltr' id='par_1_50' title="bbox 1995 2098 3526 2176">
     <span class='ocr_line' id='line_1_50' title="bbox 1995 2098 3526 2176; baseline 0.006 -26"><span class='ocrx_word' id='word_1_366' title='bbox 1995 2099 2117 2176; x_wconf 64' lang='lat' dir='ltr'><strong>item</strong></span> <span class='ocrx_word' id='word_1_367' title='bbox 2143 2107 2190 2152; x_wconf 90' lang='lat' dir='ltr'><strong>et</strong></span> <span class='ocrx_word' id='word_1_368' title='bbox 2215 2098 3012 2176; x_wconf 20' lang='grc' dir='ltr'><strong>μεθιπτρηὶ,ᾔᾳιιᾳηιο-ίίο,ἱΙιΑἱ-λρνο</strong></span> <span class='ocrx_word' id='word_1_369' title='bbox 3045 2102 3156 2156; x_wconf 84' lang='lat' dir='ltr'><strong>Deo</strong></span> <span class='ocrx_word' id='word_1_370' title='bbox 3190 2105 3241 2158; x_wconf 84' lang='lat' dir='ltr'><strong>in</strong></span> <span class='ocrx_word' id='word_1_371' title='bbox 3269 2098 3526 2176; x_wconf 60' lang='lat' dir='ltr'><strong>afﬂictio-</strong></span> 
     </span>
    </p>
   </div>
   <div class='ocr_carea' id='block_1_51' title="bbox 1994 2168 3417 2245">
    <p class='ocr_par' dir='ltr' id='par_1_51' title="bbox 1994 2168 3417 2245">
     <span class='ocr_line' id='line_1_51' title="bbox 1994 2168 3417 2245; baseline 0.006 -24"><span class='ocrx_word' id='word_1_372' title='bbox 1994 2168 2145 2222; x_wconf 85' lang='lat' dir='ltr'><strong>nibus</strong></span> <span class='ocrx_word' id='word_1_373' title='bbox 2163 2211 2179 2236; x_wconf 93' lang='lat'><strong>,</strong></span> <span class='ocrx_word' id='word_1_374' title='bbox 2206 2168 2261 2222; x_wconf 87' lang='lat' dir='ltr'><strong>hi</strong></span> <span class='ocrx_word' id='word_1_375' title='bbox 2287 2187 2318 2222; x_wconf 90' lang='lat' dir='ltr'><strong>a</strong></span> <span class='ocrx_word' id='word_1_376' title='bbox 2342 2169 2453 2224; x_wconf 83' lang='lat' dir='ltr'><strong>Deo</strong></span> <span class='ocrx_word' id='word_1_377' title='bbox 2477 2170 2528 2223; x_wconf 89' lang='lat' dir='ltr'><strong>in</strong></span> <span class='ocrx_word' id='word_1_378' title='bbox 2556 2172 2726 2242; x_wconf 81' lang='lat' dir='ltr'><strong>plagis</strong></span> <span class='ocrx_word' id='word_1_379' title='bbox 2747 2168 2942 2226; x_wconf 85' lang='lat' dir='ltr'><strong>similia</strong></span> <span class='ocrx_word' id='word_1_380' title='bbox 2973 2177 3083 2243; x_wconf 80' lang='lat' dir='ltr'><strong>fere</strong></span> <span class='ocrx_word' id='word_1_381' title='bbox 3114 2178 3255 2245; x_wconf 84' lang='lat' dir='ltr'><strong>passi</strong></span> <span class='ocrx_word' id='word_1_382' title='bbox 3279 2168 3417 2231; x_wconf 68' lang='lat' dir='ltr'><strong>sunt.</strong></span> 
     </span>
    </p>
   </div>
   <div class='ocr_carea' id='block_1_52' title="bbox 2001 2264 3523 2356">
    <p class='ocr_par' dir='ltr' id='par_1_52' title="bbox 2001 2264 3523 2356">
     <span class='ocr_line' id='line_1_52' title="bbox 2001 2264 3523 2356; baseline 0.006 -20"><span class='ocrx_word' id='word_1_383' title='bbox 2001 2281 2017 2311; x_wconf 77' lang='grc' dir='ltr'><strong>ι</strong></span> <span class='ocrx_word' id='word_1_384' title='bbox 2050 2281 2108 2336; x_wconf 89' lang='lat' dir='ltr'><strong>lu</strong></span> <span class='ocrx_word' id='word_1_385' title='bbox 2143 2282 2317 2351; x_wconf 88' lang='lat' dir='ltr'><strong>primo</strong></span> <span class='ocrx_word' id='word_1_386' title='bbox 2343 2283 2530 2338; x_wconf 90' lang='lat' dir='ltr'><strong>libello</strong></span> <span class='ocrx_word' id='word_1_387' title='bbox 2569 2284 2874 2350; x_wconf 80' lang='lat' dir='ltr'><strong>expositum</strong></span> <span class='ocrx_word' id='word_1_388' title='bbox 2924 2301 2953 2339; x_wconf 91' lang='lat' dir='ltr'><strong>a</strong></span> <span class='ocrx_word' id='word_1_389' title='bbox 3002 2287 3158 2341; x_wconf 91' lang='lat' dir='ltr'><strong>nobis</strong></span> <span class='ocrx_word' id='word_1_390' title='bbox 3196 2299 3319 2356; x_wconf 89' lang='lat' dir='ltr'><strong>est,</strong></span> <span class='ocrx_word' id='word_1_391' title='bbox 3360 2264 3523 2344; x_wconf 71' lang='lat' dir='ltr'><strong>Poin-</strong></span> 
     </span>
    </p>
   </div>
   <div class='ocr_carea' id='block_1_53' title="bbox 1923 2374 3526 2446">
    <p class='ocr_par' dir='ltr' id='par_1_53' title="bbox 1923 2374 3526 2446">
     <span class='ocr_line' id='line_1_53' title="bbox 1923 2374 3526 2446; baseline 0.006 -18"><span class='ocrx_word' id='word_1_392' title='bbox 1923 2374 2106 2445; x_wconf 89' lang='lat' dir='ltr'><strong>peium</strong></span> <span class='ocrx_word' id='word_1_393' title='bbox 2135 2374 2374 2446; x_wconf 84' lang='lat' dir='ltr'><strong>Trogum</strong></span> <span class='ocrx_word' id='word_1_394' title='bbox 2404 2421 2416 2444; x_wconf 88' lang='lat'><strong>,</strong></span> <span class='ocrx_word' id='word_1_395' title='bbox 2448 2388 2501 2430; x_wconf 89' lang='lat' dir='ltr'><strong>et</strong></span> <span class='ocrx_word' id='word_1_396' title='bbox 2544 2375 2860 2432; x_wconf 88' lang='lat' dir='ltr'><strong>Cornelium</strong></span> <span class='ocrx_word' id='word_1_397' title='bbox 2904 2378 3148 2435; x_wconf 87' lang='lat' dir='ltr'><strong>Tacitum</strong></span> <span class='ocrx_word' id='word_1_398' title='bbox 3191 2396 3526 2438; x_wconf 88' lang='lat' dir='ltr'><strong>commemo-</strong></span> 
     </span>
    </p>
   </div>
   <div class='ocr_carea' id='block_1_54' title="bbox 1925 2473 3524 2549">
    <p class='ocr_par' dir='ltr' id='par_1_54' title="bbox 1925 2473 3524 2549">
     <span class='ocr_line' id='line_1_54' title="bbox 1925 2473 3524 2549; baseline 0.006 -23"><span class='ocrx_word' id='word_1_399' title='bbox 1925 2487 2076 2528; x_wconf 87' lang='lat' dir='ltr'><strong>rasse</strong></span> <span class='ocrx_word' id='word_1_400' title='bbox 2101 2515 2115 2539; x_wconf 94' lang='lat'><strong>,</strong></span> <span class='ocrx_word' id='word_1_401' title='bbox 2153 2489 2258 2528; x_wconf 91' lang='lat' dir='ltr'><strong>non</strong></span> <span class='ocrx_word' id='word_1_402' title='bbox 2294 2473 2451 2544; x_wconf 90' lang='lat' dir='ltr'><strong>plene</strong></span> <span class='ocrx_word' id='word_1_403' title='bbox 2484 2473 2699 2545; x_wconf 89' lang='lat' dir='ltr'><strong>quidem</strong></span> <span class='ocrx_word' id='word_1_404' title='bbox 2733 2514 2750 2541; x_wconf 91' lang='lat'><strong>,</strong></span> <span class='ocrx_word' id='word_1_405' title='bbox 2803 2484 3048 2530; x_wconf 90' lang='lat' dir='ltr'><strong>nostrum</strong></span> <span class='ocrx_word' id='word_1_406' title='bbox 3080 2492 3209 2532; x_wconf 83' lang='lat' dir='ltr'><strong>vero</strong></span> <span class='ocrx_word' id='word_1_407' title='bbox 3258 2477 3479 2549; x_wconf 80' lang='lat' dir='ltr'><strong>Moysen</strong></span> <span class='ocrx_word' id='word_1_408' title='bbox 3511 2524 3524 2541; x_wconf 89' lang='lat'><strong>,</strong></span> 
     </span>
    </p>
   </div>
   <div class='ocr_carea' id='block_1_55' title="bbox 1925 2564 3534 2635">
    <p class='ocr_par' dir='ltr' id='par_1_55' title="bbox 1925 2564 3534 2635">
     <span class='ocr_line' id='line_1_55' title="bbox 1925 2564 3534 2635; baseline 0.005 -17"><span class='ocrx_word' id='word_1_409' title='bbox 1925 2564 2088 2618; x_wconf 89' lang='lat' dir='ltr'><strong>etiam</strong></span> <span class='ocrx_word' id='word_1_410' title='bbox 2116 2566 2352 2635; x_wconf 91' lang='lat' dir='ltr'><strong>ipsorum</strong></span> <span class='ocrx_word' id='word_1_411' title='bbox 2389 2565 2704 2621; x_wconf 89' lang='lat' dir='ltr'><strong>testimonio</strong></span> <span class='ocrx_word' id='word_1_412' title='bbox 2735 2566 2971 2630; x_wconf 85' lang='lat' dir='ltr'><strong>fidelem.</strong></span> <span class='ocrx_word' id='word_1_413' title='bbox 3003 2569 3236 2624; x_wconf 81' lang='lat' dir='ltr'><strong>ﬁdeliter</strong></span> <span class='ocrx_word' id='word_1_414' title='bbox 3259 2569 3534 2626; x_wconf 82' lang='lat' dir='ltr'><strong>sufﬁcien-</strong></span> 
     </span>
    </p>
   </div>
   <div class='ocr_carea' id='block_1_56' title="bbox 1925 2658 3536 2734">
    <p class='ocr_par' dir='ltr' id='par_1_56' title="bbox 1925 2658 3536 2734">
     <span class='ocr_line' id='line_1_56' title="bbox 1925 2658 3536 2734; baseline 0.006 -23"><span class='ocrx_word' id='word_1_415' title='bbox 1925 2665 2118 2728; x_wconf 90' lang='lat' dir='ltr'><strong>tcrque</strong></span> <span class='ocrx_word' id='word_1_416' title='bbox 2146 2659 2374 2724; x_wconf 80' lang='lat' dir='ltr'><strong>dixisse,</strong></span> <span class='ocrx_word' id='word_1_417' title='bbox 2408 2658 2700 2730; x_wconf 64' lang='lat' dir='ltr'><strong>Egyptios</strong></span> <span class='ocrx_word' id='word_1_418' title='bbox 2733 2669 2787 2714; x_wconf 89' lang='lat' dir='ltr'><strong>et</strong></span> <span class='ocrx_word' id='word_1_419' title='bbox 2815 2676 2994 2731; x_wconf 82' lang='lat' dir='ltr'><strong>regem</strong></span> <span class='ocrx_word' id='word_1_420' title='bbox 3031 2678 3252 2730; x_wconf 87' lang='lat' dir='ltr'><strong>eorum,</strong></span> <span class='ocrx_word' id='word_1_421' title='bbox 3284 2680 3406 2719; x_wconf 88' lang='lat' dir='ltr'><strong>eum</strong></span> <span class='ocrx_word' id='word_1_422' title='bbox 3437 2680 3536 2734; x_wconf 55' lang='lat' dir='ltr'><strong>po.</strong></span> 
     </span>
    </p>
   </div>
   <div class='ocr_carea' id='block_1_57' title="bbox 1927 2749 3532 2827">
    <p class='ocr_par' dir='ltr' id='par_1_57' title="bbox 1927 2749 3532 2827">
     <span class='ocr_line' id='line_1_57' title="bbox 1927 2749 3532 2827; baseline 0.007 -27"><span class='ocrx_word' id='word_1_423' title='bbox 1927 2749 2111 2818; x_wconf 88' lang='lat' dir='ltr'><strong>pulum</strong></span> <span class='ocrx_word' id='word_1_424' title='bbox 2150 2751 2246 2804; x_wconf 90' lang='lat' dir='ltr'><strong>Dei</strong></span> <span class='ocrx_word' id='word_1_425' title='bbox 2274 2792 2287 2816; x_wconf 91' lang='lat'><strong>,</strong></span> <span class='ocrx_word' id='word_1_426' title='bbox 2333 2753 2550 2806; x_wconf 86' lang='lat' dir='ltr'><strong>servire</strong></span> <span class='ocrx_word' id='word_1_427' title='bbox 2592 2753 2856 2807; x_wconf 83' lang='lat' dir='ltr'><strong>intentum</strong></span> <span class='ocrx_word' id='word_1_428' title='bbox 2887 2761 2942 2808; x_wconf 87' lang='lat' dir='ltr'><strong>et</strong></span> <span class='ocrx_word' id='word_1_429' title='bbox 2972 2763 3218 2824; x_wconf 88' lang='lat' dir='ltr'><strong>paratum</strong></span> <span class='ocrx_word' id='word_1_430' title='bbox 3249 2755 3360 2811; x_wconf 91' lang='lat' dir='ltr'><strong>Deo</strong></span> <span class='ocrx_word' id='word_1_431' title='bbox 3390 2771 3490 2812; x_wconf 90' lang='lat' dir='ltr'><strong>suo</strong></span> <span class='ocrx_word' id='word_1_432' title='bbox 3514 2800 3532 2827; x_wconf 92' lang='lat'><strong>,</strong></span> 
     </span>
    </p>
   </div>
   <div class='ocr_carea' id='block_1_58' title="bbox 1925 2841 3538 2920">
    <p class='ocr_par' dir='ltr' id='par_1_58' title="bbox 1925 2841 3538 2920">
     <span class='ocr_line' id='line_1_58' title="bbox 1925 2841 3538 2920; baseline 0.006 -25"><span class='ocrx_word' id='word_1_433' title='bbox 1925 2841 2286 2911; x_wconf 75' lang='lat' dir='ltr'><strong>impedienda:</strong></span> <span class='ocrx_word' id='word_1_434' title='bbox 2319 2843 2624 2899; x_wconf 80' lang='lat' dir='ltr'><strong>devotionis</strong></span> <span class='ocrx_word' id='word_1_435' title='bbox 2673 2846 2970 2914; x_wconf 83' lang='lat' dir='ltr'><strong>inStinctu,</strong></span> <span class='ocrx_word' id='word_1_436' title='bbox 3014 2848 3079 2901; x_wconf 92' lang='lat' dir='ltr'><strong>ad</strong></span> <span class='ocrx_word' id='word_1_437' title='bbox 3115 2849 3284 2903; x_wconf 83' lang='lat' dir='ltr'><strong>lutum</strong></span> <span class='ocrx_word' id='word_1_438' title='bbox 3326 2851 3538 2920; x_wconf 85' lang='lat' dir='ltr'><strong>paleas-</strong></span> 
     </span>
    </p>
   </div>
   <div class='ocr_carea' id='block_1_59' title="bbox 1924 2935 3531 3011">
    <p class='ocr_par' dir='ltr' id='par_1_59' title="bbox 1924 2935 3531 3011">
     <span class='ocr_line' id='line_1_59' title="bbox 1924 2935 3531 3011; baseline 0.007 -25"><span class='ocrx_word' id='word_1_439' title='bbox 1924 2949 2030 3003; x_wconf 89' lang='lat' dir='ltr'><strong>que</strong></span> <span class='ocrx_word' id='word_1_440' title='bbox 2058 2943 2411 3000; x_wconf 81' lang='lat' dir='ltr'><strong>revocarent,</strong></span> <span class='ocrx_word' id='word_1_441' title='bbox 2453 2935 2643 2991; x_wconf 89' lang='lat' dir='ltr'><strong>decem</strong></span> <span class='ocrx_word' id='word_1_442' title='bbox 2684 2938 2704 2968; x_wconf 84' lang='grc'><strong><em>²</em></strong></span> <span class='ocrx_word' id='word_1_443' title='bbox 2741 2937 3109 2992; x_wconf 81' lang='lat' dir='ltr'><strong>acerbissimis</strong></span> <span class='ocrx_word' id='word_1_444' title='bbox 3144 2941 3531 3011; x_wconf 56' lang='lat' dir='ltr'><strong>plagisduisse</strong></span> 
     </span>
    </p>
   </div>
   <div class='ocr_carea' id='block_1_60' title="bbox 1925 3027 3609 3099">
    <p class='ocr_par' dir='ltr' id='par_1_60' title="bbox 1925 3027 3609 3099">
     <span class='ocr_line' id='line_1_60' title="bbox 1925 3027 3609 3099; baseline 0.004 -19"><span class='ocrx_word' id='word_1_445' title='bbox 1925 3037 2179 3081; x_wconf 80' lang='lat' dir='ltr'><strong>vexatos.</strong></span> <span class='ocrx_word' id='word_1_446' title='bbox 2219 3027 2419 3082; x_wconf 85' lang='lat' dir='ltr'><strong>Deinde</strong></span> <span class='ocrx_word' id='word_1_447' title='bbox 2452 3027 2472 3058; x_wconf 84' lang='grc'><strong>³</strong></span> <span class='ocrx_word' id='word_1_448' title='bbox 2507 3028 2763 3083; x_wconf 84' lang='lat' dir='ltr'><strong>violentia</strong></span> <span class='ocrx_word' id='word_1_449' title='bbox 2794 3031 3059 3084; x_wconf 91' lang='lat' dir='ltr'><strong>malorum</strong></span> <span class='ocrx_word' id='word_1_450' title='bbox 3092 3031 3381 3099; x_wconf 86' lang='lat' dir='ltr'><strong>edomitos,</strong></span> <span class='ocrx_word' id='word_1_451' title='bbox 3416 3049 3525 3088; x_wconf 91' lang='lat' dir='ltr'><strong>non</strong></span> <span class='ocrx_word' id='word_1_452' title='bbox 3595 3071 3609 3083; x_wconf 88' lang='lat'><strong>.</strong></span> 
     </span>
    </p>
   </div>
   <div class='ocr_carea' id='block_1_61' title="bbox 1925 3120 3525 3198">
    <p class='ocr_par' dir='ltr' id='par_1_61' title="bbox 1925 3120 3525 3198">
     <span class='ocr_line' id='line_1_61' title="bbox 1925 3120 3525 3198; baseline 0.007 -25"><span class='ocrx_word' id='word_1_453' title='bbox 1925 3120 2103 3174; x_wconf 90' lang='lat' dir='ltr'><strong>solum</strong></span> <span class='ocrx_word' id='word_1_454' title='bbox 2155 3120 2403 3192; x_wconf 83' lang='lat' dir='ltr'><strong>coegisse</strong></span> <span class='ocrx_word' id='word_1_455' title='bbox 2467 3121 2810 3179; x_wconf 81' lang='lat' dir='ltr'><strong>festinantem</strong></span> <span class='ocrx_word' id='word_1_456' title='bbox 2842 3164 2858 3191; x_wconf 96' lang='lat'><strong>,</strong></span> <span class='ocrx_word' id='word_1_457' title='bbox 2922 3124 3016 3180; x_wconf 90' lang='lat' dir='ltr'><strong>sed</strong></span> <span class='ocrx_word' id='word_1_458' title='bbox 3068 3127 3229 3180; x_wconf 89' lang='lat' dir='ltr'><strong>etiam</strong></span> <span class='ocrx_word' id='word_1_459' title='bbox 3287 3129 3525 3198; x_wconf 88' lang='lat' dir='ltr'><strong>propriis</strong></span> 
     </span>
    </p>
   </div>
   <div class='ocr_carea' id='block_1_62' title="bbox 219 3208 3524 3288">
    <p class='ocr_par' dir='ltr' id='par_1_62' title="bbox 219 3208 3524 3288">
     <span class='ocr_line' id='line_1_62' title="bbox 219 3208 3524 3288; baseline 0.007 -34"><span class='ocrx_word' id='word_1_460' title='bbox 219 3213 305 3268; x_wconf 77' lang='lat' dir='ltr'><strong>sui</strong></span> <span class='ocrx_word' id='word_1_461' title='bbox 329 3222 573 3286; x_wconf 62' lang='lat' dir='ltr'><strong>tempore</strong></span> <span class='ocrx_word' id='word_1_462' title='bbox 605 3226 718 3272; x_wconf 76' lang='grc' dir='ltr'><strong>ιοιο</strong></span> <span class='ocrx_word' id='word_1_463' title='bbox 745 3218 878 3273; x_wconf 72' lang='lat' dir='ltr'><strong>orbe</strong></span> <span class='ocrx_word' id='word_1_464' title='bbox 904 3218 1187 3274; x_wconf 60' lang='lat' dir='ltr'><strong>smviebat,</strong></span> <span class='ocrx_word' id='word_1_465' title='bbox 1223 3220 1305 3273; x_wconf 76' lang='grc' dir='ltr'><strong>Αη</strong></span> <span class='ocrx_word' id='word_1_466' title='bbox 1335 3219 1498 3275; x_wconf 58' lang='lat' dir='ltr'><strong>etiam</strong></span> <span class='ocrx_word' id='word_1_467' title='bbox 1526 3218 1666 3274; x_wconf 75' lang='lat' dir='ltr'><strong>hanc</strong></span> <span class='ocrx_word' id='word_1_468' title='bbox 1695 3219 1821 3275; x_wconf 63' lang='grc' dir='ltr'>δεξι-</span> <span class='ocrx_word' id='word_1_469' title='bbox 1848 3215 1894 3279; x_wconf 83' lang='lat' dir='ltr'><strong>C</strong></span> <span class='ocrx_word' id='word_1_470' title='bbox 1927 3208 1947 3240; x_wconf 49' lang='grc' dir='ltr'>δ</span> <span class='ocrx_word' id='word_1_471' title='bbox 1977 3212 2089 3266; x_wconf 78' lang='lat' dir='ltr'><strong>SIIIS</strong></span> <span class='ocrx_word' id='word_1_472' title='bbox 2117 3213 2391 3283; x_wconf 82' lang='lat' dir='ltr'><strong>argenteis</strong></span> <span class='ocrx_word' id='word_1_473' title='bbox 2417 3223 2470 3269; x_wconf 76' lang='lat' dir='ltr'><strong>CI.</strong></span> <span class='ocrx_word' id='word_1_474' title='bbox 2501 3215 2681 3269; x_wconf 85' lang='lat' dir='ltr'><strong>aureis</strong></span> <span class='ocrx_word' id='word_1_475' title='bbox 2710 3215 2857 3269; x_wconf 71' lang='lat' dir='ltr'><strong>VDSIS</strong></span> <span class='ocrx_word' id='word_1_476' title='bbox 2889 3219 3338 3274; x_wconf 86' lang='lat' dir='ltr'><strong>accumulavisse.</strong></span> <span class='ocrx_word' id='word_1_477' title='bbox 3370 3220 3524 3288; x_wconf 71' lang='grc' dir='ltr'><strong>Ροδι,</strong></span> 
     </span>
    </p>
   </div>
   <div class='ocr_carea' id='block_1_63' title="bbox 215 3302 1820 3378">
    <p class='ocr_par' dir='ltr' id='par_1_63' title="bbox 215 3302 1820 3378">
     <span class='ocr_line' id='line_1_63' title="bbox 215 3302 1820 3378; baseline 0.006 -21"><span class='ocrx_word' id='word_1_478' title='bbox 215 3302 506 3360; x_wconf 87' lang='lat' dir='ltr'><strong>titudinem</strong></span> <span class='ocrx_word' id='word_1_479' title='bbox 539 3306 644 3362; x_wconf 89' lang='lat' dir='ltr'><strong>illis</strong></span> <span class='ocrx_word' id='word_1_480' title='bbox 675 3307 1014 3378; x_wconf 91' lang='lat' dir='ltr'><strong>temporibus</strong></span> <span class='ocrx_word' id='word_1_481' title='bbox 1042 3308 1330 3378; x_wconf 72' lang='lat' dir='ltr'><strong>ptenaliter</strong></span> <span class='ocrx_word' id='word_1_482' title='bbox 1375 3309 1638 3365; x_wconf 85' lang='lat' dir='ltr'><strong>accidisse</strong></span> <span class='ocrx_word' id='word_1_483' title='bbox 1667 3323 1820 3366; x_wconf 89' lang='lat' dir='ltr'><strong>assc-</strong></span> 
     </span>
    </p>
   </div>
   <div class='ocr_carea' id='block_1_64' title="bbox 220 3394 1825 3471">
    <p class='ocr_par' dir='ltr' id='par_1_64' title="bbox 220 3394 1825 3471">
     <span class='ocr_line' id='line_1_64' title="bbox 220 3394 1825 3471; baseline 0.004 -21"><span class='ocrx_word' id='word_1_484' title='bbox 220 3394 324 3462; x_wconf 88' lang='lat' dir='ltr'><strong>ris,</strong></span> <span class='ocrx_word' id='word_1_485' title='bbox 353 3403 410 3451; x_wconf 89' lang='lat' dir='ltr'><strong>et</strong></span> <span class='ocrx_word' id='word_1_486' title='bbox 431 3412 530 3452; x_wconf 91' lang='lat' dir='ltr'><strong>nos</strong></span> <span class='ocrx_word' id='word_1_487' title='bbox 563 3397 689 3454; x_wconf 86' lang='lat' dir='ltr'><strong>hinc</strong></span> <span class='ocrx_word' id='word_1_488' title='bbox 719 3415 936 3471; x_wconf 90' lang='lat' dir='ltr'><strong>quoque</strong></span> <span class='ocrx_word' id='word_1_489' title='bbox 969 3408 1177 3458; x_wconf 90' lang='lat' dir='ltr'><strong>terrere</strong></span> <span class='ocrx_word' id='word_1_490' title='bbox 1207 3401 1450 3457; x_wconf 84' lang='lat' dir='ltr'><strong>moliris?</strong></span> <span class='ocrx_word' id='word_1_491' title='bbox 1474 3402 1682 3470; x_wconf 86' lang='lat' dir='ltr'><strong>Quibus</strong></span> <span class='ocrx_word' id='word_1_492' title='bbox 1723 3401 1825 3457; x_wconf 90' lang='lat' dir='ltr'><strong>hu-</strong></span> 
     </span>
    </p>
   </div>
   <div class='ocr_carea' id='block_1_65' title="bbox 217 3487 1824 3566">
    <p class='ocr_par' dir='ltr' id='par_1_65' title="bbox 217 3487 1824 3566">
     <span class='ocr_line' id='line_1_65' title="bbox 217 3487 1824 3566; baseline 0.005 -24"><span class='ocrx_word' id='word_1_493' title='bbox 217 3487 423 3542; x_wconf 88' lang='lat' dir='ltr'><strong>militer</strong></span> <span class='ocrx_word' id='word_1_494' title='bbox 450 3491 864 3560; x_wconf 89' lang='lat' dir='ltr'><strong>responderim,</strong></span> <span class='ocrx_word' id='word_1_495' title='bbox 899 3508 1017 3559; x_wconf 89' lang='lat' dir='ltr'><strong>me,</strong></span> <span class='ocrx_word' id='word_1_496' title='bbox 1048 3494 1279 3563; x_wconf 90' lang='lat' dir='ltr'><strong>plurima</strong></span> <span class='ocrx_word' id='word_1_497' title='bbox 1311 3510 1439 3550; x_wconf 89' lang='lat' dir='ltr'><strong>cura</strong></span> <span class='ocrx_word' id='word_1_498' title='bbox 1471 3495 1691 3566; x_wconf 89' lang='lat' dir='ltr'><strong>pietatis</strong></span> <span class='ocrx_word' id='word_1_499' title='bbox 1730 3509 1824 3550; x_wconf 91' lang='lat' dir='ltr'><strong>ac-</strong></span> 
     </span>
    </p>
   </div>
   <div class='ocr_carea' id='block_1_66' title="bbox 217 3578 1820 3654">
    <p class='ocr_par' dir='ltr' id='par_1_66' title="bbox 217 3578 1820 3654">
     <span class='ocr_line' id='line_1_66' title="bbox 217 3578 1820 3654; baseline 0.002 -18"><span class='ocrx_word' id='word_1_500' title='bbox 217 3578 478 3648; x_wconf 89' lang='lat' dir='ltr'><strong>cinctum,</strong></span> <span class='ocrx_word' id='word_1_501' title='bbox 502 3596 856 3640; x_wconf 88' lang='lat' dir='ltr'><strong>commoncre</strong></span> <span class='ocrx_word' id='word_1_502' title='bbox 884 3583 952 3641; x_wconf 89' lang='lat' dir='ltr'><strong>de</strong></span> <span class='ocrx_word' id='word_1_503' title='bbox 979 3585 1144 3654; x_wconf 87' lang='lat' dir='ltr'><strong>veris,</strong></span> <span class='ocrx_word' id='word_1_504' title='bbox 1173 3601 1280 3643; x_wconf 92' lang='lat' dir='ltr'><strong>non</strong></span> <span class='ocrx_word' id='word_1_505' title='bbox 1314 3595 1526 3646; x_wconf 86' lang='lat' dir='ltr'><strong>terrere</strong></span> <span class='ocrx_word' id='word_1_506' title='bbox 1551 3586 1621 3643; x_wconf 91' lang='lat' dir='ltr'><strong>de</strong></span> <span class='ocrx_word' id='word_1_507' title='bbox 1647 3586 1820 3642; x_wconf 88' lang='lat' dir='ltr'><strong>falsis.</strong></span> 
     </span>
    </p>
   </div>
   <div class='ocr_carea' id='block_1_67' title="bbox 1935 3302 3531 3382">
    <p class='ocr_par' dir='ltr' id='par_1_67' title="bbox 1935 3302 3531 3382">
     <span class='ocr_line' id='line_1_67' title="bbox 1935 3302 3531 3382; baseline 0.008 -26"><span class='ocrx_word' id='word_1_508' title='bbox 1935 3302 2132 3358; x_wconf 89' lang='lat' dir='ltr'><strong>oblitos</strong></span> <span class='ocrx_word' id='word_1_509' title='bbox 2163 3306 2329 3374; x_wconf 65' lang='lat' dir='ltr'><strong>plagtc</strong></span> <span class='ocrx_word' id='word_1_510' title='bbox 2359 3321 2472 3360; x_wconf 73' lang='lat' dir='ltr'><strong>sum</strong></span> <span class='ocrx_word' id='word_1_511' title='bbox 2493 3347 2507 3374; x_wconf 95' lang='lat'><strong>,</strong></span> <span class='ocrx_word' id='word_1_512' title='bbox 2541 3315 2597 3362; x_wconf 88' lang='lat' dir='ltr'><strong>et</strong></span> <span class='ocrx_word' id='word_1_513' title='bbox 2623 3308 2851 3378; x_wconf 88' lang='lat' dir='ltr'><strong>cupidos</strong></span> <span class='ocrx_word' id='word_1_514' title='bbox 2896 3310 3095 3378; x_wconf 84' lang='lat' dir='ltr'><strong>praedae</strong></span> <span class='ocrx_word' id='word_1_515' title='bbox 3122 3311 3378 3367; x_wconf 75' lang='lat' dir='ltr'><strong>indebitm</strong></span> <span class='ocrx_word' id='word_1_516' title='bbox 3401 3356 3416 3382; x_wconf 93' lang='lat'><strong>,</strong></span> <span class='ocrx_word' id='word_1_517' title='bbox 3449 3315 3531 3369; x_wconf 82' lang='lat' dir='ltr'><strong>in-</strong></span> 
     </span>
    </p>
   </div>
   <div class='ocr_carea' id='block_1_68' title="bbox 1927 3397 3533 3472">
    <p class='ocr_par' dir='ltr' id='par_1_68' title="bbox 1927 3397 3533 3472">
     <span class='ocr_line' id='line_1_68' title="bbox 1927 3397 3533 3472; baseline 0.008 -21"><span class='ocrx_word' id='word_1_518' title='bbox 1927 3397 2084 3453; x_wconf 88' lang='lat' dir='ltr'><strong>vidos</strong></span> <span class='ocrx_word' id='word_1_519' title='bbox 2112 3398 2272 3454; x_wconf 83' lang='lat' dir='ltr'><strong>etiam</strong></span> <span class='ocrx_word' id='word_1_520' title='bbox 2301 3401 2580 3472; x_wconf 84' lang='lat' dir='ltr'><strong>religionis</strong></span> <span class='ocrx_word' id='word_1_521' title='bbox 2602 3402 2825 3466; x_wconf 72' lang='lat' dir='ltr'><strong>alienze,</strong></span> <span class='ocrx_word' id='word_1_522' title='bbox 2865 3403 2992 3458; x_wconf 93' lang='lat' dir='ltr'><strong>dum</strong></span> <span class='ocrx_word' id='word_1_523' title='bbox 3025 3407 3345 3462; x_wconf 88' lang='lat' dir='ltr'><strong>innocentes</strong></span> <span class='ocrx_word' id='word_1_524' title='bbox 3372 3408 3533 3465; x_wconf 85' lang='lat' dir='ltr'><strong>avide</strong></span> 
     </span>
    </p>
   </div>
   <div class='ocr_carea' id='block_1_69' title="bbox 1927 3494 3526 3570">
    <p class='ocr_par' dir='ltr' id='par_1_69' title="bbox 1927 3494 3526 3570">
     <span class='ocr_line' id='line_1_69' title="bbox 1927 3494 3526 3570; baseline 0.007 -24"><span class='ocrx_word' id='word_1_525' title='bbox 1927 3503 2354 3563; x_wconf 89' lang='lat' dir='ltr'><strong>persequuntur,</strong></span> <span class='ocrx_word' id='word_1_526' title='bbox 2387 3494 2521 3550; x_wconf 91' lang='lat' dir='ltr'><strong>mari</strong></span> <span class='ocrx_word' id='word_1_527' title='bbox 2569 3494 2755 3551; x_wconf 82' lang='lat' dir='ltr'><strong>Rubro</strong></span> <span class='ocrx_word' id='word_1_528' title='bbox 2799 3497 2989 3553; x_wconf 89' lang='lat' dir='ltr'><strong>ultime</strong></span> <span class='ocrx_word' id='word_1_529' title='bbox 3035 3507 3285 3570; x_wconf 89' lang='lat' dir='ltr'><strong>receptos</strong></span> <span class='ocrx_word' id='word_1_530' title='bbox 3334 3514 3526 3557; x_wconf 89' lang='lat' dir='ltr'><strong>omnes</strong></span> 
     </span>
    </p>
   </div>
   <div class='ocr_carea' id='block_1_70' title="bbox 1925 3585 3530 3662">
    <p class='ocr_par' dir='ltr' id='par_1_70' title="bbox 1925 3585 3530 3662">
     <span class='ocr_line' id='line_1_70' title="bbox 1925 3585 3530 3662; baseline 0.007 -22"><span class='ocrx_word' id='word_1_531' title='bbox 1925 3585 2172 3644; x_wconf 90' lang='lat' dir='ltr'><strong>funditus</strong></span> <span class='ocrx_word' id='word_1_532' title='bbox 2199 3587 2496 3646; x_wconf 87' lang='lat' dir='ltr'><strong>interiisse.</strong></span> <span class='ocrx_word' id='word_1_533' title='bbox 2527 3589 2680 3658; x_wconf 88' lang='lat' dir='ltr'><strong>Quod</strong></span> <span class='ocrx_word' id='word_1_534' title='bbox 2713 3605 2815 3662; x_wconf 90' lang='lat' dir='ltr'><strong>ego</strong></span> <span class='ocrx_word' id='word_1_535' title='bbox 2843 3605 2988 3647; x_wconf 89' lang='lat' dir='ltr'><strong>nunc</strong></span> <span class='ocrx_word' id='word_1_536' title='bbox 3018 3591 3200 3650; x_wconf 88' lang='lat' dir='ltr'><strong>refero</strong></span> <span class='ocrx_word' id='word_1_537' title='bbox 3236 3607 3301 3649; x_wconf 92' lang='lat' dir='ltr'><strong>ac</strong></span> <span class='ocrx_word' id='word_1_538' title='bbox 3326 3607 3530 3652; x_wconf 73' lang='lat' dir='ltr'><strong>renun~</strong></span> 
     </span>
    </p>
   </div>
   <div class='ocr_carea' id='block_1_71' title="bbox 1502 3804 2230 3864">
    <p class='ocr_par' dir='ltr' id='par_1_71' title="bbox 1502 3804 2230 3864">
     <span class='ocr_line' id='line_1_71' title="bbox 1502 3804 2230 3864; baseline -0.001 -1"><span class='ocrx_word' id='word_1_539' title='bbox 1502 3805 1642 3863; x_wconf 77' lang='lat' dir='ltr'><strong>HAV</strong></span> <span class='ocrx_word' id='word_1_540' title='bbox 1651 3804 1956 3864; x_wconf 78' lang='lat' dir='ltr'><strong>ERCAMPI</strong></span> <span class='ocrx_word' id='word_1_541' title='bbox 1994 3805 2230 3863; x_wconf 61' lang='lat' dir='ltr'><strong>NOTAE.</strong></span> 
     </span>
    </p>
   </div>
   <div class='ocr_carea' id='block_1_72' title="bbox 293 3956 1819 4046">
    <p class='ocr_par' dir='ltr' id='par_1_72' title="bbox 293 3956 1819 4046">
     <span class='ocr_line' id='line_1_72' title="bbox 293 3956 1819 4046; baseline 0 -33"><span class='ocrx_word' id='word_1_542' title='bbox 293 3957 763 4046; x_wconf 41' lang='lat' dir='ltr'><strong>5..0pprimirnus.</strong></span> <span class='ocrx_word' id='word_1_543' title='bbox 809 3956 982 4030; x_wconf 88' lang='lat' dir='ltr'><strong>Lugd.</strong></span> <span class='ocrx_word' id='word_1_544' title='bbox 1034 3958 1154 4016; x_wconf 86' lang='lat' dir='ltr'><strong>Dat.</strong></span> <span class='ocrx_word' id='word_1_545' title='bbox 1193 3966 1318 4015; x_wconf 89' lang='lat' dir='ltr'><strong>tert.</strong></span> <span class='ocrx_word' id='word_1_546' title='bbox 1367 3967 1424 4014; x_wconf 92' lang='lat' dir='ltr'><strong>et</strong></span> <span class='ocrx_word' id='word_1_547' title='bbox 1468 3966 1674 4030; x_wconf 89' lang='lat' dir='ltr'><strong>quart.,</strong></span> <span class='ocrx_word' id='word_1_548' title='bbox 1722 3975 1819 4029; x_wconf 88' lang='lat' dir='ltr'><strong>op-</strong></span> 
     </span>
    </p>
   </div>
   <div class='ocr_carea' id='block_1_73' title="bbox 261 4046 1516 4085">
    <p class='ocr_par' dir='ltr' id='par_1_73' title="bbox 261 4046 1516 4085">
     <span class='ocr_line' id='line_1_73' title="bbox 261 4046 1516 4085; baseline -0.008 0"><span class='ocrx_word' id='word_1_549' title='bbox 261 4046 381 4085; x_wconf 86' lang='lat' dir='ltr'><strong>resst</strong></span> <span class='ocrx_word' id='word_1_550' title='bbox 389 4047 437 4084; x_wconf 95' lang='lat' dir='ltr'><strong>m</strong></span> <span class='ocrx_word' id='word_1_551' title='bbox 444 4047 500 4084; x_wconf 90' lang='lat' dir='ltr'><strong>us</strong></span> <span class='ocrx_word' id='word_1_552' title='bbox 508 4069 522 4083; x_wconf 85' lang='lat'><strong>.</strong></span> <span class='ocrx_word' id='word_1_553' title='bbox 1509 4070 1516 4075; x_wconf 92' lang='lat'><strong>.</strong></span> 
     </span>
    </p>
   </div>
   <div class='ocr_carea' id='block_1_74' title="bbox 220 4048 1813 4175">
    <p class='ocr_par' dir='ltr' id='par_1_74' title="bbox 220 4048 1813 4175">
     <span class='ocr_line' id='line_1_74' title="bbox 220 4048 1516 4104; baseline -0.008 -19"><span class='ocrx_word' id='word_1_554' title='bbox 220 4048 522 4104; x_wconf 76' lang='lat' dir='ltr'><strong>pressimus.</strong></span> <span class='ocrx_word' id='word_1_555' title='bbox 1509 4070 1516 4075; x_wconf 91' lang='lat'><strong>.</strong></span> 
     </span>
     <span class='ocr_line' id='line_1_75' title="bbox 231 4100 1813 4175; baseline -0.001 -18"><span class='ocrx_word' id='word_1_556' title='bbox 231 4171 259 4175; x_wconf 28' lang='grc' dir='ltr'><strong>Α</strong></span> <span class='ocrx_word' id='word_1_557' title='bbox 293 4103 348 4157; x_wconf 73' lang='grc'><strong>4.</strong></span> <span class='ocrx_word' id='word_1_558' title='bbox 397 4100 998 4175; x_wconf 83' lang='lat' dir='ltr'><strong>Verisimilinm.Lugd.</strong></span> <span class='ocrx_word' id='word_1_559' title='bbox 1045 4103 1191 4159; x_wconf 88' lang='lat' dir='ltr'><strong>Batt.</strong></span> <span class='ocrx_word' id='word_1_560' title='bbox 1232 4110 1486 4174; x_wconf 89' lang='lat' dir='ltr'><strong>quatuor,</strong></span> <span class='ocrx_word' id='word_1_561' title='bbox 1519 4116 1641 4158; x_wconf 91' lang='lat' dir='ltr'><strong>cum</strong></span> <span class='ocrx_word' id='word_1_562' title='bbox 1673 4101 1813 4158; x_wconf 87' lang='lat' dir='ltr'><strong>Coll.</strong></span> 
     </span>
    </p>
   </div>
   <div class='ocr_carea' id='block_1_75' title="bbox 219 4171 920 4241">
    <p class='ocr_par' dir='ltr' id='par_1_75' title="bbox 219 4171 920 4241">
     <span class='ocr_line' id='line_1_76' title="bbox 219 4171 920 4241; baseline -0.001 -11"><span class='ocrx_word' id='word_1_563' title='bbox 219 4171 461 4230; x_wconf 83' lang='lat' dir='ltr'><strong>Gronov.</strong></span> <span class='ocrx_word' id='word_1_564' title='bbox 474 4216 488 4241; x_wconf 94' lang='lat'><strong>,</strong></span> <span class='ocrx_word' id='word_1_565' title='bbox 528 4171 920 4230; x_wconf 78' lang='lat' dir='ltr'><strong>verisimillima.</strong></span> 
     </span>
    </p>
   </div>
   <div class='ocr_carea' id='block_1_76' title="bbox 293 4243 1814 4312">
    <p class='ocr_par' dir='ltr' id='par_1_76' title="bbox 293 4243 1814 4312">
     <span class='ocr_line' id='line_1_77' title="bbox 293 4243 1814 4312; baseline 0.001 -14"><span class='ocrx_word' id='word_1_566' title='bbox 293 4243 349 4298; x_wconf 86' lang='lat'><strong>5.</strong></span> <span class='ocrx_word' id='word_1_567' title='bbox 375 4244 482 4300; x_wconf 83' lang='lat' dir='ltr'><strong>Sed</strong></span> <span class='ocrx_word' id='word_1_568' title='bbox 511 4261 666 4312; x_wconf 85' lang='lat' dir='ltr'><strong>nunc,</strong></span> <span class='ocrx_word' id='word_1_569' title='bbox 699 4257 805 4301; x_wconf 88' lang='lat' dir='ltr'><strong>etc.</strong></span> <span class='ocrx_word' id='word_1_570' title='bbox 840 4247 954 4302; x_wconf 91' lang='lat' dir='ltr'><strong>Duo</strong></span> <span class='ocrx_word' id='word_1_571' title='bbox 977 4261 1041 4303; x_wconf 87' lang='lat' dir='ltr'><strong>ex</strong></span> <span class='ocrx_word' id='word_1_572' title='bbox 1063 4245 1252 4304; x_wconf 89' lang='lat' dir='ltr'><strong>iisdem</strong></span> <span class='ocrx_word' id='word_1_573' title='bbox 1282 4261 1407 4304; x_wconf 91' lang='lat' dir='ltr'><strong>cum</strong></span> <span class='ocrx_word' id='word_1_574' title='bbox 1437 4243 1814 4312; x_wconf 81' lang='lat' dir='ltr'><strong>Coll.eadem,</strong></span> 
     </span>
    </p>
   </div>
   <div class='ocr_carea' id='block_1_77' title="bbox 217 4315 857 4378">
    <p class='ocr_par' dir='ltr' id='par_1_77' title="bbox 217 4315 857 4378">
     <span class='ocr_line' id='line_1_78' title="bbox 217 4315 857 4378; baseline 0.006 -10"><span class='ocrx_word' id='word_1_575' title='bbox 217 4315 314 4368; x_wconf 85' lang='lat' dir='ltr'><strong>sed</strong></span> <span class='ocrx_word' id='word_1_576' title='bbox 342 4330 511 4368; x_wconf 88' lang='lat' dir='ltr'><strong>nonne</strong></span> <span class='ocrx_word' id='word_1_577' title='bbox 547 4332 712 4378; x_wconf 88' lang='lat' dir='ltr'><strong>nunc,</strong></span> <span class='ocrx_word' id='word_1_578' title='bbox 745 4326 857 4372; x_wconf 91' lang='lat' dir='ltr'><strong>etc.</strong></span> 
     </span>
    </p>
   </div>
   <div class='ocr_carea' id='block_1_78' title="bbox 294 4387 1816 4460">
    <p class='ocr_par' dir='ltr' id='par_1_78' title="bbox 294 4387 1816 4460">
     <span class='ocr_line' id='line_1_79' title="bbox 294 4387 1816 4460; baseline 0.003 -22"><span class='ocrx_word' id='word_1_579' title='bbox 294 4387 348 4460; x_wconf 60' lang='grc' dir='ltr'><strong>ρ.</strong></span> <span class='ocrx_word' id='word_1_580' title='bbox 390 4387 784 4460; x_wconf 58' lang='grc' dir='ltr'><strong>ᾼημὶᾳηξιαιεηι.</strong></span> <span class='ocrx_word' id='word_1_581' title='bbox 819 4387 961 4444; x_wconf 82' lang='lat' dir='ltr'><strong>Edd.</strong></span> <span class='ocrx_word' id='word_1_582' title='bbox 1003 4388 1247 4459; x_wconf 65' lang='lat' dir='ltr'><strong>quaedam</strong></span> <span class='ocrx_word' id='word_1_583' title='bbox 1281 4398 1442 4455; x_wconf 83' lang='lat' dir='ltr'><strong>velt.,</strong></span> <span class='ocrx_word' id='word_1_584' title='bbox 1473 4390 1816 4460; x_wconf 83' lang='lat' dir='ltr'><strong>antiquatam.</strong></span> 
     </span>
    </p>
   </div>
   <div class='ocr_carea' id='block_1_79' title="bbox 295 4455 1816 4531">
    <p class='ocr_par' dir='ltr' id='par_1_79' title="bbox 295 4455 1816 4531">
     <span class='ocr_line' id='line_1_80' title="bbox 295 4455 1816 4531; baseline 0.001 -20"><span class='ocrx_word' id='word_1_585' title='bbox 295 4457 348 4513; x_wconf 90' lang='lat'><strong>7.</strong></span> <span class='ocrx_word' id='word_1_586' title='bbox 383 4455 640 4531; x_wconf 68' lang='lat' dir='ltr'><strong>Columna</strong></span> <span class='ocrx_word' id='word_1_587' title='bbox 659 4455 1074 4531; x_wconf 68' lang='lat' dir='ltr'><strong>inexpugnabilis</strong></span> <span class='ocrx_word' id='word_1_588' title='bbox 1103 4461 1270 4530; x_wconf 77' lang='lat' dir='ltr'><strong>fulsit.</strong></span> <span class='ocrx_word' id='word_1_589' title='bbox 1303 4461 1475 4516; x_wconf 79' lang='lat' dir='ltr'><strong>Codd.</strong></span> <span class='ocrx_word' id='word_1_590' title='bbox 1497 4455 1668 4530; x_wconf 76' lang='lat' dir='ltr'><strong>Lugd.</strong></span> <span class='ocrx_word' id='word_1_591' title='bbox 1697 4461 1816 4513; x_wconf 82' lang='lat' dir='ltr'><strong>But.</strong></span> 
     </span>
    </p>
   </div>
   <div class='ocr_carea' id='block_1_80' title="bbox 223 4527 1816 4603">
    <p class='ocr_par' dir='ltr' id='par_1_80' title="bbox 223 4527 1816 4603">
     <span class='ocr_line' id='line_1_81' title="bbox 223 4527 1816 4603; baseline 0.002 -21"><span class='ocrx_word' id='word_1_592' title='bbox 223 4535 352 4603; x_wconf 87' lang='lat' dir='ltr'><strong>ter_t.</strong></span> <span class='ocrx_word' id='word_1_593' title='bbox 398 4539 451 4582; x_wconf 90' lang='lat' dir='ltr'><strong>et</strong></span> <span class='ocrx_word' id='word_1_594' title='bbox 483 4527 1050 4603; x_wconf 52' lang='lat' dir='ltr'><strong>Perizo_n.,&#39;columna</strong></span> <span class='ocrx_word' id='word_1_595' title='bbox 1089 4527 1479 4603; x_wconf 68' lang='lat' dir='ltr'><strong>inexpugnabili</strong></span> <span class='ocrx_word' id='word_1_596' title='bbox 1519 4527 1684 4603; x_wconf 82' lang='lat' dir='ltr'><strong>fulsit.</strong></span> <span class='ocrx_word' id='word_1_597' title='bbox 1710 4531 1816 4585; x_wconf 90' lang='lat' dir='ltr'><strong>Sed</strong></span> 
     </span>
    </p>
   </div>
   <div class='ocr_carea' id='block_1_81' title="bbox 223 4599 1816 4671">
    <p class='ocr_par' dir='ltr' id='par_1_81' title="bbox 223 4599 1816 4671">
     <span class='ocr_line' id='line_1_82' title="bbox 223 4599 1816 4671; baseline 0.003 -19"><span class='ocrx_word' id='word_1_598' title='bbox 223 4599 376 4671; x_wconf 91' lang='lat' dir='ltr'><strong>vulg.</strong></span> <span class='ocrx_word' id='word_1_599' title='bbox 420 4599 590 4671; x_wconf 89' lang='lat' dir='ltr'><strong>proba</strong></span> <span class='ocrx_word' id='word_1_600' title='bbox 634 4599 859 4670; x_wconf 85' lang='lat' dir='ltr'><strong>ejusque</strong></span> <span class='ocrx_word' id='word_1_601' title='bbox 895 4617 1090 4658; x_wconf 88' lang='lat' dir='ltr'><strong>sensus</strong></span> <span class='ocrx_word' id='word_1_602' title='bbox 1133 4599 1220 4656; x_wconf 84' lang='lat' dir='ltr'><strong>hic</strong></span> <span class='ocrx_word' id='word_1_603' title='bbox 1267 4599 1388 4656; x_wconf 79' lang='lat' dir='ltr'><strong>est:</strong></span> <span class='ocrx_word' id='word_1_604' title='bbox 1422 4599 1816 4671; x_wconf 77' lang='lat' dir='ltr'><strong>Antiquitatem</strong></span> 
     </span>
    </p>
   </div>
   <div class='ocr_carea' id='block_1_82' title="bbox 223 4670 1820 4743">
    <p class='ocr_par' dir='ltr' id='par_1_82' title="bbox 223 4670 1820 4743">
     <span class='ocr_line' id='line_1_83' title="bbox 223 4670 1820 4743; baseline 0 -17"><span class='ocrx_word' id='word_1_605' title='bbox 223 4670 506 4743; x_wconf 79' lang='lat' dir='ltr'><strong>religionis</strong></span> <span class='ocrx_word' id='word_1_606' title='bbox 537 4682 737 4726; x_wconf 86' lang='lat' dir='ltr'><strong>nostrae</strong></span> <span class='ocrx_word' id='word_1_607' title='bbox 763 4684 1148 4743; x_wconf 83' lang='lat' dir='ltr'><strong>Oppugnatam,</strong></span> <span class='ocrx_word' id='word_1_608' title='bbox 1171 4672 1265 4743; x_wconf 85' lang='lat' dir='ltr'><strong>sed</strong></span> <span class='ocrx_word' id='word_1_609' title='bbox 1291 4670 1576 4728; x_wconf 82' lang='lat' dir='ltr'><strong>victricem</strong></span> <span class='ocrx_word' id='word_1_610' title='bbox 1602 4682 1656 4728; x_wconf 89' lang='lat' dir='ltr'><strong>et</strong></span> <span class='ocrx_word' id='word_1_611' title='bbox 1686 4688 1820 4727; x_wconf 83' lang='lat' dir='ltr'><strong>con-</strong></span> 
     </span>
    </p>
   </div>
   <div class='ocr_carea' id='block_1_83' title="bbox 221 4741 1818 4812">
    <p class='ocr_par' dir='ltr' id='par_1_83' title="bbox 221 4741 1818 4812">
     <span class='ocr_line' id='line_1_84' title="bbox 221 4741 1818 4812; baseline 0 -16"><span class='ocrx_word' id='word_1_612' title='bbox 221 4741 390 4797; x_wconf 86' lang='lat' dir='ltr'><strong>stanti</strong></span> <span class='ocrx_word' id='word_1_613' title='bbox 417 4751 607 4812; x_wconf 89' lang='lat' dir='ltr'><strong>tenore</strong></span> <span class='ocrx_word' id='word_1_614' title='bbox 639 4741 1045 4812; x_wconf 85' lang='lat' dir='ltr'><strong>permanentem</strong></span> <span class='ocrx_word' id='word_1_615' title='bbox 1078 4741 1473 4811; x_wconf 81' lang='lat' dir='ltr'><strong>Maximianus,</strong></span> <span class='ocrx_word' id='word_1_616' title='bbox 1505 4744 1667 4798; x_wconf 89' lang='lat' dir='ltr'><strong>veluti</strong></span> <span class='ocrx_word' id='word_1_617' title='bbox 1707 4751 1818 4797; x_wconf 89' lang='lat' dir='ltr'><strong>sta-</strong></span> 
     </span>
    </p>
   </div>
   <div class='ocr_carea' id='block_1_84' title="bbox 220 4797 1895 4879">
    <p class='ocr_par' dir='ltr' id='par_1_84' title="bbox 220 4797 1895 4879">
     <span class='ocr_line' id='line_1_85' title="bbox 220 4797 1895 4879; baseline -0.001 -11"><span class='ocrx_word' id='word_1_618' title='bbox 220 4812 350 4868; x_wconf 83' lang='lat' dir='ltr'><strong>bilis</strong></span> <span class='ocrx_word' id='word_1_619' title='bbox 377 4819 435 4868; x_wconf 90' lang='lat' dir='ltr'><strong>et</strong></span> <span class='ocrx_word' id='word_1_620' title='bbox 467 4797 667 4879; x_wconf 59' lang='lat' dir='ltr'><strong>lirma&#39;,</strong></span> <span class='ocrx_word' id='word_1_621' title='bbox 710 4827 808 4868; x_wconf 91' lang='lat' dir='ltr'><strong>suo</strong></span> <span class='ocrx_word' id='word_1_622' title='bbox 832 4797 955 4869; x_wconf 81' lang='lat' dir='ltr'><strong>loco</strong></span> <span class='ocrx_word' id='word_1_623' title='bbox 971 4797 1248 4878; x_wconf 77' lang='lat' dir='ltr'><strong>manens,</strong></span> <span class='ocrx_word' id='word_1_624' title='bbox 1292 4797 1813 4870; x_wconf 78' lang='lat' dir='ltr'><strong>colutmtafulcivit.</strong></span> <span class='ocrx_word' id='word_1_625' title='bbox 1844 4797 1895 4858; x_wconf 82' lang='grc' dir='ltr'><strong>Ι)</strong></span> 
     </span>
    </p>
   </div>
   <div class='ocr_carea' id='block_1_85' title="bbox 222 4881 1819 4956">
    <p class='ocr_par' dir='ltr' id='par_1_85' title="bbox 222 4881 1819 4956">
     <span class='ocr_line' id='line_1_86' title="bbox 222 4881 1819 4956; baseline 0 -19"><span class='ocrx_word' id='word_1_626' title='bbox 222 4881 418 4956; x_wconf 81' lang='lat' dir='ltr'><strong>Cicero</strong></span> <span class='ocrx_word' id='word_1_627' title='bbox 444 4883 599 4938; x_wconf 84' lang='lat' dir='ltr'><strong>Orat.</strong></span> <span class='ocrx_word' id='word_1_628' title='bbox 652 4899 750 4956; x_wconf 89' lang='lat' dir='ltr'><strong>pro</strong></span> <span class='ocrx_word' id='word_1_629' title='bbox 799 4884 1025 4940; x_wconf 81' lang='lat' dir='ltr'><strong>Rabirio</strong></span> <span class='ocrx_word' id='word_1_630' title='bbox 1068 4885 1366 4940; x_wconf 81' lang='lat' dir='ltr'><strong>Posthumo</strong></span> <span class='ocrx_word' id='word_1_631' title='bbox 1389 4900 1510 4956; x_wconf 88' lang='lat' dir='ltr'><strong>cap.</strong></span> <span class='ocrx_word' id='word_1_632' title='bbox 1543 4886 1647 4942; x_wconf 69' lang='lat'><strong>16:</strong></span> <span class='ocrx_word' id='word_1_633' title='bbox 1683 4883 1819 4939; x_wconf 86' lang='lat' dir='ltr'><strong>Eum</strong></span> 
     </span>
    </p>
   </div>
   <div class='ocr_carea' id='block_1_86' title="bbox 225 4954 1823 5028">
    <p class='ocr_par' dir='ltr' id='par_1_86' title="bbox 225 4954 1823 5028">
     <span class='ocr_line' id='line_1_87' title="bbox 225 4954 1823 5028; baseline 0.001 -20"><span class='ocrx_word' id='word_1_634' title='bbox 225 4954 485 5010; x_wconf 79' lang='lat' dir='ltr'><strong>labentem</strong></span> <span class='ocrx_word' id='word_1_635' title='bbox 516 4955 738 5028; x_wconf 73' lang='lat' dir='ltr'><strong>excepit,</strong></span> <span class='ocrx_word' id='word_1_636' title='bbox 762 4971 1004 5012; x_wconf 87' lang='lat' dir='ltr'><strong>corruere</strong></span> <span class='ocrx_word' id='word_1_637' title='bbox 1028 4973 1131 5012; x_wconf 91' lang='lat' dir='ltr'><strong>non</strong></span> <span class='ocrx_word' id='word_1_638' title='bbox 1154 4956 1294 5023; x_wconf 80' lang='lat' dir='ltr'><strong>sivit,</strong></span> <span class='ocrx_word' id='word_1_639' title='bbox 1321 4954 1472 5028; x_wconf 79' lang='lat' dir='ltr'><strong>fulsit</strong></span> <span class='ocrx_word' id='word_1_640' title='bbox 1497 4967 1543 5012; x_wconf 88' lang='lat' dir='ltr'><strong>et</strong></span> <span class='ocrx_word' id='word_1_641' title='bbox 1571 4957 1823 5012; x_wconf 79' lang='lat' dir='ltr'><strong>sustinuit</strong></span> 
     </span>
    </p>
   </div>
   <div class='ocr_carea' id='block_1_87' title="bbox 221 5025 743 5095">
    <p class='ocr_par' dir='ltr' id='par_1_87' title="bbox 221 5025 743 5095">
     <span class='ocr_line' id='line_1_88' title="bbox 221 5025 743 5095; baseline -0.002 -14"><span class='ocrx_word' id='word_1_642' title='bbox 221 5041 300 5091; x_wconf 88' lang='lat' dir='ltr'><strong>re,</strong></span> <span class='ocrx_word' id='word_1_643' title='bbox 337 5028 553 5095; x_wconf 80' lang='lat' dir='ltr'><strong>fortuna</strong></span> <span class='ocrx_word' id='word_1_644' title='bbox 569 5067 583 5092; x_wconf 98' lang='lat'><strong>,</strong></span> <span class='ocrx_word' id='word_1_645' title='bbox 621 5025 743 5095; x_wconf 79' lang='lat' dir='ltr'><strong>ﬁde.</strong></span> 
     </span>
    </p>
   </div>
   <div class='ocr_carea' id='block_1_88' title="bbox 299 5097 1818 5170">
    <p class='ocr_par' dir='ltr' id='par_1_88' title="bbox 299 5097 1818 5170">
     <span class='ocr_line' id='line_1_89' title="bbox 299 5097 1818 5170; baseline 0 -17"><span class='ocrx_word' id='word_1_646' title='bbox 299 5098 356 5153; x_wconf 91' lang='lat'><strong>8.</strong></span> <span class='ocrx_word' id='word_1_647' title='bbox 397 5097 549 5152; x_wconf 85' lang='lat' dir='ltr'><strong>Inter</strong></span> <span class='ocrx_word' id='word_1_648' title='bbox 577 5097 1037 5170; x_wconf 79' lang='lat' dir='ltr'><strong>tranquillissima,</strong></span> <span class='ocrx_word' id='word_1_649' title='bbox 1059 5107 1169 5156; x_wconf 87' lang='lat' dir='ltr'><strong>etc.</strong></span> <span class='ocrx_word' id='word_1_650' title='bbox 1204 5098 1377 5170; x_wconf 86' lang='lat' dir='ltr'><strong>Lugd.</strong></span> <span class='ocrx_word' id='word_1_651' title='bbox 1413 5099 1530 5154; x_wconf 88' lang='lat' dir='ltr'><strong>Bat.</strong></span> <span class='ocrx_word' id='word_1_652' title='bbox 1564 5113 1675 5170; x_wconf 87' lang='lat' dir='ltr'><strong>pr.,</strong></span> <span class='ocrx_word' id='word_1_653' title='bbox 1703 5098 1818 5169; x_wconf 77' lang='lat' dir='ltr'><strong>fue-</strong></span> 
     </span>
    </p>
   </div>
   <div class='ocr_carea' id='block_1_89' title="bbox 223 5168 984 5239">
    <p class='ocr_par' dir='ltr' id='par_1_89' title="bbox 223 5168 984 5239">
     <span class='ocr_line' id='line_1_90' title="bbox 223 5168 984 5239; baseline 0.003 -15"><span class='ocrx_word' id='word_1_654' title='bbox 223 5178 348 5224; x_wconf 84' lang='lat' dir='ltr'><strong>runt</strong></span> <span class='ocrx_word' id='word_1_655' title='bbox 377 5168 842 5239; x_wconf 78' lang='lat' dir='ltr'><strong>tranquillissima,</strong></span> <span class='ocrx_word' id='word_1_656' title='bbox 877 5178 984 5226; x_wconf 89' lang='lat' dir='ltr'><strong>etc.</strong></span> 
     </span>
    </p>
   </div>
   <div class='ocr_carea' id='block_1_90' title="bbox 283 5239 1823 5366">
    <p class='ocr_par' dir='ltr' id='par_1_90' title="bbox 283 5239 1823 5366">
     <span class='ocr_line' id='line_1_91' title="bbox 283 5239 1823 5366; baseline 0.002 -73"><span class='ocrx_word' id='word_1_657' title='bbox 283 5239 662 5366; x_wconf 32' lang='lat' dir='ltr'><strong>[Datlmtsitata</strong></span> <span class='ocrx_word' id='word_1_658' title='bbox 704 5239 949 5310; x_wconf 74' lang='lat' dir='ltr'><strong>felicitas.</strong></span> <span class='ocrx_word' id='word_1_659' title='bbox 997 5241 1168 5313; x_wconf 82' lang='lat' dir='ltr'><strong>Lugd.</strong></span> <span class='ocrx_word' id='word_1_660' title='bbox 1209 5241 1330 5297; x_wconf 86' lang='lat' dir='ltr'><strong>Bat.</strong></span> <span class='ocrx_word' id='word_1_661' title='bbox 1372 5257 1512 5310; x_wconf 85' lang='lat' dir='ltr'><strong>sec.,</strong></span> <span class='ocrx_word' id='word_1_662' title='bbox 1557 5241 1823 5296; x_wconf 79' lang='lat' dir='ltr'><strong>inusitalte</strong></span> 
     </span>
     <span class='ocr_line' id='line_1_92' title="bbox 303 5320 950 5365; baseline 0 -1"><span class='ocrx_word' id='word_1_663' title='bbox 303 5328 367 5365; x_wconf 80' lang='lat' dir='ltr'><strong>tet</strong></span> <span class='ocrx_word' id='word_1_664' title='bbox 395 5320 516 5364; x_wconf 84' lang='lat' dir='ltr'><strong>atts.</strong></span> <span class='ocrx_word' id='word_1_665' title='bbox 947 5331 950 5334; x_wconf 68' lang='grc'><strong>’</strong></span> 
     </span>
    </p>
   </div>
   <div class='ocr_carea' id='block_1_91' title="bbox 252 5311 950 5366">
    <p class='ocr_par' dir='ltr' id='par_1_91' title="bbox 252 5311 950 5366">
     <span class='ocr_line' id='line_1_93' title="bbox 252 5311 950 5366; baseline -0.011 1"><span class='ocrx_word' id='word_1_666' title='bbox 252 5311 516 5366; x_wconf 83' lang='lat' dir='ltr'><strong>elicitatis.</strong></span> <span class='ocrx_word' id='word_1_667' title='bbox 947 5331 950 5334; x_wconf 59' lang='grc' dir='ltr'><strong>ο</strong></span> 
     </span>
    </p>
   </div>
   <div class='ocr_carea' id='block_1_92' title="bbox 226 5311 1827 5458">
    <p class='ocr_par' dir='ltr' id='par_1_92' title="bbox 226 5311 1827 5458">
     <span class='ocr_line' id='line_1_94' title="bbox 226 5311 1102 5382; baseline -0.002 -16"><span class='ocrx_word' id='word_1_668' title='bbox 226 5311 516 5382; x_wconf 77' lang='lat' dir='ltr'><strong>felicitatis.</strong></span> <span class='ocrx_word' id='word_1_669' title='bbox 947 5331 950 5334; x_wconf 64' lang='grc'><strong>’</strong></span> <span class='ocrx_word' id='word_1_670' title='bbox 1085 5311 1102 5313; x_wconf 73' lang='grc'><strong><em>“</em></strong></span> 
     </span>
     <span class='ocr_line' id='line_1_95' title="bbox 251 5381 1827 5458; baseline 0.001 -20"><span class='ocrx_word' id='word_1_671' title='bbox 251 5453 262 5458; x_wconf 91' lang='lat'>_</span> <span class='ocrx_word' id='word_1_672' title='bbox 299 5383 388 5458; x_wconf 68' lang='lat' dir='ltr'><strong>id.</strong></span> <span class='ocrx_word' id='word_1_673' title='bbox 433 5381 598 5436; x_wconf 84' lang='lat' dir='ltr'><strong>Nulla</strong></span> <span class='ocrx_word' id='word_1_674' title='bbox 625 5382 789 5450; x_wconf 84' lang='lat' dir='ltr'><strong>domi,</strong></span> <span class='ocrx_word' id='word_1_675' title='bbox 817 5392 928 5440; x_wconf 88' lang='lat' dir='ltr'><strong>etc.</strong></span> <span class='ocrx_word' id='word_1_676' title='bbox 971 5383 1142 5457; x_wconf 86' lang='lat' dir='ltr'><strong>Lugd.</strong></span> <span class='ocrx_word' id='word_1_677' title='bbox 1180 5385 1302 5440; x_wconf 89' lang='lat' dir='ltr'><strong>Bat.</strong></span> <span class='ocrx_word' id='word_1_678' title='bbox 1339 5394 1450 5443; x_wconf 88' lang='lat' dir='ltr'><strong>tres</strong></span> <span class='ocrx_word' id='word_1_679' title='bbox 1477 5431 1491 5457; x_wconf 91' lang='lat'><strong>,</strong></span> <span class='ocrx_word' id='word_1_680' title='bbox 1515 5389 1632 5458; x_wconf 89' lang='lat' dir='ltr'><strong>jam</strong></span> <span class='ocrx_word' id='word_1_681' title='bbox 1679 5384 1827 5440; x_wconf 89' lang='lat' dir='ltr'><strong>nulla</strong></span> 
     </span>
    </p>
   </div>
   <div class='ocr_carea' id='block_1_93' title="bbox 225 5453 730 5525">
    <p class='ocr_par' dir='ltr' id='par_1_93' title="bbox 225 5453 730 5525">
     <span class='ocr_line' id='line_1_96' title="bbox 225 5453 730 5525; baseline -0.006 -16"><span class='ocrx_word' id='word_1_682' title='bbox 225 5453 368 5509; x_wconf 85' lang='lat' dir='ltr'><strong>domi</strong></span> <span class='ocrx_word' id='word_1_683' title='bbox 391 5459 550 5525; x_wconf 76' lang='lat' dir='ltr'><strong>[ames</strong></span> <span class='ocrx_word' id='word_1_684' title='bbox 573 5495 587 5520; x_wconf 92' lang='lat'><strong>,</strong></span> <span class='ocrx_word' id='word_1_685' title='bbox 621 5463 730 5509; x_wconf 93' lang='lat' dir='ltr'><strong>etc.</strong></span> 
     </span>
    </p>
   </div>
   <div class='ocr_carea' id='block_1_94' title="bbox 301 5523 1576 5600">
    <p class='ocr_par' dir='ltr' id='par_1_94' title="bbox 301 5523 1576 5600">
     <span class='ocr_line' id='line_1_97' title="bbox 301 5523 1576 5600; baseline 0.005 -22"><span class='ocrx_word' id='word_1_686' title='bbox 301 5523 399 5600; x_wconf 63' lang='lat' dir='ltr'><strong>ll.</strong></span> <span class='ocrx_word' id='word_1_687' title='bbox 438 5523 829 5600; x_wconf 60' lang='lat' dir='ltr'><strong>Qeatissimum.</strong></span> <span class='ocrx_word' id='word_1_688' title='bbox 853 5525 1103 5583; x_wconf 70' lang='lat' dir='ltr'><strong>I’erizon.</strong></span> <span class='ocrx_word' id='word_1_689' title='bbox 1129 5570 1143 5595; x_wconf 91' lang='lat'><strong>,</strong></span> <span class='ocrx_word' id='word_1_690' title='bbox 1177 5529 1576 5600; x_wconf 78' lang='lat' dir='ltr'><strong>quietissimum.</strong></span> 
     </span>
    </p>
   </div>
   <div class='ocr_carea' id='block_1_95' title="bbox 303 5593 1826 5672">
    <p class='ocr_par' dir='ltr' id='par_1_95' title="bbox 303 5593 1826 5672">
     <span class='ocr_line' id='line_1_98' title="bbox 303 5593 1826 5672; baseline 0.002 -22"><span class='ocrx_word' id='word_1_691' title='bbox 303 5596 394 5650; x_wconf 71' lang='lat' dir='ltr'><strong>l2.</strong></span> <span class='ocrx_word' id='word_1_692' title='bbox 445 5593 580 5650; x_wconf 80' lang='lat' dir='ltr'><strong>Vita:</strong></span> <span class='ocrx_word' id='word_1_693' title='bbox 610 5597 774 5650; x_wconf 72' lang='lat' dir='ltr'><strong>boum.</strong></span> <span class='ocrx_word' id='word_1_694' title='bbox 820 5599 1099 5656; x_wconf 85' lang='lat' dir='ltr'><strong>Posterior</strong></span> <span class='ocrx_word' id='word_1_695' title='bbox 1125 5593 1236 5656; x_wconf 78' lang='lat' dir='ltr'><strong>vox</strong></span> <span class='ocrx_word' id='word_1_696' title='bbox 1265 5601 1421 5657; x_wconf 88' lang='lat' dir='ltr'><strong>abest</strong></span> <span class='ocrx_word' id='word_1_697' title='bbox 1448 5616 1477 5654; x_wconf 91' lang='lat' dir='ltr'><strong>a</strong></span> <span class='ocrx_word' id='word_1_698' title='bbox 1503 5598 1678 5672; x_wconf 88' lang='lat' dir='ltr'><strong>Lugd.</strong></span> <span class='ocrx_word' id='word_1_699' title='bbox 1708 5598 1826 5654; x_wconf 85' lang='lat' dir='ltr'><strong>Dat.</strong></span> 
     </span>
    </p>
   </div>
   <div class='ocr_carea' id='block_1_96' title="bbox 229 5678 448 5740">
    <p class='ocr_par' dir='ltr' id='par_1_96' title="bbox 229 5678 448 5740">
     <span class='ocr_line' id='line_1_99' title="bbox 229 5678 448 5740; baseline 0 0"><span class='ocrx_word' id='word_1_700' title='bbox 229 5678 448 5740; x_wconf 61' lang='lat' dir='ltr'><strong>quem:</strong></span> 
     </span>
    </p>
   </div>
   <div class='ocr_carea' id='block_1_97' title="bbox 306 5737 1830 5816">
    <p class='ocr_par' dir='ltr' id='par_1_97' title="bbox 306 5737 1830 5816">
     <span class='ocr_line' id='line_1_100' title="bbox 306 5737 1830 5816; baseline 0.001 -23"><span class='ocrx_word' id='word_1_701' title='bbox 306 5737 589 5816; x_wconf 75' lang='lat' dir='ltr'><strong>i&#39;5.__V_elut</strong></span> <span class='ocrx_word' id='word_1_702' title='bbox 617 5741 820 5812; x_wconf 64' lang='lat' dir='ltr'><strong>praemii</strong></span> <span class='ocrx_word' id='word_1_703' title='bbox 863 5741 997 5799; x_wconf 89' lang='lat' dir='ltr'><strong>loco.</strong></span> <span class='ocrx_word' id='word_1_704' title='bbox 1043 5743 1215 5816; x_wconf 88' lang='lat' dir='ltr'><strong>Lugd.</strong></span> <span class='ocrx_word' id='word_1_705' title='bbox 1248 5743 1368 5800; x_wconf 87' lang='lat' dir='ltr'><strong>Bat.</strong></span> <span class='ocrx_word' id='word_1_706' title='bbox 1415 5756 1555 5814; x_wconf 88' lang='lat' dir='ltr'><strong>sec.,</strong></span> <span class='ocrx_word' id='word_1_707' title='bbox 1592 5743 1733 5799; x_wconf 84' lang='lat' dir='ltr'><strong>velut</strong></span> <span class='ocrx_word' id='word_1_708' title='bbox 1777 5741 1830 5796; x_wconf 88' lang='lat' dir='ltr'><strong>in</strong></span> 
     </span>
    </p>
   </div>
   <div class='ocr_carea' id='block_1_98' title="bbox 228 5809 607 5891">
    <p class='ocr_par' dir='ltr' id='par_1_98' title="bbox 228 5809 607 5891">
     <span class='ocr_line' id='line_1_101' title="bbox 228 5809 607 5891; baseline 0 -25"><span class='ocrx_word' id='word_1_709' title='bbox 228 5809 437 5891; x_wconf 75' lang='lat' dir='ltr'><strong>prtemii</strong></span> <span class='ocrx_word' id='word_1_710' title='bbox 468 5811 607 5868; x_wconf 87' lang='lat' dir='ltr'><strong>loco.</strong></span> 
     </span>
    </p>
   </div>
   <div class='ocr_carea' id='block_1_99' title="bbox 519 5905 1100 5977">
    <p class='ocr_par' dir='ltr' id='par_1_99' title="bbox 519 5905 1100 5977">
     <span class='ocr_line' id='line_1_102' title="bbox 519 5905 1100 5977; baseline -0.002 -8"><span class='ocrx_word' id='word_1_711' title='bbox 519 5905 802 5972; x_wconf 65' lang='lat' dir='ltr'><strong>Panos.</strong></span> <span class='ocrx_word' id='word_1_712' title='bbox 847 5906 1100 5977; x_wconf 79' lang='lat' dir='ltr'><strong>XXXI.</strong></span> 
     </span>
    </p>
   </div>
   <div class='ocr_carea' id='block_1_100' title="bbox 2002 3956 3523 4037">
    <p class='ocr_par' dir='ltr' id='par_1_100' title="bbox 2002 3956 3523 4037">
     <span class='ocr_line' id='line_1_103' title="bbox 2002 3956 3523 4037; baseline 0.01 -24"><span class='ocrx_word' id='word_1_713' title='bbox 2002 3959 2088 4015; x_wconf 69' lang='grc'><strong>14.</strong></span> <span class='ocrx_word' id='word_1_714' title='bbox 2133 3956 2322 4014; x_wconf 88' lang='lat' dir='ltr'><strong>Decem</strong></span> <span class='ocrx_word' id='word_1_715' title='bbox 2352 3961 2756 4031; x_wconf 83' lang='lat' dir='ltr'><strong>persecutiones.</strong></span> <span class='ocrx_word' id='word_1_716' title='bbox 2788 3959 2962 4033; x_wconf 85' lang='lat' dir='ltr'><strong>Lugd.</strong></span> <span class='ocrx_word' id='word_1_717' title='bbox 2994 3962 3115 4019; x_wconf 89' lang='lat' dir='ltr'><strong>Bat.</strong></span> <span class='ocrx_word' id='word_1_718' title='bbox 3157 3977 3297 4037; x_wconf 86' lang='lat' dir='ltr'><strong>sec.,</strong></span> <span class='ocrx_word' id='word_1_719' title='bbox 3345 3969 3523 4029; x_wconf 80' lang='lat' dir='ltr'><strong>decem</strong></span> 
     </span>
    </p>
   </div>
   <div class='ocr_carea' id='block_1_101' title="bbox 1928 4039 2297 4102">
    <p class='ocr_par' dir='ltr' id='par_1_101' title="bbox 1928 4039 2297 4102">
     <span class='ocr_line' id='line_1_104' title="bbox 1928 4039 2297 4102; baseline -0.008 -16"><span class='ocrx_word' id='word_1_720' title='bbox 1928 4039 2297 4102; x_wconf 75' lang='lat' dir='ltr'><strong>persecutores.</strong></span> 
     </span>
    </p>
   </div>
   <div class='ocr_carea' id='block_1_102' title="bbox 2000 4101 3256 4176">
    <p class='ocr_par' dir='ltr' id='par_1_102' title="bbox 2000 4101 3256 4176">
     <span class='ocr_line' id='line_1_105' title="bbox 2000 4101 3256 4176; baseline 0.007 -23"><span class='ocrx_word' id='word_1_721' title='bbox 2000 4102 2088 4176; x_wconf 62' lang='lat' dir='ltr'><strong>l5.</strong></span> <span class='ocrx_word' id='word_1_722' title='bbox 2128 4101 2295 4176; x_wconf 57' lang='lat' dir='ltr'><strong>Bassa</strong></span> <span class='ocrx_word' id='word_1_723' title='bbox 2321 4110 2414 4176; x_wconf 76' lang='lat' dir='ltr'><strong>est.</strong></span> <span class='ocrx_word' id='word_1_724' title='bbox 2454 4101 2584 4176; x_wconf 83' lang='lat' dir='ltr'><strong>Mss.</strong></span> <span class='ocrx_word' id='word_1_725' title='bbox 2615 4102 2820 4176; x_wconf 73' lang='lat' dir='ltr'><strong>aliquot</strong></span> <span class='ocrx_word' id='word_1_726' title='bbox 2845 4145 2858 4169; x_wconf 95' lang='lat'><strong>,</strong></span> <span class='ocrx_word' id='word_1_727' title='bbox 2890 4121 3134 4176; x_wconf 81' lang='lat' dir='ltr'><strong>perpessa</strong></span> <span class='ocrx_word' id='word_1_728' title='bbox 3159 4114 3256 4162; x_wconf 78' lang='lat' dir='ltr'><strong>est.</strong></span> 
     </span>
    </p>
   </div>
   <div class='ocr_carea' id='block_1_103' title="bbox 1999 4171 3519 4245">
    <p class='ocr_par' dir='ltr' id='par_1_103' title="bbox 1999 4171 3519 4245">
     <span class='ocr_line' id='line_1_106' title="bbox 1999 4171 3519 4245; baseline 0.009 -17"><span class='ocrx_word' id='word_1_729' title='bbox 1999 4173 2090 4228; x_wconf 72' lang='lat' dir='ltr'><strong>l6.</strong></span> <span class='ocrx_word' id='word_1_730' title='bbox 2121 4171 2168 4225; x_wconf 89' lang='lat' dir='ltr'><em>E</em></span> <span class='ocrx_word' id='word_1_731' title='bbox 2205 4173 2450 4245; x_wconf 53' lang='lat' dir='ltr'><strong>vestigio.</strong></span> <span class='ocrx_word' id='word_1_732' title='bbox 2481 4175 2722 4239; x_wconf 82' lang='lat' dir='ltr'><strong>Quatuor</strong></span> <span class='ocrx_word' id='word_1_733' title='bbox 2772 4171 2945 4245; x_wconf 87' lang='lat' dir='ltr'><strong>Lugd.</strong></span> <span class='ocrx_word' id='word_1_734' title='bbox 2981 4171 3166 4244; x_wconf 49' lang='lat' dir='ltr'><strong>&#39;Batt.,</strong></span> <span class='ocrx_word' id='word_1_735' title='bbox 3209 4195 3331 4236; x_wconf 91' lang='lat' dir='ltr'><strong>cum</strong></span> <span class='ocrx_word' id='word_1_736' title='bbox 3373 4183 3519 4242; x_wconf 88' lang='lat' dir='ltr'><strong>Coll.</strong></span> 
     </span>
    </p>
   </div>
   <div class='ocr_carea' id='block_1_104' title="bbox 1927 4244 3048 4320">
    <p class='ocr_par' dir='ltr' id='par_1_104' title="bbox 1927 4244 3048 4320">
     <span class='ocr_line' id='line_1_107' title="bbox 1927 4244 3048 4320; baseline 0.001 -19"><span class='ocrx_word' id='word_1_737' title='bbox 1927 4244 2176 4320; x_wconf 47' lang='lat' dir='ltr'><strong>Gronov:</strong></span> <span class='ocrx_word' id='word_1_738' title='bbox 2195 4253 2252 4298; x_wconf 89' lang='lat' dir='ltr'><strong>et</strong></span> <span class='ocrx_word' id='word_1_739' title='bbox 2276 4244 2712 4320; x_wconf 82' lang='lat' dir='ltr'><strong>cod.__P_erizon._,</strong></span> <span class='ocrx_word' id='word_1_740' title='bbox 2742 4261 2768 4297; x_wconf 78' lang='grc' dir='ltr'><strong><em>ε</em></strong></span> <span class='ocrx_word' id='word_1_741' title='bbox 2803 4244 3048 4320; x_wconf 68' lang='lat' dir='ltr'><strong>vestigiis.</strong></span> 
     </span>
    </p>
   </div>
   <div class='ocr_carea' id='block_1_105' title="bbox 2001 4314 3513 4395">
    <p class='ocr_par' dir='ltr' id='par_1_105' title="bbox 2001 4314 3513 4395">
     <span class='ocr_line' id='line_1_108' title="bbox 2001 4314 3513 4395; baseline 0.012 -29"><span class='ocrx_word' id='word_1_742' title='bbox 2001 4316 2089 4395; x_wconf 55' lang='grc' dir='ltr'><strong>Π.</strong></span> <span class='ocrx_word' id='word_1_743' title='bbox 2139 4314 2373 4370; x_wconf 88' lang='lat' dir='ltr'><strong>Premor.</strong></span> <span class='ocrx_word' id='word_1_744' title='bbox 2407 4315 2572 4395; x_wconf 74' lang='lat' dir='ltr'><strong>lid_em</strong></span> <span class='ocrx_word' id='word_1_745' title='bbox 2607 4314 2729 4369; x_wconf 87' lang='lat' dir='ltr'><strong>cod.</strong></span> <span class='ocrx_word' id='word_1_746' title='bbox 2762 4325 2822 4370; x_wconf 91' lang='lat' dir='ltr'><strong>ut</strong></span> <span class='ocrx_word' id='word_1_747' title='bbox 2860 4314 3100 4395; x_wconf 60' lang='lat' dir='ltr'><strong>et_&#39;Flor.</strong></span> <span class='ocrx_word' id='word_1_748' title='bbox 3131 4335 3246 4395; x_wconf 77' lang='lat' dir='ltr'><strong>see.</strong></span> <span class='ocrx_word' id='word_1_749' title='bbox 3273 4368 3287 4391; x_wconf 88' lang='lat'><strong>,</strong></span> <span class='ocrx_word' id='word_1_750' title='bbox 3320 4343 3513 4395; x_wconf 83' lang='lat' dir='ltr'><strong>premo.</strong></span> 
     </span>
    </p>
   </div>
   <div class='ocr_carea' id='block_1_106' title="bbox 1928 4385 3516 4469">
    <p class='ocr_par' dir='ltr' id='par_1_106' title="bbox 1928 4385 3516 4469">
     <span class='ocr_line' id='line_1_109' title="bbox 1928 4385 3516 4469; baseline 0.016 -38"><span class='ocrx_word' id='word_1_751' title='bbox 1928 4385 2026 4469; x_wconf 18' lang='lat' dir='ltr'><strong>E-d.</strong></span> <span class='ocrx_word' id='word_1_752' title='bbox 2059 4386 2434 4469; x_wconf 32' lang='lat' dir='ltr'><strong>Angapromo.</strong></span> <span class='ocrx_word' id='word_1_753' title='bbox 2467 4385 2674 4442; x_wconf 88' lang='lat' dir='ltr'><strong>Sensus</strong></span> <span class='ocrx_word' id='word_1_754' title='bbox 2698 4395 2804 4456; x_wconf 88' lang='lat' dir='ltr'><strong>est,</strong></span> <span class='ocrx_word' id='word_1_755' title='bbox 2841 4388 2968 4444; x_wconf 89' lang='lat' dir='ltr'><strong>nolo</strong></span> <span class='ocrx_word' id='word_1_756' title='bbox 2996 4391 3062 4446; x_wconf 92' lang='lat' dir='ltr'><strong>de</strong></span> <span class='ocrx_word' id='word_1_757' title='bbox 3092 4407 3158 4447; x_wconf 91' lang='lat' dir='ltr'><strong>eo</strong></span> <span class='ocrx_word' id='word_1_758' title='bbox 3184 4385 3516 4469; x_wconf 61' lang='lat' dir='ltr'><strong>disceptare,</strong></span> 
     </span>
    </p>
   </div>
   <div class='ocr_carea' id='block_1_107' title="bbox 1923 4465 2278 4518">
    <p class='ocr_par' dir='ltr' id='par_1_107' title="bbox 1923 4465 2278 4518">
     <span class='ocr_line' id='line_1_110' title="bbox 1923 4465 2278 4518; baseline -0.014 -5"><span class='ocrx_word' id='word_1_759' title='bbox 1923 4467 2102 4513; x_wconf 88' lang='lat' dir='ltr'><strong>utrum</strong></span> <span class='ocrx_word' id='word_1_760' title='bbox 2125 4503 2137 4518; x_wconf 85' lang='lat'><strong>.</strong></span> <span class='ocrx_word' id='word_1_761' title='bbox 2172 4465 2278 4512; x_wconf 76' lang='lat' dir='ltr'><strong>etc.</strong></span> 
     </span>
    </p>
   </div>
   <div class='ocr_carea' id='block_1_108' title="bbox 1996 4527 3518 4608">
    <p class='ocr_par' dir='ltr' id='par_1_108' title="bbox 1996 4527 3518 4608">
     <span class='ocr_line' id='line_1_111' title="bbox 1996 4527 3518 4608; baseline 0.016 -32"><span class='ocrx_word' id='word_1_762' title='bbox 1996 4527 2391 4608; x_wconf 38' lang='lat' dir='ltr'><strong>tgulnlellecta</strong></span> <span class='ocrx_word' id='word_1_763' title='bbox 2439 4537 2534 4582; x_wconf 82' lang='lat' dir='ltr'><strong>est.</strong></span> <span class='ocrx_word' id='word_1_764' title='bbox 2577 4527 2748 4608; x_wconf 80' lang='lat' dir='ltr'><strong>Lugd.</strong></span> <span class='ocrx_word' id='word_1_765' title='bbox 2793 4529 3063 4608; x_wconf 76' lang='lat' dir='ltr'><strong>B_att.__pr.</strong></span> <span class='ocrx_word' id='word_1_766' title='bbox 3109 4542 3167 4591; x_wconf 90' lang='lat' dir='ltr'><strong>et</strong></span> <span class='ocrx_word' id='word_1_767' title='bbox 3197 4545 3345 4608; x_wconf 81' lang='lat' dir='ltr'><strong>tcrt.,</strong></span> <span class='ocrx_word' id='word_1_768' title='bbox 3396 4556 3518 4599; x_wconf 90' lang='lat' dir='ltr'><strong>cum</strong></span> 
     </span>
    </p>
   </div>
   <div class='ocr_carea' id='block_1_109' title="bbox 1919 4599 3214 4670">
    <p class='ocr_par' dir='ltr' id='par_1_109' title="bbox 1919 4599 3214 4670">
     <span class='ocr_line' id='line_1_112' title="bbox 1919 4599 3214 4670; baseline 0.002 -14"><span class='ocrx_word' id='word_1_769' title='bbox 1919 4599 2062 4656; x_wconf 88' lang='lat' dir='ltr'><strong>Coll.</strong></span> <span class='ocrx_word' id='word_1_770' title='bbox 2089 4600 2330 4656; x_wconf 88' lang='lat' dir='ltr'><strong>Gronov.</strong></span> <span class='ocrx_word' id='word_1_771' title='bbox 2352 4641 2366 4666; x_wconf 95' lang='lat'><strong>,</strong></span> <span class='ocrx_word' id='word_1_772' title='bbox 2397 4609 2589 4670; x_wconf 84' lang='lat' dir='ltr'><strong>quanto</strong></span> <span class='ocrx_word' id='word_1_773' title='bbox 2620 4605 2787 4656; x_wconf 87' lang='lat' dir='ltr'><strong>minus</strong></span> <span class='ocrx_word' id='word_1_774' title='bbox 2816 4599 3147 4660; x_wconf 69' lang='lat' dir='ltr'><strong>intellectam.</strong></span> <span class='ocrx_word' id='word_1_775' title='bbox 3209 4604 3214 4608; x_wconf 76' lang='grc'><strong>’</strong></span> 
     </span>
    </p>
   </div>
   <div class='ocr_carea' id='block_1_110' title="bbox 1994 4670 3270 4746">
    <p class='ocr_par' dir='ltr' id='par_1_110' title="bbox 1994 4670 3270 4746">
     <span class='ocr_line' id='line_1_113' title="bbox 1994 4670 3270 4746; baseline 0.009 -22"><span class='ocrx_word' id='word_1_776' title='bbox 1994 4673 2088 4746; x_wconf 59' lang='lat' dir='ltr'><strong>tt).</strong></span> <span class='ocrx_word' id='word_1_777' title='bbox 2130 4670 2334 4746; x_wconf 64' lang='lat' dir='ltr'><strong>Impius</strong></span> <span class='ocrx_word' id='word_1_778' title='bbox 2356 4713 2371 4737; x_wconf 91' lang='lat'><strong>,</strong></span> <span class='ocrx_word' id='word_1_779' title='bbox 2402 4680 2508 4727; x_wconf 91' lang='lat' dir='ltr'><strong>etc.</strong></span> <span class='ocrx_word' id='word_1_780' title='bbox 2543 4671 2716 4746; x_wconf 75' lang='lat' dir='ltr'><strong>Verba</strong></span> <span class='ocrx_word' id='word_1_781' title='bbox 2743 4683 2873 4746; x_wconf 86' lang='lat' dir='ltr'><strong>sunt</strong></span> <span class='ocrx_word' id='word_1_782' title='bbox 2898 4675 3102 4732; x_wconf 84' lang='lat' dir='ltr'><strong>Jerem.</strong></span> <span class='ocrx_word' id='word_1_783' title='bbox 3136 4694 3190 4746; x_wconf 90' lang='lat' dir='ltr'><strong>v,</strong></span> <span class='ocrx_word' id='word_1_784' title='bbox 3217 4681 3270 4735; x_wconf 76' lang='lat'><strong>5.</strong></span> 
     </span>
    </p>
   </div>
   <div class='ocr_carea' id='block_1_111' title="bbox 1995 4742 3518 4819">
    <p class='ocr_par' dir='ltr' id='par_1_111' title="bbox 1995 4742 3518 4819">
     <span class='ocr_line' id='line_1_114' title="bbox 1995 4742 3518 4819; baseline 0.009 -22"><span class='ocrx_word' id='word_1_785' title='bbox 1995 4742 2088 4799; x_wconf 73' lang='lat'><strong>20.</strong></span> <span class='ocrx_word' id='word_1_786' title='bbox 2133 4742 2292 4819; x_wconf 66' lang='lat' dir='ltr'><strong>Qu&#39;o_d_</strong></span> <span class='ocrx_word' id='word_1_787' title='bbox 2335 4759 2480 4808; x_wconf 87' lang='lat' dir='ltr'><strong>cum,</strong></span> <span class='ocrx_word' id='word_1_788' title='bbox 2528 4753 2637 4819; x_wconf 91' lang='lat' dir='ltr'><strong>ct_c.</strong></span> <span class='ocrx_word' id='word_1_789' title='bbox 2689 4744 2863 4819; x_wconf 72' lang='lat' dir='ltr'><strong>Lugd.</strong></span> <span class='ocrx_word' id='word_1_790' title='bbox 2911 4746 3031 4802; x_wconf 90' lang='lat' dir='ltr'><strong>Bat.</strong></span> <span class='ocrx_word' id='word_1_791' title='bbox 3085 4742 3336 4819; x_wconf 85' lang='lat' dir='ltr'><strong>quatuor,</strong></span> <span class='ocrx_word' id='word_1_792' title='bbox 3380 4755 3518 4812; x_wconf 89' lang='lat' dir='ltr'><strong>Coll.</strong></span> 
     </span>
    </p>
   </div>
   <div class='ocr_carea' id='block_1_112' title="bbox 1923 4813 3519 4895">
    <p class='ocr_par' dir='ltr' id='par_1_112' title="bbox 1923 4813 3519 4895">
     <span class='ocr_line' id='line_1_115' title="bbox 1923 4813 3519 4895; baseline 0.009 -27"><span class='ocrx_word' id='word_1_793' title='bbox 1923 4813 2190 4895; x_wconf 81' lang='lat' dir='ltr'><strong>Gronov.,</strong></span> <span class='ocrx_word' id='word_1_794' title='bbox 2231 4813 2503 4895; x_wconf 51' lang='lat' dir='ltr'><strong>Florcntt.</strong></span> <span class='ocrx_word' id='word_1_795' title='bbox 2551 4815 2698 4895; x_wconf 83' lang='lat' dir='ltr'><strong>duo_,</strong></span> <span class='ocrx_word' id='word_1_796' title='bbox 2740 4813 2989 4872; x_wconf 85' lang='lat' dir='ltr'><strong>Perizon.</strong></span> <span class='ocrx_word' id='word_1_797' title='bbox 3023 4829 3077 4874; x_wconf 90' lang='lat' dir='ltr'><strong>et</strong></span> <span class='ocrx_word' id='word_1_798' title='bbox 3103 4813 3212 4877; x_wconf 57' lang='lat' dir='ltr'><strong>&#39;ed.</strong></span> <span class='ocrx_word' id='word_1_799' title='bbox 3256 4813 3420 4895; x_wconf 83' lang='lat' dir='ltr'><strong>Aug.,</strong></span> <span class='ocrx_word' id='word_1_800' title='bbox 3468 4840 3519 4883; x_wconf 85' lang='lat' dir='ltr'><strong>et</strong></span> 
     </span>
    </p>
   </div>
   <div class='ocr_carea' id='block_1_113' title="bbox 1921 4885 3063 4958">
    <p class='ocr_par' dir='ltr' id='par_1_113' title="bbox 1921 4885 3063 4958">
     <span class='ocr_line' id='line_1_116' title="bbox 1921 4885 3063 4958; baseline 0.004 -20"><span class='ocrx_word' id='word_1_801' title='bbox 1921 4887 2062 4958; x_wconf 78' lang='lat' dir='ltr'><strong>quod</strong></span> <span class='ocrx_word' id='word_1_802' title='bbox 2089 4903 2225 4958; x_wconf 83' lang='lat' dir='ltr'><strong>cum.</strong></span> <span class='ocrx_word' id='word_1_803' title='bbox 2260 4885 2480 4956; x_wconf 75' lang='lat' dir='ltr'><strong>chonc</strong></span> <span class='ocrx_word' id='word_1_804' title='bbox 2501 4927 2514 4947; x_wconf 87' lang='lat'><strong>,</strong></span> <span class='ocrx_word' id='word_1_805' title='bbox 2543 4887 2752 4958; x_wconf 73' lang='lat' dir='ltr'><strong>quodet</strong></span> <span class='ocrx_word' id='word_1_806' title='bbox 2781 4903 2899 4941; x_wconf 85' lang='lat' dir='ltr'><strong>cum</strong></span> <span class='ocrx_word' id='word_1_807' title='bbox 2917 4929 2931 4954; x_wconf 95' lang='lat'><strong>,</strong></span> <span class='ocrx_word' id='word_1_808' title='bbox 2955 4898 3063 4945; x_wconf 89' lang='lat' dir='ltr'><strong>etc.</strong></span> 
     </span>
    </p>
   </div>
   <div class='ocr_carea' id='block_1_114' title="bbox 1995 4956 3512 5028">
    <p class='ocr_par' dir='ltr' id='par_1_114' title="bbox 1995 4956 3512 5028">
     <span class='ocr_line' id='line_1_117' title="bbox 1995 4956 3512 5028; baseline 0.007 -18"><span class='ocrx_word' id='word_1_809' title='bbox 1995 4957 2085 5011; x_wconf 76' lang='grc'><strong>21.</strong></span> <span class='ocrx_word' id='word_1_810' title='bbox 2113 4957 2191 5011; x_wconf 79' lang='lat' dir='ltr'><strong>Ad</strong></span> <span class='ocrx_word' id='word_1_811' title='bbox 2215 4956 2625 5028; x_wconf 78' lang='lat' dir='ltr'><strong>reclamandtun.</strong></span> <span class='ocrx_word' id='word_1_812' title='bbox 2661 4956 2760 5012; x_wconf 86' lang='lat' dir='ltr'><strong>Ed.</strong></span> <span class='ocrx_word' id='word_1_813' title='bbox 2796 4960 2934 5028; x_wconf 84' lang='lat' dir='ltr'><strong>Aug.</strong></span> <span class='ocrx_word' id='word_1_814' title='bbox 2974 4961 3089 5015; x_wconf 85' lang='lat' dir='ltr'><strong>sola</strong></span> <span class='ocrx_word' id='word_1_815' title='bbox 3115 5002 3130 5027; x_wconf 93' lang='lat'><strong>,</strong></span> <span class='ocrx_word' id='word_1_816' title='bbox 3166 4965 3235 5016; x_wconf 71' lang='lat' dir='ltr'><strong>arl</strong></span> <span class='ocrx_word' id='word_1_817' title='bbox 3267 4981 3320 5018; x_wconf 89' lang='lat' dir='ltr'><strong>se</strong></span> <span class='ocrx_word' id='word_1_818' title='bbox 3359 4965 3512 5021; x_wconf 83' lang='lat' dir='ltr'><strong>dant-</strong></span> 
     </span>
    </p>
   </div>
   <div class='ocr_carea' id='block_1_115' title="bbox 1925 5027 3519 5099">
    <p class='ocr_par' dir='ltr' id='par_1_115' title="bbox 1925 5027 3519 5099">
     <span class='ocr_line' id='line_1_118' title="bbox 1925 5027 3519 5099; baseline 0.008 -18"><span class='ocrx_word' id='word_1_819' title='bbox 1925 5030 2178 5083; x_wconf 85' lang='lat' dir='ltr'><strong>nandum.</strong></span> <span class='ocrx_word' id='word_1_820' title='bbox 2214 5029 2385 5084; x_wconf 87' lang='lat' dir='ltr'><strong>Locus</strong></span> <span class='ocrx_word' id='word_1_821' title='bbox 2413 5038 2496 5083; x_wconf 92' lang='lat' dir='ltr'><strong>est</strong></span> <span class='ocrx_word' id='word_1_822' title='bbox 2523 5027 2806 5099; x_wconf 69' lang='lat' dir='ltr'><strong>obscurus.</strong></span> <span class='ocrx_word' id='word_1_823' title='bbox 2833 5027 2988 5099; x_wconf 85' lang='lat' dir='ltr'><strong>cujus</strong></span> <span class='ocrx_word' id='word_1_824' title='bbox 3019 5030 3108 5086; x_wconf 89' lang='lat' dir='ltr'><strong>hic</strong></span> <span class='ocrx_word' id='word_1_825' title='bbox 3137 5033 3273 5089; x_wconf 90' lang='lat' dir='ltr'><strong>mihi</strong></span> <span class='ocrx_word' id='word_1_826' title='bbox 3303 5037 3519 5094; x_wconf 87' lang='lat' dir='ltr'><strong>videtur</strong></span> 
     </span>
    </p>
   </div>
   <div class='ocr_carea' id='block_1_116' title="bbox 1926 5097 3522 5165">
    <p class='ocr_par' dir='ltr' id='par_1_116' title="bbox 1926 5097 3522 5165">
     <span class='ocr_line' id='line_1_119' title="bbox 1926 5097 3522 5165; baseline 0.006 -9"><span class='ocrx_word' id='word_1_827' title='bbox 1926 5114 2048 5156; x_wconf 87' lang='lat' dir='ltr'><strong>esse</strong></span> <span class='ocrx_word' id='word_1_828' title='bbox 2094 5114 2292 5155; x_wconf 89' lang='lat' dir='ltr'><strong>sensus</strong></span> <span class='ocrx_word' id='word_1_829' title='bbox 2334 5116 2347 5154; x_wconf 91' lang='lat'><strong>:</strong></span> <span class='ocrx_word' id='word_1_830' title='bbox 2400 5101 2697 5154; x_wconf 84' lang='lat' dir='ltr'><strong>sentientes</strong></span> <span class='ocrx_word' id='word_1_831' title='bbox 2728 5097 2913 5156; x_wconf 88' lang='lat' dir='ltr'><strong>miseri</strong></span> <span class='ocrx_word' id='word_1_832' title='bbox 2958 5102 3322 5160; x_wconf 90' lang='lat' dir='ltr'><strong>calamitatem</strong></span> <span class='ocrx_word' id='word_1_833' title='bbox 3364 5122 3522 5165; x_wconf 90' lang='lat' dir='ltr'><strong>suam</strong></span> 
     </span>
    </p>
   </div>
   <div class='ocr_carea' id='block_1_117' title="bbox 1925 5169 3524 5247">
    <p class='ocr_par' dir='ltr' id='par_1_117' title="bbox 1925 5169 3524 5247">
     <span class='ocr_line' id='line_1_120' title="bbox 1925 5169 3524 5247; baseline 0.006 -23"><span class='ocrx_word' id='word_1_834' title='bbox 1925 5171 2053 5247; x_wconf 80' lang='lat' dir='ltr'><strong>dum</strong></span> <span class='ocrx_word' id='word_1_835' title='bbox 2079 5170 2394 5247; x_wconf 77' lang='lat' dir='ltr'><strong>exclamant</strong></span> <span class='ocrx_word' id='word_1_836' title='bbox 2433 5184 2546 5247; x_wconf 77' lang='lat' dir='ltr'><strong>prae</strong></span> <span class='ocrx_word' id='word_1_837' title='bbox 2583 5169 2772 5225; x_wconf 84' lang='lat' dir='ltr'><strong>dolore</strong></span> <span class='ocrx_word' id='word_1_838' title='bbox 2797 5183 3040 5247; x_wconf 72' lang='lat' dir='ltr'><strong>,__cogunt</strong></span> <span class='ocrx_word' id='word_1_839' title='bbox 3067 5190 3169 5230; x_wconf 91' lang='lat' dir='ltr'><strong>nos</strong></span> <span class='ocrx_word' id='word_1_840' title='bbox 3193 5191 3410 5247; x_wconf 90' lang='lat' dir='ltr'><strong>quoque</strong></span> <span class='ocrx_word' id='word_1_841' title='bbox 3441 5181 3524 5233; x_wconf 88' lang='lat' dir='ltr'><strong>vi-</strong></span> 
     </span>
    </p>
   </div>
   <div class='ocr_carea' id='block_1_118' title="bbox 1926 5240 3522 5315">
    <p class='ocr_par' dir='ltr' id='par_1_118' title="bbox 1926 5240 3522 5315">
     <span class='ocr_line' id='line_1_121' title="bbox 1926 5240 3522 5315; baseline 0.007 -19"><span class='ocrx_word' id='word_1_842' title='bbox 1926 5241 2110 5315; x_wconf 77' lang='lat' dir='ltr'><strong>cissim</strong></span> <span class='ocrx_word' id='word_1_843' title='bbox 2134 5240 2349 5315; x_wconf 91' lang='lat' dir='ltr'><strong>ad_illos</strong></span> <span class='ocrx_word' id='word_1_844' title='bbox 2377 5241 2710 5315; x_wconf 86' lang='lat' dir='ltr'><strong>exclamare,</strong></span> <span class='ocrx_word' id='word_1_845' title='bbox 2734 5240 2999 5299; x_wconf 81' lang='lat' dir='ltr'><strong>sollicitos</strong></span> <span class='ocrx_word' id='word_1_846' title='bbox 3023 5240 3294 5315; x_wconf 85' lang='lat' dir='ltr'><strong>quomodo</strong></span> <span class='ocrx_word' id='word_1_847' title='bbox 3324 5240 3522 5308; x_wconf 79' lang='lat' dir='ltr'><strong>sistere</strong></span> 
     </span>
    </p>
   </div>
   <div class='ocr_carea' id='block_1_119' title="bbox 1931 5313 2802 5381">
    <p class='ocr_par' dir='ltr' id='par_1_119' title="bbox 1931 5313 2802 5381">
     <span class='ocr_line' id='line_1_122' title="bbox 1931 5313 2802 5381; baseline -0.002 -13"><span class='ocrx_word' id='word_1_848' title='bbox 1931 5313 2152 5369; x_wconf 91' lang='lat' dir='ltr'><strong>illorum</strong></span> <span class='ocrx_word' id='word_1_849' title='bbox 2180 5313 2469 5368; x_wconf 89' lang='lat' dir='ltr'><strong>clamorem</strong></span> <span class='ocrx_word' id='word_1_850' title='bbox 2511 5314 2802 5381; x_wconf 83' lang='lat' dir='ltr'><strong>possimus.</strong></span> 
     </span>
    </p>
   </div>
   <div class='ocr_carea' id='block_1_120' title="bbox 2007 5379 3522 5462">
    <p class='ocr_par' dir='ltr' id='par_1_120' title="bbox 2007 5379 3522 5462">
     <span class='ocr_line' id='line_1_123' title="bbox 2007 5379 3522 5462; baseline 0.007 -22"><span class='ocrx_word' id='word_1_851' title='bbox 2007 5388 2137 5440; x_wconf 78' lang='lat' dir='ltr'><strong>CAP.</strong></span> <span class='ocrx_word' id='word_1_852' title='bbox 2169 5379 2558 5462; x_wconf 77' lang='lat' dir='ltr'><strong>XXVII._—-l_.</strong></span> <span class='ocrx_word' id='word_1_853' title='bbox 2602 5379 2879 5462; x_wconf 50' lang='lat' dir='ltr'><strong>Inuprimo</strong></span> <span class='ocrx_word' id='word_1_854' title='bbox 2921 5385 3116 5444; x_wconf 80' lang='lat' dir='ltr'><strong>libello.</strong></span> <span class='ocrx_word' id='word_1_855' title='bbox 3163 5388 3336 5462; x_wconf 87' lang='lat' dir='ltr'><strong>Lugd.</strong></span> <span class='ocrx_word' id='word_1_856' title='bbox 3379 5393 3522 5451; x_wconf 88' lang='lat' dir='ltr'><strong>Batt.</strong></span> 
     </span>
    </p>
   </div>
   <div class='ocr_carea' id='block_1_121' title="bbox 1934 5452 2806 5528">
    <p class='ocr_par' dir='ltr' id='par_1_121' title="bbox 1934 5452 2806 5528">
     <span class='ocr_line' id='line_1_124' title="bbox 1934 5452 2806 5528; baseline -0.005 -16"><span class='ocrx_word' id='word_1_857' title='bbox 1934 5470 2027 5528; x_wconf 86' lang='lat' dir='ltr'><strong>pr.</strong></span> <span class='ocrx_word' id='word_1_858' title='bbox 2049 5465 2104 5511; x_wconf 90' lang='lat' dir='ltr'><strong>et</strong></span> <span class='ocrx_word' id='word_1_859' title='bbox 2130 5463 2355 5528; x_wconf 9' lang='lat' dir='ltr'><strong>quart.,,</strong></span> <span class='ocrx_word' id='word_1_860' title='bbox 2375 5455 2429 5528; x_wconf 84' lang='lat' dir='ltr'><strong>in</strong></span> <span class='ocrx_word' id='word_1_861' title='bbox 2460 5453 2627 5528; x_wconf 78' lang='lat' dir='ltr'><strong>primo</strong></span> <span class='ocrx_word' id='word_1_862' title='bbox 2652 5452 2806 5528; x_wconf 74' lang='lat' dir='ltr'><strong>libro.</strong></span> 
     </span>
    </p>
   </div>
   <div class='ocr_carea' id='block_1_122' title="bbox 1975 5523 3526 5652">
    <p class='ocr_par' dir='ltr' id='par_1_122' title="bbox 1975 5523 3526 5652">
     <span class='ocr_line' id='line_1_125' title="bbox 1975 5523 3526 5652; baseline 0.007 -71"><span class='ocrx_word' id='word_1_863' title='bbox 1975 5527 2080 5652; x_wconf 41' lang='lat'><strong>(2..</strong></span> <span class='ocrx_word' id='word_1_864' title='bbox 2105 5523 2455 5580; x_wconf 77' lang='lat' dir='ltr'><strong>Acerbissimis</strong></span> <span class='ocrx_word' id='word_1_865' title='bbox 2485 5524 2672 5597; x_wconf 86' lang='lat' dir='ltr'><strong>plagis.</strong></span> <span class='ocrx_word' id='word_1_866' title='bbox 2702 5523 2872 5597; x_wconf 90' lang='lat' dir='ltr'><strong>Lugd.</strong></span> <span class='ocrx_word' id='word_1_867' title='bbox 2905 5527 3025 5584; x_wconf 80' lang='lat' dir='ltr'><strong>Bai.</strong></span> <span class='ocrx_word' id='word_1_868' title='bbox 3061 5537 3213 5600; x_wconf 89' lang='lat' dir='ltr'><strong>tcrt.,</strong></span> <span class='ocrx_word' id='word_1_869' title='bbox 3259 5535 3526 5592; x_wconf 84' lang='lat' dir='ltr'><strong>acerrimis</strong></span> 
     </span>
     <span class='ocr_line' id='line_1_126' title="bbox 1996 5615 2127 5652; baseline -0.008 -1"><span class='ocrx_word' id='word_1_870' title='bbox 1996 5615 2127 5652; x_wconf 83' lang='lat' dir='ltr'><strong>ams.</strong></span> 
     </span>
    </p>
   </div>
   <div class='ocr_carea' id='block_1_123' title="bbox 1996 5615 2127 5652">
    <p class='ocr_par' dir='ltr' id='par_1_123' title="bbox 1996 5615 2127 5652">
     <span class='ocr_line' id='line_1_127' title="bbox 1996 5615 2127 5652; baseline -0.008 -1"><span class='ocrx_word' id='word_1_871' title='bbox 1996 5615 2127 5652; x_wconf 75' lang='grc' dir='ltr'><em>ααιε.</em></span> 
     </span>
    </p>
   </div>
   <div class='ocr_carea' id='block_1_124' title="bbox 1937 5615 3546 5739">
    <p class='ocr_par' dir='ltr' id='par_1_124' title="bbox 1937 5615 3546 5739">
     <span class='ocr_line' id='line_1_128' title="bbox 1975 5615 2127 5652; baseline -0.007 0"><span class='ocrx_word' id='word_1_872' title='bbox 1975 5615 2026 5652; x_wconf 85' lang='grc' dir='ltr'><strong>ια</strong></span> <span class='ocrx_word' id='word_1_873' title='bbox 2064 5615 2127 5652; x_wconf 77' lang='lat' dir='ltr'><strong>is.</strong></span> 
     </span>
     <span class='ocr_line' id='line_1_129' title="bbox 1937 5615 3546 5739; baseline 0.008 -19"><span class='ocrx_word' id='word_1_874' title='bbox 1937 5615 1972 5670; x_wconf 64' lang='grc' dir='ltr'><strong>Ρ</strong></span> <span class='ocrx_word' id='word_1_875' title='bbox 2113 5667 2376 5739; x_wconf 69' lang='grc' dir='ltr'><strong>Υἱοιεηιία</strong></span> <span class='ocrx_word' id='word_1_876' title='bbox 2406 5666 2684 5722; x_wconf 86' lang='lat' dir='ltr'><strong>malorum.</strong></span> <span class='ocrx_word' id='word_1_877' title='bbox 2727 5667 3002 5739; x_wconf 87' lang='lat' dir='ltr'><strong>Perizon.,</strong></span> <span class='ocrx_word' id='word_1_878' title='bbox 3046 5673 3292 5729; x_wconf 80' lang='lat' dir='ltr'><strong>violentia</strong></span> <span class='ocrx_word' id='word_1_879' title='bbox 3326 5693 3546 5733; x_wconf 53' lang='lat' dir='ltr'><strong>earum;</strong></span> 
     </span>
    </p>
   </div>
   <div class='ocr_carea' id='block_1_125' title="bbox 2009 5738 3534 5812">
    <p class='ocr_par' dir='ltr' id='par_1_125' title="bbox 2009 5738 3534 5812">
     <span class='ocr_line' id='line_1_130' title="bbox 2009 5738 3534 5812; baseline 0.009 -18"><span class='ocrx_word' id='word_1_880' title='bbox 2009 5738 2065 5795; x_wconf 74' lang='grc'><strong>4.</strong></span> <span class='ocrx_word' id='word_1_881' title='bbox 2108 5738 2250 5812; x_wconf 69' lang='lat' dir='ltr'><strong>Suis.</strong></span> <span class='ocrx_word' id='word_1_882' title='bbox 2286 5739 2455 5798; x_wconf 85' lang='lat' dir='ltr'><strong>Abest</strong></span> <span class='ocrx_word' id='word_1_883' title='bbox 2483 5739 2552 5796; x_wconf 82' lang='lat' dir='ltr'><strong>ab</strong></span> <span class='ocrx_word' id='word_1_884' title='bbox 2579 5739 2668 5795; x_wconf 79' lang='lat' dir='ltr'><strong>od.</strong></span> <span class='ocrx_word' id='word_1_885' title='bbox 2695 5739 2833 5812; x_wconf 79' lang='lat' dir='ltr'><strong>Aug.</strong></span> <span class='ocrx_word' id='word_1_886' title='bbox 2867 5757 2988 5812; x_wconf 77' lang='lat' dir='ltr'><strong>qua:</strong></span> <span class='ocrx_word' id='word_1_887' title='bbox 3018 5759 3143 5800; x_wconf 87' lang='lat' dir='ltr'><strong>mox</strong></span> <span class='ocrx_word' id='word_1_888' title='bbox 3173 5749 3534 5808; x_wconf 87' lang='lat' dir='ltr'><strong>accumulasse</strong></span> 
     </span>
    </p>
   </div>
   <div class='ocr_carea' id='block_1_126' title="bbox 1939 5809 2168 5868">
    <p class='ocr_par' dir='ltr' id='par_1_126' title="bbox 1939 5809 2168 5868">
     <span class='ocr_line' id='line_1_131' title="bbox 1939 5809 2168 5868; baseline -0.026 0"><span class='ocrx_word' id='word_1_889' title='bbox 1939 5809 2168 5868; x_wconf 84' lang='lat' dir='ltr'><strong>mavult.</strong></span> 
     </span>
    </p>
   </div>
   <div class='ocr_carea' id='block_1_127' title="bbox 2919 5907 2998 5971">
    <p class='ocr_par' dir='ltr' id='par_1_127' title="bbox 2919 5907 2998 5971">
     <span class='ocr_line' id='line_1_132' title="bbox 2919 5907 2998 5971; baseline 0.038 -3"><span class='ocrx_word' id='word_1_890' title='bbox 2919 5907 2998 5971; x_wconf 83' lang='lat'><strong>36</strong></span> 
     </span>
    </p>
   </div>
  </div>
