4000 6328
476 273 609 329 1151

1877 272 2084 333 PAULI
2121 271 2348 333 OROSll

476 384 1092 454 tio,etsifortelldenon
1113 384 1635 456 acceptatum,exito
1655 385 2078 456 tamenproban-
2102 386 2157 447 Α
2184 382 2334 454 plaga
2357 394 2560 436 musca:
2590 381 2797 434 caniuc
2849 379 3064 433 luerunt
3083 420 3097 444 ,
3131 377 3174 409 ¹⁰
3197 390 3357 433 srevre
3398 376 3639 433 alumna:
3678 393 3790 447 pu-

486 478 613 534 dum
632 518 648 546 ,
673 479 795 550 quia
812 478 927 533 bace
945 479 965 508 ⁵
984 478 1033 531 in
1055 477 1277 547 ﬁguram
1295 476 1465 531 nostri
1490 475 1630 531 facta
1642 489 1789 531 sunt.
1808 477 2072 548 Uterque-

480 571 642 643 533
672 566 901 642 populus
930 569 1091 625 unius
1122 570 1217 624 Dei
1256 579 1371 638 est,
1422 585 1524 624 una
1557 568 1741 641 populi
1790 570 2074 640 utriusque

473 676 661 731 causa,‘
687 661 913 717 Subdita
942 660 1042 715 fuit
1069 660 1439 715 Israclitarum
1470 675 1741 732 synagoga
1770 658 2073 733 Egyptiis,

475 753 694 810 subdita
723 762 807 809 est
854 754 1293 810 ChriStianorum
1348 754 1592 810 Ecclesia
1625 753 1907 809 Romanis.
1949 754 2077 810 Per-

472 846 649 903 secuti
675 855 800 900 sunt
826 844 1101 918 Egyptii,
1136 846 1402 916 persecuti
1449 853 1577 900 sunt
1604 855 1658 900 et
1691 846 1941 900 Romani.
1973 845 2078 903 De-

473 955 593 997 cem
621 939 698 997 ibi
726 939 1192 997 contradictiones
1219 938 1483 996 adversus
1511 938 1863 1012 Moysen,bic
1886 937 2073 995 decem

473 1033 654 1092 edicta
681 1035 948 1092 adversus
983 1032 1284 1089 Christum.
1322 1032 1558 1089 DiverSaa
1588 1032 1662 1088 ibi
1707 1032 1879 1103 plaga:
1903 1030 2075 1104 [Egy-

470 1129 710 1198 ptiorum
732 1172 748 1198 ,
777 1126 1011 1183 diversrc
1037 1127 1122 1182 hic
1148 1126 1488 1187 calamitates
1517 1126 1908 1184 Romanorum.
1939 1124 2076 1182 Nam

475 1229 538 1276 ut
566 1220 734 1278 etiam
762 1220 908 1291 ipsas
958 1221 1101 1275 inter
1155 1234 1213 1274 se
1261 1219 1472 1290 plagas,
1504 1218 1556 1273 in
1587 1226 1847 1290 quantum
1898 1227 2077 1274 tamen

476 1313 653 1386 ﬁgura
681 1313 869 1370 forma:
894 1311 1198 1382 comparari
1230 1318 1439 1381 petest,
1466 1309 1742 1384 conferam
1773 1328 1784 1364 :
1809 1309 1881 1367 ibi
1908 1310 2078 1380 prima

476 1405 669 1462 habuit
698 1404 975 1475 correptio
1018 1404 1337 1475 sanguinem
1370 1402 1536 1475 vulgo
1591 1403 1672 1459 vel
1706 1417 1960 1459 manasse
2012 1403 2081 1459 de

476 1498 690 1569 puteis,
718 1498 804 1553 vel
837 1497 891 1552 in
922 1495 1235 1552 ﬂuminibus
1265 1494 1572 1551 cucurrisse
1598 1513 1611 1550 :
1666 1495 1754 1551 hic
1784 1497 1955 1566 prima
1978 1495 2082 1551 sub

477 1589 695 1647 Nerone
730 1586 914 1658 exegit
941 1587 1127 1658 plaga,
1152 1596 1227 1640 ‘ut
1255 1585 1452 1658 ubique
1480 1585 1829 1642 morientium
1863 1584 2084 1657 sanguis

477 1689 660 1751 esset,
694 1679 779 1735 vel
811 1678 1022 1735 morbis
1051 1682 1103 1734 in
1134 1677 1281 1735 Urbe
1310 1688 1631 1749 corruptus,
1675 1678 1759 1735 vel
1816 1678 1975 1736 bellis
2025 1679 2080 1734 in

2177 474 2439 539 trcdinis,
2499 474 2872 542 vermiumque
2916 477 3168 525 matres:
3230 467 3393 544 534
3445 470 3537 524 bic
3591 469 3789 524 itide.n

2174 578 2364 639 quarta
2388 568 2488 623 sub
2517 566 2696 622 Marco
2722 564 2999 620 Antonino
3051 563 3198 634 plaga
3222 604 3237 630 ,
3289 564 3404 619 lues
3428 563 3683 633 plurimis
3704 563 3795 616 in-

2173 661 2291 716 fusa
2332 660 2656 732 provinciis,
2713 658 2925 714 Italiam
2975 674 3190 728 quoque
3242 672 3366 712 cum
3414 655 3554 714 urbe
3612 655 3792 711 Roma

2176 758 2520 821 universam,
2548 754 2955 823 exercitumque
2982 752 3289 807 Romanum
3321 767 3418 823 per
3447 751 3792 824 longinquos

2176 847 2380 905 limites
2410 849 2447 879 "
2483 863 2536 903 et
2562 848 2776 903 diversa
2822 845 3045 902 bibet-na
3076 846 3419 916 dispersum,
3455 847 3499 878 ¹¹
3536 846 3591 901 in
3640 861 3793 901 mor—

2177 951 2285 1000 tetu
2316 943 2675 1010 dissolutum,
2703 940 2977 1012 putredini
3004 941 3169 997 simul
3189 956 3255 996 ac
3302 940 3582 997 vermibus
3611 940 3791 999 dedit.

2176 1036 2257 1094 lbi
2284 1038 2472 1109 quinta
2495 1038 2769 1104 correptio
2798 1051 3052 1107 pecorum
3079 1052 3144 1092 ac
3180 1037 3549 1104 iumentorum
3587 1051 3791 1109 repen—

2181 1132 2297 1187 tino
2327 1132 2550 1187 interitu
2576 1130 2791 1201 expleta
2813 1138 2899 1185 est
2929 1146 2944 1187 :
2976 1130 3063 1186 hic
3086 1129 3341 1187 similiter
3362 1130 3552 1200 quinta
3582 1129 3799 1187 ultione

2180 1226 2284 1281 sub
2313 1225 2522 1283 Severo
2574 1233 2930 1295 persecutore
2958 1224 3307 1280 creberrimis
3337 1223 3595 1279 civilibus
3636 1221 3798 1279 bellis

2180 1318 2405 1390 propria
2437 1317 2644 1373 viscera
2668 1324 2725 1373 et
2752 1314 3063 1385 adjumenta
3113 1316 3461 1387 reipublicae,
3497 1315 3603 1370 hoc
3656 1324 3746 1371 est
3777 1357 3794 1382 ,

2184 1400 2373 1482 plebes
2410 1411 2813 1481 provinciarum
2865 1421 2923 1473 et
2981 1394 3225 1483 legiones
3256 1411 3516 1477 militum,
3561 1409 3799 1465 commi-

2184 1513 2329 1561 nutae
2355 1516 2503 1560 sunt.
2532 1503 2608 1561 lbi
2657 1517 2811 1562 sexta
2855 1503 3075 1562 vexatio
3102 1504 3284 1563 intulit
3328 1502 3535 1560 vesicas
3560 1501 3801 1561 eﬂ‘erve-

2185 1607 2429 1665 scentes,
2483 1597 2774 1668 ulceraque
2830 1595 3105 1653 manantia
3158 1614 3172 1654 :
3251 1596 3341 1653 hic
3404 1611 3564 1667 atque
3637 1605 3798 1651 sexta

2186 1687 2430 1759 punitio,
2469 1704 2589 1757 qua:
2621 1698 2739 1758 post
2778 1688 3056 1745 Maximini
3079 1688 3517 1760 persecutionem
3546 1688 3800 1761 tuit,qui

481 1772 616 1829 orbe
647 1771 921 1842 profusus.
958 1769 1036 1825 lbi
1081 1785 1314 1840 sequens
1337 1769 1490 1842 plaga
1521 1769 1794 1842 prodidit,
1846 1778 2081 1841 perstre-
2109 1766 2159 1829 Β
2185 1781 2491 1851 specialiter
2521 1784 2841 1855 episcopos.
2879 1792 2936 1838 et
2975 1783 3207 1841 clericos
3249 1784 3453 1847 omissa
3488 1784 3653 1843 turba
3696 1799 3799 1854 po—

452 1872 677 1935 ~pentes
709 1861 1180 1933 persultantcsque
1212 1860 1265 1915 in
1293 1861 1667 1933 penetralibus
1717 1876 1908 1926 ranas,
1967 1861 2083 1916 ine-

480 1953 586 2010 dia:
615 1953 1008 2027 propemodum
1040 1967 1257 2008 causam
1300 1951 1697 2007 habitatoribus
1724 1963 1885 2024 atque
1909 1952 2087 2008 exsilii

476 2047 687 2105 fuisse:
745 2045 836 2101 hic
861 2059 1097 2117 sequens
1122 2042 1223 2100 sub
1256 2043 1561 2099 Domitiano
1589 2060 1777 2116 poena,
1833 2044 2086 2101 similiter

483 2138 757 2207 ostendit,
785 2137 1083 2195 satellitum
1104 2136 1445 2208 militumque
1468 2136 1586 2208 ejus
1628 2138 1889 2207 improbis
1918 2136 2080 2193 cli‘rc—

484 2231 737 2303 natisque
766 2228 1099 2285 discursibus
1133 2227 1499 2284 cruentissimi
1525 2228 1672 2300 jussa
1706 2230 1963 2300 principis
1994 2246 2086 2286 ex-

486 2321 832 2396 sequentium
850 2362 866 2388 ,
896 2321 963 2376 ad
995 2321 1229 2392 inopiam
1259 2335 1395 2390 pene
1418 2335 1607 2376 omnes
1634 2320 1784 2377 cives
1810 2321 2088 2377 Romanos

486 2416 712 2472 adactos
740 2413 1045 2483 exsilioque
1075 2411 1375 2482 dispersos.
1424 2411 1504 2466 lbi
1551 2413 1703 2468 tertia
1735 2414 1945 2467 vexatio
1996 2414 2086 2469 hac

484 2510 606 2567 buit
649 2507 948 2584 cyniphes,
995 2505 1271 2562 musculos
1320 2505 1534 2563 scilicet
1581 2505 1930 2576 parvissimas
1960 2507 1981 2538 ⁸
2023 2521 2089 2564 ac

490 2602 820 2662 smvissimas
851 2642 867 2670 ,
923 2615 1044 2671 qua:
1098 2598 1292 2654 mediis
1336 2612 1483 2670 saepe
1531 2599 1754 2655 aestibus
1818 2614 1916 2670 per
1971 2599 2089 2656 loca

486 2697 731 2771 squalida
753 2694 1098 2753 coadunatim
1133 2691 1398 2748 vibrando
1438 2691 1677 2748 densata:
1698 2738 1712 2762 ,
1746 2693 1768 2725 "
1790 2702 1844 2749 et
1884 2693 2090 2749 tinnulo

490 2790 675 2846 volatu
715 2786 878 2843 allabi
902 2785 1113 2852 solent,
1148 2783 1472 2853 capillisque
1502 2783 1782 2840 hominum
1814 2798 1877 2840 ac
1927 2800 2092 2856 pecu-

491 2881 623 2939 dum
653 2878 783 2936 setis
813 2893 936 2933 cum
967 2885 1162 2931 urente
1191 2889 1371 2931 morsu
1400 2875 1421 2908 ⁸
1450 2875 1702 2933 interseri
1740 2893 1756 2932 :
1788 2876 1876 2933 hic
1900 2876 2089 2934 itidem

493 2971 654 3028 tertia
680 2969 783 3026 sud
827 2968 1065 3039 Traiano
1094 2968 1250 3039 plaga
1279 2965 1497 3024 Iudaeos
1521 2969 1817 3025 excitavit:
1845 2971 1936 3041 qui
1967 2985 2088 3026 cum

493 3073 654 3120 antea
701 3062 899 3130 ubique
942 3061 1175 3132 dispersi
1207 3060 1281 3116 ita
1325 3059 1471 3131 jam,
1511 3063 1667 3130 quasi
1718 3077 1825 3120 non
1861 3076 2046 3122 essent
2073 3111 2089 3137 ,

495 3153 877 3224 quiescerent,
930 3151 1219 3221 repentino
1264 3165 1456 3208 omnes
1497 3151 1680 3209 calore
1739 3156 2003 3226 permoti,
2038 3157 2092 3212 in
2118 3137 2167 3203 Ο

497 3246 677 3316 ipsos,
708 3246 853 3300 inter
876 3256 1013 3314 quos
1041 3252 1217 3312 erant,
1252 3251 1366 3299 toto
1390 3245 1524 3301 orbe
1552 3246 1865 3320 smvierunt,
1890 3250 2093 3324 absque

498 3340 520 3373 ⁹
550 3336 760 3409 magnis
790 3335 1080 3392 multarum
1121 3335 1338 3392 urbium
1370 3337 1541 3395 ruinis
1560 3381 1574 3405 ,
1622 3357 1758 3412 quas
1783 3344 1959 3401 crebri
1989 3355 2094 3404 tero

495 3437 756 3488 ratmotus
777 3428 972 3484 iisdem
998 3428 1331 3498 temporibus
1354 3429 1703 3487 subruerunt.
1732 3433 1806 3490 lbi
1834 3435 1884 3491 in
1907 3451 2095 3509 quarta

2190 1872 2360 1942 pulari
2381 1914 2395 1938 ,
2430 1873 2536 1929 hoc
2565 1884 2681 1941 est,
2708 1873 3062 1929 ecclesiarum
3087 1875 3350 1944 primates
3382 1874 3647 1932 trucidari
3697 1875 3802 1933 im-

2187 1976 2492 2035 peraverat,
2538 1965 2940 2031 intumescens,
2971 1966 3166 2023 crebro
3212 1968 3293 2023 ira
3337 1977 3498 2038 atque
3541 1967 3749 2029 invidia
3782 2010 3797 2033 .

2189 2072 2294 2112 non
2324 2073 2422 2127 per
2441 2057 2583 2129 vulgi
2612 2057 2817 2122 caedem
2836 2099 2851 2122 ,
2871 2058 2964 2114 sed
2990 2074 3087 2127 per
3117 2059 3343 2118 vulnera
3364 2102 3379 2127 ,
3414 2060 3457 2092 ¹⁸
3478 2071 3803 2133 mortesque

2189 2149 2492 2221 principum
2517 2165 2580 2205 ac
2611 2151 2910 2219 potentium
2937 2150 2981 2182 ”
3007 2152 3256 2211 exhalata
3285 2164 3389 2208 εει.
3435 2154 3512 2211 lbi
3563 2153 3799 2225 septima

2202 2240 2357 2310 plaga
2380 2229 2692 2298 numeratur
2717 2242 2759 2273 ¹⁶
2785 2252 2974 2299 coacto
3002 2259 3131 2303 aere
3149 2245 3359 2317 grando
3381 2246 3601 2319 profusa
3622 2288 3636 2311 ,
3676 2265 3799 2317 qua:

2192 2334 2499 2390 hominibus
2536 2336 2577 2365 ¹⁶
2600 2334 2868 2406 iumentis
2896 2337 3138 2409 satisque
3160 2338 3325 2395 exitio
3353 2337 3452 2395 fuit
3479 2358 3491 2395 :
3530 2340 3622 2395 bie
3650 2339 3799 2395 simi-

2192 2428 2313 2485 liter
2334 2429 2565 2498 septima
2590 2469 2606 2496 ,
2634 2430 2735 2483 sub
2758 2428 2915 2486 Gallo
2942 2440 2997 2485 et
3027 2430 3356 2497 Volusiano,
3413 2432 3507 2503 qui
3540 2434 3583 2464 ¹⁷
3616 2448 3800 2505 perse-

2190 2521 2372 2579 cutori
2417 2521 2585 2579 Decio
2637 2538 2761 2579 mox
2814 2523 3105 2585 interiecto
3152 2537 3580 2593 successerant,
3645 2528 3798 2599 plaga

2192 2613 2716 2684 exstitit,corrupto
2743 2628 2867 2670 aere
2913 2615 3084 2685 pestis
3134 2615 3177 2647 ¹⁸
3231 2615 3414 2678 inlusa
3463 2636 3474 2671 :
3534 2633 3657 2689 quae
3705 2634 3799 2687 per

2192 2706 2373 2761 omnia
2397 2705 2626 2762 Romani
2660 2709 2809 2779 regni
2839 2708 2910 2763 ab
2929 2709 3151 2765 Oriente
3195 2710 3250 2766 in
3286 2709 3643 2766 Occidentem
3671 2726 3795 2782 spa-

2196 2798 2309 2865 tia,
2360 2812 2483 2853 cum
2538 2812 2701 2854 omne
2745 2799 3140 2870 propemodum
3188 2815 3359 2872 genus
3400 2801 3689 2863 hominum
3743 2809 3799 2859 et

2195 2891 2464 2961 pecudum
2496 2891 2614 2947 neci
2642 2890 2823 2959 dedit,
2851 2898 2964 2949 tum
2994 2892 3160 2950 etiam
3182 2936 3198 2962 ,

2326 3091 2370 3122 ¹⁹
2404 3088 2732 3156 Corrupitque
2756 3089 2909 3152 lacus,
2931 3090 3103 3143 infecit
3126 3091 3301 3156 pabula
3324 3093 3457 3145 tabo.

2204 3262 2365 3336 535
2394 3262 2470 3320 lbi
2495 3276 2742 3321 oetavam
2772 3262 2996 3341 Egypti
3025 3266 3414 3327 eontritionem
3447 3267 3630 3325 fecere
3653 3268 3797 3329 exei-

2203 3364 2328 3414 tatae
2369 3357 2608 3429 undique
2647 3358 2905 3424 locustm,
2932 3358 2978 3390 '°
3008 3368 3279 3429 tenentes,
3312 3370 3575 3429 terentes,
3609 3371 3795 3434 tegen-

2204 3457 2395 3521 tesquc
2435 3451 2655 3511 omnia:
2688 3448 2775 3505 hic
2816 3458 3062 3508 octavam
3091 3467 3249 3524 teque
3286 3452 3339 3510 in
3383 3453 3797 3513 subversionetn

1789 3572 2241 3637 HAVEBCAMPI
2281 3579 2515 3639 NOTAE.

573 3707 627 3779 5.
668 3703 737 3761 In
761 3706 984 3779 ﬁguram
1006 3704 1191 3759 nostri.
1224 3703 1580 3775 Desumptum
1606 3722 1671 3763 ex
1698 3709 1718 3765 1
1742 3711 1807 3767 ad
1836 3711 2086 3772 Corinth.

503 3778 660 3849 x,6.

574 3850 628 3906 6.
662 3848 736 3903 Ac
788 3848 1116 3903 siccissimas.
1160 3846 1288 3901 Mss.
1340 3845 1511 3918 Lugd.
1559 3848 1703 3908 Batt.
1741 3862 1797 3909 et
1840 3857 1962 3911 cod.
2000 3858 2098 3914 Pe-

506 3922 678 3978 rizon.
700 3961 713 3979 .
748 3920 1199 3988 Swvissimasque.

576 3995 631 4046 7.
661 3992 729 4064 ιιι
780 3990 980 4044 tinnula
1006 3987 1183 4043 volatu
1211 3988 1373 4044 allabi
1425 3991 1629 4048 solent.
1650 3991 1989 4064 Ineptissima
2020 3999 2099 4059 le-

506 4063 616 4119 ctio
662 4063 921 4138 hactenus
959 4074 1192 4138 _omnes_,
1259 4075 1366 4138 una
1436 4076 1694 4138 excepta
1752 4063 2094 4138 Augustana,

507 4135 812 4203 occupavit.
843 4131 1063 4201 Legitur
1091 4131 1234 4185 enim
1259 4132 1313 4186 in
1335 4131 1588 4199 cunctis,
1604 4145 1649 4190 et
1678 4137 1731 4192 in
1752 4131 1897 4194 nullo
1926 4131 2100 4196 volatu

508 4204 668 4259 allabi
687 4204 881 4270 solent,
911 4203 1053 4272 quod
1078 4211 1256 4257 tamen
1290 4203 1441 4257 ulcus
1473 4205 1553 4259 sic
1579 4208 1830 4263 relictum
1860 4219 1948 4265 est
1977 4227 2099 4269 cum

510 4274 1069 4347 nibiljuvarentmss.
1111 4274 1445 4347 Quosenim
1491 4290 1592 4345 ego
1618 4279 1863 4347 inspexi,
1910 4297 2102 4338 omnes

510 4342 714 4418 habent
732 4345 813 4399 vel
844 4346 898 4398 in
932 4343 1118 4418 nullo(
1149 4353 1205 4418 ut
1230 4342 1450 4418 editur)
1482 4342 1660 4418 veliac
1706 4342 1757 4405 et
1803 4342 1983 4418 nullo,
2034 4365 2104 4411 ,ιιι

511 4416 758 4496 Floreut.
792 4415 1152 4496 tert.,__v’el_el
1184 4415 1235 4467 in
1268 4415 1376 4496 ulla
1397 4415 1507 4496 ,lll
1553 4416 1796 4496 Florent.
1824 4415 1981 4496 _sec.,
2010 4429 2102 4496 qui

510 4487 755 4560 proxime
797 4486 1005 4563 accedit
1038 4485 1104 4539 ad
1136 4499 1326 4563 veram.
1353 4488 1637 4563 lectionem
1665 4491 1868 4547 tinnula
1895 4485 2101 4563 volat'u,

512 4556 672 4630 quam
699 4572 806 4613 non
834 4558 950 4630 sine
975 4556 1437 4630 praestantissima:
1466 4560 1793 4629 Auguslanm
1817 4564 1907 4621 ed.
1942 4556 2105 4622 vene;

513 4626 753 4699 ratione,
782 4626 975 4699 cupide
1002 4626 1054 4699 in
1081 4635 1395 4699 contextum
1419 4626 1623 4699 recepi.

585 4694 952 4774 8._lnters'eri.
1005 4694 1138 4774 God.
1166 4697 1435 4774 ‘Perizou.
1492 4694 1703 4774 habent
1720 4704 1927 4774 inferri.
1973 4708 2109 4766 Mss.

513 4769 859 4851 LttngHBaIl.
881 4778 992 4851 t_res
1019 4767 1280 4851 int_er[erri
1299 4809 1313 4832 ,
1343 4778 1477 4851 ut_el_
1506 4770 1642 4851 Coll.
1675 4767 1915 4851 Gronov.
1944 4790 2107 4851 atque

511 4839 636 4924 cod.
658 4840 857 4924 llltraj.
885 4839 1058 4910 Lugd.
1088 4840 1223 4893 Bat.’
1241 4854 1319 4910 pr.
1339 4877 1356 4905 ,
1403 4841 1543 4895 intus
1573 4846 1731 4914 ferri;
1769 4846 1916 4905 Flor.
1940 4839 2064 4913 sec.
2086 4892 2103 4918 ,

507 4929 688 4968 ιηδεντ.

581 4984 641 5057 9.
674 4981 905 5057 Magnis.
940 4980 1091 5057 Multi
1112 4997 1180 5035 ex
1214 4996 1376 5057 mss,
1407 4983 1739 5057 immanibus.

582 5055 672 5131 ἐλο-
712 5051 886 5131 βῖευίε
918 5051 1175 5131 ριυηιηοε·
1227 5053 1396 5131 Magis
1444 5053 1548 5131 hoc
1596 5059 1805 5126 placet,
1857 5064 2002 5131 quod
2050 5066 2105 5120 in

509 5125 686 5201 tribus
712 5123 882 5194 Lugd.
918 5124 1055 5201 Batt.
1086 5133 1246 5194 atque
1262 5121 1407 5201 _Coll_.
1439 5121 1678 5201 Gronov.
1702 5170 1716 5201 ,
1745 5121 1904 5201 quam
1929 5150 2106 5192 rorem

509 5197 745 5273 alumine
765 5193 1103 5273 putredinisu,
1135 5194 1281 5265 quod
1299 5196 1500 5273 _reli_qui
1533 5209 1588 5254 et
1628 5193 1778 5273 vulg:
1820 5202 2102 5262 exhibent.

580 5269 668 5323 11.
700 5264 998 5347 Είᾴξινενδε
1018 5264 1251 5321 hiberna.
1288 5265 1355 5321 In
1383 5264 1587 5323 diversa
1608 5311 1624 5338 ,
1649 5264 1751 5327 eti.
1787 5273 1957 5347 Lugd.
1983 5276 2104 5335 Bat.

511 5338 621 5394 duo
642 5354 762 5393 cum
792 5338 928 5393 Coll.
958 5335 1196 5393 Gronov.
1316 5374 1323 5379 ρ

582 5410 669 5485 εξ.
710 5407 776 5462 In
805 5415 1020 5485 mortem
1045 5407 1376 5485 dissolutum.
1409 5409 1543 5465 Tres
1575 5411 1743 5485 Lugd.
1774 5414 1950 5484 Batt.,
1982 5434 2103 5481 eum

509 5479 763 5537 Perizon.
789 5488 846 5534 et
874 5477 1011 5533 Coll.
1046 5476 1285 5535 Gronov.
1307 5521 1319 5542 ,
1354 5491 1519 5535 morte
1549 5476 1879 5541 dissolutum.

582 5552 672 5634 η).
698 5549 998 5634 tionesque
1022 5548 1328 5630 principum.
1351 5551 1480 5605 Mss.
1514 5553 1717 5627 aliquot
1744 5566 1798 5612 et
1822 5558 1909 5615 ed.
1936 5562 2102 5634 Aug.,

514 5623 839 5677 morientium
869 5620 1178 5689 principum.

585 5692 684 5772 ML
705 5687 970 5772 penulam
993 5687 1085 5772 cst.
1117 5687 1310 5772 Colon.
1328 5731 1343 5756 ,
1370 5693 1603 5772 exaltata
1628 5738 1660 5772 ,_
1679 5697 1757 5772 Ex
1783 5715 1890 5772 quo
1910 5700 2104 5766 Fabri.

515 5763 632 5816 cius
658 5761 1052 5827 fabricaverat,
1102 5759 1365 5828 comitata,
1408 5765 1589 5823 minus
1631 5759 1815 5827 labre:
1838 5759 2105 5837 [ιΑυτξ-ὲ-

2202 3720 2546 3792 Nequaquam
2574 3722 2835 3792 editores,
2860 3724 3005 3792 quod
3021 3726 3339 3783 invenerant
3360 3729 3411 3782 in
3439 3743 3575 3783 mss.
3591 3729 3793 3785 exoluta

2197 3792 2284 3846 vel
2306 3791 2583 3856 exhalata,
2620 3807 2829 3850 mutare
2862 3791 3165 3852 debuerunt
3197 3800 3247 3853 in
3280 3800 3527 3854 excitata.
3571 3799 3792 3857 Fabricii

2200 3870 2378 3917 tamen
2403 3863 2456 3918 id
2490 3862 2702 3943 facinus
2746 3880 2851 3921 non
2876 3876 2989 3930 est,
3019 3870 3211 3943 sed‘is
3257 3872 3470 3939 priores
3509 3871 3641 3927 edd.
3681 3888 3794 3943 quae

2200 3947 2394 3989 omnes
2442 3934 2647 4009 malam
2672 3947 2996 4009 receperunt
3028 3934 3315 3997 lectionem
3338 3985 3355 4009 ,
3398 3943 3561 4001 nimis
3603 3934 3790 4001 secure

2202 4013 2286 4059 est
2310 4014 2564 4082 secutus.
2609 4006 2721 4082 Ego
2746 4008 2955 4082 iumen
2989 4010 3179 4065 codice
3223 4006 3386 4082 atque
3439 4012 3581 4081 Ultr.
3613 4017 3795 4070 inveni

2203 4073 2455 4155 exoluta,
2487 4086 2545 4155 ut
2570 4073 2720 4155 etin
2751 4078 2842 4135 ed.
2888 4078 3117 4155 August.
3148 4097 3274 4155 qua:
3299 4073 3523 4139 codicis
3548 4088 3633 4139 sui
3673 4101 3798 4155 prte-

2202 4146 2526 4226 st:i_ntissimi
2550 4148 2777 4204 vitiosas
2795 4146 3011 4226 quoque
3052 4146 3311 4226 lectiones
3334 4156 3535 4226 ubique
3572 4146 3799 4214 ﬁdeliter

2206 4216 2448 4293 exhibet.
2473 4217 2721 4293 Quatuor
2752 4216 2936 4293 autem
2953 4221 3127 4293 Lugd.
3150 4223 3293 4280 Batt.
3323 4216 3622 4283 ευιηίῑοιι.
3668 4227 3797 4284 Gro-

2208 4300 2333 4342 nov.
2356 4287 2604 4343 exhalata
2629 4300 2776 4345 recte
2798 4287 3063 4348 scribunt:
3109 4293 3376 4352 ΕπΙιιιιαια
3411 4308 3486 4354 est
3522 4300 3672 4356 enim
3702 4298 3800 4355 hac

2208 4357 2262 4413 in
2287 4358 2414 4435 loco
2431 4358 2739 4435 signiﬁcat,
2762 4361 3012 4420 efferbuit
3031 4407 3046 4431 ,
3081 4368 3280 4435 erupit.

2131 4446 2184 4506 Π
2421 4427 2613 4509 Coacta
2669 4427 2809 4488 aere.
2873 4435 2949 4509 Ad
2987 4427 3357 4507 quotidianam
3406 4441 3793 4509 experientiam

2210 4498 2341 4584 nihil
2389 4503 2884 4584 attendertmt,qui
2932 4498 3276 4584 coarguere
3325 4498 3534 4584 grando
3583 4515 3796 4584 profusa

2208 4569 2501 4627 ediderunt
2520 4615 2535 4638 ,
2553 4589 2674 4629 eum
2701 4569 2891 4633 omnes
2916 4588 3039 4635 ante
3060 4569 3370 4637 Fabricium
3390 4582 3522 4639 cdd.
3571 4569 3628 4639 et
3666 4569 3791 4640 ὦσε.

2208 4645 2456 4724 nativam
2481 4644 2773 4724 lectionem
2801 4647 3121 4724 exhibeant,
3181 4662 3237 4724 et
3276 4653 3393 4724 ipsa
3430 4656 3572 4709 ratio
3608 4654 3795 4711 doceat

2206 4715 2651 4797 coginnbesju
2703 4733 2869 4797 unum
2919 4728 2977 4797 et
3016 4715 3235 4781 densari
3274 4715 3457 4781 s'olere
3518 4726 3796 4797 ingruente

2211 4782 2387 4860 pluvia
2416 4786 2652 4860 graviori
2683 4791 2765 4845 vel
2783 4790 3068 4860 grandine.

2217 4927 2230 4939 .
2284 4854 2369 4910 16.
2399 4853 2938 4939 ξυηιεηιὶεβαιὲἓᾳυε.
2973 4861 3152 4939 Eque
3167 4864 3415 4936 iusipide
3456 4866 3663 4939 editum
3698 4868 3795 4925 fuit

2199 4932 2559 5051 {gemitque
2585 4932 2711 4986 satis
2738 4977 2752 5002 ,
2794 4936 3047 5003 quamvis
3065 4932 3128 4991 in
3184 4932 3318 4993 mss.
3346 4938 3676 5009 quibusda-
3718 4942 3792 4996 sic

2228 5011 2435 5067 egatur.

2404 5067 2752 5151 Per-secutori.
2776 5073 3204 5151 de.PerisotI.,
3236 5089 3587 5151 persecutore.

2399 5138 2587 5227 [Infima
2612 5158 2795 5227 :“quaz.
2819 5138 3401 5227 ldetri_eodex,i'itfuea
3428 5163 3525 5208 est.
3642 5224 3654 5227 _
3744 5225 3751 5227 A
3784 5172 3790 5178 ‘

2283 5210 2386 5285 19ζ
2417 5210 2783 5285 Corrupitque,
2814 5227 2926 5277 etc.
2976 5219 3102 5275 Haec
3133 5210 3419 5277 meliorum
3468 5240 3601 5279 mss.
3641 5224 3789 5281 lectio

2209 5279 2740 5369 es-t._(}opnlatuna’lii
2770 5279 2994 5344 'delent.
3030 5292 3306 5363 Desumpti
3335 5305 3560 5351 suntex
3608 5279 3787 5369 Virgil.

2209 5349 2406 5435 Georg.
2431 5349 2514 5419 nt,
2543 5355 2685 5412 480:

2334 5412 2575 5501 Egerius
2589 5438 2735 5501 omne
2759 5431 2870 5501 neci
2884 5412 3130 5501 pecudum
3149 5432 3312 5501 dedit,
3328 5448 3480 5488 omne
3499 5435 3727 5501 fet-Imm,

2332 5484 2662 5551 Corrupitque
2682 5488 2835 5551 lacus,
2858 5484 3023 5544 infecit
3047 5495 3222 5558 pabula

2413 5568 2663 5654 fauentes
2680 5614 2695 5640 ,
2723 5584 2971 5654 terentes,
3001 5586 3327 5654 legatusque
3348 5583 3547 5637 omnia.
3584 5584 3640 5638 In
3664 5597 3788 5639 mss.

2208 5640 2528 5710 quibusdam
2577 5640 2965 5704 intermedium
3001 5640 3209 5706 tantum
3237 5640 3525 5709 'invcnitur
3552 5655 3788 5710 verbum;

2207 5706 2459 5792 Forsitan
2498 5714 2705 5784 reliqua
2730 5732 2798 5792 ex
2828 5720 2976 5792 varia
3002 5720 3240 5779 lectione
3598 5706 3792 5781 Elicit

2208 5788 2354 5837 enim
2384 5791 2600 5840 terentes
2626 5788 2829 5859 omnia,
2858 5789 2949 5848 vel
2971 5797 3200 5866 tegentes
3224 5788 3787 5869 terentesqu‘vomnil.‘

3639 266 3813 324 “32-

3910 5996 3951 6225 l
