4000 6324
272 331 413 389 {I55

1241 319 1711 395 HISTORIARUM
1753 315 1959 385 LIBER
2001 315 2109 374 VII.
2154 314 2307 373 CAP.
2353 314 2589 373 XXVIII.

3435 309 3579 367 1154

229 457 234 460 ·
268 439 501 499 Romani
528 438 678 496 orbis
704 436 958 495 excitatae
983 434 1222 507 undique
1253 434 1486 492 intulere
1510 442 1718 504 gentes,
1746 447 1869 505 qua:
1898 431 1949 495 Α
1975 428 2307 501 impediente
2356 427 2585 500 caligine
2607 467 2623 496 ,
2669 424 2797 481 dum
2850 436 2961 479 non
3014 422 3252 488 videtur,
3308 421 3565 490 intratur,
3631 445 3641 453 -

268 535 513 594 caedibus
541 541 707 603 atque
749 529 1016 589 incendiis
1047 537 1269 584 cunctas
1308 526 1616 599 provincias
1640 525 1864 583 deleve-

1973 531 2287 595 perpetuam
2312 521 2691 593 perditionem,
2720 516 3122 576 immortalibus
3152 514 3334 571 arsuri
3367 514 3574 585 suppli-

271 638 420 689 runt.
455 628 530 684 Ibi
563 642 702 683 nona
737 625 969 682 tttrbatio
999 623 1284 679 diuturnas
1313 635 1526 678 crassas
1551 635 1616 675 ac
1655 620 1701 651 ’ί
1731 628 1869 690 pene
1971 618 2099 699 clis,
2128 616 2446 673 sortientur.

272 720 593 778 traetabiles
636 719 889 775 tenebras
929 716 1153 785 habuit,
1205 714 1327 786 plus
1374 715 1598 773 omnino
1641 711 1867 783 periculi

270 815 602 875 comminata
634 829 799 886 quam
841 811 969 867 I‘eeit
1016 828 1030 865 :
1077 811 1164 866 hic
1193 808 1379 864 itidem
1424 822 1567 862 nona
1596 804 1872 874 correptio

272 911 397 977 fuit,
427 923 555 965 eum
584 906 879 964 Aureliano
915 903 1345 976 persecutionem
1375 899 1713 969 decernenti,
1737 899 1871 954 diris

280 1005 587 1062 turbinibus
616 1002 860 1059 terribile
886 1016 950 1057 ac
973 1000 1131 1057 triste
1159 998 1363 1054 fulmen
1394 998 1495 1054 sub
1525 996 1695 1065 ipsius
1722 993 1872 1065 pedi-

275 1100 380 1157 bus
410 1099 541 1169 ruit,
574 1097 871 1155 ostendens
896 1095 1045 1167 quid,
1068 1110 1192 1151 cum
1222 1094 1359 1150 ultio
1379 1092 1506 1149 talis
1533 1093 1579 1125 “
1611 1090 1871 1161 exigeret,

280 1201 465 1249 lautius
494 1200 675 1263 posset
703 1190 864 1257 ultor,
894 1188 1001 1245 nisi
1023 1195 1079 1244 et
1098 1187 1343 1245 clemens
1372 1192 1517 1239 esset
1543 1192 1598 1240 et
1629 1183 1871 1253 patiens:

276 1298 607 1357 quamquam
631 1283 772 1337 intra
795 1296 891 1337 sex
913 1279 1112 1336 abhinc
1134 1292 1349 1333 menses
1372 1275 1614 1332 succidui
1638 1281 1750 1330 tres
1775 1273 1873 1329 im-

222 1452 227 1456 .
277 1393 406 1451 pera
417 1385 582 1444 tores,
607 1375 715 1431 hoc
733 1383 838 1439 est,
859 1373 1208 1443 Aurelianus,
1234 1371 1455 1428 Tacitus
1483 1376 1540 1425 et
1564 1367 1871 1430 Florianus.

2522 750 2750 807 CAPUT
2789 748 3029 806 XXVIII.

1977 888 2053 942 De
2079 888 2405 943 Constantini
2434 885 2615 958 Magni
2662 886 2907 958 Augusti,
2956 883 3231 958 Maxentii,
3273 880 3484 958 Licinii,
3525 891 3570 958 et

2048 957 2357 1014 Maximiani
2388 952 2643 1026 imperiis,
2684 952 2923 1011 et'rebus
2963 954 3134 1027 gestis.
3170 953 3303 1008 Item
3347 954 3410 1008 de
3449 952 3574 1007 Aria

2046 1030 2308 1095 Iiwretico,
2333 1032 2546 1102 ejusque
2571 1028 2811 1100 dogmate
2835 1028 3099 1109 danrnato.

2047 1184 2213 1255 Igitur
2250 1191 2486 1247 mortuo,
2522 1193 2577 1236 ut
2611 1180 2749 1248 dixi,
2780 1180 3133 1237 Constantino
3167 1180 3221 1233 in
3253 1178 3566 1244 Britanniis,

1974 1276 2366 1333 Constantinus
2394 1276 2691 1346 imperator
2719 1275 2736 1306 ¹
2772 1281 2858 1327 est
2899 1282 3143 1339 creatus,
3179 1272 3387 1344 primus
3418 1275 3437 1303 ²
3471 1272 3569 1326 im~

1975 1380 2284 1441 peratorum
2310 1368 2676 1435 Christianus,
2702 1376 2930 1438 excepto
2967 1367 3126 1440 537
3168 1365 3440 1435 Philippo,
3482 1365 3575 1434 qui

274 1470 510 1527 diversis
542 1468 725 1526 causis
753 1467 1018 1524 interfecti
1050 1475 1199 1522 sunt.
1241 1464 1319 1522 Ibi
1355 1470 1637 1536 postremo
1663 1459 1873 1519 decima
1975 1460 2311 1517 Christianus
2341 1462 2501 1516 annis
2528 1459 2820 1515 admodum
2855 1457 3198 1529 paucissimis
3227 1457 3297 1513 ad
3324 1455 3429 1512 hoc
3457 1466 3576 1513 tan-

277 1565 461 1637 plaga,
490 1579 615 1635 qum
638 1570 694 1619 et
718 1560 1016 1618 novissima
1054 1560 1297 1616 omnium
1327 1558 1454 1625 fuit,
1495 1555 1543 1590 ³³
1568 1552 1877 1612 interfectio
1979 1562 2091 1611 tum
2130 1554 2454 1610 consritutus
2485 1553 2654 1609 fuisse
2689 1552 2824 1609 mihi
2852 1552 3003 1609 visus
3031 1559 3135 1617 est,
3164 1561 3225 1606 ut
3250 1550 3573 1609 millesimus

280 1656 549 1723 filiorum,
582 1668 722 1723 quos
750 1653 959 1724 primos
990 1652 1192 1724 quique
1215 1661 1520 1723 genuerant
1545 1670 1556 1705 :
1590 1651 1678 1706 hic
1706 1644 1879 1703 nihilo
1978 1647 2165 1704 Romae
2187 1663 2359 1707 annus
2385 1647 2604 1704 Christo
2631 1647 2834 1719 potius,
2860 1662 3019 1718 quam
3043 1646 3201 1703 idolis
3232 1654 3253 1686 ι
3275 1645 3570 1701 dicaretur.

276 1752 460 1809 minus
488 1749 723 1815 decima,
757 1747 808 1802 id
843 1754 951 1813 est,
993 1745 1290 1802 novissima
1332 1760 1494 1815 pmna
1519 1753 1607 1801 est
1631 1740 1875 1799 omnium
1922 1814 1933 1815 η
1979 1740 2002 1771 ⁸
2030 1744 2071 1799 Δ
2089 1739 2453 1797 Constantino
2479 1750 2663 1795 autem
2690 1754 2907 1811 semper
2928 1754 3120 1795 omnes
3145 1737 3443 1794 Christiani
3469 1737 3601 1793 int--

277 1842 546 1899 idolorum
571 1839 823 1911 perditio,
848 1854 970 1909 qua:
995 1837 1244 1908 primitus
1271 1814 1408 1893 facta
1433 1838 1485 1894 iu
1515 1835 1707 1910 primis
1729 1848 1876 1889 ama-
1908 1814 1956 1876 Β
1984 1846 2265 1908 peratores
2292 1852 2465 1908 usque
2494 1837 2515 1870 ⁵
2568 1836 2625 1891 in
2658 1836 2978 1892 hodiernum
3024 1833 3168 1891 diem
3208 1835 3374 1889 creati
3426 1841 3574 1899 sunt,

277 1932 430 1990 bant.
480 1933 556 1991 Ibi
601 1948 697 1988 rex
747 1929 1045 2002 potentiam
1099 1931 1193 1985 Dei
1238 1929 1449 1997 sensit,
1498 1926 1780 1999 probavit,
1821 1932 1878 1980 et

280 2024 480 2093 timuit,
516 2039 580 2081 ac
611 2038 711 2095 per
736 2023 843 2079 hoe
886 2021 1143 2094 populum
1172 2021 1269 2078 Dei
1303 2021 1532 2077 liberum
1571 2020 1722 2075 abire
1753 2034 1879 2088 per-

279 2120 471 2177 misit:
506 2120 553 2153 ”
577 2118 666 2175 hic
709 2134 803 2175 rex
838 2119 1136 2188 potentiam
1164 2116 1259 2172 Dei
1304 2116 1505 2179 sensit,
1543 2114 1798 2184 probavit
1824 2121 1881 2169 et

282 2213 535 2274 credidit.
560 2228 624 2269 ac
653 2228 750 2280 per
777 2213 880 2270 hoc
918 2211 1177 2284 populum
1204 2210 1299 2267 Dei
1332 2210 1560 2266 liberum
1605 2223 1727 2264 esse
1756 2223 1877 2275 per-

278 2305 448 2362 misit.
480 2305 559 2362 Ibi
588 2319 879 2377 numquam
915 2314 1103 2375 postea
1138 2302 1373 2375 populus
1404 2303 1498 2357 Dei
1536 2301 1603 2357 ad
1642 2300 1877 2356 servitu-

280 2404 392 2453 tem
425 2406 717 2464 retractus,
755 2395 844 2451 hic
874 2410 1166 2464 numquam
1194 2405 1379 2464 postea
1411 2392 1646 2465 populus
1676 2390 1773 2447 Dei
1811 2388 1879 2445 ad

280 2488 645 2545 idololatriam
674 2496 896 2545 coaetus
932 2497 1040 2543 est.
1076 2487 1150 2542 lbi
1181 2484 1562 2558 Egyptiorum
1593 2497 1721 2540 vasa
1751 2498 1878 2549 pre-

280 2584 422 2639 tiosa
465 2581 708 2639 Hebraeis
741 2581 937 2639 tradita
982 2588 1112 2638 sunt
1147 2599 1158 2633 :
1197 2581 1285 2637 hic
1326 2580 1381 2637 in
1425 2579 1688 2637 ecclesias
1718 2577 1884 2651 536

284 2674 719 2734 Christianorum
765 2672 1033 2745 praecipua
1086 2688 1415 2744 paganorum
1468 2671 1668 2743 templa
1700 2684 1884 2726 cesse-

282 2780 431 2825 runt.
464 2767 613 2825 Sane
641 2767 796 2833 illud,
841 2777 901 2822 ut
938 2766 1074 2835 dixi,
1106 2766 1538 2822 denuntiandum
1574 2773 1726 2833 puto,
1753 2764 1882 2835 quia

279 2858 420 2918 sicut
448 2859 721 2932 Egyptiis
752 2868 874 2930 post
907 2860 1007 2915 bas
1035 2859 1225 2915 decem
1258 2858 1444 2930 plagas
1472 2856 1731 2913 dimissos
1772 2856 1878 2912 lle-

280 2953 463 3010 brazos
514 2954 766 3024 persequi
822 2952 1198 3020 molientibus,
1245 2952 1403 3008 irruit
1455 2952 1503 2985 "
1548 2967 1644 3023 per
1694 2966 1885 3022 super-

282 3047 502 3105 dnctum
544 3063 694 3104 mare
738 3056 941 3103 aeterna
986 3046 1222 3116 perditio
1259 3064 1271 3099 :
1324 3046 1393 3101 ita
1438 3054 1493 3101 et
1523 3060 1623 3101 nos
1664 3045 1882 3117 quidem

282 3132 457 3198 libere
486 3140 917 3211 peregrinantes,
962 3147 1359 3209 superventura
1397 3138 1721 3209 quandoque
1759 3152 1883 3208 per-

1981 1940 2211 2001 excepto
2240 1926 2481 1995 Juliano,
2511 1944 2671 2000 quem
2703 1930 2867 2002 impia
2891 1929 2973 2001 (ut
3003 1927 3178 2000 aiunt)
3213 1929 3234 1961 ⁸
3260 1926 3570 1983 machinan-

1982 2032 2087 2078 tent
2118 2021 2411 2079 exitiabilis
2434 2022 2542 2078 vita
2566 2022 2826 2078 deseruit.
2858 2020 2987 2077 Haec
3019 2032 3102 2078 est
3133 2020 3274 2076 lenta
3301 2019 3391 2074 illa
3418 2034 3579 2089 paga-

1984 2132 2176 2173 norum
2205 2130 2384 2184 poena,
2414 2116 2509 2171 sed
2547 2124 2722 2171 certa.
2768 2116 2906 2171 Hinc
2952 2116 3068 2170 sani
3127 2114 3421 2179 insaniunt,
3453 2112 3583 2168 hinc

1983 2212 2123 2265 Vnon
2142 2209 2408 2264 vulnerati
2433 2218 2898 2279 compunguntur,
2920 2207 3048 2263 hinc
3071 2208 3310 2264 ridentes
3338 2217 3584 2278 gemunt,

1983 2301 2109 2357 hinc
2152 2302 2396 2356 viventes
2436 2301 2720 2370 deﬁciunt,
2758 2302 2885 2356 hinc
2929 2309 3145 2358 secreto
3169 2302 3580 2366 excruciantur,

1983 2408 2120 2464 quos
2152 2409 2311 2449 nemo
2345 2394 2721 2464 persequitur:
2748 2392 2875 2449 hinc
2898 2394 3007 2469 jam
3037 2393 3348 2463 paucissimi
3371 2408 3587 2449 reman-

1985 2494 2194 2547 serunt.
2212 2486 2299 2557 qui
2330 2500 2624 2557 numquam
2653 2485 2837 2556 aliquo
2850 2496 3218 2556 persequente
3245 2485 3419 2556 puniti
3434 2495 3581 2542 sunt.

1990 2580 2378 2636 Verumtamen
2408 2579 2586 2652 qualis
2617 2591 2746 2637 tunc
2777 2588 3151 2651 persecutores
3177 2580 3326 2648 illos,
3348 2579 3421 2636 de
3447 2595 3583 2649 quo-

1986 2690 2106 2730 rum
2134 2675 2455 2746 impunitate
2481 2689 2586 2730 non
2607 2676 2782 2731 solum
2805 2675 3053 2746 gloriari,
3076 2675 3171 2731 sed
3202 2675 3365 2731 etiam
3417 2675 3585 2730 insul-

1985 2773 2107 2822 tare
2136 2774 2425 2835 conantur,
2456 2767 2581 2822 linis
2606 2767 2823 2828 mansit.
2861 2767 3170 2838 expediam.
3226 2767 3586 2828 Constantina

1987 2858 2042 2913 in
2063 2857 2255 2914 Galliis
2269 2857 2647 2914 strenuissime
2659 2858 3053 2930 rempublicam
3079 2868 3424 2930 procurante,
3448 2876 3590 2930 pra:-

1989 2951 2184 3007 toriani
2219 2950 2420 3007 milites
2464 2950 2656 3007 Roma:
2698 2950 3052 3019 Maxentium,
3088 2951 3256 3007 lilium
3308 2952 3588 3021 Herculei,

1988 3044 2079 3115 qui
2107 3047 2347 3112 privatus
2376 3045 2430 3099 in
2463 3044 2702 3101 Lucania
2744 3045 3084 3113 morabatur,
3111 3046 3408 3116 Augustum
3450 3062 3591 3101 nun-

1968 3122 2344 3206 'cupaverunt.
2373 3136 2732 3193 Maximianus
2762 3134 3086 3206 Herculeus,
3107 3137 3221 3207 jam
3252 3153 3323 3194 ex
3347 3141 3592 3208 Augusto

285 3206 501 3292 secutio
518 3206 802 3305 geniili'nt
846 3206 1048 3289 manet.
1081 3231 1255 3287 donec
1300 3206 1450 3286 mare
1476 3206 1743 3298 Rubrum,
1762 3206 1883 3287 ⁷Ιιοιι
1911 3206 1958 3277 c
1991 3233 2253 3303 privatus,
2278 3241 2332 3286 et
2361 3232 2537 3287 adhuc
2561 3232 2811 3299 publicus
2836 3242 3172 3303 persecutor,
3204 3206 3494 3289 occasione
3523 3206 3590 3287 ii-

286 3333 395 3393 σει,
424 3324 604 3395 ignem
626 3323 841 3393 judit-ii,
878 3323 1001 3391 ipso
1024 3324 1257 3379 Domino
1292 3335 1478 3379 nostro
1511 3323 1638 3379 Jesu
1664 3322 1885 3379 Christo

288 3416 428 3474 duce
452 3425 508 3472 et
527 3414 733 3486 judice,
758 3426 1113 3470 transeamus.
1134 3415 1198 3469 Hi
1227 3430 1354 3471 vero
1377 3416 1429 3470 in
1449 3429 1587 3486 quos
1598 3414 1887 3488 Egyptia-

288 3524 409 3567 rum
453 3508 623 3565 forma
657 3508 1075 3573 transfunditur,
1126 3509 1392 3580 permissa
1424 3509 1489 3565 ad
1538 3520 1752 3582 tempus
1794 3525 1890 3581 po—

293 3608 490 3670 testate
539 3602 586 3634 "
637 3602 921 3658 stevientes
965 3601 1306 3673 gravissimis
1348 3603 1568 3673 quidem
1618 3603 1887 3676 permissu

292 3697 388 3754 Dei
416 3698 459 3729 ’⁷
492 3696 834 3753 Christianos
857 3697 1191 3753 cruciatibus
1212 3705 1643 3767 persequentur;
1671 3714 1887 3756 verum-

293 3801 474 3847 tamen
515 3789 679 3846 iidem
710 3805 903 3846 omnes
947 3788 1152 3846 inimici
1180 3788 1414 3859 Christi,
1466 3806 1590 3846 cum
1633 3807 1760 3863 rege
1786 3806 1887 3848 suo

292 3882 647 3950 Antichristo,
671 3883 881 3953 accepti
903 3890 1098 3955 stagno
1118 3882 1258 3954 ignis
1284 3884 1497 3953 aeterni,
1517 3884 1660 3956 quod
1694 3899 1881 3955 magna

1991 3326 2050 3383 lii
2078 3325 2422 3388 sollicitatus.
2456 3326 2548 3395 qui
2590 3325 2881 3396 imperium
2922 3325 3220 3397 abjecerat,
3248 3326 3479 3396 arripuit
3509 3337 3588 3397 ty-

1988 3418 2292 3474 rannidem.
2347 3416 2598 3473 Galerius
2663 3417 2937 3489 Augustus
2993 3417 3256 3474 Severum
3318 3417 3590 3473 Car-sarem

1992 3510 2253 3567 adversus
2286 3511 2611 3566 Maxentium
2662 3492 2888 3567 Roxmam
2921 3512 2944 3543 ⁸
2975 3527 3099 3566 cum
3130 3511 3372 3565 exercitu
3422 3510 3587 3565 misit.

1991 3605 2226 3661 Severus
2254 3619 2375 3659 cum
2405 3602 2605 3660 Urbem
2633 3603 3184 3673 obsideret,militum
3216 3620 3442 3659 suorum
3475 3618 3589 3658 see-

1994 3698 2109 3753 lere
2139 3697 2393 3754 desertus
2423 3710 2479 3754 et
2507 3696 2774 3768 proditus,
2807 3708 2971 3769 atque
3017 3714 3081 3753 ex
3112 3713 3180 3754 en
3227 3698 3460 3776 fugiens,
3492 3698 3595 3751 Ra-

1994 3808 2184 3849 venna:
2233 3790 2550 3847 interfectus
2581 3799 2683 3847 est.
2722 3790 3018 3846 Herculeus
3058 3790 3417 3845 Maximianus
3468 3805 3589 3858 per-

1994 3895 2233 3951 secutor,
2268 3888 2289 3919 '
2314 3893 2371 3940 et
2398 3899 2463 3940 ex
2495 3884 2738 3955 Augusto
2767 3896 3050 3956 tyrannus,
3071 3885 3448 3940 conﬁrmatum
3476 3883 3588 3955 jam

1611 4147 2059 4209 IIAVERCAMPI
2100 4151 2337 4210 NOTAE.

364 4360 461 4441 2i.
494 4356 634 4441 fferre
657 4355 970 4412 tractabiles.
997 4355 1168 4429 Lugd.
1195 4357 1310 4413 Bal.
1335 4356 1443 4412 duo
1461 4364 1517 4413 et
1534 4354 1889 4425 Coll.Gron.,

297 4430 659 4503 penetrabiles.

369 4503 459 4557 22.
503 4499 775 4572 Exiget-et.
801 4497 943 4572 Edd.
973 4506 1107 4556 vett.
1134 4500 1405 4572 quaedam,
1436 4500 1747 4572 exigeretur.

504 4569 811 4642 Interfectio
862 4569 1113 4645 ﬁliorum.
1162 4571 1259 4628 Ed.
1294 4571 1458 4644 Aug.,
1505 4569 1893 4644 interfectorum

299 4645 609 4771 ﬂgimliic
640 4730 733 4769 rex
779 4713 1063 4785 potentiam
1112 4713 1224 4782 Dei,
1272 4723 1379 4770 etc.
1422 4712 1559 4770 Cod.
1590 4716 1753 4785 Aug.,
1792 4714 1896 4768 Hic

302 4787 510 4861 tyranni
542 4774 825 4861 Ecclesium
871 4780 968 4861 D_e_i
995 4800 1029 4837 a
1056 4774 1407 4856 persecutione
1435 4786 1647 4861 liberam
1676 4774 1893 4861 'I'ro'uori-
1924 4774 1977 4836 D

303 4853 398 4913 b'us
458 4857 854 4929 mnptiaverunt.
913 4853 1112 4910 Verum
1175 4868 1366 4929 auctor
1416 4856 1509 4929 de,
1540 4854 1936 4929 Constantino.

302 4929 501 5000 Magno
530 4924 640 5000 agit
669 4924 817 4997 quod
842 4933 1010 5000 patet
1056 4943 1122 4982 ex
1164 4927 1351 5000 verbo,
1371 4927 1613 4989 credidit,
1644 4930 1901 5000 Opposita

301 4995 879 5128 illi'quod'prrecessit
910 4997 1100 5053 timuit.
1154 4999 1298 5055 Sana
1340 4998 1501 5070 igitur
1547 5008 1631 5055 est
1679 4995 1898 5069 recepta

325 5080 490 5127 ectto.
1819 5126 1826 5128 _

325 5070 490 5127 ectio.
1818 5126 1827 5133 ,

376 5141 468 5197 95.
516 5136 620 5194 Per
644 5137 1090 5212 superinductunt.
1141 5141 1405 5198 Florentt.
1440 5140 1568 5208 duo,
1616 5141 1894 5214 superduc-

302 5218 435 5270 tum.
1750 5236 1761 5242 ι

320 5320 354 5358 ί,
378 5282 471 5339 26.
493 5281 798 5358 “seruientes.
831 5288 921 5342 Sic
951 5302 1015 5343 ex
1047 5284 1289 5358 vestigiis
1315 5282 1439 5339 libri
1462 5283 1652 5339 Colon.
1677 5284 1893 5358 Scripsi.

304 5352 443 5428 ﬁam
491 5353 620 5428 illud
671 5358 943 5428 servientes
1000 5356 1142 5428 quod
1190 5352 1453 5428 bicwerat
1483 5371 1590 5425 quo
1632 5352 1898 5422 pertinet?

302 5425 555 5483 Lamu—
575 5422 733 5482 Unde
755 5422 1034 5483 servientes
1057 5428 1110 5482 in
1137 5427 1262 5484 edd.
1291 5422 1639 5483 Fabrici-anas
1663 5428 1897 5496 irrepse-

304 5498 413 5566 rit,
440 5498 642 5580 nescio.
668 5498 795 5553 edd.
820 5502 1150 5556 vetustiores
1174 5510 1226 5553 et
1252 5513 1380 5553 mss.
1410 5498 1628 5565 Ιιςιιιθιιι,
1657 5508 1717 5552 ιιι
1743 5513 1902 5569 opor-

308 5578 410 5632 tet,
442 5578 722 5624 satvtentes.
917 5600 925 5608 ο

378 5638 471 5693 27.
510 5637 834 5697 Christianos
873 5641 1183 5697 cruciatibus
1220 5648 1603 5714 persequentur.
1635 5641 1767 5714 Cod.
1800 5641 1904 5714 Pe-

308 5712 486 5786 rizon.
523 5720 665 5767 utet
694 5714 783 5770 ed.
836 5716 973 5786 Aug.
1006 5712 1286 5786 primaque
1328 5723 1402 5786 et__
1433 5712 1670 5786 Ytznetm.
1721 5713 1891 5786 Lugd.

309 5730 486 5769 nzon.
523 5730 665 5767 utet
694 5730 783 5770 eo.
836 5730 913 5770 Att
958 5753 973 5769 .
1006 5730 1286 5786 primaque
1328 5730 1381 5767 et
1439 5730 1670 5766 venena.
1721 5730 1891 5785 Lugd.

309 5783 432 5840 Bal.
462 5798 546 5847 pr.
573 5730 1005 5854 persecutionigus
1026 5786 1341 5840 excruciant.
1371 5782 1477 5838 Sed
1505 5782 1729 5854 Orosius
1753 5783 1897 5839 Iutu-

313 5866 409 5912 ras
437 5852 697 5910 Eoi-Isim
741 5859 1145 5924 persecutiones
1192 5871 1288 5926 per
1320 5855 1546 5911 alteram
1587 5852 1899 5926 (Egyptutn,

1995 4360 2345 4431 spiritualemg
2389 4358 2948 4431 videlicettinnuere
3006 4359 3244 4428 videtur,
3300 4364 3590 4431 praedictas

1997 4429 2646 4507 scilicet_in‘A_poca_lypsi
2677 4430 2927 4498 Joannis,
2961 4432 3104 4507 unde
3136 4432 3211 4499 id,
3238 4429 3578 4507 quodloqni.

1995 4510 2083 4574 tur
2105 4504 2173 4558 de
2193 4501 2540 4567 Antichristi,
2570 4502 2797 4574 ejusque
2826 4513 2883 4559 et
2912 4503 3179 4570 omnium,
3218 4501 3308 4573 qui
3342 4505 3417 4560 illi
3459 4501 3588 4565 sunt

1996 4573 2436 4646 similestptena,
2472 4573 3193 4646 quuqne_desumptumiest.

2068 4645 2204 4771 ἓξῆξὶ
2229 4644 2556 4769 χέινιιι.-
2583 4644 2634 4702 1.
2668 4644 2764 4701 Est
2793 4644 3017 4702 creatus.
3048 4645 3126 4701 Ex
3153 4646 3426 4719 plerisque
3451 4664 3581 4706 mss.

2100 4733 2119 4770 ι
2162 4733 2173 4770 I
2225 4733 2277 4771 es
2309 4758 2321 4770 .

1999 4718 2204 4773 excidit
2225 4724 2321 4771 est.

2068 4787 2124 4842 2.
2161 4787 2562 4861 [ηιρεναιοτιιιη.
2596 4787 2859 4861 Florenti.
2897 4787 3006 4844 duo
3034 4789 3332 4861 imperator.

2073 4861 2125 4933 gi.
2151 4856 2447 4933 Dicaretur.
2483 4859 2652 4933 L_n_gd.
2685 4860 2977 4933 Batt.tres,
2998 4856 3121 4933 eum
3146 4861 3280 4933 C_oll.
3311 4860 3576 4933 Gronov.,

2001 4929 2196 5005 quibus
2226 4931 2493 4986 accedunt
2518 4930 2660 4987 Ultr.
2693 4930 3056 5005 ιξι-Ρθιξίιοῃ.⁸
3087 4929 3434 4998 dedicaretur,
3465 4929 3587 5005 qua:

2003 5001 2165 5057 lectio
2191 5015 2407 5071 quoque
2433 5001 2857 5068 superscribitur
2881 5002 2933 5055 in
2966 5001 3204 5057 Florent.
3234 5018 3344 5058 sec.

2072 5073 2125 5127 4.
2164 5071 2204 5125 Α
2229 5071 2572 5147 Constantino
2599 5072 3076 5147 autem._l_’lerique
3119 5088 3249 5128 mss.
3284 5074 3488 5147 legunt,
3541 5080 3585 5134 Α

2002 5141 2336 5200 Constantino
2366 5159 2539 5199 omnes
2566 5158 2761 5217 semper
2786 5141 3088 5211 Christiani,
3126 5154 3255 5214 etc.,
3279 5141 3584 5204 de'leto'an-

1998 5222 2117 5269 tem.
2313 5241 2322 5251 σ

2072 5283 2124 5340 5.
2155 5283 2221 5358 In
2245 5285 2554 5340 hodiernum
2580 5285 2733 5358 diem.
2764 5283 2942 5357 Lugd.
3000 5286 3139 5341 Batt.
3172 5298 3427 5358 quatuor,
3461 5307 3581 5347 cum

2001 5357 2138 5415 COII.
2162 5356 2431 5422 Gronov.,
2465 5358 2518 5411 in
2547 5358 2685 5411 hunc
2713 5355 3019 5410 hodiernum
3048 5355 3203 5412 diem;

2076 5428 2131 5484 6.
2156 5426 2565 5483 Machiuantmt.
2610 5426 2852 5482 Florent.
2880 5428 3170 5497 secundus,
3205 5432 3578 5490 machinatum.

2078 5500 2130 5554 7.
2164 5498 2287 5554 Non
2309 5498 2581 5554 vulnerati.
2607 5497 2742 5554 Cod.
2779 5498 2976 5562 Pcriz.,
3010 5500 3270 5556 vulnerati
3297 5519 3399 5557 non
3446 5521 3587 5559 com-
3676 5497 3687 5508 ’

2007 5580 2329 5644 panguntur.
2367 5570 2527 5636 Male,
2557 5578 2615 5625 ut
2637 5641 2647 5644 Α
2669 5586 2732 5644 ex
2762 5570 3066 5644 conjunctis
3085 5584 3327 5644 apparet.

2079 5639 2137 5696 8:
2164 5639 2550 5726 Cumexercitu
2578 5641 2737 5695 misit.
2771 5641 2912 5697 Edd.
2941 5639 3189 5719 quaedam
3241 5654 3398 5714 vett.,
3432 5646 3587 5701 mittit

2005 5728 2065 5768 ιιι
2074 5730 2121 5764 m
2146 5724 2392 5768 exercitu.
2514 5753 2524 5762 .
3024 5724 3035 5741 ’

2077 5753 2591 5907 'e‘x'zugusto.
2630 5783 2802 5840 Periz.
2848 5792 2903 5841 et
2932 5784 3173 5842 Florent.
3202 5802 3339 5856 sec.,
3373 5798 3446 5843 ex
3475 5788 3585 5845 Au-

2080 5873 2103 5907 s
2127 5871 2174 5907 ο.

2010 5871 2174 5927 gusto.
