4000 6324
467 332 608 390 1155

1865 328 2067 387 PAULI
2107 326 2328 387 OBOSII

3630 321 3780 380 1136

467 447 510 477 ¹⁰
540 447 593 501 in
628 445 859 517 imperio
891 447 1058 502 filium
1086 455 1236 504 veste
1266 461 1329 503 ac
1361 450 1628 518 potestate
1658 443 1806 516 regia
1839 445 1877 476 ¹¹
1927 458 2050 514 spo-
2077 441 2132 504 A
2158 443 2299 513 pelli.
2347 443 2469 498 Mox
2496 442 2697 498 bellum
2749 442 2888 496 inter
2949 437 3214 494 Licinium
3275 437 3449 507 ipsum
3501 444 3558 491 et
3626 439 3772 492 Cou-

463 540 599 596 liare
623 550 872 603 conatus,
902 540 1228 596 "conviciis
1249 550 1428 595 autem
1462 555 1526 594 ac
1554 538 1718 610 538
1738 536 2055 592 tumultibus

462 635 700 690 militum
727 636 899 705 palam
933 637 1286 706 conterritus,
1311 636 1363 689 in
1388 634 1618 690 Galliam
1644 632 1918 703 profectus
1951 640 2053 696 est,

463 735 524 781 ut
565 727 926 782 Constantino
953 743 1157 798 genero
1187 742 1339 798 aeque
1364 725 1504 781 dolis
1547 726 1768 796 junctus
1817 724 2056 778 auferret

459 819 780 889 imperium;
823 819 917 874 sed
951 833 1047 890 per
1081 818 1245 874 filiam
1278 817 1653 890 deprehensus
1685 831 1749 871 ac
1783 815 2055 886 proditus,

461 912 660 969 deinde
688 914 743 968 in
771 913 946 985 fugam
971 929 1187 976 versus.
1220 914 1467 968 Massilia:
1491 926 1785 982 oppressus
1813 920 1866 965 et
1893 909 2060 964 inter-

459 1006 638 1061 fectus
663 1015 766 1062 est.
797 1006 970 1062 Porro
1009 1007 1280 1074 Galerius,
1331 1005 1512 1060 occiso
1539 1004 1762 1069 Severo,
1794 1001 2055 1056 Licinium

458 1099 849 1168 imperatorem
874 1100 1101 1154 creavit.
1127 1099 1370 1169 Cumque
1403 1096 1840 1168 persecutionem
1875 1109 1902 1147 a
1928 1093 2056 1148 Dio-

457 1191 695 1248 cletiano
723 1202 777 1248 et
826 1193 1152 1248 Maximiano
1183 1192 1226 1222 ¹³
1255 1192 1475 1247 missam
1528 1190 1644 1260 ipse
1695 1186 2059 1245 atrocioribus

457 1281 652 1338 edictis
677 1282 1158 1348 accnmulavisset,
1174 1297 1237 1337 ac
1253 1290 1537 1353 postquam
1555 1295 1648 1350 per
1673 1294 1846 1334 annos
1867 1277 2057 1332 decem

461 1373 609 1428 omni
635 1388 833 1445 genere
862 1372 1143 1428 hominum
1166 1368 1426 1428 ‘exhausit
1459 1370 1786 1442 provincias,
1817 1369 2060 1439 putrefa-

455 1475 546 1520 cto
578 1466 878 1521 introrsum
906 1475 1154 1535 pectore,
1181 1475 1236 1519 et
1267 1465 1526 1518 vitalibus
1575 1461 1876 1528 dissolutis,
1933 1475 2056 1515 cum

461 1556 600 1610 ultra
635 1556 919 1611 horrorem
952 1555 1204 1611 humana:
1229 1557 1465 1611 miserire
1495 1554 1658 1610 etiam
1686 1569 1903 1610 vermes
1929 1569 2056 1608 eru-

457 1658 656 1717 ctaret,
685 1649 727 1680 "
750 1647 1078 1720 mediciqne,
1109 1650 1248 1704 ultra
1269 1649 1381 1718 jam
1417 1651 1645 1704 fetorem
1669 1662 1775 1703 non
1800 1649 2056 1711 ferentes,

447 1742 645 1798 crebro
690 1742 852 1812 jussu
900 1741 1020 1812 ejus
1053 1741 1460 1808 occiderentur,
1512 1757 1540 1794 a
1571 1740 1803 1812 quodam
1839 1738 2054 1796 medico

2159 535 2454 590 stantinum
2513 534 2779 590 efferbuit.
2834 532 2938 587 Sed
2989 529 3377 586 ConStantinus
3455 529 3767 596 Licinium,

2159 628 2364 683 sororis
2414 645 2527 683 sua:
2576 629 2748 682 virum
2781 669 2796 696 ,
2842 627 2893 680 in
2949 625 3226 680 Pannonia
3290 625 3522 695 primum
3588 623 3716 678 vicit
3747 665 3764 689 ,

2161 719 2356 776 deinde
2386 720 2527 790 apud
2555 719 2770 776 Cibalas
2825 718 3128 789 oppressit,
3181 717 3545 786 universaque
3611 715 3766 770 Cra:-

2161 813 2243 868 cia
2293 813 2535 884 potitus,
2592 813 2857 868 Licinium
2918 811 3123 866 crebris
3190 809 3348 865 bellis
3390 817 3531 864 terra
3599 808 3768 862 mari-

2161 921 2268 977 que
2312 914 2688 977 assurgentem
2716 907 2755 937 ”
2786 914 2839 960 et
2868 918 3201 973 repressum,
3243 902 3464 957 tandem
3498 900 3564 956 ad
3596 900 3764 973 539

2162 997 2494 1054 deditionem
2543 995 2752 1067 coegit,
2799 995 2892 1051 sed
2947 995 3196 1051 llercnlei
3258 994 3619 1060 Maximiani,
3681 1008 3772 1048 soo

2164 1091 2275 1146 ceri
2317 1089 2443 1156 sui,
2506 1100 2688 1143 motus
2745 1089 3032 1157 exemplo,
3086 1102 3156 1142 ne
3209 1087 3406 1142 iterum
3460 1086 3767 1156 depositam

2164 1196 2458 1253 purpuram
2490 1182 2541 1235 in
2576 1179 2872 1250 perniciem
2902 1179 3218 1250 reipublicm
3241 1187 3528 1243 sumeret,
3586 1177 3767 1247 priva-

2165 1283 2274 1329 tum
2301 1273 2470 1343 jussit
2493 1272 2702 1338 occidi;
2727 1273 2770 1302 ²⁰
2800 1287 2946 1336 cum,
2969 1270 3348 1340 omnibusjam
3382 1268 3650 1325 ministris
3676 1285 3768 1325 ne-

2165 1367 2316 1422 faria:
2349 1365 2748 1437 persecutionis
2777 1363 3089 1432 exstinctis,
3119 1363 3512 1434 huncquoque,
3534 1363 3586 1418 in
3601 1379 3770 1433 quan-

2169 1470 2280 1515 tum
2313 1475 2576 1516 exserere
2607 1461 2814 1530 potuit,
2844 1468 3250 1530 persecutorem
3280 1501 3294 1526 ,
3347 1458 3508 1530 digna
3548 1459 3762 1528 punitio

2163 1553 2454 1624 ﬂagitaret.
2481 1551 2825 1607 Constantini
2859 1551 2976 1621 ﬁlii,
3001 1550 3224 1622 Crispus
3248 1560 3303 1606 et
3332 1550 3730 1606 Constantinus
3753 1593 3769 1619 ,

2163 1655 2218 1702 et
2246 1646 2488 1702 Licinius
2518 1646 2861 1711 adolescens,
2889 1645 3081 1700 Licinii
3124 1646 3348 1713 Augusti
3395 1644 3540 1699 filius
3565 1685 3580 1711 ,
3624 1644 3770 1700 Con-

2163 1743 2384 1797 stantini
2414 1751 2593 1797 autent
2621 1758 2686 1798 ex
2709 1757 2898 1797 sorore
2930 1755 3122 1812 nepos,
3142 1740 3392 1796 Caesares
3423 1741 3765 1796 suntcrcati.

453 1835 816 1890 constantiam
869 1850 935 1890 ex
989 1833 1369 1904 desperatione
1419 1843 1670 1889 sumente
1731 1833 2048 1902 increpitus,
2087 1832 2134 1892 B
2164 1835 2257 1890 llis
2287 1835 2481 1891 diebus
2513 1837 2553 1866 ²¹
2587 1835 2772 1900 Arius,
2806 1835 3194 1892 Alexandrina:
3222 1835 3372 1890 urbis
3402 1834 3712 1907 presbyter,
3738 1851 3767 1889 a

453 1927 589 1982 iram
616 1928 710 1983 Dei
738 1942 892 1982 suam
921 1942 1045 1983 esse
1074 1941 1284 1997 pmnam
1310 1937 1472 1997 atque
1501 1927 1624 1982 ideo
1652 1942 1679 1978 a
1701 1927 1926 1981 medicis
1948 1942 2055 1980 non

459 2035 622 2091 posse
649 2023 850 2084 curari,
879 2020 1070 2075 edictis
1103 2021 1208 2076 late
1238 2021 1443 2087 missis,
1469 2018 1811 2075 Christianos
1845 2018 1914 2074 de
1962 2034 2058 2073 ex-

457 2112 595 2170 siliis
619 2113 915 2168 revocavit.
950 2113 1069 2182 Ipse
1095 2120 1278 2167 autem
1319 2113 1596 2166 cruciatus
1623 2126 1730 2164 non
1759 2109 2055 2174 sustinens,

459 2206 569 2262 vim
600 2205 728 2262 vitae
750 2220 861 2260 suae
890 2205 1095 2259 attulit.
1131 2205 1172 2234 ¹³
1206 2203 1281 2257 lta
1313 2202 1619 2271 respublica
1651 2217 1794 2256 nunc
1822 2201 1922 2256 sub
1957 2217 2051 2255 no-

451 2301 535 2356 vis
576 2310 810 2372 quatuor
839 2298 1178 2369 principibus
1207 2295 1330 2363 fuit,
1362 2293 1724 2349 Constantino
1753 2302 1807 2350 et
1837 2293 2060 2349 Maxen-

462 2394 559 2462 tio,
595 2393 720 2449 liliis
751 2392 1144 2462 Augustorum,
1165 2389 1371 2444 Licinio
1398 2398 1578 2444 autem
1611 2387 2054 2455 eti‘illaximino,

453 2487 768 2542 hominibus
801 2486 976 2541 novis.
1012 2483 1403 2541 Constantinus
1434 2497 1621 2554 pacem
1647 2483 1907 2538 Ecclesiis
1934 2489 2060 2553 post

457 2579 646 2636 decem
676 2593 848 2634 annos
878 2593 1036 2649 quam
1070 2594 1098 2632 a
1133 2577 1576 2647 persecutoribus
1604 2576 2058 2640 vexabantur,in-

453 2672 864 2730 dulsit.Deinde
897 2672 1039 2727 inter
1057 2669 1474 2727 Constantinum
1503 2679 1556 2724 et
1584 2667 1916 2724 Maxentium
1945 2668 2058 2722 bel-

452 2767 565 2822 lum
596 2766 757 2823 civile
782 2767 822 2796 ¹⁷
848 2774 1100 2820 exortum
1132 2772 1237 2819 est.
1297 2763 1627 2828 Maxentius,
1675 2777 1819 2832 smpe
1870 2761 2058 2817 multis

449 2859 661 2930 praeliis
691 2859 734 2890 ³⁸
770 2857 1048 2928 fatigatus,
1073 2855 1264 2910 ultime
1303 2855 1370 2910 ad
1397 2865 1613 2925 pontem
1651 2854 1913 2909 Mulvium
1939 2855 2056 2909 vico

451 2963 539 3009 tus
591 2963 645 3010 et
685 2951 1007 3009 interfectus
1075 2959 1181 3006 est.
1223 2949 1580 3014 Maximinus,
1661 2950 2057 3020 persecutionis

447 3045 890 3102 Christianorum
922 3044 1173 3100 incentor
1204 3053 1611 3114 exsecutorque
1644 3041 2055 3112 infestissimus,

447 3139 593 3209 apud
641 3136 894 3203 Tarsum,
944 3135 1069 3190 dum
1115 3135 1284 3190 civile
1312 3135 1518 3190 bellum
1567 3145 1753 3191 contra
1788 3135 2054 3191 Licinium

2161 1928 2394 1983 veritate
2426 1927 2549 1982 lidei
2581 1926 2863 1982 catholicm
2903 1928 3161 1993 devians,
3204 1926 3485 1982 exitiabile
3511 1927 3767 1997 plurimis

2161 2020 2358 2091 dogma
2385 2021 2690 2074 constituit.
2726 2019 2829 2087 Qui
2854 2019 3014 2074 simul
3057 2029 3111 2074 ut
3143 2021 3378 2089 primum
3410 2019 3763 2076 Alexandrite

2119 2165 2128 2170 .
2164 2112 2246 2167 vel
2272 2122 2432 2166 notus
2464 2111 2548 2166 vel
2572 2119 2792 2165 notatus
2816 2110 2957 2166 inter
2986 2109 3243 2166 confusos
3273 2111 3434 2182 vulgo
3461 2121 3766 2166 sectatores

2163 2205 2627 2276 iusectatoresque
2650 2206 2693 2234 ¹²
2729 2203 2905 2258 factus
2942 2215 3060 2271 est,
3107 2204 3175 2260 ab
3228 2204 3540 2260 Alexandro
3566 2246 3581 2269 ,
3639 2213 3765 2259 tunc

2164 2297 2409 2367 ejusdem
2441 2297 2590 2352 urbis
2620 2297 2900 2368 episcopo,
2924 2299 3119 2367 pulsus
3139 2297 3383 2353 Ecclesia
3399 2308 3504 2353 est.
3521 2299 3767 2368 Cumque

2162 2388 2408 2445 homines
2438 2389 2484 2419 ’³
2513 2404 2650 2460 quos
2683 2389 2736 2442 in
2769 2403 3016 2444 errorem
3050 2387 3364 2456 seduxerat,
3395 2389 3561 2444 etiam
3595 2390 3651 2444 in
3681 2403 3768 2444 sc-

2161 2482 2425 2539 ditionem
2459 2485 2752 2548 excitaret,
2780 2482 2923 2552 apud
2957 2482 3216 2549 Nicmam,
3251 2485 3443 2540 urbem
3473 2483 3762 2556 Bithyniae,

2161 2585 2468 2633 conventus
2494 2586 2870 2632 trecentorum
2920 2583 2976 2630 et
3028 2575 3331 2631 octodecim
3373 2578 3758 2648 episcoporum

2163 2669 2338 2724 factus
2369 2675 2474 2735 est,
2506 2683 2603 2738 per
2632 2682 2769 2738 quos
2800 2667 3060 2722 Arianum
3093 2666 3288 2736 dogma
3324 2667 3371 2698 "‘
3401 2668 3683 2722 exitiabile
3707 2679 3764 2724 et

2163 2764 2425 2818 miserum
2454 2762 2864 2817 evidentissime
2891 2750 3296 2830 deprehensum
3326 2803 3339 2828 ,
3365 2761 3543 2833 palam
3577 2763 3761 2832 prodi-

2163 2865 2272 2910 tum
2306 2870 2369 2910 ac
2398 2853 2748 2924 reprobatum
2777 2862 2884 2908 est.
2910 2853 3015 2908 Sed
3042 2854 3183 2907 inter
3213 2853 3329 2908 haec
3360 2854 3530 2910 latent
3560 2869 3758 2922 causa‘,

2161 2966 2259 3006 cur
2279 2949 2549 3006 vindicem
2582 2949 2858 3019 gladium,
2891 2957 2946 3004 et
2973 2947 3306 3004 destinatam
3343 2950 3394 3005 in
3436 2951 3635 3019 impios
3674 2965 3762 3020 pn-

2161 3042 2449 3108 nitionem,
2481 3040 2877 3097 Constantinus
2908 3044 3204 3112 imperator
3231 3044 3394 3098 etiam
3426 3045 3476 3098 in
3507 3046 3757 3115 proprios

2160 3137 2268 3207 egit
2289 3135 2534 3191 affectus.
2552 3134 2946 3203 NamCrispum
2971 3134 3139 3190 tilium
3167 3152 3320 3192 suum
3333 3140 3446 3192 et”
3469 3137 3754 3206 Licinium,

446 3229 706 3302 disponit,
742 3227 969 3284 interiit.
1021 3228 1289 3297 Licinius,
1342 3229 1622 3299 repentina
1690 3229 1840 3286 rabie
1884 3230 2058 3286 susci-
2086 3212 2132 3278 C
2165 3231 2375 3286 sororis
2398 3229 2589 3298 (ilium,
2615 3229 3197 3287 interfecit.Pr:eterea
3227 3232 3424 3287 multas
3448 3233 3612 3307 5&0
3629 3250 3755 3306 gen-

451 3334 618 3393 tatus,
668 3337 859 3379 omnes
915 3320 1313 3377 Cbristianose
1359 3322 1557 3391 palatio
1620 3337 1718 3378 suo
1761 3323 1921 3394 jussit
1959 3343 2059 3382 ex-

2173 3334 2254 3382 tes
2281 3324 2510 3381 diversis
2547 3323 2748 3394 prteliis
2778 3323 3012 3394 subegit.
3045 3324 3092 3355 ²⁶
3122 3323 3321 3380 Urbem
3344 3327 3389 3358 ’⁷
3411 3327 3644 3383 nominis
3671 3330 3750 3384 sui

1730 3481 2178 3542 IIAVERCAMPI
2212 3483 2438 3541 NOTAE.

445 3639 452 3680 .‘
523 3634 611 3689 10.
648 3629 713 3686 1η
739 3631 976 3700 imperio.
1010 3623 1616 3700 Mannscripti_quidam
1649 3624 1830 3680 delent
1864 3627 1938 3700 in.

522 3707 612 3760 11.
643 3697 886 3775 Spoliare
907 3711 1140 3775 conatus.
1173 3698 1344 3775 Lugd.
1373 3697 1794 3775 Batt‘._quat.t_tor,
1823 3698 2050 3768 spoliare

453 3785 669 3832 conatus
687 3767 792 3840 'est,
820 3782 878 3828 et
896 3771 973 3827 sic
993 3785 1210 3841 quoque
1237 3769 1380 3841 Ultr.
1411 3767 1628 3841 etC-ull.
1661 3768 1834 3823 Gron.
1887 3779 2052 3838 atque

453 3847 580 3904 edd.
611 3839 860 3914 quredam
892 3839 1136 3908 veteres;
1172 3848 1228 3894 at
1253 3839 1422 3894 editio
1467 3840 1724 3909 August.,
1757 3841 2052 3908 exspoliare

458 3929 906 4044 mundanum...
937 3992 1107 4039 autent
1129 3999 1190 4037 ac
1211 3981 1538 4038 tumultibus.
1561 3979 1741 4035 Codex
1774 3981 2048 4047 Perizon.,

456 4059 731 4116 Convictus
746 4066 938 4120 autem,
960 4069 1103 4121 etc.;
1133 4055 1227 4109 sed
1261 4055 1312 4108 in
1346 4054 1560 4109 duobus
1590 4051 1762 4123 Lugd.
1796 4051 1939 4106 Batt.
1964 4070 2060 4106 au-

463 4141 566 4185 tem
592 4147 700 4185 non
734 4137 932 4183 exstat.

534 4204 623 4258 15.
660 4201 896 4254 Missam.
934 4197 1035 4252 Ed.
1072 4197 1230 4266 Aug.,
1269 4212 1496 4266 passam.

533 4274 622 4329 11.
655 4271 964 4340 Medicique,
992 4278 1098 4323 etc.
1132 4269 1225 4340 Sic
1253 4279 1403 4340 recte
1432 4267 1483 4321 in
1508 4266 1644 4340 edd.
1663 4270 1856 4333 prima,
1881 4267 2057 4322 Vene-

461 4346 532 4401 tis
563 4353 618 4400 et
642 4343 812 4398 Scotti
843 4338 1132 4411 legitur,et
1158 4339 1290 4395 nihil
1317 4340 1368 4392 in
1399 4338 1758 4411 sequentibus
1782 4340 2058 4411 invenitur

462 4432 572 4486 quo
592 4431 693 4470 vox
722 4409 1052 4484 neque,'qu:e
1076 4411 1320 4466 occurrit
1343 4411 1398 4464 in
1425 4409 1638 4465 Fabric.
1670 4422 1725 4466 et
1751 4409 1891 4473 aliis,
1931 4425 2054 4466 sese

467 4488 606 4544 tueri
640 4486 830 4556 possit.

541 4550 745 4613 1ὃ.Ἰι(ι
772 4571 908 4620 resp.
940 4562 1078 4606 tunc.
1115 4553 1207 4608 Sic
1269 4559 1631 4620 transponunt
1671 4565 1798 4605 mss.
1858 4550 2054 4606 Nescio

468 4627 742 4699 quomodo
773 4629 826 4682 in
850 4621 1188 4699 Fabricianis
1217 4631 1272 4699 et
1291 4623 1463 4699 Scott.
1495 4621 1621 4676 edd.
1646 4636 1744 4690 pro
1771 4631 1890 4676 tunc
1914 4624 2051 4679 tole-

468 4691 578 4758 rari
608 4699 844 4770 potuerit
871 4703 928 4770 et
944 4694 1115 4770 repeti
1139 4695 1361 4770 saepius,
1387 4691 1473 4770 Ita
1498 4709 1642 4770 _uunc
1671 4709 1808 4760 resp.

2160 3627 2294 3682 illud
2326 3626 2546 3698 quidem
2580 3625 2815 3692 damno,
2859 3626 3062 3683 dictum
3102 3629 3245 3684 enim
3290 3640 3374 3688 est
3423 3641 3482 3688 ut
3525 3647 3752 3688 exserere

2160 3700 2445 3769 principem
2479 3708 2534 3774 et
2561 3699 2780 3774 similia.
2801 3699 2922 3774 Fuit
2953 3701 3115 3770 igitur
3135 3712 3472 3770 persecutor,
3498 3716 3748 3774 quantum

2160 3785 2258 3844 per
2285 3785 2343 3825 se
2366 3769 2822 3844 pomitLicinius,
2851 3773 3064 3825 futurus
3085 3769 3282 3838 acrior,
3298 3775 3343 3828 si
3369 3769 3466 3844 per
3491 3769 3750 3831 Constan-

2163 3841 2334 3895 tinum
2366 3841 2631 3916 licuisset.
2668 3840 2854 3916 Itaque
2883 3844 3078 3916 merito
3126 3844 3306 3913 illum,
3342 3840 3434 3916 qni
3477 3848 3628 3902 solus
3655 3864 3744 3903 su-

2163 3920 2400 3982 pererat,
2425 3913 2608 3966 divina
2636 3913 2891 3967 manebat
2916 3913 3179 3969 vindicta.

2233 3984 2325 4038 21.
2360 3982 2537 4048 Arius,
2569 3982 2942 4047 Alexandrina:
2972 3985 3138 4040 urbis.
3193 3987 3264 4042 De
3292 3989 3422 4043 Ario
3446 3998 3500 4044 et
3527 3989 3752 4046 concilio

2159 4052 2364 4126 Niceno
2397 4062 2503 4109 tam
2537 4053 3037 4126 lllllllaJSCI‘ipIOI‘eS
3074 4057 3432 4114 ecclesiasuci
3457 4101 3472 4126 ,
3522 4072 3581 4116 ut
3625 4061 3748 4116 mihi

2161 4125 2449 4180 tacendum
2475 4133 2678 4193 putem.
2706 4124 2872 4179 Fann.

2231 4196 2323 4249 ‘22.
2349 4194 2667 4271 Factusest.
2702 4197 2811 4250 Dun
2837 4212 2902 4252 ex
2931 4213 3064 4254 mss.
3082 4198 3253 4271 Lugd.
3282 4199 3444 4269 Batt.,
3463 4217 3587 4259 cum
3611 4203 3744 4258 Coll.

2160 4265 2404 4323 Gronov.
2427 4309 2441 4331 ,
2466 4267 2727 4334 objiciunt
2755 4277 2850 4322 est.

2229 4339 2319 4392 2.“).
2356 4338 2495 4407 Quos
2520 4338 3330 4416 in_errorem_sedu.rerat.7Mss.
3384 4343 3554 4416 Lugd.
3609 4345 3746 4399 Ball.

2159 4419 2392 4487 quatuor
2421 4425 2542 4487 cum
2573 4409 2822 4465 Perizon.
2857 4411 2995 4487 Ultr.
3023 4424 3074 4467 et
3097 4413 3234 4469 Coll.
3255 4409 3751 4487 Gronov:,cumque

2160 4480 2390 4535 homines
2415 4482 2468 4534 in
2489 4479 2592 4534 hoc
2618 4497 2788 4535 errore
2814 4484 3046 4538 seductos
3063 4524 3077 4547 ,
3103 4495 3212 4540 etc.

2230 4551 2320 4606 21.
2346 4550 2628 4628 Eritiabile
2657 4560 2704 4606 et
2736 4553 3252 4628 nti-serumzAddunt
3275 4573 3382 4612 esse
3404 4557 3576 4628 Lugd.
3609 4558 3742 4613 Balt.

2161 4633 2414 4747 uli‘t'tatnor,
2447 4623 2721 4692 Perizon.,
2749 4623 2887 4680 Ultr.
2920 4634 2975 4680 et
3001 4625 3140 4681 Coll.
3165 4627 3410 4684 Gronov.
3437 4623 3748 4700 et'uterque

2227 4705 2532 4747 orenttnus.

2227 4705 2532 4749 orentmus.

547 4762 638 4828 16’.
685 4762 1020 4838 Maximino.—
1050 4762 1271 4838 Verutn
1307 4762 1516 4838 homini
1543 4774 1738 4818 nomen
1767 4764 2060 4821 restituunt
2086 4771 2142 4832 Ι)
2174 4837 2179 4838 ί
2235 4765 2325 4819 25.
2353 4765 2630 4831 Licinium,
2663 4768 2854 4820 sororis
2889 4767 3077 4836 lilium.
3126 4767 3322 4826 Nescio
3372 4772 3516 4826 unde
3563 4772 3742 4838 putida

472 4857 607 4900 mss.
635 4841 818 4910 Inepte
850 4840 901 4892 iu
925 4837 1067 4907 vnlg.
1081 4835 1467 4910 [Matr-iuriam.

549 4915 634 4969 17.
673 4907 926 4968 Exortum
951 4919 1045 4963 est.
1081 4907 1180 4962 Ed.
1212 4911 1347 4977 Aug.
1374 4915 1548 4959 ortum
1571 4915 1660 4962 est.

547 4985 638 5040 18.
676 4979 971 5054 Fatigatus.
1005 4975 1631 5054 ΙλιιεᾴηΒειιῙηίιιιθιυοΓ,
1665 4975 1804 5034 Ultr.
1837 4986 1894 5034 et
1917 4976 2056 5035 Coll.

478 5057 744 5118 Gronov..
774 5049 1038 5125 agitatus;
1064 5049 1152 5125 ed_.
1174 5049 1316 5125 Aug.
1345 5050 1576 5120 fugatus.
1810 5079 1816 5085 -

549 5128 636 5184 19.
669 5125 736 5180 Et
766 5119 1074 5196 repressum.
1101 5119 1210 5177 Ed.
1251 5119 1414 5196 ἔπιε..
1445 5129 1495 5174 et
1520 5136 1844 5196 oppressum.

545 5200 639 5254 9.0.
670 5191 835 5261 Cum,
854 5193 1110 5257 omnibus,
1133 5201 1241 5247 etc.
1271 5191 1603 5261 Depravatus
1637 5191 1687 5244 iu
1719 5191 1844 5246 edd.
1876 5192 1962 5247 hic
1991 5193 2063 5247 lo-

472 5285 569 5328 cus
597 5273 671 5324 ita
700 5270 799 5324 fuit
827 5285 838 5319 :
873 5265 1115 5333 Quamvis
1141 5263 1376 5317 omnibus
1395 5264 1513 5332 jam
1553 5262 1802 5316 ministris
1844 5265 2061 5332 nefaria:

470 5339 839 5408 persecutionis
864 5336 1148 5396 exstinctis.
1179 5334 1313 5388 hunc
1341 5350 1540 5408 quoque
1567 5334 1620 5386 in
1639 5343 2062 5408 quantumexer-

469 5405 584 5485 igere
615 5412 781 5485 potuit
823 5408 1268 5485 persecutionem,
1329 5406 1484 5485 digna
1535 5405 1736 5485 punitio
1776 5405 2056 5485 ﬂagitaret,

472 5471 656 5540 Primo
679 5471 857 5536 autem
883 5480 1098 5547 reposui
1128 5493 1244 5529 cum
1266 5492 1332 5530 ex
1364 5471 1490 5532 edd.
1515 5471 1754 5547 omnium
1776 5471 2055 5547 principe,

475 5555 652 5610 Paris.
681 5562 736 5608 et
763 5545 1018 5614 Venetis;
1051 5549 1196 5612 dein,
1230 5548 1553 5601 auctoritate
1588 5546 1754 5603 codd.
1784 5545 2053 5603 Florentt.

469 5629 724 5690 duorum,
757 5633 918 5690 atque
949 5621 1224 5682 Perizon.,
1256 5627 1403 5690 utet
1443 5617 1568 5690 edd.
1609 5621 1835 5690 August.
1871 5625 1926 5672 et
1953 5618 2054 5672 alia

468 5687 718 5752 omnium
742 5687 935 5764 prima,
969 5705 1070 5764 pro
1094 5688 1496 5764 persecutionem
1527 5687 1624 5742 feci
1655 5699 2051 5764 persecutorem.

467 5765 573 5821 Pro
602 5759 838 5820 exercere
864 5766 916 5817 in
943 5759 1263 5830 quibusdam
1293 5773 1421 5812 mss.
1454 5775 1687 5830 exserere
1712 5759 1815 5829 legi
1853 5759 2054 5828 margi-

466 5835 621 5894 nales
651 5845 791 5891 notac
815 5835 868 5890 in
900 5828 1034 5888 Hitt.
1056 5841 1112 5888 et
1143 5829 1426 5900 Bolsuing.
1463 5828 1592 5885 cdd.
1635 5828 1924 5886 testantur.
1974 5829 2053 5889 Nc

2170 4837 2546 4912 lectiogcoutra
2567 4853 2757 4912 carnes
2786 4855 2916 4894 mss.
2937 4849 2998 4912 et
3023 4839 3146 4912 edd.
3179 4841 3462 4912 irrepserit
3487 4843 3538 4896 in
3562 4837 3746 4897 Fabri-

2165 4908 2230 4983 cii
2255 4917 2311 4962 et
2333 4909 2504 4983 Scott.
2535 4907 2826 4983 editiones,
2852 4919 2904 4983 _et
2927 4908 3186 4983 Licinium
3217 4907 3416 4980 ﬁlium.
3462 4916 3653 4968 sororis
3683 4915 3746 4983 ﬁ-

2165 4978 2314 5055 liuni,
2337 4980 2610 5055 interfecit:
2646 4979 2810 5055 Quasi
2833 4980 2899 5036 de
2919 4990 3068 5050 patre
3088 4978 3300 5039 Licinio
3325 5026 3340 5050 ,
3367 4987 3478 5055 jam
3509 4996 3638 5042 ante
3667 4978 3749 5039 in-

2167 5050 2415 5122 terfecto,
2446 5050 2644 5122 aliquis
2674 5053 2912 5120 cogitare
2937 5060 3139 5122 posset.

2233 5120 2324 5176 26.
2362 5119 2551 5198 Urbem
2585 5119 2790 5198 nomine
2822 5119 2951 5198 suo.’
2978 5121 3486 5198 Constantinopolim
3538 5128 3735 5183 intelli-

2165 5193 2262 5262 git.
2287 5207 2408 5263 qnaf
2439 5194 2588 5260 prius
2620 5191 2933 5263 Byzantium
2961 5205 3096 5249 erat.
3126 5194 3293 5253 P‘ann.

2235 5261 2328 5317 27.
2355 5261 2598 5335 Nominis
2619 5261 2720 5317 sui.
2753 5264 2933 5319 Placet
2956 5265 3070 5320 haec
3098 5265 3258 5324 lectio
3285 5283 3418 5324 mss.
3461 5270 3702 5324 omnium
3727 5311 3742 5335 ,

2167 5342 2225 5411 nt
2244 5345 2297 5389 et
2316 5334 2406 5390 ed.
2431 5333 2685 5411 August,
2714 5349 2826 5411 pra:
2853 5336 2954 5411 alia
2982 5352 3103 5411 qua:
3133 5337 3184 5392 in
3215 5341 3644 5411 reliquis'vnlgg.
3668 5333 3741 5397 le-Q

2164 5405 2326 5474 gitur,
2374 5407 2581 5459 nomine
2619 5421 2734 5459 suo.
2776 5406 2842 5460 Et
2894 5405 3020 5462 hinc
3070 5405 3348 5465 innumeri
3399 5405 3746 5466 inveniuntur

2167 5479 2367 5530 nummi
2396 5492 2462 5530 ex
2491 5479 2638 5530 omni
2673 5477 2911 5542 modulo,
2946 5479 3038 5546 qui
3065 5480 3342 5534 conditam
3396 5497 3426 5536 a
3477 5482 3745 5538 Constan-

2165 5549 2281 5624 tino
2311 5547 2502 5624 illagno
2524 5547 3054 5624 ConstantinOpglim
3088 5551 3385 5624 celebrant.
3431 5554 3494 5608 Et
3535 5554 3588 5608 hi
3619 5555 3742 5624 qui-

2165 5619 2287 5673 dem
2317 5619 2516 5686 passim
2550 5629 2870 5677 occurrunt.
2915 5619 3273 5677 Barissimum
3321 5635 3504 5680 autem
3543 5639 3613 5680 ex
3638 5619 3745 5679 'ar-

2163 5698 2326 5763 gento
2353 5704 2487 5763 puro
2505 5699 2596 5763 est
2624 5689 2964 5763 Constantini
2992 5692 3192 5762 Magni,
3247 5695 3467 5750 maximi
3502 5696 3704 5752 moduli
3730 5739 3745 5763 ,

2161 5762 2304 5830 quod
2328 5760 2618 5834 possideo,
2658 5761 2929 5815 numisma
2957 5805 2972 5828 ,
3026 5760 3420 5834 cum.propter
3471 5760 3757 5828 insolitam.

2162 5831 2608 5904 magnitudinem,
2633 5841 2744 5890 tum
2779 5841 3007 5904 propter
3029 5831 3478 5904 superbissimam
3509 5840 3745 5912 inscrip—
3807 5851 3814 5856 ‘
