4166 6178
1321 166 2447 177 mm

281 194 1316 492 EXVIUS
1413 201 2299 491 LUCIUS
2423 211 3573 564 DEXTEn:

678 702 1218 781 EPISTOLA
1294 698 2053 774 DEDICATORIA
2124 699 2552 776 BIVARII
2622 702 3157 786 EDITORIS.

1149 587 2737 631 —————-—-=====——-————

281 928 638 987 lllustrissimo
659 946 723 986 ac
752 928 1198 1011 Reverendissimo
1228 925 1449 985 Domino
1472 923 1542 982 D.
1576 925 1807 982 Cabrieli
1826 927 1891 982 de
1916 925 2070 982 Treio
2098 924 2162 983 S.
2191 924 2260 981 R.
2296 922 2364 984 E.
2392 923 2661 984 Cardinali
2682 930 3008 1001 amplissimo
3035 932 3135 989 Fr.
3168 932 3484 993 Franciscus
3512 936 3579 994 de

1347 1017 1505 1075 Bivar
1528 1019 1592 1076 S.
1619 1018 1881 1074 Bernardi
1910 1015 2238 1073 Procurator
2263 1016 2329 1075 S.
2357 1026 2405 1074 et
2426 1016 2496 1073 F.

359 1136 568 1210 Magnis
593 1153 783 1211 magna
810 1134 1063 1194 donanda
1086 1151 1195 1193 esse
1217 1149 1463 1205 munera,
1495 1148 1623 1207 quos
1653 1132 1897 1189 nimirum
1929 1133 2132 1188 minora
2162 1148 2263 1189 non
2292 1133 2536 1203 deceant;
2563 1134 2706 1211 apud
2736 1152 2913 1194 omnes
2938 1140 2992 1194 in
3018 1149 3282 1211 comperto
3310 1150 3429 1199 est:
3452 1158 3574 1198 nam

278 1247 374 1305 quo
401 1235 574 1306 major
602 1232 715 1304 quis
740 1242 849 1301 est,
876 1233 932 1288 in
958 1230 1284 1288 eminentiori
1323 1230 1438 1285 loco
1476 1229 1678 1301 positus
1719 1226 1784 1282 de.
1820 1227 2047 1282 minimis
2088 1227 2261 1283 minus
2286 1238 2455 1284 curat.
2497 1228 2604 1285 Ceu
2645 1232 2736 1303 qui
2765 1232 2818 1286 in
2858 1241 3051 1288 terram
3085 1235 3151 1290 ab
3186 1236 3295 1292 alta
3323 1238 3576 1310 praspicit

279 1333 413 1381 turre
434 1371 450 1396 ,
475 1326 731 1397 inferiora
770 1325 1023 1397 despiciat
1058 1340 1319 1380 necessum
1345 1331 1420 1378 est
1453 1337 1472 1377 :
1501 1330 1677 1394 utpote
1695 1336 1813 1393 quae
1840 1320 2131 1376 discernere
2160 1337 2288 1393 pene
2326 1331 2563 1394 nequeat.
2600 1323 2715 1378 Tibi
2738 1341 2890 1397 ergo,
2919 1328 3250 1399 Amplissime
3276 1329 3532 1405 Princeps
3552 1373 3569 1400 ,

279 1419 368 1491 qui
398 1420 468 1475 ad
505 1421 763 1476 excelsum
793 1421 907 1477 αι’ιὶ
946 1420 1213 1476 cardinem
1250 1417 1426 1483 sedes,
1464 1417 1630 1472 altera
1660 1431 1733 1477 ex
1775 1415 2073 1472 motricibus
2115 1415 2470 1488 intelligentiis
2504 1420 2669 1487 facto,
2710 1434 2932 1488 quarum
2973 1429 3103 1476 nutu
3138 1423 3406 1479 universus
3435 1425 3576 1481 orbis

274 1509 604 1568 Christianus
633 1513 1033 1586 circumquaque
1072 1514 1298 1585 regitur,
1340 1525 1668 1582 nequaquam
1699 1508 2070 1562 munusculum
2102 1516 2209 1560 tam
2249 1508 2497 1577 exiguum
2533 1509 2831 1564 donandum
2863 1513 3066 1582 fuerat,
3099 1515 3254 1585 quale
3280 1515 3578 1574 Chronicon

275 1607 532 1678 ejusmodi
552 1609 730 1665 multis
750 1609 1021 1665 videbitur.
1048 1607 1300 1663 Caeterum
1319 1607 1364 1660 si
1388 1621 1469 1659 res
1495 1619 1598 1657 non
1618 1600 2000 1672 magnitudine,
2033 1599 2125 1654 sed
2149 1599 2314 1669 pretio
2340 1600 2661 1656 cestimanda:
2682 1612 2832 1672 sunt,
2864 1621 3148 1676 numquam
3178 1608 3375 1663 adduci
3400 1619 3577 1682 potero

271 1706 324 1752 ut
351 1701 525 1770 fatear
551 1699 847 1757 Chronicon
880 1701 1060 1756 Dextri
1094 1699 1240 1768 parvi
1277 1696 1569 1750 habendum
1609 1708 1718 1749 esse
1739 1736 1754 1761 ,
1787 1692 1930 1764 quod
1951 1691 2211 1747 volumine
2235 1692 2482 1764 exiguum
2515 1693 2667 1748 valde
2697 1694 2799 1760 sit,
2833 1697 3254 1787 quandoquidem
3288 1702 3358 1754 ad
3376 1703 3579 1773 justam

269 1792 515 1850 libratum
543 1805 790 1851 stateram
829 1796 1058 1866 pondere
1094 1810 1191 1849 suo
1222 1792 1486 1864 multaque
1514 1789 1747 1862 ingentia
1786 1787 2050 1842 volumina
2086 1793 2335 1858 superat,
2381 1801 2497 1856 qua:
2524 1785 2589 1842 de
2614 1802 2672 1842 re
2705 1786 2958 1846 hactenus
2997 1785 3343 1849 ecclesiastica
3374 1796 3575 1867 scripta

267 1895 413 1942 sunt.
444 1886 641 1943 Nescio
665 1904 733 1943 an
758 1889 1096 1961 margaritum
1117 1887 1375 1962 egregium
1392 1926 1409 1950 ,
1434 1886 1559 1939 unio
1579 1926 1595 1951 ,
1624 1900 1711 1939 seu
1734 1883 1951 1937 adamas
1969 1882 2093 1954 jure
2116 1881 2293 1936 vocari
2321 1888 2509 1953 queat,
2547 1881 2822 1955 plusquam
2855 1885 3022 1940 codex
3036 1904 3055 1953 ;
3079 1886 3181 1942 nisi
3202 1890 3319 1960 quis
3342 1888 3577 1945 libellum

273 1990 495 2031 aureum
519 1986 811 2046 nuncupet,
847 1979 1120 2052 peregrina
1157 1977 1351 2049 ingenii
1378 1984 1490 2030 arte
1524 1973 1864 2046 elaboratum.
1894 1974 2022 2042 Quae
2058 1989 2279 2042 namque
2309 1972 2646 2029 historiarum
2687 1986 2790 2031 tam
2818 1978 3098 2034 recondita:
3128 1980 3323 2037 divitiae
3355 2000 3575 2054 usquam

267 2068 440 2140 fuere,
468 2084 588 2142 qua
613 2087 647 2125 a
674 2068 869 2127 Dextro
896 2071 1260 2142 praetermissa:
1283 2070 1424 2125 sint?
1451 2067 1808 2123 Romanorum
1840 2066 2148 2139 pontiﬁcum
2174 2066 2528 2121 successiones
2549 2108 2565 2133 ,
2604 2068 2977 2140 imperatorum
3004 2072 3270 2143 facinora,
3308 2077 3574 2148 exstirpa-

280 2160 442 2216 tiones
470 2160 757 2229 Itwresum,
783 2163 1122 2218 conciliorum
1153 2170 1340 2217 exacta
1369 2158 1651 2226 discussio,
1689 2156 1974 2213 Doctorum
2004 2157 2237 2229 scripta,
2278 2157 2563 2213 eversiones
2596 2175 2875 2233 regnorum
2898 2203 2914 2227 ,
2944 2164 3371 2223 monarchiarum
3400 2177 3573 2225 trans.

273 2251 584 2306 mutationes
603 2292 620 2318 ,
649 2268 765 2323 qua:
792 2268 825 2306 a
852 2262 973 2307 nato
998 2250 1226 2308 Domino
1261 2252 1329 2307 ad
1382 2259 1598 2307 mortem
1639 2268 1798 2323 usque
1832 2252 2062 2307 auctoris
2102 2261 2209 2307 toto
2242 2252 2363 2307 orbe
2400 2253 2648 2326 fuerunt,
2678 2262 2794 2309 tam
2823 2253 3088 2311 luculento
3115 2275 3271 2329 quant
3300 2262 3563 2318 succincta

272 2340 409 2412 stylo
432 2341 814 2415 complectitur.
846 2341 1049 2397 Parum
1077 2341 1182 2397 hoc
1208 2359 1229 2399 :
1260 2343 1400 2399 orbis
1428 2343 1594 2415 ipsius
1635 2341 1979 2415 apostolicam
2020 2343 2327 2399 divisionem
2346 2385 2362 2411 ,
2394 2346 2835 2418 peragrationem,
2868 2351 3322 2421 prcedicationem,
3359 2371 3572 2413 conver-

267 2436 504 2502 sionem,
551 2437 972 2507 patriarcharum
1028 2445 1182 2510 atque
1214 2436 1588 2511 episcopalium
1638 2438 1841 2493 sedium
1888 2434 2108 2505 miram,
2154 2440 2455 2511 variamque
2499 2440 2891 2511 fundationem,
2946 2455 3237 2516 martyrum
3284 2448 3564 2518 victorias,

265 2528 632 2599 confessorum
654 2528 941 2601 triumphos
959 2573 974 2599 ,
1003 2540 1049 2586 et
1071 2531 1128 2586 id
1154 2548 1316 2603 genus
1338 2532 1447 2587 alia
1469 2532 1582 2588 sine
1612 2544 1854 2599 numero,
1884 2547 1990 2586 una
2012 2547 2139 2602 pene
2166 2532 2358 2604 pagina
2387 2533 2636 2605 penicillo
2666 2534 2762 2589 levi
2787 2535 3042 2609 depingit.
3076 2539 3230 2607 Quod
3248 2541 3319 2596 ad
3343 2545 3569 2614 patriam

271 2634 430 2675 suam
454 2618 816 2675 illustrandum
856 2631 1052 2693 spectat
1081 2624 1371 2697 (Hispania
1398 2625 1510 2681 haec
1545 2623 1702 2697 fuit),
1732 2626 1912 2681 erectis
1938 2640 2029 2695 per
2058 2626 2299 2699 singulas
2332 2627 2564 2684 civitates
2587 2638 2907 2701 martyrum,
2942 2641 2992 2687 et
3022 2634 3308 2691 illustrium
3333 2638 3564 2694 virorum

258 2713 475 2783 troptzis
493 2752 509 2776 ,
541 2713 703 2769 multo
726 2731 883 2786 quam
912 2718 1083 2772 cteteri
1113 2719 1452 2791 locupletius,
1483 2718 1717 2774 reddidit
1744 2720 2105 2774 illustriorem.
2133 2720 2250 2786 Qua
2270 2719 2325 2775 in
2344 2736 2401 2775 re
2427 2721 2527 2776 soli
2555 2738 2684 2791 pene
2711 2714 2904 2780 Deutro
2935 2727 3080 2782 debet
3111 2726 3395 2800 Hispania,
3423 2735 3566 2805 quod

266 2802 367 2859 sibi
407 2807 599 2860 multos
634 2807 898 2881 egregios,
936 2811 1387 2882 sanctissimosque
1426 2811 1551 2877 ﬁdei
1595 2827 1703 2866 suae
1730 2820 1968 2884 parentes
2014 2812 2321 2880 vindicavit,
2361 2828 2491 2885 quos
2526 2812 2799 2870 oblivionis
2842 2833 3028 2885 parens
3056 2826 3255 2891 tempus
3294 2823 3359 2877 ab
3387 2802 3558 2896 ipsius

266 2911 468 2954 corona
491 2897 783 2967 reciderat,
813 2919 1003 2976 magna
1033 2921 1149 2959 cum
1177 2906 1388 2960 honoris
1415 2905 1531 2976 ejus
1561 2908 1793 2978 jactura.
1819 2903 2038 2960 Minime
2067 2905 2226 2977 igitur
2247 2905 2393 2975 parvi
2418 2906 2566 2975 pretii
2598 2906 2911 2963 credendum
2933 2919 3006 2964 est
3033 2913 3294 2983 ejusmodi
3313 2914 3507 2969 donum
3540 2930 3561 2969 :

269 2997 321 3045 et
353 3006 417 3047 ea
443 3000 656 3065 propter
687 2992 1068 3066 Hagnitudinis
1096 3006 1199 3054 tute
1225 3014 1329 3053 non
1371 2998 1665 3071 indignum.
1696 2995 1809 3069 Ego
1846 3006 1894 3052 et
1929 2997 2154 3051 debitum
2190 3006 2346 3067 puto,
2391 3014 2508 3053 cum
2548 3000 2849 3055 meritorum
2891 3002 3203 3075 exigentiam
3251 3022 3344 3062 seu
3380 3024 3567 3064 conso-

257 3088 505 3144 nantium
526 3088 769 3145 discutio.
793 3089 1007 3145 Clarum
1028 3090 1281 3162 siquidem
1305 3090 1447 3162 apud
1471 3090 1753 3155 smculum,
1784 3098 1839 3146 ct
1863 3087 2063 3145 Christi
2090 3089 2211 3145 ﬁdei
2236 3090 2476 3147 deditum
2502 3090 2858 3165 Hieronymus
2884 3098 3082 3151 vocavit
3110 3108 3372 3155 auctorem
3400 3101 3565 3167 hunc,

251 3184 434 3249 utpote
456 3180 552 3251 qui
571 3180 824 3252 sanguine
838 3181 1056 3248 nobilis,
1085 3182 1240 3236 claris
1261 3198 1466 3254 quoque
1488 3184 1809 3254 prcefectura:
1831 3182 2159 3251 praetoriana:
2184 3181 2575 3251 functionibus,
2604 3200 2665 3237 ac
2684 3185 2910 3255 propriis
2939 3187 3257 3256 facinoribus
3290 3192 3509 3247 eluxcrit
3538 3208 3559 3248 :

256 3268 478 3344 insuper
530 3272 763 3345 inclytus
798 3274 922 3345 ﬁdei
969 3273 1284 3329 Christiana:
1331 3282 1722 3347 propugnator,
1750 3282 1799 3327 et
1840 3274 2033 3345 scripto
2072 3280 2123 3327 et
2151 3287 2305 3343 opere
2344 3270 2581 3340 effectus.
2616 3271 2688 3329 Te
2718 3290 2836 3331 vero
2881 3277 3026 3348 apud
3064 3280 3315 3335 saeculum
3356 3282 3556 3340 clarum

248 3364 423 3419 sciunt
454 3381 661 3435 omnes,
700 3367 804 3422 sive
839 3367 1123 3422 natissima:
1161 3365 1450 3422 nobilitatis
1475 3364 1801 3440 progeniem,
1844 3364 1947 3419 sive
1988 3364 2425 3436 archiepiscopale
2468 3363 2610 3435 apud
2648 3364 3009 3423 Salmantinos
3055 3370 3367 3443 collegium,
3399 3376 3553 3447 cujus

248 3455 504 3513 alumnus
534 3458 713 3528 fuisti,
734 3460 840 3514 sive
868 3458 1130 3530 publicum
1163 3457 1483 3533 Vesperarite
1503 3458 1763 3513 cathedrte
1783 3464 2097 3511 rectoratum
2118 3456 2558 3529 jurisprudentite
2574 3456 2629 3511 in
2658 3457 2853 3531 inclyta
2878 3459 2977 3515 illa
2995 3463 3261 3519 academia
3289 3464 3519 3537 gloriose
3540 3512 3557 3538 ,

241 3563 327 3605 me
383 3551 625 3619 vidente,
660 3551 952 3621 obtentum,
978 3551 1041 3608 ob
1080 3552 1256 3608 oculos
1295 3555 1481 3625 feram.
1527 3550 1661 3607 Inde
1698 3550 1903 3606 deditus
1938 3540 2148 3603 Christi
2167 3548 2328 3620 ﬁdei,
2360 3548 2665 3603 militarium
2701 3550 3011 3623 religionum
3052 3553 3186 3608 alter
3230 3571 3259 3611 e
3295 3558 3559 3629 regalibus

238 3642 450 3713 iudex,
485 3646 542 3699 in
569 3643 688 3699 albo
712 3644 901 3700 nobilis
927 3645 1224 3700 Alcantara:
1249 3646 1476 3717 equitum
1505 3645 1758 3717 ascriptus
1788 3659 1871 3711 es,
1903 3651 1954 3698 et
1979 3642 2103 3713 ﬁdei
2122 3642 2349 3715 supremi
2375 3640 2648 3696 tribunalis
2680 3648 2787 3697 tota
2815 3641 3082 3717 Hispania
3102 3663 3283 3702 censor
3309 3648 3500 3706 electus
3532 3667 3555 3707 :

236 3748 305 3788 ac
343 3737 562 3792 tandem
604 3737 673 3792 ad
701 3736 947 3793 altissimi
972 3738 1203 3793 cardinis
1246 3739 1467 3810 gloriam
1507 3738 1701 3791 meritis
1745 3733 2070 3808 exigentibus
2105 3733 2433 3801 sublevatus;
2467 3734 2603 3788 unde
2641 3742 2689 3788 et
2717 3734 2901 3802 verbo,
2933 3746 2984 3791 et
3020 3739 3216 3810 scripto
3243 3750 3381 3796 totus
3428 3744 3557 3812 ﬁdei

234 3825 482 3892 deditus,
506 3826 826 3895 Ecclesium,
850 3845 1185 3900 propugnare
1213 3829 1415 3893 dicam,
1446 3845 1513 3882 an
1538 3825 1804 3880 illustrare
1827 3825 1852 3879 ?
1876 3833 2153 3893 utrumque
2175 3838 2385 3892 prorsus
2413 3823 2605 3893 efﬁcere
2625 3838 2730 3877 non
2758 3839 2948 3880 cessas.
2972 3822 3197 3881 Debetur
3218 3828 3310 3883 tibi
3338 3830 3557 3900 proinde

254 3917 446 3975 Dextri
475 3921 770 3977 Chronicon
798 3933 1020 3996 utroque
1047 3923 1237 3991 titulo;
1265 3931 1315 3978 et
1341 3921 1481 3994 quod
1520 3919 1762 3992 Hispano
1804 3916 2105 3991 Hispanus,
2137 3927 2186 3972 et
2229 3916 2378 3972 docto
2423 3915 2605 3971 doctus
2641 3916 2917 3974 donandus
2944 3931 3092 3988 erat;
3122 3930 3169 3976 et
3210 3922 3481 3982 thesaurus
3506 3928 3558 3982 ei

231 4012 374 4078 Soli,
399 4014 494 4084 qui
520 4013 748 4070 valorem
776 4030 868 4086 pro
892 4016 1092 4070 meritis
1120 4016 1380 4071 testimare
1409 4012 1615 4069 valebit.
1643 4010 1712 4067 Et
1747 4014 1875 4083 jure
1898 4009 1954 4064 id
1979 4009 2078 4065 sibi
2102 4009 2293 4065 Dexter
2320 4008 2651 4077 vindicabat,
2684 4011 2775 4077 qui
2786 4011 2905 4083 jam
2932 4011 3056 4068 olim
3087 4014 3149 4071 S.
3177 4014 3247 4070 R.
3275 4014 3345 4072 E.
3378 4020 3552 4075 cardi—

234 4102 352 4157 nali
394 4106 699 4177 presbytero
731 4122 857 4178 opus
900 4108 1218 4162 consecravit
1261 4121 1444 4170 suum,
1490 4104 1547 4159 id
1576 4112 1683 4169 est,
1715 4101 2058 4173 Hieronymo.
2099 4098 2235 4154 Mihi
2274 4115 2391 4154 vero
2432 4099 2557 4154 dum
2597 4100 2769 4170 ipsum
2815 4099 3213 4159 Commentariis
3253 4122 3398 4163 nova:
3440 4107 3550 4165 luci

228 4194 538 4263 redditum,
568 4196 663 4251 tibi
690 4196 752 4253 S.
777 4196 845 4253 R.
872 4196 940 4252 Ε.
977 4198 1168 4268 pariter
1194 4197 1454 4252 cardinali
1481 4196 1773 4266 presbytero
1801 4194 1985 4248 iterum
2013 4207 2256 4247 consecro
2275 4234 2291 4260 ,
2317 4191 2455 4245 illud
2480 4193 2841 4248 verecundiam
2875 4195 3060 4267 ingerit
3089 4214 3365 4272 magnam,
3407 4203 3546 4271 quod

228 4286 296 4339 ab
316 4299 545 4359 utroque
573 4289 727 4359 longo
751 4288 1024 4344 intervallo
1044 4304 1123 4343 me
1140 4288 1332 4343 distare
1360 4286 1675 4357 conspiciant
1698 4300 1719 4341 :
1738 4293 1784 4339 et
1808 4285 1922 4339 ideo
1943 4286 2110 4339 minus
2134 4292 2311 4357 aptum
2336 4327 2350 4351 ,
2379 4292 2436 4337 ut
2465 4282 2713 4339 Dextrum
2736 4286 2900 4341 virum
2922 4304 3166 4361 magnum
3187 4289 3547 4363 Magnitudini

226 4380 333 4430 tum
360 4379 690 4449 conjungam
718 4392 737 4431 :
764 4390 1039 4447 vereorque
1070 4395 1134 4433 ne
1164 4394 1350 4432 munus
1380 4377 1551 4431 minus
1581 4384 1789 4446 gratum
1826 4376 1923 4443 sit,
1962 4373 2102 4447 quod
2131 4375 2195 4428 ab
2242 4373 2459 4445 indigno
2500 4373 2749 4429 oblatum.
2791 4375 3024 4434 Praebuit
3069 4380 3409 4440 nihilominus
3450 4394 3545 4443 tua

230 4465 533 4539 benignitas
568 4484 787 4536 ausum;
828 4484 922 4523 nec
952 4469 1009 4522 id
1034 4470 1331 4536 insolitum,
1363 4486 1477 4525 cum
1516 4477 1705 4523 natura
1743 4469 1857 4541 ipsa
1886 4484 2076 4541 magna
2112 4482 2332 4537 corpora
2366 4467 2644 4522 insectibili
2678 4471 2965 4535 quantitate
3000 4477 3313 4546 conjungat,
3356 4476 3412 4530 id
3438 4489 3537 4550 est,

223 4557 549 4615 indivisibili
576 4559 853 4629 superﬁcie
880 4575 898 4613 ε
928 4560 1132 4632 qualem
1162 4577 1254 4632 ego
1292 4561 1500 4632 judico,
1522 4559 1945 4629 qualemcumque
1982 4559 2038 4613 in
2065 4557 2376 4613 elucidando
2406 4558 2599 4614 Dextro
2627 4558 2858 4616 laborem
2891 4564 3184 4637 insumpsi;
3209 4583 3360 4637 quem
3400 4586 3541 4625 nunc

222 4647 319 4702 sub
368 4648 567 4705 Dextri
590 4648 754 4720 ipsius
781 4647 963 4703 umbra
989 4649 1079 4704 tibi
1104 4647 1298 4717 oﬂ'ero,
1320 4651 1408 4720 qui
1453 4652 1604 4721 quasi
1633 4650 1984 4720 defensorem,
2016 4657 2063 4703 et
2093 4656 2429 4717 protectorem
2476 4650 2524 4702 ei
2562 4666 2829 4718 quaerens,
2872 4654 2943 4705 ad
2968 4655 3121 4725 pedes
3148 4665 3262 4711 tuos
3292 4661 3534 4719 accedere

220 4740 426 4797 veritus
454 4757 564 4796 non
594 4756 710 4795 sum
740 4756 760 4795 :
787 4749 963 4812 utpote
989 4741 1045 4795 in
1083 4757 1184 4810 quo
1209 4749 1259 4795 et
1288 4742 1471 4794 turrim
1498 4741 1816 4813 defensionis
1841 4747 2023 4795 contra
2064 4742 2255 4812 ﬂuctus
2282 4740 2734 4809 adversariorum,
2762 4758 2917 4815 quam
2945 4745 2997 4800 in
3032 4750 3193 4804 armis
3220 4760 3419 4821 gestas,
3449 4755 3531 4812 in-

223 4830 415 4896 venio;
445 4838 498 4883 et
529 4829 684 4885 lunas
704 4828 1041 4885 circumcirca
1069 4829 1314 4884 ordinata
1343 4829 1453 4883 acie
1479 4829 1814 4898 dimicantes;
1843 4829 1992 4900 quasi
2013 4828 2077 4884 de
2102 4831 2176 4886 eis
2197 4830 2394 4885 dictum
2415 4832 2606 4902 fuerit:
2627 4830 2814 4889 Stella:
2843 4834 2913 4891 de
2937 4836 3079 4893 cmlo
3104 4838 3157 4895 in
3182 4841 3376 4901 ordine
3396 4858 3529 4916 suo,

220 4920 506 4976 adversus
560 4918 800 4976 Sisaram
850 4919 1183 4977 dimicabant
1208 4919 1369 4991 (Iud.
1396 4935 1452 4990 ν,
1500 4919 1616 4992 20).
1661 4920 1774 4988 Quo
1822 4923 1938 4978 loco
1982 4922 2119 4978 illud
2160 4922 2374 4980 Seneca:
2422 4940 2518 4996 pro
2566 4928 2951 4999 opportunitate
2997 4931 3125 4987 mihi
3170 4951 3404 5008 usurpo,
3458 4944 3531 4998 ad

220 5011 506 5069 Lucillum
535 5013 803 5068 scribentis
830 5029 849 5067 :
878 5012 1147 5069 Cmternm
1192 5014 1336 5086 quod
1362 5014 1798 5071 Commentarios
1837 5031 1991 5071 meos
2022 5016 2116 5072 tibi
2158 5016 2300 5072 mitti
2329 5017 2634 5088 permittis,
2669 5019 3025 5091 indulgentia:
3054 5024 3170 5082 scio
3196 5026 3342 5087 istud
3372 5046 3527 5104 esse,

224 5123 341 5165 non
369 5105 581 5179 judicii
613 5123 628 5161 :
656 5106 779 5163 etsi
810 5106 975 5163 modo
999 5107 1185 5177 judicii
1229 5117 1347 5174 est,
1374 5108 1705 5181 indulgentia
1738 5104 1837 5188 tibi
1863 5108 2140 5179 imposuit.
2169 5108 2279 5166 Sed
2321 5110 2748 5184 qualescumque
2777 5122 2935 5188 sunt,
2968 5123 3025 5172 tu
3054 5118 3179 5176 illos
3208 5122 3288 5179 sic
3313 5124 3482 5197 legito
3504 5170 3523 5198 ,

219 5209 515 5273 tamquam
550 5212 742 5255 verum
767 5214 1008 5269 quaeram
1040 5199 1251 5264 adhuc,
1283 5215 1392 5256 non
1424 5204 1625 5269 sciam,
1656 5207 1711 5257 et
1738 5202 2134 5259 contumaciter
2160 5217 2424 5273 quaram.
2456 5203 2574 5261 Non
2605 5207 2753 5263 enim
2785 5223 2873 5265 me
2899 5210 3151 5283 cuiquam
3184 5219 3483 5291 mancipavi
3510 5266 3528 5291 ,

222 5294 439 5352 nullius
473 5306 680 5349 nomen
724 5292 870 5363 iero,
901 5293 1197 5349 multorum
1237 5308 1556 5366 magnorum
1594 5295 1804 5365 judicio
1840 5295 2008 5351 credo
2054 5313 2068 5349 :
2111 5296 2313 5367 aliquid
2344 5306 2400 5354 et
2430 5314 2552 5356 meo
2574 5301 2814 5360 vindico.
2843 5303 2976 5361 Nam
3027 5307 3104 5363 illi
3150 5324 3371 5384 quoque
3417 5333 3526 5374 non

221 5386 452 5444 inventa
489 5428 509 5454 ,
535 5385 635 5441 sed
662 5386 957 5457 quaerenda
981 5387 1138 5443 nobis
1164 5387 1505 5460 reliquerunt
1533 5388 1741 5461 (Sencc.
1770 5388 1919 5461 epist.
1951 5385 2072 5461 45).
2113 5388 2243 5444 Vale
2268 5431 2283 5457 ,
2325 5388 2580 5464 Princeps
2607 5392 2991 5455 Illustrissime.
3017 5398 3204 5459 Romae
3240 5422 3304 5461 ex
3329 5409 3530 5466 aedibus

211 5479 278 5537 S.
311 5478 618 5543 Bernardi,
650 5476 716 5533 2|
752 5478 1068 5551 Septembris
1102 5481 1229 5534 anni
1253 5478 1413 5537 1624.
3386 5508 3391 5514 -

268 5640 661 5732 :“Eingggm
689 5639 955 5732 auitae-io:
981 5640 1098 5732 sub.
1123 5640 1527 5732 Dges‘trluupmine
1562 5640 1869 5708 evulgatum,
1911 5643 2164 5711 spurltatis
2198 5658 2296 5699 una
2329 5659 2451 5703 voce
2492 5655 2706 5716 arguunt
2746 5656 2925 5705 uestra
2957 5652 3131 5732 Aetatis
3162 5656 3488 5727 bibliographt
3515 5702 3530 5732 ,

208 5701 433 5760 lesuitae
460 5702 662 5754 cuidam
689 5703 1099 5756 xvtsaecuttmua
1124 5704 1483 5759 οσςςτιδρηιρε,
1678 5701 1703 5708 -
1854 5701 1866 5708 υ
1941 5701 1954 5711 -
2342 5701 2345 5702 ~
2434 5701 2443 5703 ~
2496 5701 2505 5702 ί
2547 5701 2577 5716 ν
2957 5701 3095 5768 ἦῆ

594 5782 872 5847 Ρηιιοι..
916 5784 1158 5849 XXXI.

2931 5800 2963 5863 1

122 5915 355 6047 α.αά
