4158 6180
510 214 574 271 ιι
1435 209 1734 267 FLAYIUS
1773 211 2020 268 LUCIUS
2060 192 2343 270 utamur
2382 192 2908 273 CIIRONOLOCUS.
3746 200 3809 276 ἐξ

1112 328 3781 353 W

1118 442 1667 533 EPISTULA
1742 460 1894 531 AD
1966 398 2545 534 BIVARIUM‘
2615 448 3222 537 EDITOREM.

508 747 717 804 Gabriel
738 746 801 803 S.
825 745 893 802 Η.
914 745 978 800 Β.
1005 745 1142 800 tituli
1157 734 1218 801 8.
1252 742 1622 800 Bartholomtci
1649 743 1703 797 in
1722 741 1900 798 insula
1920 730 2199 813 Presbyter
2220 741 2518 799 Cardinalis
2541 745 2604 801 de
2619 744 2798 814 Troia,
2816 758 2923 805 etc.
2959 746 3254 804 Venerabili
3278 750 3389 803 viro
3407 746 3504 804 Fr.
3529 747 3806 805 Frattcisco

997 838 1204 893 Bivario
1227 836 1658 910 Congregationis
1688 835 1996 907 Hispanico:
2020 835 2081 891 S.
2106 834 2368 891 Bernardi
2390 836 2638 893 Gerrerali
2669 838 3032 908 Procuratori,
3071 842 3327 898 Salutem.

583 937 714 1003 Qua
738 934 1035 991 communia
1061 934 1208 988 nobis
1234 940 1387 987 antea
1413 934 1632 1002 feceras,
1664 929 2023 1000 ntartusCripta
2044 926 2429 985 Commentario
2453 939 2541 985 tua
2572 932 2628 986 in
2652 931 2902 989 Flavium
2934 934 3192 995 Dextrum
3227 936 3591 1006 perautiquum
3614 935 3806 1007 Hispa-

510 1047 634 1085 num
664 1039 930 1093 nostrum,
976 1042 1112 1080 nunc
1149 1024 1285 1096 typis
1313 1023 1619 1079 excutienda
1648 1022 1825 1091 dicas,
1858 1020 2168 1093 publicoque
2196 1020 2395 1077 honore
2414 1065 2429 1092 ,
2469 1033 2818 1097 perpetuaque
2856 1026 3103 1094 bene/icio
3146 1044 3228 1084 me
3249 1029 3447 1099 ofﬁcis,
3480 1046 3630 1101 quem
3657 1042 3806 1084 antea

506 1122 824 1180 commodati
851 1124 918 1176 ad
944 1120 1202 1175 modicum
1228 1130 1428 1189 tempus
1454 1119 1681 1172 muneris
1701 1115 2054 1189 gratissimum
2080 1123 2323 1186 expertus
2354 1132 2428 1172 es.
2462 1116 2597 1182 Quid
2627 1134 2747 1191 ergo
2776 1135 2874 1172 non
2899 1119 3133 1189 debeam,
3158 1121 3244 1190 qui
3270 1135 3393 1175 tunc
3422 1138 3501 1175 me
3530 1121 3805 1178 debitorem

506 1218 771 1291 professus
799 1213 949 1269 sum?
974 1212 1041 1267 At
1070 1215 1179 1281 iam
1206 1220 1411 1280 partem
1431 1209 1595 1264 debiti
1616 1210 1776 1264 solvo.
1805 1206 1931 1261 dum
1962 1206 2179 1261 liberator
2203 1215 2251 1261 et
2283 1208 2448 1261 alacri
2478 1209 2656 1264 animo
2678 1210 2978 1281 beneﬁcium
3011 1213 3235 1282 recipio,
3259 1215 3564 1286 signumque
3594 1216 3803 1271 notissi-

506 1326 649 1365 mum
672 1307 1008 1382 gratitudinis
1037 1314 1227 1375 praesto
1243 1321 1262 1371 ;
1289 1305 1437 1359 nulla
1464 1305 1601 1359 enim
1630 1305 1824 1360 clarior
1850 1314 1972 1360 nota
1995 1305 2141 1359 avari
2174 1303 2464 1376 ingratique
2491 1308 2653 1360 animi
2681 1317 2755 1362 est
2778 1349 2795 1376 ,
2821 1326 2976 1378 quant
3000 1309 3248 1379 beneﬁcia
3269 1353 3282 1373 ,
3313 1312 3496 1380 quibus
3522 1322 3730 1382 gratunt
3756 1329 3807 1369 se

504 1408 743 1474 futurum
765 1418 870 1456 non
890 1408 1090 1473 sperat,
1113 1414 1355 1470 respuere
1382 1398 1461 1453 vel
1483 1408 1629 1452 torvo
1659 1399 1802 1452 vultu
1834 1397 2125 1454 admittere.
2163 1396 2406 1452 Flavium
2435 1398 2689 1455 Dextrum
2718 1399 3014 1470 Hispanum
3032 1443 3051 1477 ,
3094 1404 3376 1471 veterisque
3399 1403 3585 1473 patria:
3618 1415 3806 1461 nostra:

504 1498 738 1559 historice
781 1497 1038 1568 insignem
1066 1494 1372 1561 scriptorem
1393 1533 1408 1559 ,
1441 1491 1639 1546 silentii
1669 1499 1715 1543 et
1745 1489 2018 1544 oblivionis
2058 1488 2277 1544 tenebris
2303 1502 2459 1544 antea
2488 1492 2755 1562 obrutum,
2787 1509 2925 1548 nunc
2961 1496 3012 1548 in
3045 1494 3208 1549 lucem
3240 1480 3478 1563 profers;
3516 1499 3806 1568 fontemque

503 1587 951 1660 limpidissimum,
983 1585 1245 1641 occultum
1271 1590 1426 1634 antea
1447 1588 1494 1632 et
1530 1581 1760 1642 invium,
1792 1577 2028 1633 omnibus
2056 1578 2393 1646 manifestas,
2420 1580 2682 1651 gentisque
2730 1591 2921 1636 nostra:
2958 1594 3302 1654 pervetustam
3330 1584 3489 1653 [idem
3511 1595 3558 1639 et
3588 1587 3803 1657 religio-

505 1697 645 1746 nem,
670 1686 971 1733 sanctorum
1000 1682 1313 1742 martyrum,
1345 1673 1707 1739 confessorum
1730 1678 1776 1723 et
1802 1668 2059 1739 virginum
2086 1668 2256 1738 gloria
2284 1668 2568 1741 illustrem,
2599 1689 2731 1728 novo
2765 1677 3021 1745 prtvconio
3044 1722 3059 1746 ,
3088 1678 3330 1747 claraque
3358 1694 3500 1748 voce,
3528 1695 3591 1733 ea:
3610 1688 3803 1735 vetusto

508 1772 654 1826 illius
684 1778 892 1841 pectore
913 1773 1206 1829 resonante,
1240 1762 1466 1827 extollis,
1487 1761 1712 1831 antiquis
1741 1775 1874 1814 nova
1900 1760 2169 1828 adjungis,
2193 1760 2452 1831 fidemque
2478 1765 2660 1817 vetusti
2689 1769 2917 1820 auctoris
2939 1769 3313 1823 neotericorum
3341 1773 3651 1827 auctoritate
3665 1789 3802 1828 cout-

511 1863 729 1933 probas,
765 1857 956 1915 similis
988 1853 1207 1923 quidem
1233 1851 1408 1907 foetus
1441 1851 1647 1906 homini
1677 1850 2071 1920 patrifamilias.
2102 1851 2193 1923 qui
2216 1850 2430 1923 profert
2460 1854 2528 1908 de
2560 1854 2818 1912 thesauro
2836 1873 2937 1913 suo
2961 1875 3097 1914 nova
3128 1871 3184 1916 et
3218 1870 3400 1917 vetera
3425 1863 3638 1934 (Matth.
3665 1865 3802 1935 xm).

511 1956 730 2009 Omnem
755 1965 876 2021 ergo
906 1947 1208 2001 thesaurum
1227 1943 1481 2009 e/l'udisti,
1512 1942 1639 2011 quid
1667 1949 1825 1997 restat
1853 1940 1946 1996 tibi
1970 1942 1993 1996 ?
2013 1941 2143 2012 quid
2169 1943 2397 1996 muneris
2426 1945 2756 2014 exiguitatem
2777 1964 2992 2003 excusas
3015 1949 3041 2003 ?
3060 1967 3127 2003 an
3150 1951 3520 2022 hyperbolice?
3541 1969 3606 2006 an
3630 1965 3808 2009 contra

506 2055 726 2099 mentem
748 2039 1012 2111 loqueris?
1031 2036 1122 2090 sed
1146 2035 1316 2089 verius
1338 2044 1533 2105 putem;
1556 2031 1850 2105 evangelica
1880 2049 2044 2099 more,
2080 2050 2193 2087 cum
2220 2035 2413 2100 omnia,
2440 2051 2557 2106 qua:
2589 2047 2732 2107 potes
2759 2039 2957 2109 fecisti,
2985 2038 3117 2094 dicis
3149 2058 3165 2094 :
3200 2041 3355 2098 Servi
3384 2045 3598 2102 inutiles
3618 2061 3803 2115 Sumus

504 2139 670 2211 (Luc.
701 2134 871 2205 xvn).
906 2129 1142 2202 Exiguus
1173 2129 1300 2182 liber
1330 2125 1538 2193 Flavii,
1573 2127 1616 2180 si
1647 2127 1714 2180 ad
1751 2128 1991 2181 volumen
2022 2127 2189 2194 ipsunt
2218 2126 2569 2207 attendimus;
2598 2130 2809 2201 grandis
2831 2170 2845 2194 ,
2878 2132 2925 2184 si
2963 2131 3015 2185 in
3046 2149 3105 2185 eo
3135 2142 3376 2187 contenta
3399 2150 3417 2200 ;
3440 2153 3599 2209 parvo
3633 2139 3807 2196 codice

510 2245 699 2301 magna
726 2228 917 2282 contt‘n.
938 2235 955 2277 t
977 2268 993 2291 ,
1035 2220 1239 2276 nullum
1267 2221 1320 2274 in
1352 2237 1411 2275 eo
1440 2220 1662 2274 otiosum
1691 2217 1803 2290 lego
1832 2218 2070 2286 verbum,
2114 2219 2384 2274 dissimilis
2416 2222 2620 2286 quidem
2651 2234 2725 2277 est
2757 2224 2980 2279 verbosis
3024 2226 3505 2295 philosOphantiunt
3546 2249 3807 2289 commen-

507 2325 686 2391 ιανλίε,
739 2321 1066 2386 aliorumque
1117 2316 1352 2386 scriptis,
1406 2314 1461 2368 in
1507 2315 1690 2384 quibus
1723 2329 1838 2366 cum
1884 2311 2241 2383 longissimum
2286 2322 2485 2386 tempus
2537 2316 2873 2383 contriveris,
2925 2318 3010 2372 via;
3050 2318 3329 2389 quidquam
3358 2323 3497 2392 quod
3527 2335 3691 2393 mente
3720 2343 3800 2383 re.

508 2421 672 2473 tinere
716 2417 939 2480 debeas,
993 2414 1239 2469 invenies.
1289 2410 1411 2467 Non
1456 2427 1577 2484 ergo
1629 2409 1780 2467 illum
1830 2422 2250 2479 contemnemus,
2299 2414 2388 2482 qui
2438 2413 2655 2467 breviari
2716 2413 2852 2483 stylo
2919 2413 3124 2487 longam
3189 2419 3412 2473 continet
3478 2421 3808 2492 antiquarum

508 2529 679 2568 rerum
727 2510 951 2574 seriem;
1009 2524 1098 2562 nec
1156 2505 1290 2561 alios
1342 2505 1800 2577 magnifaciemus,
1849 2504 1937 2574 qui
1982 2504 2133 2573 longo
2176 2503 2447 2558 verborum
2490 2514 2749 2576 apparatu
2802 2506 2975 2559 omnia
3025 2508 3199 2576 potius
3250 2510 3604 2579 confundunt,
3655 2529 3807 2583 quam

506 2607 807 2675 explicant;
852 2605 953 2659 nisi
1004 2601 1201 2659 similes
1251 2604 1298 2657 ei
1341 2616 1451 2658 esse
1503 2602 1770 2664 volumus,
1829 2599 1915 2669 qui
1958 2614 2023 2653 ea:
2073 2613 2233 2654 aureo
2281 2615 2469 2667 magno
2528 2607 2577 2668 et
2621 2598 2836 2671 pulchro
2883 2597 3144 2655 cochleari
3202 2617 3449 2656 venenum
3502 2606 3674 2672 potius
3723 2624 3809 2669 su-

513 2714 673 2764 mere,
707 2714 859 2768 quam
885 2712 952 2752 es;
973 2696 1207 2756 minimo.
1238 2702 1289 2749 et
1309 2710 1374 2749 ea:
1400 2694 1492 2748 vili
1520 2693 1761 2754 materia,
1790 2689 1891 2744 mel
1913 2707 2096 2763 sugere
2122 2689 2277 2761 elegit
2307 2689 2499 2762 (Cyril.
2530 2691 2625 2762 Iih.
2660 2708 2757 2758 vn,
2781 2700 2970 2748 contra
2997 2691 3156 2765 Jul.).
3184 2694 3422 2751 Similem
3455 2714 3551 2770 rgo
3572 2701 3811 2765 conside-

507 2794 692 2847 rabam
724 2790 908 2846 Flavii
936 2790 1133 2845 librum
1161 2788 1369 2843 cuidam
1401 2786 1518 2841 navi
1545 2784 1829 2841 Phoenicia:
1859 2784 2052 2857 (cuius
2084 2783 2314 2837 meminit
2344 2781 2639 2854 Xenophon
2667 2785 2684 2853 )
2714 2784 2932 2854 fabrica:
2962 2795 3324 2856 perangusta,
3346 2802 3462 2854 qua:
3492 2802 3609 2841 cum
3637 2806 3811 2857 armo-

508 2902 654 2950 rum,
684 2885 1173 2948 instrumentorum,
1209 2880 1460 2934 mercium
1489 2893 1550 2932 ac
1582 2875 1922 2945 supellectilis
1951 2874 2325 2944 cujuscumque
2351 2875 2575 2944 generis,
2610 2875 2861 2929 immensa
2887 2877 3156 2942 varietate,
3186 2886 3231 2929 et
3262 2878 3592 2932 multitudine
3618 2881 3811 2945 repleta

512 2991 666 3045 esset,
694 2978 903 3051 singula
931 2987 1104 3031 tamen
1128 2975 1185 3028 in
1213 2990 1273 3029 ea
1296 2986 1399 3027 tam
1420 2971 1705 3039 artiﬁciose
1736 2966 2023 3033 collocata,
2051 2978 2101 3019 et
2128 2966 2313 3020 solerti
2336 2966 2519 3020 ordine
2541 2967 2795 3038 disposita
2823 2977 2970 3020 erant
2987 3008 3001 3033 ,
3029 2978 3083 3019 ut
3108 2978 3157 3021 et
3178 2968 3291 3023 sine
3332 2970 3697 3042 impedimento
3719 2987 3809 3043 per

506 3074 677 3129 navim
702 3074 1018 3136 discurrere,
1049 3078 1098 3123 et
1120 3068 1176 3121 in
1204 3075 1348 3121 tanta
1378 3079 1554 3119 rerum
1578 3061 1945 3126 multitudine,
1976 3058 2187 3132 singula
2214 3057 2381 3113 oculis
2423 3061 2660 3115 contueri
2688 3101 2703 3125 ,
2731 3071 2778 3114 et
2814 3061 2881 3113 ad
2913 3077 3121 3115 manum
3150 3078 3261 3116 rem
3294 3080 3546 3136 quamque
3571 3077 3808 3137 paratam

511 3166 705 3223 habere
725 3174 773 3220 et
800 3163 1033 3219 invenire
1058 3158 1293 3233 quisquis
1319 3165 1508 3229 posset.
1541 3154 1817 3223 Siquidem
1843 3153 1897 3206 in
1921 3150 2185 3219 Flaviana
2211 3150 2429 3206 historia
2454 3151 2527 3204 ita
2549 3151 2724 3204 omnia
2752 3153 3023 3222 dispositu,
3056 3161 3111 3205 ut
3136 3155 3293 3222 plena
3321 3154 3572 3209 mercibus
3595 3156 3667 3210 dit
3682 3158 3807 3219 ersis

505 3276 668 3332 parva
699 3258 868 3323 navis,
901 3255 1075 3310 omnia
1103 3267 1219 3324 qua:
1249 3251 1419 3315 habet,
1448 3250 1503 3302 in
1532 3255 1807 3317 conspectu
1831 3246 2089 3308 ostendat,
2112 3252 2161 3296 et
2181 3245 2235 3297 in
2265 3242 2492 3308 quolibet
2522 3258 2670 3298 versu
2693 3285 2706 3310 ,
2743 3262 2805 3298 ne
2828 3246 2996 3299 dicant
3024 3247 3176 3301 verba
3197 3289 3211 3311 ,
3245 3247 3538 3317 ponderosa
3569 3266 3808 3316 compen-

507 3352 597 3406 dio
625 3350 905 3412 contineat,
930 3359 1047 3414 quae
1075 3344 1363 3414 longiorem
1393 3337 1652 3409 conplere
1682 3345 1889 3406 possent
1917 3334 2209 3389 historiam.
2248 3334 2517 3390 Scribebat
2543 3336 2753 3407 quidem
2781 3353 2883 3391 non
2914 3347 2965 3389 ut
2986 3338 3296 3401 sapientiam
3328 3348 3604 3394 ostentaret
3631 3350 3803 3411 suam,

507 3443 597 3499 sed
628 3455 681 3503 ut
704 3442 759 3495 in
782 3437 1048 3494 remotiori
1071 3434 1189 3489 orbe
1209 3431 1528 3486 habitantem
1550 3429 1934 3500 Hieronymum
1957 3427 2264 3496 Hispaniae
2286 3428 2555 3500 religionis
2582 3430 2851 3483 certiorem
2880 3430 3093 3498 faceret,
3122 3429 3340 3501 ideoque
3365 3431 3556 3487 librant
3585 3434 3807 3504 longiori

505 3535 679 3590 itineri
708 3531 1159 3594 comnuttendum,
1194 3525 1409 3579 breviori
1442 3523 1738 3595 perstrinin
1764 3520 1990 3576 calamo.
2026 3526 2215 3580 Verum
2244 3538 2305 3575 ne
2333 3522 2467 3590 forte
2495 3522 2657 3576 alicui
2686 3522 2942 3576 videretur
2976 3523 3132 3576 altior
3158 3521 3453 3596 breviorque
3479 3529 3643 3598 stylus
3686 3547 3807 3600 pace

505 3631 661 3684 ticam
687 3635 865 3691 notam
888 3622 1192 3686 incurrisse,
1229 3619 1363 3672 Dum
1408 3616 1588 3670 brevis
1616 3629 1742 3670 esse
1771 3614 1986 3679 laboro,
2018 3613 2288 3669 obscurus
2318 3615 2389 3670 tio
2416 3614 2637 3683 (llorat.
2672 3612 2740 3669 de
2771 3613 2906 3669 Arte
2932 3615 3140 3685 poetica
3162 3617 3204 3687 ),
3238 3627 3292 3671 tu
3322 3636 3425 3674 non
3454 3622 3622 3676 solum
3664 3639 3803 3679 con»

506 3694 711 3793 plicata
732 3730 888 3772 antea
910 3716 1067 3785 longo
1089 3709 1323 3777 silentio,
1351 3718 1398 3764 et
1425 3708 1673 3764 brevitate
1693 3706 1946 3761 orationis
1975 3705 2105 3775 folia
2126 3706 2178 3759 in
2202 3707 2368 3760 lucem
2397 3705 2684 3774 deduxisti,
2706 3707 2797 3761 sed
2835 3707 3132 3774 cecpticasti,
3162 3715 3380 3779 ornasti,
3409 3725 3453 3767 et
3485 3714 3764 3773 declarasti
3787 3734 3807 3785 ;

504 3810 866 3870 condecorasti
896 3804 1056 3861 simul
1087 3803 1309 3874 patriam
1336 3808 1605 3854 nostram:
1628 3813 1746 3851 nam
1768 3814 1886 3852 cum
1917 3798 2263 3852 certissimum
2289 3799 2355 3850 sit
2394 3813 2509 3853 eam
2532 3799 2603 3850 ita
2633 3798 3005 3869 pra'dicatione
3029 3803 3320 3873 apostolica
3353 3805 3656 3877 insignitum
3682 3851 3697 3878 ,
3727 3819 3804 3879 vt,

504 3913 630 3960 teste
665 3898 1017 3964 Tertulliano,
1041 3910 1218 3949 omnes
1243 3892 1450 3947 termini
1477 3890 1752 3960 Hispanae
1778 3890 1934 3960 fidem
1958 3890 2278 3962 susceperint
2312 3889 2545 3960 (Tenui.
2576 3892 2840 3947 adversus
2872 3892 3114 3957 Judmos,
3145 3911 3268 3966 cap.
3309 3896 3403 3969 7),
3438 3909 3486 3953 ει
3517 3898 3801 3972 cyprinum

501 3998 557 4057 in
581 4013 639 4050 ea
661 4002 797 4049 recte
829 3986 1263 4059 perseveraverint
1295 3984 1574 4055 (Cyprian.
1609 3983 1774 4052 epist.
1799 3981 1898 4051 68)
1925 4021 1941 4046 ,
1974 3998 2073 4035 ιιοιι
2099 3982 2304 4047 desunt,
2328 3982 2416 4052 qui
2453 3982 2750 4053 opinionem
2791 3988 3086 4054 famamque
3118 3998 3349 4050 nostram
3376 3988 3683 4046 calumniari
3718 4010 3803 4048 ve-

506 4093 627 4154 lint,
651 4097 699 4140 et
732 4082 943 4145 t'atdere,
977 4079 1231 4149 sugillare
1253 4117 1266 4140 ,
1294 4087 1340 4130 et
1380 4075 1783 4128 commaculare.
1821 4071 1978 4127 Nunc
2020 4088 2193 4128 autent
2230 4074 2330 4127 nisi
2362 4082 2597 4142 proterve
2628 4085 2674 4127 et
2702 4075 3038 4146 pertinaciter
3066 4093 3120 4130 se
3150 4095 3331 4147 gerere
3363 4078 3549 4150 velint,
3594 4085 3805 4143 clariori

502 4197 659 4254 quam
687 4175 916 4251 phazbtea
944 4172 1057 4225 luce
1088 4169 1378 4236 aspicient,
1412 4177 1660 4235 quantum
1691 4164 1753 4219 ab
1791 4165 1941 4219 initio
1982 4167 2242 4220 nascentis
2284 4164 2539 4221 Ecclesia:
2562 4167 2876 4238 profecerim
2910 4164 3178 4239 Hispani,
3208 4181 3332 4239 quot
3373 4176 3541 4227 sancti
3569 4192 3632 4231 ea:
3657 4178 3801 4233 illius

501 4286 649 4347 gente
671 4271 929 4340 Martyres
949 4267 1188 4337 adfuere,
1218 4262 1416 4332 quoties
1440 4278 1545 4317 non
1564 4261 1774 4332 defuere
1801 4262 2044 4331 tyranni;
2071 4273 2194 4332 quot
2217 4262 2538 4331 confessores
2555 4264 2849 4334 ﬂoruerunt
2873 4263 3117 4332 celebres,
3144 4282 3282 4338 cum,
3307 4278 3537 4325 cessante
3563 4288 3802 4342 persecu-

503 4374 664 4431 tione,
694 4367 940 4420 virtutuns
965 4358 1215 4415 exercitia
1236 4357 1392 4409 libere
1416 4368 1653 4409 exercere
1682 4352 1936 4406 valuerint
1960 4368 1979 4418 ;
2004 4362 2132 4423 quot
2159 4354 2405 4423 virgines,
2438 4369 2572 4422 quw,
2595 4365 2836 4421 superato
2860 4371 3009 4417 sexu,
3037 4357 3304 4427 carnisque
3324 4367 3374 4412 et
3403 4361 3581 4412 mundi
3611 4365 3803 4433 adepta

503 4460 741 4522 victoria,
773 4472 827 4510 se
852 4464 1023 4509 castas
1051 4449 1386 4504 dilectissimo
1413 4462 1602 4517 sponso
1624 4444 1901 4500 exhibuere
1929 4442 2158 4499 Christo.
2188 4442 2364 4498 Ftabit
2390 4446 2565 4514 itaque
2574 4447 2690 4514 jam
2718 4446 2925 4500 dextere
2953 4444 3172 4502 Flavius
3197 4447 3388 4502 Lucius
3412 4447 3625 4519 Dexter,
3645 4471 3801 4524 quem

506 4556 669 4628 (velut
697 4568 725 4606 e
747 4548 980 4604 cavernis
1008 4552 1179 4599 ventos
1204 4539 1346 4596 Juno
1371 4540 1388 4611 )
1419 4555 1485 4594 ex
1517 4538 1790 4594 oblivionis
1816 4553 2020 4592 carcere
2042 4538 2271 4592 eduxisti
2286 4555 2303 4602 ;
2341 4554 2491 4606 quem
2521 4538 2693 4593 lucide
2712 4550 2759 4593 et
2785 4539 2992 4596 dextere
3022 4541 3346 4610 explicuisti,
3376 4545 3631 4617 cujusque
3664 4551 3799 4604 veri-

505 4662 661 4707 tatem
688 4644 915 4701 historiae
941 4637 1308 4709 Comprobasti.
1338 4634 1450 4690 Nec
1478 4634 1693 4688 minoris
1724 4631 1965 4687 utilitatis
1991 4631 2267 4703 quisquam
2298 4641 2442 4702 putet
2472 4649 2584 4687 esse
2616 4642 2810 4689 sancta:
2841 4634 3113 4689 catholica:
3146 4633 3398 4692 Ecclesia
3420 4678 3436 4705 ,
3459 4642 3799 4712 antiquorum

498 4751 747 4803 innovare
775 4746 992 4815 scripta,
1018 4749 1065 4794 et
1089 4753 1368 4803 exornare,
1402 4751 1560 4805 quam
1587 4750 1746 4788 novos
1774 4733 1925 4786 edere
1947 4733 2145 4799 libros;
2173 4748 2295 4785 nam
2324 4732 2369 4785 si
2397 4747 2572 4786 verum
2597 4748 2834 4786 amamus
2860 4776 2874 4800 ,
2911 4733 3126 4804 majoris
3153 4732 3253 4788 hoc
3282 4736 3525 4794 utilitatis
3554 4750 3648 4795 est.
3686 4742 3797 4799 Ve-

503 4854 635 4897 teres
664 4839 801 4903 enim
826 4842 1071 4907 prastant
1093 4829 1422 4890 auctoritate,
1452 4823 1812 4893 excelluntque
1831 4821 1939 4891 ﬁde
1965 4820 2318 4877 Recentiores.
2350 4821 2542 4878 Nescio
2563 4825 2698 4878 enim
2726 4823 2853 4893 quid
2888 4825 3214 4879 auctoritatis
3239 4825 3338 4881 sibi
3364 4830 3591 4885 vindicat
3615 4844 3797 4891 sancta

501 4943 749 4987 vetustus.
795 4929 908 4994 Quo
941 4926 999 4996 ﬁt
1019 4965 1033 4991 ,
1062 4935 1116 4976 ut
1144 4921 1232 4990 qui
1262 4917 1560 4976 Christiano
1588 4914 1786 4969 nomini
1821 4915 2164 4968 adversantur
2189 4913 2458 4983 inﬁdeles,
2489 4923 2538 4970 et
2561 4916 2650 4985 qui
2674 4923 2867 4970 sancta:
2902 4913 3155 4972 Ecclesia
3182 4921 3300 4989 plus
3326 4933 3511 4977 nocent
3541 4925 3797 4997 horretici,

514 5026 662 5083 nullo
681 5023 787 5078 alio
816 5028 1120 5092 argumento
1149 5014 1315 5086 magis
1341 5010 1706 5065 contineantur
1728 5023 1883 5079 quam
1911 5008 2238 5077 antiquarunt
2266 5009 2577 5079 scriptorum
2611 5007 2920 5063 auctoritate
2951 5019 2999 5063 et
3033 5011 3294 5068 doctrina.
3335 5012 3486 5073 Unde
3511 5018 3601 5087 qui
3627 5035 3714 5074 eos
3741 5021 3798 5077 in

502 5124 669 5174 lucem
702 5113 1010 5184 producunt,
1036 5122 1150 5170 vere
1170 5103 1277 5159 dici
1306 5109 1514 5175 possent
1545 5099 1844 5168 potentiora
1872 5095 2130 5152 Ecclesia:
2152 5110 2345 5153 sancta:
2373 5112 2518 5149 arma
2538 5136 2555 5161 ,
2584 5096 2719 5151 velut
2748 5097 2959 5168 clypeos
2988 5101 3041 5154 in
3071 5100 3322 5160 Dat-idica
3357 5116 3498 5165 turre
3517 5112 3797 5180 ρειιιιεκεεε

500 5215 555 5268 in
587 5210 813 5269 medium
833 5208 1087 5277 proferre.
1127 5197 1194 5252 Et
1219 5195 1429 5268 quidem
1459 5193 1514 5247 in
1538 5191 1635 5245 hac
1663 5187 1849 5244 Dextri
1879 5187 2099 5245 historia
2121 5192 2284 5246 elucet
2307 5190 2530 5242 maxime
2557 5189 2778 5258 ﬁrmitas
2804 5189 2929 5260 fidei
2954 5194 3008 5246 in
3034 5194 3350 5265 martyribus
3371 5237 3388 5264 ,
3429 5198 3498 5253 ad
3528 5204 3795 5271 confusio-

505 5322 620 5361 nem
651 5301 1010 5358 hwreticorum
1030 5290 1313 5371 dicentium
1334 5301 1482 5360 posse
1509 5299 1840 5356 quemquam,
1863 5292 1919 5337 ut
1944 5284 2061 5338 vita:
2081 5283 2370 5354 periculum
2391 5280 2595 5348 evadat,
2629 5281 2787 5351 fidtm
2806 5299 2960 5351 quam
2985 5286 3282 5355 profitetur,
3306 5288 3581 5361 abnegare.
3601 5291 3797 5367 Fulges

503 5405 801 5455 sanctorum
822 5372 1116 5444 antistitum
1145 5383 1454 5445 auctoritas,
1476 5387 1524 5433 et
1549 5379 1603 5431 in
1634 5375 1976 5447 gubernanda
2001 5375 2239 5429 Ecclesia
2264 5372 2478 5430 solertia
2494 5414 2508 5439 ,
2535 5391 2639 5439 qua
2668 5376 3061 5444 confundantur
3087 5379 3206 5448 illi,
3231 5383 3319 5451 qui
3345 5385 3686 5457 episcopalem
3704 5391 3793 5446 di-

500 5495 749 5567 gnitatem
779 5494 990 5555 negant,
1023 5490 1072 5535 et
1100 5493 1287 5532 novum
1310 5476 1575 5529 inventum
1605 5482 1791 5525 tentere
1811 5471 2008 5524 dicunt.
2040 5469 2305 5544 chuntur
2324 5510 2339 5536 ,
2370 5486 2427 5524 co
2449 5474 2566 5542 jam
2593 5481 2821 5542 tempore
2849 5472 3109 5528 admissus
3139 5477 3608 5545 peregrinationum
3640 5497 3789 5553 usus,

501 5562 818 5658 iemplorum
840 5573 1120 5645 a'diﬁcatio
1138 5614 1153 5639 ,
1177 5567 1495 5624 sacrosancti
1521 5562 1768 5633 sacriﬁcii
1799 5563 1979 5617 Missa:
2005 5562 2306 5626 celtbratio,
2339 5573 2386 5616 et
2413 5564 2719 5617 exercitium
2748 5564 2975 5617 omnium
3003 5578 3473 5632 sacramentorum,
3506 5578 3791 5631 νευρηηιία

494 5652 807 5754 imaginum,
829 5662 975 5726 varia
998 5659 1250 5720 miracula
1267 5700 1283 5728 ,
1318 5656 1579 5714 veneratio
1608 5664 1805 5720 sanctte
1834 5652 2086 5711 Romam
2110 5654 2265 5719 sedis,
2300 5663 2348 5709 et
2371 5654 2417 5712 si
2441 5669 2559 5725 quis
2574 5664 2699 5711 sunt
2718 5652 2850 5721 alia,
2879 5670 2995 5729 quae
3024 5665 3290 5716 novatores
3319 5673 3543 5738 negant,
3566 5682 3680 5739 qua
3705 5678 3790 5725 ta.
