4166 6178
488 199 560 263 15
1403 191 1704 257 FLAVIUS
1741 194 1990 256 LUClUS
2028 184 2314 253 DEXTER
2352 190 2884 257 CHRONOLOGUS.
3714 199 3782 259 l6

481 295 764 355 nobilitate
797 299 852 351 et
896 291 1158 366 martyrio
1203 293 1557 364 conspicuam
1605 310 1619 348 :

481 390 700 448 laedam
747 403 934 444 sacros
975 387 1257 458 conjuges,
1310 401 1372 442 ac
1415 387 1501 440 sui
1547 394 1770 440 senatus
1818 385 2077 450 vortices,

481 501 606 542 cum
636 483 779 550 ﬁliis,
809 492 864 538 et
895 499 960 538 Lv
982 481 1150 538 sociis
1175 480 1531 552 martyribus,
1565 467 1827 550 pl‘iPSttleS
1853 478 2076 546 multos,

478 577 770 634 sanctitate
809 575 1140 646 spectabiles
1182 572 1540 645 martyriique
1580 573 1760 627 laurea
1798 572 2075 642 insignes,

474 670 762 726 Etherium
801 668 858 725 S.
899 667 1087 724 Jacobi
1121 659 1446 737 discipulum
1486 683 1500 721 :
1530 665 1875 736 Severosque
1900 664 2072 732 duos,

477 771 534 819 et
555 762 834 833 egregium
857 759 1062 816 Christi
1091 762 1459 815 confessorem
1492 757 1882 826 Theodosium,
1909 758 2076 814 Ethe-

472 853 540 908 rii
573 866 983 918 successorem;
1019 861 1078 906 ut
1113 852 1333 907 interim
1372 851 1561 905 sileam
1602 849 1660 906 S.
1699 849 2072 920 Cucuphatem

468 956 810 1018 martyrem,
861 960 1022 1016 quem
1057 944 1238 1000 Africa
1280 943 1501 1015 quidem
1550 943 1754 999 mundo
1801 944 2069 1014 protulit,

467 1039 570 1096 sed
604 1038 874 1094 Barcinon
903 1037 1126 1093 Christo
1155 1035 1430 1102 reddidit;
1462 1044 1517 1090 et
1544 1035 1680 1091 alios
1706 1037 1908 1092 multos
1934 1052 2070 1108 quo-

1665 292 1966 357 Pliiletum,
2015 305 2079 347 ac
2106 295 2153 351 A
2182 290 2365 359 ciens',
2402 289 2625 360 speciali
2659 291 2816 347 titulo
2844 288 3172 346 Ciceronem
3206 291 3368 346 vocat
3396 298 3590 345 suum:
3627 287 3783 357 Quod

2185 383 2386 450 Cicero,
2419 385 2612 455 inquit,
2647 397 2786 452 tuus,
2811 385 2901 456 qui
2929 386 2980 440 in
3006 401 3126 439 arce
3154 383 3291 439 stetit
3319 383 3644 455 eloquentiaa,
3677 399 3783 440 non

2183 486 2255 531 est
2277 477 2450 547 facere
2466 475 2775 548 dedignatus
2793 476 2849 530 in
2871 474 3053 546 Bruto,
3079 483 3344 530 oratorum
3365 472 3573 530 Latina:
3589 474 3783 548 lingua:

2181 576 2358 624 texens
2408 568 2725 642 catalogum,
2770 575 2826 624 et
2861 581 3001 624 onus
3042 568 3222 639 ipsum
3258 566 3403 638 quod
3448 565 3780 639 Hieronymo

2179 661 2438 733 imposuit
2463 663 2640 718 adhuc
2659 662 2872 733 juvenis
2901 675 3206 735 provocans
3236 661 3419 730 illum,
3442 670 3524 727 ut,
3547 660 3613 716 ad
3643 661 3781 718 Sue-

2178 757 2314 812 tonii
2343 756 2680 825 exemplum,
2708 757 2891 813 claros
2921 756 3047 813 ﬁdei
3075 755 3404 812 Christianae
3426 764 3691 821 oratores,
3720 763 3777 812 et

2177 851 2420 923 insignes
2453 850 2716 907 Ecclesia:
2752 850 3016 907 Doctores
3040 849 3194 907 brevi
3227 848 3478 920 catalogo
3507 848 3777 919 astringe-

2173 953 2278 1010 ret,
2312 952 2361 999 et
2392 945 2534 1016 quod
2558 943 2649 999 ille
2681 945 2734 1000 in
2773 944 3137 1000 enumerandis
3176 943 3447 1015 gentilium
3481 943 3773 998 litterarum

2170 1039 2293 1094 viris
2319 1039 2616 1095 illustribus
2638 1039 2852 1110 fecerat,
2875 1039 3061 1110 ipsein
3085 1038 3276 1093 nostris
3296 1041 3492 1108 faceret
3513 1051 3532 1090 :
3555 1045 3612 1093 et
3629 1051 3774 1108 prat-

467 1147 591 1187 rum
625 1111 845 1186 nomina
875 1139 1003 1184 sunt
1038 1129 1093 1184 in
1127 1128 1268 1185 libro
1305 1128 1453 1183 vitm.
1490 1127 1584 1182 His
1615 1127 1887 1184 sideribus
1915 1130 2068 1185 velut
2169 1145 2297 1188 sens
2345 1131 2657 1187 Chronicon
2699 1131 3068 1202 eloquentiam
3114 1129 3351 1186 hominis
3397 1144 3521 1184 cum
3567 1129 3771 1200 pietate

463 1224 519 1280 in
572 1225 916 1280 ﬁrmamento
964 1222 1136 1278 nobili
1186 1221 1650 1288 consistentibus,
1701 1222 1887 1278 addita
1936 1231 2064 1279 sunt

463 1319 755 1375 Barcinoni
779 1319 848 1373 ad
868 1317 1126 1373 decorem
1149 1316 1258 1372 duo
1281 1316 1408 1383 alia,
1434 1324 1758 1372 czeterorum
1784 1301 2060 1383 concives,

458 1421 617 1483 pater
636 1426 699 1468 ac
727 1411 874 1466 ﬁlius
899 1429 912 1464 :
943 1410 1231 1483 Pacianus,
1260 1407 1499 1478 inquam,
1524 1417 1580 1462 et
1612 1408 1830 1464 Dexter.
1862 1408 2060 1475 Quidni

461 1521 558 1562 eos
584 1506 764 1562 sidera
790 1480 1041 1566 dixerim,
1063 1517 1200 1572 quos
1225 1502 1408 1556 claros
1431 1502 1678 1557 doctrina
1707 1509 1762 1556 et
1791 1501 2059 1572 dignitate

458 1607 691 1656 testatur
727 1598 1124 1668 Hieronymus,
1159 1603 1215 1650 et
1244 1603 1428 1649 tamen
1459 1594 1661 1649 Danieli
1688 1594 1895 1649 dictum
1922 1595 2054 1650 fuit:

2169 1224 2518 1296 conjunctam
2551 1224 2757 1282 clamat
2788 1243 2804 1282 :
2837 1240 2963 1281 nam
2985 1226 3059 1280 ita
3093 1222 3349 1279 humanis
3369 1221 3602 1278 vacabat
3625 1221 3770 1278 litte-

2165 1317 2266 1380 ris.
2297 1325 2356 1372 ut
2382 1315 2771 1373 ecclesiasticae
2800 1316 3056 1372 historia:
3077 1313 3268 1373 sedulo
3295 1311 3654 1370 incumberet.

2235 1411 2508 1466 Caeterum
2540 1410 2926 1467 adolescentia;
2957 1417 3130 1464 metas
3169 1407 3413 1463 nondum
3446 1405 3720 1463 excedens
3743 1447 3760 1473 ,

2163 1503 2528 1560 sacramentis
2551 1503 2878 1560 militaribus
2899 1502 3244 1573 implicatur;
3268 1499 3414 1572 quod
3441 1513 3613 1571 genus
3637 1499 3763 1554 vita:

2164 1613 2230 1652 eo
2262 1598 2567 1668 prmsertim
2613 1607 2860 1668 tempore
2895 1596 3158 1653 nobilium
3197 1597 3441 1652 virorum
3482 1592 3610 1649 ﬁliis
3643 1600 3758 1650 toto

460 1693 566 1761 Qui
585 1692 654 1746 ad
671 1690 936 1764 justitiam
967 1688 1211 1743 erudiunt
1243 1690 1452 1750 multos,
1486 1687 1636 1757 quasi
1664 1685 1830 1740 stellce
1858 1686 1911 1740 in
1933 1703 2054 1758 per-
2084 1671 2134 1732 Β
2165 1686 2394 1744 Roman.
2423 1688 2655 1759 imperio
2677 1688 2901 1744 charum
2923 1697 3064 1755 erat,
3095 1697 3154 1744 et
3178 1686 3456 1759 pracipue
3483 1686 3537 1741 in
3565 1685 3761 1756 Hispa-

454 1794 638 1852 petuas
654 1782 966 1837 wternitates
983 1783 1006 1835 ἶ)
1022 1780 1098 1836 De
1117 1778 1356 1835 Paciano
1377 1778 1769 1850 Hieronymus:
1791 1777 2056 1836 Pacianus

455 1875 1076 1948 BarcilonteOepiscopus,
1110 1873 1374 1941 castitate,
1418 1873 1625 1942 inquit,
1659 1882 1707 1927 et
1737 1873 2052 1944 eloquentia,

453 1979 504 2024 et
550 1979 657 2023 tam
693 1969 828 2033 rita,
864 1983 1021 2039 quam
1066 1982 1301 2021 sermone
1341 1965 1560 2030 clarus;
1600 1975 1654 2020 et
1698 1965 1767 2021 de
1811 1966 2048 2035 Dextro,

452 2061 652 2118 Dexter
675 2059 920 2126 Paciani,
953 2060 1018 2114 de
1046 2075 1146 2130 quo
1169 2073 1329 2130 supra
1351 2058 1482 2123 dixi,
1515 2057 1676 2125 ﬁlius,
1709 2056 1886 2112 clarus
1911 2057 2053 2129 apud

449 2152 735 2220 steculum,
769 2161 816 2208 et
846 2150 1038 2207 Christi
1075 2150 1198 2221 ﬁdei
1239 2150 1466 2204 deditus.
1499 2148 1643 2206 Sane
1684 2149 1743 2206 S.
1784 2148 2050 2206 Pacianus

453 2260 578 2301 cum
603 2244 841 2300 nondum
860 2251 1011 2300 esset
1025 2242 1315 2312 episcopus
1333 2257 1400 2298 ex
1416 2241 1656 2312 legitima
1676 2255 1846 2297 uxore
1863 2256 2050 2297 susce-

448 2337 596 2408 pisse
630 2336 892 2392 Dextrum
914 2376 929 2400 ,
968 2334 1100 2391 illud
1132 2334 1436 2401 convincit,
1467 2334 1611 2404 quod
1642 2334 1786 2390 inter
1816 2344 2048 2391 caeteras

447 2425 616 2480 animi
645 2441 710 2481 ac
739 2424 986 2496 corporis
1017 2425 1173 2480 dotes
1202 2424 1430 2480 caStitas
1459 2424 1580 2493 ejus
1610 2425 1874 2495 singulari
1908 2440 2050 2496 pra:-

452 2519 614 2574 conio
653 2533 682 2571 a
721 2517 1057 2588 Hieronymo
1093 2516 1532 2572 commendatur.
1581 2517 1851 2572 Pacianus
1895 2517 2044 2590 (ait)

450 2612 689 2664 castitate
718 2619 766 2665 et
788 2609 1079 2677 eloquentia
1103 2609 1297 2676 clarus,
1329 2607 1474 2678 quod
1505 2609 1572 2664 de
1603 2611 1843 2678 mmclto,
1873 2626 2044 2681 quan-

449 2713 797 2774 tumcumque
823 2704 1145 2773 poenitente,
1181 2701 1289 2757 dici
1329 2716 1437 2756 non
1461 2710 1664 2772 posset.
1691 2701 2043 2758 Nobilitatem

447 2795 667 2865 generis
697 2795 788 2850 illa
820 2795 1060 2851 indicant
1090 2794 1257 2851 verba
1292 2794 1605 2864 Hieronymi
1640 2813 1653 2848 :
1686 2793 1873 2851 Clarus
1901 2797 2043 2868 apud

447 2887 736 2954 sarculum,
780 2886 1088 2957 prtesertim
1137 2885 1327 2941 Dextri
1373 2885 1563 2942 laudes
1607 2886 1784 2944 adhuc
1828 2888 2043 2958 juvenis

447 2978 862 3046 concernentia,
893 2992 963 3033 eo
994 2977 1250 3033 videlicet
1282 2977 1427 3032 dicta
1456 2987 1724 3050 tempore,
1757 2995 1864 3052 quo
1889 2982 2040 3052 vige-

2159 1783 2288 1851 nia,
2333 1781 2478 1853 quod
2524 1796 2781 1852 magnum
2832 1779 2964 1836 illud
3009 1780 3160 1836 orbis
3202 1779 3368 1835 decus
3411 1775 3756 1833 Theodosius

2157 1875 2364 1942 senior,
2391 1890 2520 1931 vere
2542 1875 2594 1929 in
2617 1873 2827 1930 cunctis
2848 1872 3090 1944 Magnus.
3119 1871 3247 1927 inde
3267 1869 3334 1925 ad
3363 1869 3579 1940 imperii
3604 1869 3756 1924 fasti-

2154 1967 2301 2039 gium
2345 1976 2475 2023 tunc
2515 1974 2740 2023 evectus
2777 1964 2988 2030 fuerat',
3030 1978 3175 2018 anno
3205 1960 3412 2018 Christi
3453 1969 3750 2018 eccum.

2156 2058 2271 2116 Sub
2309 2067 2461 2114 tanto
2494 2059 2659 2130 igitur
2689 2057 2936 2129 principe
2972 2056 3176 2112 Dexter
3204 2055 3458 2110 militiam
3495 2063 3748 2122 secutus,

2153 2162 2208 2209 et
2235 2151 2448 2208 nobiles
2467 2152 2525 2206 in
2547 2165 2608 2207 ea
2633 2151 2837 2206 faciens
2861 2163 3185 2220 progressus
3207 2146 3536 2202 militaribus
3555 2146 3753 2218 grada-

2154 2243 2248 2300 tim
2294 2243 2594 2301 honoribus
2629 2242 2916 2299 sublimari
2949 2259 2965 2298 :
2998 2251 3053 2298 et
3088 2241 3161 2297 ita
3201 2239 3419 2296 tandem
3455 2238 3522 2294 ad
3553 2239 3752 2310 prterea

2151 2346 2356 2396 cturam
2385 2336 2629 2409 praetorii
2666 2337 2958 2393 Orientalis
2999 2334 3254 2407 Imperii,
3287 2332 3434 2405 quod
3473 2347 3744 2390 summum

2152 2439 2270 2486 erat
2300 2429 2569 2495 munium,
2599 2429 2973 2485 conscendere
2999 2426 3219 2483 meruit.
3244 2425 3431 2481 Annos
3453 2433 3612 2484 natus
3634 2441 3744 2482 non

2150 2523 2387 2594 amplius
2418 2537 2550 2579 svnt
2587 2521 2901 2577 Theodosio
2949 2521 3141 2592 imper.
3187 2517 3486 2574 adhaesisse
3525 2533 3625 2588 par
3661 2526 3745 2575 est

2149 2612 2376 2670 credere
2397 2656 2412 2679 ,
2443 2611 2662 2684 quando
2691 2628 2725 2666 x
2757 2610 2968 2682 imperii
2997 2610 3159 2665 simul
3188 2623 3309 2665 cum
3340 2606 3582 2663 Arcadio
3631 2609 3742 2665 ﬁlio

2148 2702 2398 2774 Caesare,
2430 2715 2488 2760 ct
2514 2702 2901 2758 Valentiniano
2927 2701 3193 2774 Augusto,
3227 2700 3523 2759 Maximum
3551 2713 3743 2773 tyran-

2147 2810 2278 2850 num
2311 2795 2681 2851 debellaturus
2707 2793 2763 2849 in
2792 2793 2998 2848 Italiam
3031 2792 3354 2849 descendit:
3382 2795 3740 2865 sequentique

2147 2900 2267 2942 cum
2293 2885 2499 2941 eisdem
2533 2885 2758 2938 Romam
2787 2885 3126 2955 ingressum;
3154 2893 3211 2940 et
3233 2884 3358 2940 inde
3379 2883 3434 2939 in
3461 2885 3734 2942 Orientem

2148 2979 2474 3050 profectum.
2520 2977 2724 3034 Verum
2767 2978 3048 3034 enimvero
3088 2978 3161 3033 ita
3204 2979 3366 3035 rebus
3411 2979 3737 3037 militaribus

445 3070 645 3124 simum
680 3069 900 3125 tertium
938 3067 1136 3138 agebat
1173 3081 1374 3122 annum
1396 3111 1411 3136 ,
1448 3078 1506 3124 ut
1542 3084 1671 3124 mox
1712 3070 2040 3127 videbimus.
2069 3059 2117 3124 C
2149 3073 2396 3129 addictus
2426 3081 2575 3140 erat,
2613 3082 2674 3128 ut
2703 3071 2905 3128 litteris
2934 3070 3261 3143 quandoque
3287 3087 3389 3142 pro
3415 3074 3735 3143 opportuni-

446 3159 584 3215 Erat
621 3161 784 3215 etiam
826 3161 1092 3231 sanguine
1135 3159 1461 3230 conjunctus
1497 3160 1665 3215 Paulo
1691 3160 1922 3232 Orosio,
1956 3165 2042 3221 vel

443 3251 565 3320 ipso
595 3251 798 3306 Dextro
825 3251 1029 3307 fatente
1055 3251 1124 3306 ad
1149 3266 1353 3306 annum
1385 3251 1598 3307 Domini
1628 3252 1735 3308 417
1755 3271 1774 3307 ε
1809 3252 2037 3325 Paulus,

444 3342 653 3414 inquit,
695 3342 949 3409 Orosius,
984 3341 1076 3400 Fl.
1113 3343 1287 3397 Orosii
1314 3343 1488 3412 ﬁlius,
1523 3347 2042 3418 consanguineusque

443 3433 673 3490 Paciani
692 3434 857 3505 patris
878 3434 1000 3500 mei,
1021 3433 1246 3502 civisque
1271 3433 1694 3489 Tarraconensis.
1719 3437 2038 3493 Orosiorum

441 3538 621 3584 autem
643 3543 780 3600 gens
801 3527 1089 3583 nobilitate
1111 3527 1339 3598 insignis
1357 3526 1476 3593 fuit,
1501 3537 1687 3598 utpote
1708 3543 1830 3599 qua:
1851 3528 2038 3586 Romae

445 3622 502 3678 in
531 3621 756 3679 basilica
793 3621 851 3678 S.
892 3621 1110 3677 Eusebii
1138 3620 1416 3691 pr0priam
1457 3622 1794 3692 sepulturam
1827 3623 2031 3679 habuit.

440 3713 554 3772 Nec
575 3715 753 3771 solum
779 3713 1092 3770 Tarracone
1112 3721 1169 3770 et
1196 3713 1403 3780 Romae,
1429 3714 1525 3770 sed
1548 3714 1712 3770 etiam
1736 3723 1846 3772 tota
1877 3717 2035 3774 Lusi-

443 3808 591 3862 tania
620 3806 867 3873 illustris,
894 3815 951 3863 et
979 3816 1092 3862 toto
1121 3807 1256 3862 orbe
1285 3805 1582 3877 conspicua
1606 3807 1817 3864 reddita
1842 3819 1945 3875 est,
1977 3819 2037 3866 ut

440 3898 712 3954 Maximus
727 3898 1247 3968 Caesaraugustanus
1263 3899 1554 3969 episcopus
1573 3899 1763 3956 scribit
1778 3900 1846 3956 ad
1863 3916 2036 3958 annos

437 3989 660 4046 Domini
695 3989 795 4044 471
841 3998 896 4045 et
942 3989 1070 4045 602.
1121 3990 1295 4046 Porro
1338 3991 1602 4047 Pacianus
1645 4001 1821 4062 pater,
1865 4009 2034 4051 uxore

441 4081 754 4148 destitutus,
786 4081 873 4138 vel
905 4081 1087 4137 forsan
1125 4081 1289 4152 (quod
1315 4083 1408 4138 illa
1439 4083 1756 4155 frequenter
1783 4085 2034 4144 ferebant

442 4174 714 4245 tempora)
750 4173 820 4228 ab
861 4188 923 4230 ea
967 4183 1289 4246 separatus,
1333 4175 1684 4248 redditusque
1728 4179 2028 4251 Ecclesiae,

441 4268 610 4325 verbo
639 4277 692 4323 et
718 4269 971 4338 exemplo
991 4284 1120 4325 oves
1145 4270 1250 4326 sibi
1270 4271 1592 4328 commissas
1610 4273 1838 4331 miriﬁce
1858 4276 2027 4346 pavit,

435 4370 493 4417 et
512 4375 542 4414 a
561 4360 815 4430 luporum
843 4362 1116 4415 lurentum
1139 4360 1362 4418 incursu
1387 4361 1767 4432 (Novatianos,
1793 4374 1849 4421 et
1867 4365 2030 4421 Aria-

2147 3175 2256 3221 tate
2297 3174 2547 3231 vacaret;
2592 3165 2646 3220 in
2694 3163 2934 3220 Orientis
2982 3173 3162 3220 autem
3207 3166 3547 3235 proiectione
3587 3160 3735 3221 viros

2144 3261 2492 3317 doctissimos
2513 3301 2528 3326 ,
2561 3260 3049 3330 sanctissimosque
3086 3258 3390 3328 consuluit,
3424 3259 3734 3330 audivitque

2143 3369 2249 3423 quo
2272 3352 2536 3424 temporis
2555 3353 3020 3423 ConstantinOpoli
3044 3351 3277 3407 ﬂorebat
3294 3352 3538 3408 Joannes
3557 3351 3735 3423 Chry-

2140 3453 2436 3510 sostomus,
2466 3443 2518 3497 in
2541 3443 2725 3515 Cypro
2747 3441 3106 3512 Epiphanius,
3129 3441 3499 3499 Neoczesarete
3521 3442 3735 3514 Grego-

2139 3539 2301 3605 rius,
2366 3537 2602 3610 Cyrillus
2661 3537 3104 3608 Hierosolymis,
3173 3537 3396 3594 Edesste
3463 3539 3518 3595 in
3573 3538 3732 3612 Syria

2139 3630 2415 3702 Ephrem,
2464 3630 2608 3686 Nisae
2652 3629 2950 3700 Gregorius
2994 3629 3158 3698 alter,
3199 3629 3386 3686 Basilii
3432 3630 3620 3697 frater,
3672 3641 3732 3688 ut

2139 3724 2507 3795 Sophronium
2540 3734 2594 3780 et
2621 3724 2760 3779 alios
2780 3732 3104 3794 prteteream
3130 3742 3144 3778 :
3173 3739 3286 3795 prze
3310 3725 3526 3781 czcteris
3548 3734 3730 3782 tamen

2140 3816 2473 3888 Hieronymo
2511 3830 2682 3886 usque
2724 3817 2788 3869 ad
2832 3815 3097 3871 amicitias
3120 3831 3252 3872 usus
3287 3827 3407 3882 est;
3437 3819 3515 3874 uti
3545 3833 3612 3874 es
3642 3834 3731 3876 se-

2137 3908 2311 3964 cunda
2352 3900 2525 3979 ipsius
2555 3909 2624 3964 ad
2661 3908 2916 3963 Ruﬁnum
2957 3908 3221 3980 Apologia
3252 3909 3451 3980 liquet,
3486 3909 3612 3965 dum
3642 3909 3729 3966 in-

2135 4003 2251 4072 quit
2277 4020 2289 4056 :
2318 3999 2447 4056 Cum
2468 3999 2662 4057 Dexter
2683 4002 2879 4057 amicus
2901 4018 3043 4057 ineas
3060 4003 3149 4073 qui
3172 4006 3534 4074 prazfecturam
3554 4003 3726 4058 admi-

2134 4093 2370 4149 nistravit
2398 4094 2658 4164 prtetorii,
2700 4103 2808 4150 etc.
2844 4093 2925 4150 Ad
2957 4093 3062 4150 hoc
3100 4108 3233 4150 vero
3273 4109 3559 4151 necessum
3594 4095 3724 4163 fuit,

2134 4201 2245 4242 non
2274 4186 2444 4241 semel
2466 4194 2560 4240 aut
2583 4187 2781 4242 iterum
2806 4201 2929 4242 eum
2953 4187 3267 4252 convenire,
3295 4186 3389 4244 sed
3413 4187 3727 4258 frequenter

2132 4276 2386 4334 familiari
2427 4279 2596 4348 ipsius
2624 4279 2677 4333 in
2713 4278 3096 4335 Bethlemitico
3123 4293 3346 4336 secessu
3369 4321 3384 4346 ,
3427 4280 3529 4336 frui
3556 4280 3726 4337 collo-

2132 4373 2293 4444 quio,
2323 4381 2380 4428 et
2418 4373 2701 4428 absentem
2732 4371 3011 4428 multoties
3043 4387 3139 4442 per
3177 4373 3387 4429 litteras
3410 4373 3477 4427 ad
3506 4373 3722 4428 diversa

438 4466 539 4508 nos
568 4450 787 4523 loquor)
813 4465 921 4506 non
946 4453 1123 4506 solum
1148 4452 1337 4524 verbo,
1365 4453 1460 4509 scd
1485 4455 1646 4511 etiam
1677 4455 1896 4527 scriptis
1927 4457 2022 4514 de-

2146 4465 2312 4522 studia
2336 4481 2658 4538 provocare.
2684 4466 2956 4524 llabcmns
2983 4468 3103 4538 ejus
3125 4467 3202 4523 rei
3227 4467 3414 4523 nobile
3434 4481 3723 4538 argumen-

438 4547 914 4618 l‘endit,‘quorum
949 4545 1128 4601 adhuc
1173 4560 1295 4601 cum
1327 4546 1574 4604 doctrina
1615 4550 1878 4606 miramur
1905 4551 2024 4609 elo-

433 4641 743 4709 quentiam,
787 4636 1041 4694 nimirum
1083 4637 1139 4692 in
1179 4636 1432 4710 Epistolis
1466 4642 1535 4695 ad
1583 4641 2026 4716 Symphorianum

433 4732 575 4787 datis
595 4733 648 4785 in
673 4730 928 4800 parenesi
944 4729 1008 4783 de
1031 4732 1354 4799 paruitentia,
1381 4739 1437 4787 et
1457 4735 1719 4802 opusculo
1737 4729 1808 4789 de
1837 4733 2026 4806 Bapti-

433 4839 578 4890 suto;
601 4820 1051 4889 sanctitatemque
1072 4834 1396 4875 veneramur
1419 4836 1540 4877 eum
1562 4823 1803 4881 Romana
1827 4836 1881 4882 et
1903 4829 2024 4885 uui-

434 4913 636 4974 ver-sali
689 4910 975 4976 Ecclesia,
1032 4925 1154 4982 qua:
1206 4926 1404 4968 nomen
1457 4914 1626 4984 ipsius
1667 4917 1721 4973 in
1769 4923 2021 4996 catalogo

431 5015 748 5065 sanctorum
779 5001 910 5073 legit
945 5001 1013 5057 ad
1053 5001 1196 5058 diem
1227 5004 1260 5059 9
1290 5005 1490 5060 Martii.
1524 5006 1692 5065 Natus
1722 5021 1808 5068 est
1839 5025 2018 5074 autem

432 5101 516 5158 ΡΙ.
563 5097 760 5154 Lucius
796 5093 1001 5151 Dexter
1043 5108 1190 5148 anno
1229 5109 1259 5148 a
1304 5096 1470 5151 natali
1513 5097 1728 5157 Domini
1770 5103 1878 5160 568
1904 5147 1919 5172 ,
1963 5116 2020 5163 ut

431 5193 689 5263 colligere
713 5188 841 5244 licet
863 5202 930 5243 ex
953 5200 1020 5242 eo
1041 5185 1182 5256 quod
1210 5186 1276 5242 ad
1299 5188 1503 5245 calcem
1525 5188 1779 5251 Chronici
1803 5197 2012 5268 scribit,

428 5303 512 5357 se,
539 5298 682 5341 anno
702 5280 900 5338 Christi
925 5279 1053 5346 440,
1084 5279 1260 5335 tetatis
1292 5282 1468 5352 egisse
1498 5297 1610 5341 suae
1633 5303 1798 5345 Lxxtt.

500 5377 606 5436 Sed
645 5389 780 5447 quos
809 5388 916 5429 non
952 5369 1229 5442 profectus
1259 5372 1459 5430 Dexter
1488 5374 1699 5435 faceret
1731 5381 1834 5438 sub
1865 5391 2016 5442 tanto

427 5467 696 5548 parente?
725 5465 784 5521 In
813 5461 1227 5520 humanioribus
1260 5465 1454 5523 litteris
1478 5467 1821 5538 juventutem
1851 5491 2014 5533 exer-

376 5634 380 5640 θ
426 5563 606 5621 cuisse
634 5602 650 5630 ,
707 5558 1072 5629 Hieronymus
1115 5555 1168 5611 in
1217 5557 1446 5630 prologo
1504 5561 1626 5618 libri
1672 5563 2012 5638 Scriptorum

420 5651 917 5720 ecclesiasticorum
952 5648 1278 5719 manifestat,
1312 5651 1439 5708 dum
1467 5654 1536 5710 ad
1559 5655 1706 5714 illum
1731 5661 1896 5720 verba
1926 5661 2010 5721 fa-

2133 4569 2286 4630 tum,
2343 4560 2543 4616 librum
2591 4560 2661 4617 de
2712 4559 3084 4630 Scriptoribus
3129 4557 3534 4620 ecclesiasticis.
3585 4557 3720 4615 Cum

2132 4653 2276 4708 enim
2308 4660 2418 4720 tot,
2462 4650 2760 4722 taliumque
2796 4651 3090 4708 Doctorum
3128 4649 3350 4720 scriptis
3376 4649 3720 4706 Christianus

2131 4744 2283 4800 orbis
2312 4743 2416 4799 sibi
2445 4758 2509 4800 eo
2537 4743 2740 4800 sarculo
2759 4742 3113 4799 vehementer
3131 4741 3388 4798 illustrari
3410 4742 3712 4809 videretur,

2130 4837 2186 4893 in
2230 4851 2459 4907 quorum
2499 4835 2907 4906 comparatione
2941 4833 3225 4905 gentilium
3268 4833 3710 4907 philosOphorum

2127 4943 2192 4982 ac
2221 4927 2502 4983 rhetorum
2531 4925 2806 4982 subtilitas
2833 4932 2890 4980 et
2922 4925 3236 4994 eloquentia
3267 4925 3498 4981 vLIuerat
3518 4965 3535 4993 ,
3564 4924 3716 4982 dole-

2127 5018 2216 5074 bat
2243 5016 2492 5081 nimium,
2515 5015 2842 5070 Christianis
2862 5015 3096 5086 gentiles
3121 5015 3324 5087 passim
3353 5015 3711 5072 rusticitatem

2125 5113 2405 5182 ohjicere;
2437 5107 2618 5164 nullos
2641 5107 2944 5164 Ecclesiam
2968 5106 3363 5181 philosophos,
3395 5115 3490 5162 aut
3516 5107 3712 5164 rheto-

2125 5221 2232 5269 res,
2260 5202 2440 5259 nnllos
2467 5199 2730 5256 Domores
2760 5199 3038 5268 habuisse,
3067 5209 3260 5271 utpote
3285 5213 3316 5254 a
3342 5199 3559 5256 rusticae
3579 5200 3712 5256 sim-

2123 5288 2379 5368 plicitatis
2425 5293 2737 5350 hominibus
2794 5291 3111 5359 fundatam,
3163 5307 3258 5349 seu
3308 5307 3338 5347 a
3387 5291 3708 5365 quibusdam

2116 5388 2486 5463 piscatoribus
2509 5387 2781 5460 przecipue
2804 5388 3072 5444 edoctam.
3100 5387 3239 5444 Hinc
3269 5388 3472 5457 Dexter
3493 5386 3559 5443 de
3581 5387 3708 5445 Hie-

2118 5480 2331 5552 ronymi
2360 5477 2664 5536 sufﬁcentia
2693 5478 2998 5547 conlidens,
3025 5477 3117 5548 qui
3144 5493 3285 5550 pene
3304 5492 3495 5534 omnes
3522 5487 3709 5534 aucto-

2116 5589 2206 5630 res
2236 5573 2351 5628 sive
2371 5571 2799 5640 ecclesiasﬁcos,
2832 5571 2947 5626 sive
2975 5570 3255 5642 profanos,
3279 5569 3500 5627 Graecos
3527 5578 3582 5627 et
3602 5571 3708 5628 La-

2115 5666 2262 5724 tinos
2280 5663 2504 5739 legerat,
2529 5671 2736 5719 tantum
2761 5661 2810 5718 ei
2834 5675 2970 5737 opus
2993 5661 3242 5736 imponit,
3267 5675 3446 5736 operte
3470 5664 3701 5738 pretium
