4166 6178
409 322 476 380 Π
1755 315 1992 374 ΑΠΟΤο

2096 345 2099 365 .
2139 315 2320 373 VITA.
2697 332 2700 335 '
3649 318 3716 374 18

402 431 581 505 ipsum
603 429 873 487 facturum
897 428 1202 495 afﬁrmans,
1231 427 1279 484 si
1306 428 1600 486 Doctorum
1625 428 1890 498 omnium,
1917 429 2010 501 qui
2035 430 2086 492 Α
2113 429 2302 502 quanti
2332 439 2380 486 et
2408 429 2584 501 quales
2606 430 2704 484 viri
2735 447 2846 485 eam
2876 431 3230 503 fundaret-int,
3264 431 3636 498 ea'strua'erint,
3669 445 3720 489 et

404 525 515 582 vita
547 533 602 582 et
629 525 855 594 scriptis
878 523 1179 580 Ecclesiam
1205 522 1302 580 Dei
1337 523 1727 594 illustrassent,
1757 524 2003 588 nomina,

404 627 462 676 et
488 617 898 694 lucpbrationes
923 662 939 688 ,
983 631 1138 672 more
1166 615 1432 688 catalogi,
1463 615 1532 672 ad
1564 632 1728 672 unum
1758 615 2007 672 brevius-

402 710 586 768 culum
632 711 889 767 volumen
933 708 1326 766 encomiastice
1373 709 1664 766 reduceret
1705 728 1718 764 :
1774 721 1833 765 ut
1879 725 2003 765 cum

373 804 635 879 gentiles
671 804 956 861 rhetorum
996 819 1061 860 ac
1102 813 1393 875 poetarum
1437 820 1656 860 suorum
1697 805 2003 876 catalogum

404 897 564 954 nobis
598 896 925 968 objicerent,
954 912 1116 968 quem
1145 896 1438 953 Suetonius
1460 897 1834 968 Tranquillus,
1863 899 2005 953 libro

400 989 470 1047 de
489 991 776 1046 illustribus
794 989 1166 1047 Grammaticis
1187 991 1336 1047 edito
1357 991 1673 1048 confecerat
1689 1036 1704 1059 ,
1729 991 2004 1048 Catholici

401 1096 627 1138 suorum
651 1081 964 1153 catalogum
989 1097 1245 1153 promere
1269 1090 1516 1154 possent,
1538 1094 1591 1138 et
1617 1083 1846 1154 gentiles
1867 1099 2003 1154 quos

407 1174 574 1230 inscia
600 1182 846 1228 vetustas
876 1173 1256 1242 venerabatur,
1284 1173 1577 1244 imperitiae
1604 1183 1659 1230 et
1680 1173 2002 1244 ignorantiae

401 1268 752 1340 redarguere.
783 1267 828 1324 Ο
857 1267 1078 1339 dignam
1108 1267 1412 1324 Christiani
1447 1277 1502 1323 et
1531 1268 1679 1324 docti
1713 1267 1812 1323 ιιτί
1849 1269 2000 1341 cogi-

401 1361 663 1417 tationem
693 1360 707 1413 !
752 1375 787 1416 o
814 1360 1059 1416 animum
1098 1359 1370 1416 nobilem!
1403 1359 1542 1428 Quid
1575 1360 1772 1415 mirum
1815 1361 1860 1414 si
1893 1376 2000 1416 non

397 1455 570 1510 solum
590 1455 771 1511 clarus
785 1455 928 1526 apud
946 1455 1220 1523 steculum,
1244 1454 1342 1510 sed
1365 1455 1555 1523 etiam,
1577 1457 1719 1525 quod
1747 1457 1799 1510 in
1823 1472 2002 1512 saecu-

400 1545 501 1602 lari
525 1546 746 1602 homine
777 1562 960 1602 rarum
995 1556 1100 1614 est,
1128 1545 1324 1601 Citriin
1356 1547 1479 1613 ﬁdei
1500 1548 1729 1606 deditus.
1752 1547 2002 1600 dicatur?

400 1641 542 1698 Sane
587 1640 733 1712 quod
787 1640 1084 1696 Doctorum
1128 1639 1389 1695 Ecclesiae
1439 1639 1687 1708 catalogo
1735 1637 1998 1700 fruamur,

398 1729 602 1787 Dextro
629 1747 683 1786 v.
725 1746 774 1786 e.
817 1731 1080 1786 debemus
1114 1747 1128 1782 :
1160 1745 1282 1784 nam
1316 1729 1431 1797 ejus
1459 1729 1674 1782 hortatu
1711 1726 1768 1782 S.
1807 1727 1998 1782 Hiero-

2113 522 2436 590 ornaverint,
2463 532 2510 578 et
2541 523 2780 579 desinant
2809 525 2964 594 ﬁdem
3007 534 3240 579 nostram
3267 525 3476 581 rusticte
3517 534 3716 581 tantunt

2109 617 2465 689 simplicitatis
2528 635 2790 692 arguere,
2857 636 3107 690 suamque
3171 620 3342 689 potius
3398 620 3718 692 imperitiam

2109 720 2414 782 agnoscant.
2442 711 2712 768 Hactenus
2741 711 3104 784 Hieronymus
3140 712 3360 769 Dextro.

2182 805 2392 876 Agebat
2420 821 2487 862 eo
2529 816 2778 878 tempore
2815 807 3016 863 Dexter
3055 823 3257 863 annum
3287 809 3464 865 astatis
3492 825 3625 864 xxtn
3657 817 3714 864 et

2111 899 2246 956 licet
2269 899 2655 956 adolescentia:
2685 908 2858 956 metas
2898 917 3010 956 non
3041 903 3392 967 excessisset,
3424 903 3607 956 animo
3640 911 3719 956 ta-

2108 1008 2233 1048 men
2277 1007 2447 1048 canus
2493 1008 2680 1050 senem
2732 992 2928 1048 studiis
2979 1009 3091 1063 prae
3132 1010 3191 1049 se
3223 993 3462 1062 ferebat;
3493 994 3635 1050 unde
3662 1003 3718 1049 et

2106 1094 2352 1156 coeperat
2391 1086 2704 1142 Chronicon
2757 1101 2914 1140 suum
2966 1087 3218 1142 Historiae
3268 1086 3601 1142 omnimoda:
3655 1086 3708 1141 in

2105 1179 2337 1248 gratiam
2360 1178 2605 1250 ejusdem
2627 1177 2946 1250 Hieronymi
2973 1187 3193 1245 texere;
3216 1194 3325 1250 quo
3357 1179 3615 1235 nimirum
3644 1181 3709 1233 ad

2105 1271 2418 1342 catalogum
2455 1273 2789 1341 scriptorum
2813 1269 3165 1338 ordiendum,
3196 1272 3371 1342 ipsum
3399 1272 3661 1328 excitaret
3693 1292 3706 1325 :

2107 1364 2322 1420 tametsi
2357 1363 2516 1418 rebus
2540 1362 2771 1426 militim,
2803 1371 2856 1417 et
2885 1361 3271 1432 imperatorum
3299 1361 3525 1417 servitio
3546 1363 3710 1434 longo

2109 1465 2354 1526 tempore
2392 1455 2653 1520 intentus,
2699 1455 3015 1524 ingentique
3059 1463 3478 1510 memoratarum
3521 1471 3702 1510 rerum

2105 1548 2372 1603 varietate
2401 1548 2676 1612 detentus,
2709 1547 2870 1602 ﬁnem
2895 1547 2997 1616 ipsi
3024 1547 3127 1602 nisi
3155 1557 3278 1618 post
3309 1547 3509 1603 multos
3534 1564 3710 1604 annos

2107 1653 2212 1692 ItOn
2250 1638 2478 1693 valuerit
2520 1638 2802 1709 imponere
2834 1656 2847 1692 :
2879 1638 3098 1708 quando
3129 1640 3339 1694 scilicet
3379 1640 3533 1695 senio
3573 1656 3706 1696 con-

2105 1731 2296 1797 fectus,
2329 1732 2570 1802 quietem
2607 1713 2752 1786 domi
2781 1747 2912 1798 sum,
2963 1733 3166 1786 exteris
3210 1733 3430 1802 rejectis
3479 1733 3702 1798 muniis,

396 1837 594 1894 nymus
640 1821 974 1893 provinciam
1021 1836 1140 1875 eam
1170 1821 1457 1900 suscepit;
1507 1821 1664 1889 cujus
1704 1817 1995 1876 deﬁciente
2027 1807 2073 1867 Β
2105 1822 2460 1892 philosomtia:
2501 1821 2824 1877 ChriStiana:
2871 1822 3191 1878 exercenda:
3218 1823 3388 1894 gratia
3418 1822 3694 1894 quatsivit.

395 1916 822 1983 lucubratione,
882 1916 1198 1970 innumeros
1248 1913 1593 1984 antiquorum
1657 1913 1986 1982 Doctorum,

396 2024 626 2080 quorum
659 2006 820 2062 modo
848 2021 1029 2076 opera:
1062 2020 1170 2060 non
1203 2013 1444 2069 exstant,
1477 2019 1766 2060 necessum
1802 2007 1993 2063 luisset

396 2101 664 2173 ignorare.
695 2102 957 2155 Annuens
983 2099 1150 2171 igitur
1180 2099 1368 2154 Dextri
1397 2098 1686 2155 desideriis
1719 2100 1990 2174 Hierony-

401 2208 522 2249 mus
553 2208 662 2248 non
689 2191 864 2248 solum
897 2191 1204 2262 catalogum
1232 2191 1475 2260 cupitum
1506 2189 1775 2254 coniecit,
1809 2192 1904 2247 sed
1937 2203 1991 2249 et

406 2287 600 2342 librum
624 2287 800 2356 ipsum
825 2285 1035 2340 Dextro
1058 2283 1276 2352 dicavit,
1302 2293 1356 2339 et
1377 2283 1665 2355 epistolam
1689 2283 1829 2340 libro
1853 2300 1988 2355 pra:-

401 2379 602 2452 posuit,
626 2377 916 2435 videlicet:

887 2485 1226 2528 HIEBONYIUS
1263 2485 1496 2526 DBXTRO.

468 2563 736 2632 Hortaris,
770 2561 984 2630 Dexter,
1016 2572 1071 2618 ut
1125 2561 1491 2634 Tranquillum
1542 2578 1791 2629 sequens,
1822 2565 1984 2617 eccle-

391 2657 632 2714 siasticos
660 2657 952 2726 Scriptores
983 2657 1038 2710 in
1068 2655 1309 2710 ordinem
1348 2657 1621 2727 digeram;
1652 2668 1699 2710 et
1739 2657 1878 2727 quod
1901 2657 1990 2712 ille

394 2750 448 2804 in
477 2749 848 2805 enumerandis
886 2750 1155 2822 gentilium
1197 2749 1489 2803 litterarunt
1530 2750 1652 2803 viris
1679 2751 1800 2820 fecit
1839 2749 1992 2805 illus-

395 2841 584 2914 tribus,
631 2858 724 2914 ego
751 2842 805 2896 in
854 2841 1045 2896 nostris
1073 2841 1264 2914 faciam
1294 2858 1311 2897 :
1338 2840 1394 2894 id
1425 2850 1522 2907 est,
1573 2852 1628 2895 ut
1675 2859 1708 2895 a
1749 2842 1990 2912 passione

391 2932 586 2988 Christi
630 2951 792 3006 usque
819 2933 890 2988 ad
928 2935 1183 2988 decimum
1219 2945 1461 3004 quartum
1494 2933 1772 2989 Theodosii
1801 2936 1986 3007 imper.

391 3041 586 3082 annum
614 3042 793 3081 omnes
818 3027 908 3098 qui
934 3027 999 3080 de
1050 3025 1340 3098 Scripturis
1371 3026 1562 3080 sanctis
1595 3029 1856 3080 memoria:
1890 3025 1990 3080 ali-

391 3120 516 3190 quid
566 3120 936 3192 prodiderunt,
987 3119 1076 3174 tibi
1131 3119 1347 3174 breuiter
1397 3135 1670 3190 exponam.
1731 3119 1988 3173 Fecerunt

2099 1916 2230 1972 lude
2260 1916 2464 1972 factum
2495 1925 2600 1981 est,
2635 1925 2695 1971 ut
2719 1917 3084 1988 Hieronymus
3106 1917 3227 1987 ejus
3256 1917 3454 1973 libriin
3475 1933 3577 1973 suo
3607 1934 3700 1974 ca-

2099 2012 2280 2082 talogo
2316 2012 2650 2075 meminerit,
2683 2027 2844 2082 quem
2877 2027 3020 2066 anno
3049 2012 3259 2066 Domini
3291 2013 3400 2068 395
3427 2012 3690 2080 confecit,

2093 2113 2150 2161 et
2179 2103 2530 2160 nihilominus
2560 2105 2803 2159 ultimam
2835 2120 3052 2159 manum
3084 2104 3405 2175 imposuerit
3426 2120 3526 2160 suo
3555 2105 3698 2160 Dex~

2096 2207 2178 2252 ter
2207 2213 2352 2252 anno
2382 2196 2599 2250 Domini
2623 2195 2730 2251 450
2759 2206 2884 2266 post
2911 2197 3228 2269 Hieronymi
3257 2207 3513 2264 mortem,
3546 2206 3605 2252 ut
3629 2213 3696 2253 ex

2093 2287 2325 2359 prologo
2357 2287 2547 2358 liqUet.
2579 2286 2918 2357 Quamquam
2960 2287 3010 2342 id
3043 2304 3257 2357 quoque
3287 2288 3570 2359 probabile
3601 2289 3702 2344 ad-

2093 2381 2312 2437 modum
2341 2380 2434 2444 sit,
2469 2396 2576 2433 non
2603 2393 2670 2434 eo
2691 2392 2858 2440 anno,
2879 2393 2988 2448 quo
3009 2378 3290 2448 eatalogus
3315 2395 3345 2434 a
3367 2379 3704 2450 Hieronymo

2097 2471 2408 2528 elaboratus
2457 2470 2583 2536 fuit,
2634 2469 2822 2525 Dextri
2875 2469 3160 2524 historiam
3213 2470 3266 2524 in
3315 2485 3382 2524 eo
3437 2471 3698 2524 insertam

2094 2562 2282 2627 fuisse,
2311 2563 2404 2619 sed
2439 2571 2562 2632 post
2601 2561 2808 2631 aliquot
2838 2576 3044 2627 annos,
3087 2559 3308 2632 quando
3339 2560 3597 2616 videlicet
3623 2561 3692 2616 ad

2093 2655 2213 2724 ejus
2240 2653 2485 2709 notitiam
2516 2654 2766 2724 pervenit
2800 2652 2981 2708 Dextri
3014 2652 3346 2715 lucubratio,
3376 2661 3431 2708 et
3477 2652 3695 2707 dedica-

2095 2747 2258 2803 ti0nis
2285 2748 2661 2819 proposittnn;
2697 2745 3151 2818 quemadmodum
3185 2755 3243 2800 et
3266 2745 3403 2800 alios
3435 2746 3691 2816 paulatim

2093 2839 2393 2895 inseruisse
2436 2855 2692 2896 successu
2729 2839 3012 2910 temporis,
3047 2837 3149 2893 sibi
3190 2848 3316 2894 ante
3357 2837 3685 2910 incognitos,

2093 2947 2191 2988 suo
2221 2931 2342 2987 loco
2364 2932 2561 2988 dicturi
2596 2951 2804 2988 sumus.

2161 3022 2552 3081 Crebresceute
2579 3025 2694 3095 ejus
2721 3025 2882 3092 fama,
2931 3023 3148 3080 tandem
3205 3025 3273 3080 ab
3321 3024 3554 3080 Arcadio
3601 3025 3695 3095 qui

2092 3115 2331 3172 Orientis
2372 3117 2655 3187 imperium
2687 3133 2715 3171 a
2746 3117 3054 3173 Theodosio
3086 3128 3307 3186 parente
3342 3119 3690 3172 hmreditario

390 3181 600 3283 quidem
639 3211 736 3265 hoc
765 3181 1082 3282 idem'apud
1124 3208 1330 3264 (ἐνίει-οε
1362 3181 1682 3281 Hermippus
1714 3208 1983 3280 Peripate-
2013 3181 2058 3240 Ο
2087 3209 2212 3277 jure
2262 3181 2612 3277 susceperat,
2665 3211 2731 3262 ad
2766 3181 3142 3278 prwfecturain
3199 3211 3436 3278 praetorii
3491 3212 3691 3264 Dexter

391 3303 541 3366 ticus,
559 3301 851 3374 Antigonus
873 3300 1163 3372 Carystius,
1189 3301 1410 3372 Satyrus
1430 3302 1612 3354 doctus
1640 3301 1739 3365 vir,
1769 3311 1814 3354 et
1835 3301 1988 3372 longe

392 3393 626 3448 omnium
657 3393 987 3448 doctissimus
1022 3393 1362 3446 Aristoxenus
1394 3389 1451 3445 Μ
1458 3393 1631 3446 usicus
1663 3407 1682 3446 :
1711 3390 1854 3463 apud
1886 3390 1989 3443 La-

391 3485 525 3540 tinos
549 3493 721 3540 autem
741 3482 931 3551 Varro,
959 3485 1174 3548 Santra,
1209 3482 1408 3556 Nepos,
1434 3481 1698 3554 Hyginus,
1722 3495 1792 3549 et,
1815 3482 1884 3536 ad
1896 3498 1988 3536 cu-

381 3581 476 3650 jus
499 3593 588 3632 nos
607 3578 901 3647 exemplum
929 3578 1002 3631 vis
1027 3593 1122 3646 pro
1155 3592 1336 3647 orare,
1355 3575 1717 3648 Tranquillus.
1751 3575 1857 3632 Sed
1883 3593 1984 3630 non

395 3687 528 3738 mea,
559 3682 608 3725 ct
646 3671 857 3724 illorum
887 3670 1073 3725 similis
1097 3678 1174 3724 est
1203 3669 1429 3724 conditio
1461 3686 1475 3721 .'
1507 3667 1593 3722 illi
1635 3669 1772 3723 enim
1795 3677 1988 3722 veteres

394 3763 656 3829 historias,
687 3763 1000 3832 annalesque
1048 3763 1381 3832 replicantes,
1425 3771 1699 3833 potuerunt
1740 3760 1888 3831 quasi
1924 3760 1988 3814 de

392 3856 588 3927 ingenti
638 3865 790 3927 prato
838 3871 1052 3927 parram
1082 3853 1319 3924 apusculi
1363 3854 1444 3908 sui
1489 3870 1735 3908 coronam
1767 3865 1984 3907 texere:

393 3963 487 4019 ego
515 3948 639 4018 quid
683 3957 890 4002 acturus
931 3965 1068 4014 sunt,
1095 3948 1188 4018 qui
1228 3945 1432 4002 nullunt
1476 3946 1721 4018 prweiunt
1745 3962 1982 4016 sequens,

395 4040 673 4110 pessimum
701 4041 776 4111 (ut
814 4041 1022 4110 dicitur)
1056 4041 1364 4114 magistrum
1407 4040 1757 4112 ntemctipsum
1788 4040 1988 4095 habeo?

397 4131 725 4204 Quamquam
753 4130 1010 4187 Eusebius
1024 4131 1290 4202 Pamphili
1318 4133 1374 4186 in
1404 4131 1576 4185 decem
1607 4129 1986 4186 Ecclesiastirte

396 4223 629 4278 historite
676 4223 842 4290 libris,
893 4225 1119 4279 maximo
1167 4224 1313 4278 nobis
1361 4224 1662 4296 adjumento
1702 4223 1911 4294 fuerit:
1938 4231 1987 4276 et

389 4314 720 4387 singulorum
743 4317 804 4371 de
830 4317 1017 4388 quibus
1045 4317 1291 4382 scripturi
1307 4333 1483 4370 sumus
1507 4317 1789 4380 volumina,
1812 4327 1988 4370 retutes

391 4419 668 4462 auctorunt
712 4425 923 4463 suorum
967 4425 1105 4478 saepe
1149 4418 1422 4463 testantur.
1481 4409 1667 4478 Itaque
1709 4408 1986 4462 Dominum

390 4497 569 4554 Iesum
595 4499 859 4555 Christum
901 4516 1110 4572 precor,
1155 4510 1208 4554 ut
1247 4501 1384 4571 quod
1414 4499 1592 4556 Cicero
1631 4511 1772 4567 tuus,
1799 4501 1888 4572 qui
1932 4503 1984 4554 in

393 4607 513 4646 arce
543 4591 793 4646 Romana:
819 4593 953 4647 stetit
990 4593 1300 4662 eloquentia:
1349 4611 1451 4648 non
1500 4605 1573 4648 est
1616 4594 1787 4665 facere
1832 4593 1981 4646 dedi-

394 4691 580 4754 gnatus
608 4683 662 4736 in
687 4682 872 4752 Bruto,
903 4694 1165 4738 oratorum
1199 4682 1400 4739 Latina:
1429 4686 1622 4755 lingute
1648 4697 1822 4741 texens
1851 4697 1987 4740 cata-

395 4772 596 4846 logum,
624 4775 680 4830 id
721 4793 815 4848 ego
856 4779 910 4832 itt
950 4777 1197 4832 Ecclesiae
1231 4777 1376 4832 illius
1419 4781 1753 4850 scriptoribus
1781 4796 1988 4834 enume-

396 4869 598 4934 randis,
624 4868 780 4941 digne
803 4868 1160 4925 cohortatione
1198 4881 1286 4925 tua
1322 4870 1587 4940 impleant.
1622 4872 1682 4928 Si
1703 4874 1791 4942 qui
1815 4883 1986 4927 autent

396 4957 460 5013 de
488 4959 570 5014 his
609 4961 698 5026 qui
729 4977 888 5033 usque
919 4962 1073 5016 hodie
1102 4963 1416 5033 scriptitarit,
1445 4981 1476 5017 a
1503 4979 1583 5018 me
1622 4963 1676 5017 in
1719 4965 1814 5017 hoc
1844 4965 1989 5020 uolu-

395 5053 531 5107 mine
569 5055 899 5125 prwtermissi
938 5065 1080 5121 sunt,
1113 5056 1211 5110 sibi
1249 5057 1434 5128 magis,
1463 5074 1620 5128 quant
1659 5055 1786 5112 nti/ti
1812 5057 1992 5112 debent

392 5147 650 5217 imputare
681 5162 698 5200 :
728 5165 887 5219 neque
914 5149 1049 5203 enint
1069 5147 1292 5204 celantes
1313 5150 1502 5222 scripta
1525 5167 1641 5219 sua,
1675 5149 1841 5204 dehis
1875 5166 1991 5220 qua:

397 5255 499 5293 non
527 5239 629 5311 legi
650 5255 800 5294 nosse
827 5241 1008 5310 potui;
1036 5251 1082 5296 et
1117 5241 1256 5312 quod
1287 5241 1404 5294 aliis
1435 5241 1658 5311 forsitan
1688 5243 1755 5296 sit
1791 5252 1990 5306 nolunt,

397 5334 524 5387 mihi
551 5336 608 5387 in
637 5334 731 5388 hoc
763 5345 1019 5389 terrarum
1043 5333 1238 5407 angulo
1263 5336 1416 5406 fuerit
1443 5337 1694 5409 ignotunt.
1715 5334 1861 5391 Certe
1877 5353 1991 5389 cum

396 5425 604 5498 scriptis
650 5426 757 5480 suis
801 5426 1104 5493 claruerint,
1133 5443 1236 5481 non
1269 5443 1582 5498 magnopere
1611 5429 1774 5482 nostri
1802 5428 1996 5483 silentii

397 5517 672 5588 dispendio
701 5519 1059 5590 suspirabunt.
1107 5519 1320 5576 Discant
1351 5537 1475 5591 ergo
1517 5520 1716 5586 Celsus,
1744 5521 1993 5593 Porphy-

397 5615 533 5679 rius,
557 5611 826 5684 Julianus,
849 5613 1020 5668 rabidi
1047 5612 1291 5668 adversus
1305 5611 1573 5668 Christum
1600 5629 1773 5678 canes,
1797 5614 1998 5668 discant

399 5719 582 5758 eorum
622 5715 924 5772 sectatores,
959 5706 1050 5776 qui
1093 5715 1276 5776 putant
1311 5705 1602 5760 Ecclesium
1629 5704 1802 5758 nullos
1831 5704 2002 5775 philo—

401 5798 635 5867 sophos,
699 5805 747 5854 et
809 5799 1136 5869 eloquentes,
1191 5798 1364 5855 nullos
1426 5797 1666 5854 habuisse
1717 5792 1999 5864 Doctores;

2015 4553 2066 4613 D

2091 3307 2312 3354 evectus
2342 3309 2445 3365 est,
2477 3300 2566 3354 cui
2599 3299 2749 3354 nulla
2783 3310 2905 3355 erat
2934 3309 3047 3354 toto
3089 3300 3318 3370 imperio
3349 3298 3583 3370 dignitas
3613 3315 3692 3354 a3-

2089 3391 2284 3462 qualis,
2319 3401 2506 3461 utpote
2536 3393 2678 3448 unde
2708 3393 2908 3448 multos
2952 3391 3019 3446 ad
3046 3407 3304 3448 coronam
3349 3393 3561 3462 imperii
3592 3409 3691 3449 vo-

2089 3493 2238 3540 catos
2287 3499 2357 3539 ex
2408 3483 2648 3541 historiis
2699 3490 2922 3543 scimus.
2952 3487 3072 3554 Quo
3118 3503 3262 3542 anno
3313 3487 3688 3556 praefecturam

2089 3576 2329 3646 prmtorii
2373 3577 2572 3634 Dexter
2617 3581 2842 3648 prtecise
2892 3579 3072 3635 inierit
3125 3597 3232 3634 non
3285 3588 3532 3645 COnStat;
3587 3579 3692 3637 hoc

2091 3684 2251 3722 unum
2277 3677 2456 3724 tamen
2483 3669 2669 3740 liquet,
2695 3686 2840 3726 anno
2866 3669 3068 3726 Christi
3085 3669 3448 3736 Domini403,
3475 3686 3582 3741 quo
3604 3672 3686 3724 vi-

2089 3761 2287 3816 delicet
2322 3761 2379 3817 S.
2433 3763 2797 3834 Hieronymus
2835 3764 3130 3818 secundam
3163 3763 3230 3818 ad
3259 3763 3511 3817 Ruﬁnum
3542 3763 3692 3818 dedit

2087 3853 2430 3924 Apologiatn,
2459 3853 2834 3924 praelecmram
2867 3855 2978 3924 jam
3021 3870 3174 3910 suam
3209 3854 3532 3923 explevisse,
3561 3869 3684 3910 cunt

2089 3956 2268 4000 tamen
2307 3962 2450 4000 anno
2480 3946 2574 4002 illo
2601 3947 2707 4004 595
2737 3963 2842 4018 quo
2873 3948 3175 4018 catalogum
3208 3949 3531 4016 scriptorum
3565 3962 3688 4017 per-

2089 4037 2235 4106 fecit,
2270 4039 2512 4094 uondum
2543 4038 2610 4093 ad
2633 4055 2750 4094 eam
2783 4040 3157 4096 ascendisset;
3186 4040 3239 4094 in
3271 4039 3516 4109 cataIOgo
3538 4040 3682 4094 enim

2085 4131 2178 4187 illo
2206 4146 2314 4186 non
2346 4149 2410 4186 eo
2443 4130 2599 4186 titulo
2629 4148 2658 4186 a
2690 4132 3020 4204 Hieronymo
3067 4131 3388 4197 honoratur,
3422 4135 3515 4186 sed
3545 4133 3682 4186 sitn-

2090 4223 2211 4291 plici
2234 4239 2361 4278 usus
2389 4233 2471 4279 est
2495 4224 2714 4278 nomine
2743 4242 2756 4278 :
2789 4223 3132 4294 Hieronymus
3160 4223 3378 4279 Dextro.
3417 4223 3679 4288 Hortaris,

2086 4313 2296 4369 Dexter.
2345 4315 2402 4369 In
2435 4315 2691 4387 Apologia
2722 4331 2873 4381 vero,
2916 4318 3049 4370 Ante
3089 4317 3427 4382 decennium,
3472 4316 3682 4386 inquit,

2086 4424 2202 4461 cum
2233 4407 2420 4462 Dexter
2441 4409 2634 4464 amicus
2663 4426 2826 4474 meus,
2856 4409 2941 4478 qui
2963 4409 3324 4478 prcefecturam
3349 4410 3687 4463 administra-

2089 4503 2157 4556 rit
2187 4504 2437 4572 prtetorii,
2469 4521 2546 4557 me
2576 4510 2823 4574 rogasset,
2857 4510 2913 4553 ut
2950 4512 3223 4554 auctorum
3264 4510 3452 4556 nostra:
3478 4501 3688 4572 religio-

2091 4595 2170 4648 nis
2199 4595 2247 4650 ei
2291 4595 2513 4647 indicent
2545 4604 2784 4649 texerant.
2825 4592 3126 4662 'l‘rigesimo
3155 4592 3329 4664 (reor)
3367 4595 3542 4648 aetatis
3572 4608 3685 4647 suae

2090 4700 2232 4738 anno
2264 4684 2501 4754 prtetorii
2533 4685 2819 4753 pratfectus
2844 4682 3016 4736 factus
3039 4682 3136 4735 fuit
3167 4699 3182 4737 :
3214 4691 3268 4736 et
3298 4682 3368 4736 55
3389 4681 3501 4752 jam
3542 4698 3684 4752 pra:-

2089 4777 2300 4832 fectnra
2343 4774 2660 4845 perfunctus
2705 4781 2990 4844 tantopere
3020 4774 3403 4846 Hieronymum
3437 4775 3686 4830 familiari

2089 4868 2361 4938 colloquio
2390 4877 2444 4923 et
2464 4866 2683 4937 scriptis
2709 4879 3064 4937 convenerat,
3099 4877 3159 4925 ut
3190 4869 3258 4924 ab
3285 4869 3404 4939 ipso
3433 4868 3588 4923 amici
3619 4868 3685 4924 ti-

2091 4964 2261 5019 tulum
2289 4963 2567 5017 meruerit.

2164 5055 2346 5110 Rebus
2387 5054 2624 5124 prtetorii
2669 5054 2900 5110 feliciter
2944 5053 3352 5119 administratis,
3400 5065 3454 5111 et
3505 5056 3686 5112 multis

2093 5149 2249 5203 annis
2281 5149 2332 5202 in
2363 5147 2583 5203 servitio
2628 5149 2990 5216 Augustorum
3041 5149 3282 5220 Arcadii,
3331 5158 3385 5205 et
3437 5149 3682 5216 ΙΙοειυι·ἱί,

2093 5254 2157 5293 ac
2180 5238 2416 5308 junioris
2438 5238 2727 5294 Theodosii
2749 5240 3033 5304 conlectis,
3067 5241 3281 5296 tandem
3310 5241 3379 5297 de
3405 5257 3592 5297 eorum
3627 5242 3689 5296 li—

2095 5333 2269 5387 centia
2299 5330 2604 5402 ittjpatt-iatn
2634 5333 2956 5399 revertitur;
2985 5334 3074 5388 ubi
3100 5343 3277 5390 tamen
3307 5335 3489 5403 quiete
3506 5345 3686 5405 optata

2101 5442 2206 5480 non
2233 5424 2328 5480 diu
2357 5425 2514 5495 potiri
2541 5425 2724 5481 datum
2755 5425 2875 5492 fuit,
2910 5442 3031 5480 nant
3059 5426 3126 5482 ad
3150 5427 3386 5497 regimen
3415 5429 3691 5484 Toletana:

2105 5517 2612 5588 urbis-assumptus,
2643 5518 2890 5573 nonnihil
2912 5517 3092 5574 studia
3121 5529 3295 5590 empta
3325 5520 3689 5576 intermittere

2102 5621 2326 5668 coactus
2355 5621 2458 5667 est.
2491 5610 2561 5666 At
2585 5601 2689 5668 nec
2729 5612 2807 5667 sic
2836 5613 3057 5666 omnino
3099 5612 3167 5666 ab
3194 5613 3306 5667 illis
3331 5612 3558 5677 destitit,
3595 5611 3691 5666 sed

2105 5718 2204 5774 pro
2226 5702 2490 5772 temporis
2511 5703 2936 5773 opportunitate,
2964 5703 3184 5773 antiqua
3205 5703 3379 5757 Toleti
3397 5701 3687 5757 Tabularia

2109 5794 2334 5850 scrutari
2367 5793 2509 5865 (qua:
2543 5795 2644 5852 sibi
2677 5793 2969 5852 admodum
3007 5794 3244 5864 proﬁcua
3273 5791 3440 5854 fuisse
3471 5793 3691 5865 fatetur)
