4166 6178
452 245 520 302 59
1348 243 1642 304 FLM’IUS
1683 243 1930 305 LUCIUS
1973 246 2257 305 DEXTER
2295 250 2830 309 CHRONOLOGUS.
3680 255 3754 316 20

451 372 504 418 et
535 360 754 418 biennio
783 367 895 416 toto
926 358 1057 416 illud
1085 374 1198 415 suae
1229 359 1415 429 patria:
1445 360 1767 419 beneﬁcium
1799 361 2046 417 conferre
2075 363 2124 424 Α
2154 361 2222 418 ita
2276 364 2417 436 quod
2463 365 2514 420 in
2568 366 2818 424 Gallmcia
2851 366 3152 425 Suevornm
3194 384 3288 425 rex
3329 371 3586 437 Rechila,
3620 373 3755 428 Iler-

454 466 682 512 conatus
710 466 815 521 est,
839 466 895 510 ut
928 456 1070 509 inter
1098 454 1535 509 Barcinonenses
1573 465 1627 510 et
1652 454 1947 510 Toletanos
1973 456 2052 509 itt-

458 552 584 604 titna
627 565 691 603 ac
731 548 1012 603 familiaris
1058 548 1404 604 necessitudo
1430 548 1870 619 contraheretur,
1903 549 2057 621 cujus

460 645 539 700 rei
572 642 820 713 perhibet
847 644 963 713 ipse
992 640 1362 697 testimonium
1390 642 1442 696 in
1470 642 1742 697 Chronico
1769 642 2017 711 inquiens
2041 660 2055 697 :

464 736 694 791 Maxima
711 735 1083 790 Toletanorum
1105 752 1223 790 cum
1239 732 1316 787 Ba
1325 734 1717 789 rcinoneusibus
1733 733 2058 790 necessitudo

460 826 808 893 contrahitur,
835 843 897 881 ea:
930 843 1035 897 quo
1062 809 1315 881 civitatem
1337 822 1481 880 illam
1508 811 1602 897 ego
1632 824 1824 882 Dexter
1854 828 2060 882 biennio

460 920 606 984 rexi;
633 933 679 974 et
707 920 758 973 in
789 918 1063 973 tabulariis
1095 920 1208 989 ejus
1236 917 1378 973 urbis
1418 916 1582 974 multa
1624 918 1757 973 scitu
1793 919 1953 993 digna
1980 935 2063 974 re-

462 1014 659 1080 perisse
688 1026 766 1066 me
796 1014 982 1083 fateor.

538 1105 667 1159 Inde
691 1106 909 1159 domum
936 1104 1151 1159 rediens
1172 1102 1496 1160 omnimoda:
1509 1101 1713 1159 Histori
1731 1120 1760 1157 ιι
1785 1104 1946 1160 fian
1964 1105 2064 1159 im-

460 1199 642 1271 posuit
666 1214 808 1253 anno
824 1198 1019 1253 Christi
1035 1198 1161 1262 430,
1182 1199 1358 1251 aetatis
1372 1213 1498 1252 vero
1512 1211 1621 1251 sure
1641 1196 1730 1264 69.,
1747 1210 1974 1268 eamque
1997 1197 2060 1252 D.

462 1289 794 1362 Hieronymo
807 1288 1276 1345 dicavitac‘tnis‘t:
1294 1287 1386 1359 qui
1401 1297 1580 1344 tamen
1596 1296 1723 1343 ante
1746 1302 1948 1359 paucos
1969 1303 2063 1341 aue

466 1400 567 1441 nos
588 1386 751 1439 vitam
777 1384 1055 1440 meliorem
1081 1384 1309 1437 sortitus
1329 1381 1468 1453 apud
1495 1382 1566 1438 Su
1577 1396 1737 1453 peros
1760 1382 1926 1437 fuerat
1949 1398 1964 1447 ;
1986 1388 2067 1437 ta-

467 1479 625 1534 metsi
648 1479 763 1547 ejus
794 1479 871 1533 rei
900 1478 950 1532 in
974 1477 1262 1547 Hispanias
1284 1474 1422 1530 fama
1441 1475 1677 1531 nondum
1703 1482 2023 1545 pervenerat
2049 1491 2065 1532 :

471 1589 593 1627 nam
646 1584 693 1626 et
727 1570 926 1626 ldatius
956 1570 1071 1641 ejus
1104 1568 1364 1639 temporis
1417 1570 1468 1621 in
1502 1568 1763 1637 Hispania
1811 1567 2067 1636 scriptor,

469 1680 611 1720 anno
636 1664 846 1720 Domini
871 1663 977 1718 455
994 1659 1179 1715 scribit
1208 1678 1219 1713 :
1249 1659 1364 1723 Quo
1384 1669 1607 1725 tempore
1631 1656 1691 1713 S.
1722 1655 2071 1727 Hieronymus

2161 458 2419 512 tncncrici
2473 474 2778 526 successor,
2842 461 3268 517 dominationem
3322 478 3650 533 exerct'ret;
3704 472 3757 520 et

2160 562 2327 616 super
2356 548 2565 603 Gothos
2614 550 3032 616 Theodoretltts,
3084 553 3278 608 tertius
3307 554 3376 608 ab
3408 544 3625 611 Ataulfo
3658 570 3746 611 rc-

2159 648 2375 710 gnaret,
2407 642 2715 714 multasque
2750 638 3025 711 [Iisiiauise
3057 647 3371 714 provincias
3411 645 3712 716 possiderct
3741 662 3757 713 ;

2165 732 2407 788 nondum
2460 742 2641 789 tamen
2694 734 2817 789 ἰςςιιιε
2870 734 3095 789 Romani
3158 752 3551 808 usquequaque
3601 734 3761 808 eiecti

2164 833 2344 890 ciant,
2373 835 2428 880 et
2457 841 2585 896 spes
2617 836 2759 882 totas
2800 818 3157 893 recuperandi
3213 828 3446 884 necdum
3503 830 3706 885 atnis~a
3739 848 3752 884 :

2162 935 2332 989 quare
2362 920 2586 976 ultimus
2642 922 2718 976 rei
2778 920 3205 991 exspectabatur
3230 930 3480 988 eventus,
3516 921 3765 978 historia:

2165 1012 2657 1067 commendandus.
2714 1012 2876 1068 Anno
2929 1015 3047 1086 ipso
3096 1012 3205 1069 MO
3248 1015 3493 1083 (auctore
3544 1015 3763 1089 Idalio),

2165 1104 2415 1161 Asturitts
2440 1106 2718 1177 utriusque
2746 1102 2951 1161 militia:
2974 1107 3103 1173 dux,
3132 1107 3199 1160 ad
3230 1107 3515 1174 lliSpanias
3542 1108 3763 1173 missus,

2168 1194 2662 1252 Tarraconensium
2708 1197 2871 1253 caedit
2928 1197 3378 1265 multitudinem;
3452 1214 3597 1253 anno
3670 1214 3762 1254 se-

2170 1291 2359 1361 quenti
2416 1300 2630 1346 cometa
2684 1306 2951 1363 apparere
2995 1291 3162 1362 coepit
3215 1307 3401 1347 mense
3458 1293 3767 1363 Decembri,

2170 1383 2599 1454 subsequentem
2660 1384 3021 1454 pe~tilenti:e,
3055 1395 3113 1442 et
3163 1395 3461 1458 prmsentes
3496 1388 3764 1443 bellorum

2173 1476 2362 1546 plagas
2405 1477 2758 1544 portendens.
2788 1479 3012 1535 Asturio
3042 1494 3329 1535 successor
3351 1478 3510 1536 datus
3540 1490 3621 1533 est
3655 1480 3763 1535 ble-

2175 1567 2437 1623 robaudis
2494 1570 2774 1636 utriusque
2823 1571 3032 1626 militiae
3082 1572 3214 1636 dux,
3277 1583 3405 1627 natu
3457 1572 3675 1638 nobilis,
3708 1584 3763 1627 et

2176 1660 2504 1731 eloqtteutite
2543 1663 2763 1725 merito,
2810 1664 2893 1717 vel
2928 1666 3164 1718 maxime
3194 1665 3245 1719 in
3296 1667 3562 1734 poematis
3591 1664 3772 1719 studio

469 1759 669 1823 abierit,
700 1754 1034 1826 refrt-entiam
1056 1767 1226 1807 sermo
1254 1768 1356 1805 non
1385 1747 1564 1804 edidit.
1595 1748 1766 1805 Morte
1794 1748 1956 1819 igitur
1985 1748 2064 1816 ip-
2097 1751 2146 1811 B
2174 1750 2455 1806 veteribus
2485 1752 2913 1822 comparandus,
2955 1763 3183 1825 utroque
3215 1756 3393 1822 titu'o,
3419 1756 3621 1811 Dextro
3652 1772 3773 1825 per-

448 1850 583 1904 ‘sius
609 1844 958 1918 postmodum
986 1854 1292 1913 comperta,
1322 1859 1444 1898 cum
1472 1840 1609 1897 liber
1655 1843 1772 1911 ipse
1825 1840 1891 1895 ad
1923 1840 2065 1910 ejus,

472 1950 659 2011 utpote
687 1938 952 2002 defuncti,
1003 1952 1195 1991 manus
1249 1936 1539 2005 pervenire
1579 1949 1684 1989 non
1735 1940 1936 2000 posset,
1981 1933 2064 1986 al-

475 2044 646 2089 teram
678 2032 726 2086 ei
758 2029 962 2085 Dexter
988 2025 1281 2097 imposuit:
1331 2027 1630 2096 multi~que
1659 2026 1794 2079 locis
1826 2023 2068 2094 locuple-

472 2125 603 2178 tavit
632 2131 687 2178 et
714 2120 886 2187 auxit,
922 2135 1045 2175 nam
1078 2131 1131 2176 et
1167 2118 1481 2190 Hieronymi
1514 2129 1745 2172 mortem
1775 2118 1829 2171 in
1860 2129 1927 2170 eo
1972 2130 2069 2169 an-

476 2226 696 2272 notasse
716 2224 927 2270 constat
955 2213 1020 2268 ad
1043 2229 1242 2268 annum
1277 2213 1487 2267 Domini
1514 2208 1644 2272 4:76,
1670 2217 1728 2264 et
1751 2211 1821 2263 ita
1847 2207 2067 2262 tandem

469 2311 647 2364 amico
675 2318 728 2362 et
749 2307 1159 2376 consanguineo
1187 2319 1290 2360 suo
1319 2302 1489 2359 Paulo
1518 2300 1715 2357 Orosio
1759 2299 2066 2355 Chronicon

474 2414 692 2459 auctum
718 2402 919 2458 dicavit
942 2420 955 2453 :
978 2416 1102 2456 cum
1128 2400 1371 2455 ultimam
1395 2398 1444 2453 ei
1476 2396 1825 2467 imposuisset
1850 2408 2067 2448 manum

473 2514 618 2554 anno
635 2497 839 2553 Christi
864 2496 988 2558 ΗΟ.
1016 2505 1273 2550 currente
1296 2509 1405 2547 aera
1429 2489 1664 2546 Cmsaris
1687 2491 1813 2556 478,
1840 2504 1867 2541 a
1896 2487 2070 2541 Roma

473 2604 608 2645 vero
661 2588 878 2641 condita
910 2601 1054 2639 anno
1098 2584 1258 2650 119i,
1288 2586 1464 2637 a-tatis
1486 2597 1598 2636 sua:
1631 2581 1720 2647 τέ,
1774 2579 1881 2649 jam
1937 2576 2073 2633 inci-

478 2681 659 2751 piente
685 2678 983 2748 decrepita,
1016 2685 1074 2730 ttt
1104 2678 1222 2747 ipse
1267 2676 1318 2730 in
1362 2675 1515 2730 calce
1567 2672 1821 2727 Chronici
1855 2671 2068 2725 asserit.

477 2771 617 2840 Quid
667 2781 849 2824 autem
908 2770 960 2823 in
989 2782 1156 2823 causa
1186 2764 1371 2833 fuerit,
1403 2775 1461 2820 ut
1490 2781 1611 2821 cum
1644 2764 1694 2820 ei
1727 2762 2076 2832 suscripserit

475 2877 623 2918 anno
650 2863 779 2924 440,
810 2861 1096 2916 historiam
1126 2858 1485 2913 nihilominus
1514 2854 1890 2912 terminaverit
1928 2868 2073 2907 anno

481 2953 609 3020 450,
643 2965 698 3010 et
734 2960 901 3006 totum
959 2950 1283 3006 decennium
1333 2949 1553 3004 silentio
1604 2946 1914 3008 involverit,
1960 2946 2074 3015 ipse

480 3061 593 3100 non
622 3043 896 3114 explicat:
932 3042 1191 3099 existimo
1238 3052 1418 3097 autem
1466 3041 1627 3095 etiam
1660 3040 1713 3094 in
1745 3036 1855 3094 hoc
1880 3038 2067 3093 Hiero-

2175 1842 2545 1897 necessarius.
2598 1842 2824 1897 Detnom
2860 1860 3006 1898 anno
3033 1842 3141 1899 444
3170 1846 3528 1901 Sebastianus
3560 1847 3767 1902 militia:

2169 1935 2304 1998 dux.
2358 1935 2833 2005 Constantinopoli
2883 1935 3007 2003 fuga
3061 1938 3263 2006 lapsus.
3314 1946 3371 1993 et
3416 1938 3483 1992 ad
3514 1937 3770 1994 Theudo-

2176 2028 2365 2084 rcdum
2398 2027 2699 2085 Gothorum
2745 2044 2930 2100 regem
2972 2029 3219 2098 veniens,
3246 2030 3612 2099 conquisitam
3644 2032 3773 2094 sibi.

2170 2137 2273 2191 qua
2305 2122 2501 2192 potuit,
2557 2120 2927 2177 Bat'cinuttetn
2976 2121 3155 2181 hostis
3203 2124 3528 2195 ingreditur.
3562 2125 3777 2181 Interea

2174 2214 2394 2279 Dexter,
2451 2228 2557 2270 non
2609 2216 2789 2269 minus
2822 2215 3012 2285 patrias
3061 2215 3461 2272 calamitatibus
3509 2230 3774 2289 perttrsus

2171 2323 2332 2379 quam
2355 2310 2528 2375 senio,
2560 2319 2612 2363 et
2645 2308 2919 2363 laboribus
2947 2309 3246 2374 confectus,
3280 2310 3346 2363 ab
3378 2310 3480 2366 hac
3510 2312 3629 2366 luce
3653 2328 3773 2366 ere-

2173 2407 2296 2468 ptus
2324 2408 2436 2462 est;
2461 2400 2603 2470 quod
2625 2399 2742 2467 ejus
2763 2401 3113 2454 continuttor
3140 2400 3208 2454 Μ.
3242 2400 3513 2456 Maximus
3542 2412 3771 2457 testatur

2174 2490 2469 2558 inquit-ns:
2504 2489 2639 2543 Αἶγα
2686 2489 2818 2544 Caes.
2865 2491 2988 2555 689.,
3044 2508 3183 2544 anno
3240 2508 3358 2546 vero
3399 2491 3596 2547 Christi
3655 2491 3765 2546 Do-

2173 2584 2305 2638 mini
2350 2581 2480 2638 Mi.
2511 2581 2560 2635 F
2567 2583 2604 2636 Ι.
2636 2581 2832 2637 Lucius
2870 2583 3063 2637 Dexter
3090 2601 3217 2649 pene
3240 2586 3530 2656 decrepitus
3562 2586 3685 2640 obiit
3710 2588 3776 2643 10

2174 2671 2418 2729 kalendas
2439 2672 2477 2728 Ι
2482 2673 2575 2728 alii
2596 2673 2891 2729 Barcinone
2912 2692 2931 2741 ;
2960 2677 3037 2729 vir
3058 2676 3213 2748 plane
3232 2676 3437 2739 doctus,
3470 2676 3698 2748 prudens
3725 2686 3775 2732 et

2177 2768 2293 2837 pius
2318 2783 2337 2820 :
2366 2782 2433 2821 eo
2463 2776 2619 2821 certe
2648 2767 2834 2822 multis
2866 2767 3259 2836 praferendus,
3283 2765 3423 2834 quod
3460 2766 3624 2821 multa
3656 2783 3777 2840 qua:

2177 2856 2244 2910 ad
2282 2856 2542 2911 Ecclesia:
2572 2857 2897 2911 universalis
2927 2856 3153 2926 gloriam
3177 2867 3452 2923 Spectant,
3478 2859 3626 2914 solus
3656 2859 3777 2930 ipse

2180 2948 2383 3014 scripto
2439 2947 2716 3001 Chronico
2768 2950 3001 3012 posteris
3060 2947 3335 3017 patefecit,
3393 2959 3447 3003 et
3505 2950 3556 3003 in
3606 2948 3775 3005 rebus

2184 3037 2457 3109 Hispania:
2490 3038 2677 3109 patriar
2706 3053 2818 3093 sum
2850 3037 3214 3094 dilucidandis
3236 3038 3356 3108 plus
3381 3039 3593 3095 cmteris
3616 3039 3774 3095 labo-

480 3152 701 3209 nymum
733 3134 935 3191 intitarl
963 3134 1223 3200 Voluisse,
1257 3133 1346 3202 qui
1374 3133 1442 3186 ab
1470 3130 1658 3189 ultima
1711 3131 1920 3205 pariter
1969 3130 2069 3184 de-
2096 3128 2142 3189 C
2173 3132 2337 3188 ravit.
2387 3131 2597 3186 Flornit
2652 3131 2816 3186 etiam
2868 3130 2923 3186 in
2981 3130 3221 3195 Poetica,
3260 3143 3316 3185 ttt
3357 3130 3561 3186 indicat
3602 3130 3776 3203 epita-

482 3228 694 3283 cennali
724 3225 949 3283 historia
981 3227 1032 3281 itt
1064 3224 1339 3281 Chronico
1367 3238 1468 3279 suo
1490 3222 1754 3279 abstinuit
1780 3238 1794 3276 :
1818 3223 2075 3290 quoniam

483 3335 543 3373 eo
564 3319 671 3389 ﬁne
698 3326 969 3371 contentus
1001 3318 1099 3387 (ait
1130 3316 1246 3386 ille)
1279 3314 1536 3382 reliquum
1558 3312 1804 3380 temporis
1831 3311 2075 3366 Gratiani

482 3419 530 3465 et
560 3409 839 3464 Theodosii
859 3408 1064 3462 latioris
1091 3408 1323 3462 historice
1349 3407 1483 3477 stylo
1508 3404 1765 3462 reservavi
1788 3422 1807 3459 :
1839 3419 1941 3457 non
1976 3420 2075 3473 quo

482 3500 549 3554 de
575 3500 697 3554 vivis
736 3499 995 3553 timuerim
1038 3497 1196 3552 libere
1241 3505 1290 3551 et
1320 3512 1434 3551 vere
1460 3496 1704 3559 scribere,
1732 3497 1887 3549 timor
1937 3497 2074 3548 enim

478 3590 577 3646 Dei
603 3589 871 3644 hominum
921 3589 1154 3643 tintorem
1182 3587 1415 3660 expellit,
1445 3587 1535 3641 sed
1579 3587 1825 3658 quoniam
1873 3583 2076 3640 debac-

481 3682 750 3739 chantib'us
780 3681 950 3736 adhuc
977 3682 1029 3735 in
1057 3687 1234 3735 nostra
1264 3678 1537 3743 Barbarie,
1565 3679 1763 3733 incerta
1797 3686 1916 3731 sunt
1957 3693 2073 3730 om-

479 3777 589 3831 nia.
621 3775 713 3833 Sic
742 3787 966 3845 prorsus
993 3772 1060 3827 de
1094 3772 1292 3827 Dextro
1340 3769 1695 3837 credendum,
1750 3770 1837 3838 qui
1874 3767 2074 3823 debac-

478 3864 703 3928 chantes
734 3870 1006 3925 Barbaros
1036 3868 1302 3933 nationes,
1331 3867 1614 3931 nimirum,
1644 3864 1871 3926 Alanos.
1905 3862 2073 3918 Wan-

478 3966 656 4031 dalos,
687 3962 906 4019 Suewts
936 3972 993 4017 et
1029 3963 1262 4025 Gothos,
1315 3958 1542 4013 suismet
1568 3956 1740 4012 oculis
1767 3957 1818 4009 itt
1850 3953 2069 4010 exitium

480 4055 757 4126 llispanize
796 4054 1120 4123 conspexit;
1164 4064 1394 4122 quorum
1427 4048 1653 4105 historia
1702 4046 1880 4102 latiori
1927 4046 2071 4119 ston

484 4148 776 4206 scribenda
804 4157 945 4213 erat,
979 4162 1143 4217 quatn
1169 4142 1487 4200 Chronicon
1518 4148 1812 4213 pateretur,
1870 4152 1923 4196 et
1979 4139 2071 4195 de-

481 4240 877 4300 bacchantibus
907 4238 1086 4294 adhuc
1103 4238 1156 4292 in
1184 4247 1366 4291 noStra
1388 4234 1662 4303 Barbarie,
1690 4234 1892 4289 incerta
1917 4245 2071 4289 erant

482 4336 686 4393 omnia.
722 4337 853 4391 Nam
882 4334 1095 4389 tametsi
1125 4332 1193 4387 ab
1222 4344 1365 4386 anno
1394 4327 1598 4385 ChrISti
1647 4328 1753 4386 409
1787 4326 2071 4398 lliSpanias

480 4431 798 4496 intrassent,
857 4428 1111 4500 ipsasque
1164 4420 1387 4479 Barbari
1439 4421 1581 4479 inter
1627 4435 1689 4478 se
1733 4420 2065 4489 divisissent,

2184 3226 2391 3298 phium,
2440 3223 2582 3295 quod
2640 3225 2891 3296 sepulcro
2938 3225 3136 3280 Ataulli
3190 3227 3333 3295 regis
3389 3227 3664 3295 apposuit,
3716 3232 3773 3281 et

2182 3318 2442 3372 marmori
2489 3316 2652 3371 incidi
2701 3318 2930 3383 curavit,
2993 3327 3148 3384 prout
3208 3315 3484 3385 hodieque
3517 3331 3584 3371 ex
3620 3326 3771 3386 parte

2182 3411 2374 3463 visitur
2399 3410 2744 3474 Barcinone;
2780 3410 2923 3466 unde
2973 3425 3002 3463 a
3037 3409 3248 3475 Vaszro,
3294 3408 3522 3474 Morale,
3571 3408 3770 3480 Nonio,

2179 3499 2415 3555 Puiades
2449 3501 2783 3569 exscriptutn
2816 3510 2898 3556 est
2934 3520 2946 3553 :
2983 3511 3039 3554 ut
3069 3500 3138 3555 ab
3168 3501 3285 3569 ipso
3320 3502 3518 3557 Dextro
3546 3502 3612 3557 ad
3657 3503 3771 3558 cal-

2178 3609 2298 3651 cem
2324 3593 2581 3649 Chronici
2618 3594 2857 3665 ponitur.
2884 3593 3055 3650 Porro
3084 3593 3395 3649 Chronicon
3426 3594 3598 3666 ipsum
3628 3593 3770 3667 quod

2178 3703 2208 3743 a
2237 3687 2430 3743 multis
2462 3688 2623 3743 annis
2664 3688 2913 3753 latuerat,
2955 3704 3019 3744 ex
3050 3694 3201 3758 parte
3234 3698 3510 3759 repertam
3543 3698 3650 3754 est,
3693 3691 3776 3743 vi-

2177 3778 2382 3834 delicet
2411 3793 2439 3831 a
2474 3790 2603 3832 nato
2636 3777 2868 3833 Domino
2900 3794 3069 3848 usque
3126 3778 3194 3834 ad
3225 3779 3409 3847 finem,
3439 3794 3561 3833 cum
3594 3788 3774 3835 tamen

2176 3886 2247 3926 ex
2276 3870 2504 3942 prologo
2535 3870 2786 3927 Auctoris
2806 3879 3040 3939 constet,
3075 3871 3143 3925 ah
3170 3872 3303 3927 orbe
3330 3871 3553 3927 condito
3576 3872 3769 3928 initum

2176 3963 2347 4018 fuisse
2390 3978 2563 4030 usque
2609 3961 2677 4017 ad
2729 3978 2927 4017 annum
2976 3961 3189 4017 Domini
3234 3963 3338 4018 450
3395 3962 3554 4018 Prior
3584 3978 3708 4034 pars
3740 3980 3767 4016 a

2176 4057 2353 4127 capite
2387 4071 2557 4124 usque
2595 4055 2662 4109 ad
2689 4055 2893 4110 Christi
2934 4056 3168 4112 natalem
3212 4055 3388 4111 adhuc
3433 4071 3555 4110 cum
3614 4053 3773 4110 tineis

2175 4148 2229 4203 in
2280 4147 2657 4217 pulverulento
2688 4146 2919 4217 alicujus
2942 4146 3289 4202 bibliotheca:
3311 4146 3511 4219 angulo
3569 4146 3770 4202 bellum

2174 4241 2333 4311 gerit.
2368 4239 2525 4295 Faxit
2567 4239 2709 4296 Deus
2735 4251 2796 4295 ut
2844 4240 3171 4312 quandoque
3226 4240 3404 4298 lucem
3433 4239 3639 4309 videat,
3687 4237 3773 4294 ad‘
3852 4312 3855 4315 Α

2177 4330 2439 4403 majorem
2463 4331 2548 4387 sui
2578 4331 2831 4403 gloriam.

478 4580 3738 4612 Μ

476 4809 482 4814 ,
578 4716 1095 4807 SELECTA
1145 4708 1735 4803 VETERUM
1784 4712 2497 4799 TESTIMONIA
2545 4716 2706 4801 DE
2759 4720 2930 4803 FL.
2984 4720 3086 4840 Lg
3139 4715 3673 4803 DEXTRO.

1036 4996 1093 5052 S.
1137 4993 1508 5051 Ηιειιοιωιυε.

546 5095 608 5151 In
637 5093 778 5151 libro
816 5090 885 5147 de
917 5086 1322 5145 Ecclesiasticis
1355 5081 1728 5152 Scriptor-ibus
1755 5123 1770 5149 ,
1822 5096 1962 5153 pene
2000 5083 2068 5140 ad

475 5189 681 5245 ﬁnem:
716 5183 907 5239 Dexter
941 5179 1159 5235 Paciani
1182 5222 1196 5245 ,
1249 5178 1313 5231 de
1350 5192 1448 5246 quo
1487 5192 1644 5247 supra
1682 5175 1795 5229 dixi
1818 5216 1834 5242 ,
1881 5175 2021 5247 ﬁlius
2046 5219 2061 5242 ,

475 5280 650 5337 clarus
680 5276 822 5350 apud
848 5274 1097 5331 sarculum
1120 5314 1137 5338 ,
1180 5279 1230 5327 et
1256 5269 1450 5326 Christi
1477 5269 1598 5340 ﬁdei
1624 5269 1828 5325 deditus
1851 5312 1867 5336 ,
1899 5269 2065 5339 fertur

474 5376 544 5428 ad
572 5389 651 5426 me
680 5367 1027 5424 ontnimodam
1049 5362 1345 5418 Historiam
1376 5363 1597 5418 texuisse
1618 5404 1633 5428 ,
1660 5379 1815 5433 quam
1844 5362 2064 5418 necdum

474 5467 601 5538 legi.
634 5463 710 5518 De
735 5460 976 5516 Paciano
1013 5465 1193 5511 autem
1232 5455 1447 5510 dixerat
1492 5474 1505 5508 :
1555 5453 1819 5511 Pacianus
1860 5456 1913 5510 in
1952 5453 2056 5528 Py-

472 5559 635 5616 remri
654 5556 804 5630 jugis
830 5552 1123 5608 Barcilonte
1147 5551 1421 5622 episcopus
1442 5593 1456 5617 ,
1489 5552 1727 5603 castitate
1752 5561 1796 5603 et
1821 5551 2064 5620 eloquen-

476 5653 547 5705 tia
572 5694 587 5718 ,
630 5664 676 5706 et
708 5664 814 5703 tam
852 5647 954 5700 vita
994 5661 1150 5717 quam
1180 5658 1415 5696 sermone
1442 5640 1614 5695 clarus
1638 5684 1653 5707 ,
1682 5643 1891 5711 scripsit
1920 5647 2064 5695 varia

470 5743 743 5814 opuscula.
770 5739 973 5800 Omitto
998 5735 1285 5811 epistolam
1320 5734 1774 5807 nuncupatoriam
1815 5734 2058 5810 ejusdem

2095 4993 2149 5055 D
2176 4990 2322 5058 libri,
2347 5007 2509 5064 quam
2531 5003 2692 5059 supra
2717 4986 2968 5059 apposui.
2995 4985 3051 5042 In
3072 4984 3335 5058 Apologia
3360 4998 3397 5040 tt
3422 4982 3489 5040 ad
3511 4981 3765 5039 Rufinum

2171 5101 2292 5157 cap.
2321 5084 2355 5141 6
2379 5104 2393 5139 :
2418 5084 2549 5138 Ante
2563 5081 2866 5137 decennium
2888 5079 3006 5152 (ait)
3028 5097 3144 5135 cum
3167 5075 3362 5133 Dexter
3382 5077 3579 5131 amicus
3601 5064 3769 5142 meus,

2171 5180 2260 5252 qui
2295 5176 2670 5250 Prtefecturam
2699 5175 3079 5256 administrauit
3109 5171 3374 5236 Prwtorii,
3407 5187 3489 5226 me
3512 5179 3762 5243 rogasset,

2171 5282 2229 5327 ut
2256 5280 2531 5325 auctorum
2564 5279 2750 5325 nostra:
2776 5269 3036 5341 religionis
3064 5266 3109 5321 ti
3135 5267 3359 5321 indicem
3382 5274 3630 5320 (exerent.

2172 5403 2504 5462 Sorunoutus
2527 5402 2749 5459 Grtecns
2771 5401 3023 5471 scriptor,
3054 5397 3399 5472 synehronos
3426 5395 3760 5467 Hieronymi.

2242 5521 2449 5596 Διξτρφῖ
2477 5526 2717 5596 limare?)
2734 5563 2749 5587 ,
2778 5521 2898 5595 περὶ
2925 5516 2985 5574 οὗ
3018 5519 3321 5596 προεὶρηξεα,
3362 5516 3492 5596 uitii.
3520 5516 3766 5596 λαμπρὸς·

2173 5594 2222 5667 is
2250 5600 2313 5667 τῇ
2337 5585 2678 5667 τέολιτείᾳᾼκαί
2803 5585 2895 5667 rei:
2935 5585 3179 5666 Χρισίτοῖί
3199 5589 3372 5667 uiaret
3400 5585 3729 5667 ἐκδεδομένὸε
3746 5610 3769 5650 .-

2170 5651 2373 5741 Mysi-att
2396 5651 2723 5741 πανῖόᾷαπήν
2749 5651 2889 5741 ’πρὸς
2918 5651 2990 5733 με’
3013 5659 3391 5731 συντεταχέναι
3415 5651 3671 5739 ἱστορίαν,
3701 5658 3761 5721 ἣν

2169 5731 2286 5795 Tum
2315 5731 2461 5791 οὔπω
2489 5734 2728 5813 ἀνέγνων.
2742 5776 2756 5788 .
