4166 6178
437 255 502 311 2i
1144 254 1456 313 SELECTA
1500 254 1832 312 VETERUM
1870 254 2292 313 TESTIMONIA
2330 255 2420 311 DE
2462 254 2571 313 FL.
2615 256 2679 313 L.
2721 258 3026 315 DEXTRO.
3295 259 3304 264 ’
3666 261 3738 317 22

444 356 449 363 “
474 364 549 426 Η.
576 364 826 448 Marinus
854 415 868 440 ,
905 372 1746 448 episcopusCmearaugustauus
1767 417 1790 448 ,_
1814 372 2000 427 Dextri
2063 372 2115 435 Α
2144 375 2370 429 maxima
2398 374 2750 446 quorumdam
2777 373 3028 429 librorum
3053 375 3294 448 penuria.
3323 373 3470 431 Inter
3497 374 3746 431 barl'aros

658 444 1023 501 Conlinuator
1046 485 1062 508 ,
1103 444 1239 499 obiit
1267 460 1412 500 anno
1441 444 1659 501 Domini
1690 443 1815 500 bili.

514 561 709 616 Exstat
755 561 876 630 ejus
924 558 1161 628 epistola
1205 557 1273 613 ad
1320 557 1652 631 Argebatum
1716 558 2034 632 episcopum

438 654 910 712 Portucalicnsem
937 692 954 718 ,
991 650 1247 707 videlicet
1274 669 1288 705 :

511 749 705 807 Sancto
730 759 778 805 et
798 748 1077 804 venerabili
1099 748 1313 802 domino
1336 747 1596 820 Argebato
1616 745 1727 819 [Αι.
1747 746 2034 819 Argiooito]

438 842 683 915 episcopo
711 840 1096 898 Portucalleusi
1119 883 1135 909 ,
1183 839 1260 896 Μ.
1295 840 1561 895 Maximus
1595 840 1815 895 salutem
1841 840 1895 894 in
1931 838 2037 893 Do-

438 936 605 990 mino.

510 1027 639 1082 Cum
667 1042 894 1083 essemus
924 1027 979 1081 in
1001 1026 1130 1082 urbe
1166 1027 1311 1099 regia
1348 1026 1416 1080 ad
1459 1028 1735 1083 concilium
1765 1028 1961 1083 evocati
2002 1040 2036 1081 a

438 1120 649 1179 demitto
687 1126 861 1177 nostro
904 1117 1133 1192 glorioso
1170 1135 1292 1191 rege
1335 1118 1425 1175 El.
1469 1117 1850 1186 Gundemara,
1897 1135 2036 1189 stupe

438 1210 577 1265 inter
604 1226 697 1266 nos
722 1212 1056 1266 convenimus
1079 1226 1098 1275 ξ
1145 1224 1360 1279 euntque
1384 1228 1558 1267 sermo
1586 1213 1778 1268 multus
1804 1221 1942 1268 esset
1973 1213 2037 1266 de

439 1303 657 1360 historia
689 1319 870 1377 regunt
888 1346 903 1368 ,
937 1316 1094 1373 quam
1119 1320 1221 1359 non
1253 1304 1417 1360 multo
1437 1313 1559 1361 ante
1584 1306 1638 1361 in
1667 1306 1837 1361 lucent
1858 1304 2036 1363 edide-

436 1412 570 1462 ram,
601 1406 723 1452 tunc
745 1398 815 1451 ad
844 1397 1068 1453 relatum
1107 1407 1343 1453 nostrum
1376 1398 1597 1454 deduxit
1620 1401 1872 1454 sanctitas
1902 1411 1992 1453 tua
2014 1440 2031 1468 ,

438 1504 492 1544 se
527 1488 658 1544 uelle
691 1487 883 1545 habere
919 1491 1361 1546 continuationem
1396 1491 1711 1546 omnimodo:
1739 1490 1995 1546 Historia:
2016 1531 2033 1554 ,

436 1597 599 1653 quam
636 1584 758 1655 fecit
784 1579 1007 1638 Flauius
1033 1581 1096 1639 L.
1132 1583 1320 1639 Dexter
1344 1625 1360 1650 ,
1404 1584 1545 1649 quod
1579 1585 1710 1638 satis
1749 1581 2036 1639 verecunde

437 1675 500 1726 ab
524 1673 815 1729 humilitate
837 1684 1018 1745 nostra
1046 1676 1323 1748 ﬂagitasti.
1356 1674 1420 1729 Et
1449 1690 1569 1728 cum
1598 1685 1653 1728 tu
1673 1714 1688 1739 ,
1730 1688 1827 1743 pro
1860 1682 1950 1727 tua
1978 1674 2030 1726 in

2140 467 2276 520 enim
2304 466 2623 523 Sarracenos
2653 483 2755 522 non
2782 469 3009 540 suppetit
3038 467 3192 540 copia
3217 484 3387 523 rerum
3419 469 3742 525 necessarim

2136 573 2254 611 rum
2280 598 2296 623 ,
2350 559 2544 612 nedum
2580 568 2636 612 ut
2677 557 2914 613 habeatis
2957 557 3209 614 bonorum
3236 559 3485 615 librorum
3512 562 3740 631 capiant.

2139 647 2301 703 Dolui
2341 649 2550 716 quidem
2592 650 2754 704 vicem
2795 660 2978 715 luant,
3028 650 3168 722 quod
3210 651 3287 704 ita
3336 651 3540 706 duriter
3579 652 3737 706 vitam

2139 742 2351 813 exigas;
2392 744 2483 798 sed
2511 742 2708 797 soletur
2733 752 2781 797 te
2806 745 2859 798 in
2891 746 3048 798 tantis
3077 744 3336 816 angustiis
3358 788 3374 813 ,
3422 745 3564 817 quod
3605 744 3738 801 sicut

2137 835 2301 891 bonus
2332 845 2509 902 poster
2537 836 2717 892 oribus
2756 839 2858 893 tuis
2903 855 2956 892 es
2988 837 3176 894 solatio
3220 848 3267 893 et
3316 840 3536 895 auxilio.
3577 837 3739 894 Chro-

2139 934 2293 987 nioon
2322 933 2459 1003 quod
2484 934 2645 1006 petis,
2679 933 2731 987 in
2762 934 2857 988 Irae
2882 932 3191 989 bibliotheca
3219 935 3423 1003 reperi,
3453 935 3505 988 in
3534 943 3735 988 uetusta

2138 1026 2435 1081 membrana
2456 1025 2809 1096 descriptum;
2839 1026 3111 1098 adjecique
3137 1036 3191 1080 ut
3216 1029 3399 1098 jussus
3428 1042 3540 1081 sum
3571 1042 3737 1081 anno.

2137 1134 2257 1173 ram
2284 1120 2467 1174 seriem
2496 1119 2565 1173 ad
2594 1120 2704 1173 lucc
2733 1135 2893 1190 usque
2918 1129 3152 1190 tempora
3178 1163 3192 1187 ,
3231 1121 3287 1174 id
3325 1131 3398 1174 est
3423 1162 3439 1185 ,
3482 1119 3550 1174 ad
3574 1132 3736 1174 trram

2136 1208 2263 1265 960.
2293 1204 2363 1263 Et
2389 1209 2629 1281 gratulor
2652 1208 2803 1277 mihi,
2831 1208 2971 1280 quod
2994 1226 3113 1265 cum
3138 1209 3343 1276 Toleto,
3376 1210 3463 1265 ubi
3492 1213 3585 1266 sub
3606 1228 3734 1266 sanun

2135 1304 2366 1358 ctissime
2396 1304 2620 1375 praesule
2641 1302 2896 1358 Toletano
2915 1301 3111 1359 Bonito
3137 1306 3489 1359 subdiaconus
3521 1305 3636 1375 fui,
3678 1306 3732 1359 tu

2137 1395 2355 1451 Italiam
2393 1397 2751 1469 proﬁciscerer
2778 1437 2794 1464 ,
2840 1396 3044 1467 aliquos
3085 1398 3322 1454 historia:
3351 1398 3510 1454 libros
3535 1406 3735 1454 metunt

2136 1491 2424 1560 asportaui,
2456 1491 2511 1544 in
2540 1491 2723 1560 quibus
2750 1491 2934 1547 ordine
2953 1501 3064 1547 erat
3087 1495 3244 1549 series
3280 1493 3497 1549 collecta
3536 1493 3647 1547 mul
3672 1509 3733 1547 o-

2135 1592 2251 1637 rant
2281 1582 2642 1653 episcoporum
2664 1623 2679 1649 ,
2717 1600 2846 1653 quos
2881 1593 2930 1638 et
2965 1584 3019 1638 in
3051 1582 3150 1639 hac
3178 1584 3488 1640 bibliotheca
3522 1584 3692 1654 reperi
3716 1629 3730 1654 ,

2132 1672 2284 1738 iussu
2308 1712 2323 1736 ,
2373 1681 2429 1726 ut
2472 1670 2627 1726 credo
2651 1716 2665 1742 ,
2710 1670 2896 1729 Sancti
2926 1671 3108 1729 Caroli
3151 1674 3332 1748 Magni
3372 1691 3436 1730 eo:
3462 1674 3733 1748 Hispania

436 1782 516 1827 me
542 1762 899 1825 benevolentia
923 1805 940 1831 ,
969 1774 1020 1820 et
1049 1781 1165 1821 mea
1191 1766 1243 1820 in
1269 1775 1319 1820 te
1347 1765 1672 1821 obseruantia
1699 1763 1827 1819 mihi
1848 1766 2029 1832 jubere
2061 1756 2105 1816 Β
2134 1765 2328 1821 allatos
2353 1782 2370 1833 ;
2420 1781 2550 1840 quos
2596 1766 2693 1839 (ut
2729 1766 2923 1841 aiunt)
2970 1766 3050 1823 illi
3091 1766 3348 1823 obtulerat
3374 1768 3732 1823 sanctissimus

434 1856 696 1924 potuisses
715 1895 730 1920 ,
772 1855 962 1914 maluit
990 1870 1021 1908 a
1049 1870 1132 1911 me
1156 1856 1407 1912 sanctitas
1432 1862 1523 1910 tua
1553 1852 2031 1932 precibus’couteu-

432 1946 557 2003 dere
582 1986 599 2015 ,
630 1948 773 2019 quod
797 1947 948 2020 quasi
983 1964 1078 2017 pro
1098 1947 1221 2019 jure
1254 1964 1352 2003 suo
1398 1957 1567 2021 posset
1610 1948 1866 2020 imperare
1890 1988 1907 2014 ,
1950 1946 2031 2003 te!

2133 1855 2433 1928 Elipandus
2469 1857 2884 1931 archiepiscOpus
2912 1858 3194 1916 Toletanus
3218 1906 3233 1930 ,
3267 1871 3541 1935 postquam
3562 1859 3731 1931 {illum

2130 1949 2318 2004 erroris
2363 1950 2447 2006 sui
2486 1949 2551 2005 de
2592 1950 2880 2020 Adeptione
2905 1949 3100 2007 Christi
3124 1953 3379 2026 paenituit.
3429 1951 3556 2008 Feci
3591 1950 3730 2023 quod

433 2040 608 2113 potius
637 2040 846 2114 exigere
871 2039 1016 2112 quod
1042 2041 1267 2115 juberet.
1302 2039 1595 2111 Sequemur
1621 2041 1875 2099 rationem
1901 2049 2031 2097 temo
2119 2042 2350 2113 jussisti,
2384 2041 2679 2097 beatissime
2709 2051 2889 2113 pater;
2917 2056 2985 2096 an
3007 2052 3124 2097 roto
3144 2055 3361 2099 eoua'us
3383 2043 3726 2116 responderit,

432 2148 617 2206 porum
643 2148 787 2193 more
809 2142 990 2189 nostro
1013 2149 1104 2199 per
1123 2149 1258 2188 teras
1279 2131 1525 2199 Caesaris,
1554 2142 1603 2188 et
1625 2149 1791 2188 annos
1810 2132 2027 2201 Christi,

434 2225 600 2297 magis
619 2241 777 2296 quam
799 2239 965 2281 annos
991 2223 1168 2296 Urbis,
1193 2223 1506 2289 Causulum,
1539 2234 1635 2280 aut
1656 2224 2024 2298 Augustorum.

439 2315 654 2373 Utinam
676 2325 783 2373 tam
801 2317 1080 2390 diligenter
1101 2317 1311 2387 fecerim
1331 2317 1608 2386 imperata,
1636 2333 1792 2387 quam
1813 2326 2028 2371 conatus

434 2421 548 2459 sunt
573 2408 777 2478 exsequi
807 2407 1021 2463 libenter
1042 2409 1063 2463 ,ν
1092 2407 1335 2464 Produxi
1371 2424 1596 2482 namque
1634 2425 1808 2463 rerum
1842 2426 2030 2463 narra-

437 2498 624 2551 tionem
653 2499 718 2554 ab
742 2515 846 2554 tera
871 2498 1093 2555 Caesaris
1121 2499 1227 2557 469
1251 2542 1267 2568 ,
1297 2500 1370 2554 ad
1393 2517 1553 2557 teram
1578 2498 1717 2565 650,
1748 2501 1802 2555 id
1836 2508 1935 2568 est,
1964 2500 2028 2571 ab

433 2606 574 2645 anno
602 2589 797 2645 Christi
823 2591 924 2647 451
960 2608 1120 2663 usque
1145 2594 1217 2648 ad
1240 2611 1436 2649 annum
1460 2593 1654 2649 Christi
1680 2592 1787 2650 612
1811 2634 1828 2661 ,
1869 2592 2027 2665 paulo

432 2695 550 2758 post
578 2696 790 2741 mortem
818 2685 908 2743 Fl.
935 2684 1277 2743 Gundemari.

507 2779 564 2832 In
603 2778 881 2835 Chronico
906 2794 1038 2834 vero
1066 2779 1132 2833 ad
1165 2794 1363 2833 annum
1392 2778 1609 2834 Domini
1651 2778 1761 2835 Hi
1802 2780 1916 2849 egit
1959 2779 2028 2835 de

434 2868 625 2925 Dextri
655 2881 847 2925 morte.
878 2869 1141 2926 Dedimus
1171 2870 1289 2943 ejus
1316 2870 1478 2926 verba
1508 2872 1562 2925 iu
1587 2870 1707 2925 Vita
1749 2869 2023 2929 Auct‘oris.

506 2983 751 3053 HBLECA,
782 2985 1634 3115 cpiscepnﬁcmsarggtéustauus,
1654 2987 1785 3043 \‘iXil
1811 3003 1954 3044 anno

1093 3073 1256 3111 MIHI“
1400 3098 1412 3111 .

1093 3073 1256 3111 .ηιιιηι
1287 3073 1412 3111 δῦυ.

2132 2146 2187 2192 tu
2221 2133 2415 2190 ridebis
2443 2135 2529 2205 qui
2548 2134 2784 2208 jussisti.
2821 2132 2953 2190 Vale
2972 2178 2986 2203 ,
3028 2145 3075 2191 et
3094 2151 3299 2192 servum
3326 2144 3473 2190 tuum
3498 2134 3727 2191 exsulem

2130 2228 2277 2283 exsul
2301 2225 2410 2280 Deo
2440 2227 2744 2281 commenda
2756 2264 2770 2279 .
3644 2217 3653 2225 ’

2202 2325 2278 2381 Ne
2310 2326 2431 2396 quis
2459 2326 2510 2380 in
2540 2327 2639 2383 hac
2662 2327 2892 2400 epistola
2919 2324 3183 2392 oﬂettdat,
3216 2324 3725 2390 animadverterim,

2129 2416 2423 2472 Auctorem
2468 2432 2633 2472 teram
2679 2433 2804 2473 cum
2852 2431 2996 2473 anno
3041 2415 3377 2471 confundere
3409 2457 3423 2478 ,
3479 2430 3574 2470 seu
3625 2428 3728 2486 pro

2129 2507 2324 2565 eodem
2375 2522 2594 2565 sumere
2620 2551 2636 2574 ,
2684 2518 2746 2565 ut
2791 2510 2991 2566 multos
3032 2508 3115 2565 sui
3160 2510 3260 2563 sevi
3304 2506 3502 2563 iecisse
3533 2506 3731 2577 probat

2131 2600 2365 2657 Morales
2393 2600 2446 2656 in
2471 2602 2739 2671 Antiquit.
2773 2604 3004 2657 Constat
3030 2616 3096 2656 ex
3117 2614 3185 2655 eo
3213 2598 3354 2670 quod
3382 2596 3725 2653 Eutbrandus

2130 2692 2399 2760 protraxit
2429 2692 2805 2762 Antipodosim
2853 2706 3008 2746 suam
3036 2694 3103 2745 ad
3133 2704 3335 2746 anumn
3362 2687 3563 2744 Christi
3593 2688 3725 2753 960,

2130 2791 2375 2855 tempore
2406 2783 2717 2839 schismstis
2764 2783 2961 2839 Leonis
2989 2791 3045 2841 et
3075 2780 3375 2840 Benedicti.
3414 2780 3586 2834 Porro
3616 2778 3723 2849 80-.

2130 2878 2273 2930 nitus
2300 2876 2599 2932 Toletauus
2624 2920 2640 2946 ,
2682 2876 2838 2945 cujus
2875 2874 3045 2930 fuisse
3086 2873 3453 2929 subdiaconus
3483 2871 3720 2937 dicitur,

2128 2967 2231 3023 l‘uit
2259 2969 2378 3038 ejus
2405 2970 2642 3023 nominis
2672 2968 2729 3022 in
2760 2967 2889 3023 sedc
2911 2967 3170 3022 'l‘olctana
3194 2965 3407 3030 tertius,
3431 2964 3523 3035 qui
3543 3006 3555 3026 .
3581 2969 3722 3020 teste

2126 3061 2349 3117 Iuliano
2375 3060 2427 3114 in
2451 3060 2683 3127 Cltron.,
2714 3059 2919 3115 electus
2953 3058 3054 3113 fuit
3084 3072 3227 3111 anno
3257 3056 3472 3112 Domini
3496 3056 3621 3110 946.

507 3150 737 3245 Exstant
764 3150 1077 3245 additiones
1107 3151 1277 3245 ipsius
1305 3151 1373 3207 ad
1398 3149 1670 3221 Chronica
1699 3152 1882 3245 Dextri
1911 3194 1926 3217 ,
1969 3160 2026 3208 ct
2050 3137 2095 3199 (ἶ
2131 3174 2285 3243 nugo
2325 3175 2749 3245 Portugallensis
2787 3175 3097 3245 episcopus,
3132 3141 3274 3245 alter
3298 3189 3370 3245 cx
3404 3172 3723 3245 auctoribus

436 3243 689 3309 Maximi,
731 3244 835 3305 ubi,
855 3245 998 3300 inter
1023 3254 1219 3300 caetera
1248 3244 1314 3299 de
1349 3248 1598 3312 tempore
1622 3258 1721 3299 suo
1750 3243 1981 3314 loquens
2005 3284 2022 3311 ,

433 3352 543 3407 quo
571 3338 826 3393 nimirum
859 3340 1120 3407 lliSpania
1163 3339 1266 3394 sub
1304 3340 1437 3409 jugo
1464 3338 1890 3393 Sarracenorum
1932 3354 2024 3409 ge-

433 3430 635 3497 mebat,
664 3429 741 3484 ait
766 3449 780 3486 :
810 3431 989 3487 Sacra:
1015 3431 1303 3500 Scriptura:
1329 3432 1545 3487 Arabico
1570 3433 1834 3486 translata!
1855 3438 1886 3485 a
1908 3450 2026 3503 pre-
2084 3470 2087 3473 η

430 3520 648 3591 sbgteris
675 3524 946 3578 catholicis
977 3523 1252 3593 haben'ur,
1279 3534 1327 3579 et
1357 3542 1470 3579 cum
1501 3523 1714 3580 seholiis
1744 3527 2025 3595 circumfe-

431 3622 663 3670 runtur:
719 3618 983 3688 prteeipue
1036 3616 1243 3670 Novum
1291 3616 1709 3682 Testamentum,
1775 3614 2026 3690 Epistolas

433 3702 615 3760 Pauli.
656 3706 1009 3781 Apocalyp'sis
1039 3707 1099 3763 8.
1127 3707 1352 3763 Joannis
1372 3751 1387 3775 ,
1425 3721 1472 3763 et
1503 3707 1630 3764 liber
1657 3712 1721 3764 de
1759 3707 1885 3763 Vitis
1918 3706 2025 3763 Pa-

434 3805 590 3859 trum,
619 3810 664 3851 et
687 3797 909 3853 historia
932 3798 1125 3853 Latina
1150 3796 1241 3853 Fl.
1269 3798 1420 3853 Lucii
1444 3797 1648 3865 Dextri,
1676 3798 1752 3853 Μ.
1780 3797 2021 3863 Maximi,

430 3894 479 3940 et
505 3888 727 3942 aliorum
750 3929 765 3953 ,
807 3899 857 3943 et
896 3887 1189 3943 Chronicon
1222 3888 1456 3954 Eusebii,
1491 3898 1537 3942 et
1567 3888 1687 3942 libri
1717 3889 1781 3943 de
1807 3887 2022 3943 Civitate

433 3977 532 4032 Dei
561 3979 622 4034 8.
653 3981 930 4054 Augustini
955 4023 969 4047 ,
1012 3992 1278 4054 propterea
1309 3983 1448 4053 quod
1468 3981 1587 4052 jam
1627 3982 1806 4053 lingua
1835 3980 2022 4036 Latina

432 4073 773 4128 eranescebat.
820 4073 960 4129 Vide
993 4092 1099 4142 quo
1131 4074 1337 4130 honore
1368 4073 1549 4128 habita
1580 4073 1675 4127 fuit
1705 4071 2019 4128 omnimodn

431 4162 616 4219 Dextri
642 4164 878 4237 Historia
912 4166 1020 4220 illis
1047 4166 1381 4236 temporibus
1414 4166 1467 4220 in
1500 4166 1779 4237 Hispania.

434 4277 811 4345 Eurunsxuus,
836 4279 1206 4337 subdiactsnus
1235 4278 1465 4349 primum
1491 4278 1803 4346 Toletanus,
1823 4277 2021 4334 deinde

682 4351 987 4407 Ticineusis
1022 4352 1283 4407 diaconus
1307 4395 1321 4419 ,
1356 4350 1492 4406 vixit
1519 4367 1609 4404 an.
1642 4351 1770 4406 960.

499 4442 691 4498 Exstat
718 4444 835 4513 ejus
866 4444 1097 4514 cpistola
1131 4459 1230 4513 pro
1260 4442 1649 4500 continuandis
1690 4442 1915 4509 Dextri,
1967 4451 2019 4496 ct

2206 3247 2452 3300 historia:
2483 3243 2994 3316 ,"Compostellantc,
3051 3243 3188 3298 vixit
3241 3244 3307 3297 ad
3360 3256 3562 3297 annum
3613 3243 3723 3297 Do-

2199 3317 2332 3373 mitii
2364 3315 2520 3371 “00.

2197 3432 2255 3488 In
2284 3434 2473 3489 codice
2504 3440 2817 3503 pervetusto
2847 3447 2951 3487 ms.
2983 3431 3036 3486 in
3063 3431 3406 3497 membrana,
3434 3429 3719 3487 characte—

2126 3524 2275 3581 ribus
2305 3523 2555 3580 Gothieis
2583 3537 2832 3588 exorato,
2857 3525 2948 3594 qui
2979 3532 3161 3579 exstat
3187 3525 3241 3579 in
3271 3523 3438 3593 regali
3460 3520 3716 3577 coenobio

2125 3616 2339 3673 Sinctte
2375 3617 2567 3671 Crucis
2604 3616 3086 3684 lienirnbricensis,
3121 3615 3187 3670 ad
3230 3616 3436 3670 calcem
3474 3614 3717 3668 historia:

2126 3711 2365 3781 Sampiri
2419 3710 2790 3765 Asturiecnsis
2842 3710 3109 3779 episcopi,
3166 3710 3439 3777 reperitur
3485 3706 3718 3775 epistola

2128 3801 2369 3868 llugouis
2396 3800 2641 3869 episcopi
2673 3800 3100 3869 Portugallensis
3132 3798 3200 3854 ad
3241 3797 3553 3852 Mauritium
3585 3796 3720 3851 Bra-

2123 3909 2404 3948 carcnsem
2436 3892 2912 3963 archiepiscopum
2938 3891 3167 3961 scripta,
3189 3904 3292 3961 qua
3321 3888 3615 3959 respondet
3646 3887 3716 3943 ad

2126 3980 2613 4056 interrogationem
2647 3983 2750 4037 sibi
2787 3982 2857 4037 ab
2883 3998 2951 4039 eo
2981 3982 3175 4037 lactant
3208 3999 3221 4035 :
3252 3980 3552 4035 fuissenlne
3581 3979 3715 4033 olim

2122 4078 2178 4132 in
2229 4094 2290 4133 ca
2342 4079 2472 4132 sedc
2527 4075 2691 4144 aliqui
2742 4076 3022 4145 apostolici
3063 4073 3223 4145 legati
3273 4089 3369 4144 per
3410 4073 3719 4128 universam

2125 4168 2479 4238 Hispaniam?
2515 4168 2569 4221 In
2611 4183 2672 4223 ea
2714 4166 2878 4223 relcrt
2908 4167 2974 4221 ad
3010 4166 3235 4220 verbum
3273 4163 3601 4220 sententiam
3644 4177 3716 4217 ex

2122 4261 2398 4318 Chronico
2438 4261 2625 4316 Dextri
2664 4261 2916 4330 petitam;
2947 4275 3067 4330 quae
3098 4260 3369 4328 reperitur
3405 4256 3473 4310 ad
3511 4269 3713 4309 annum

2127 4354 2339 4409 Domini
2378 4354 2471 4418 91,
2506 4354 2812 4422 asseritque
2855 4353 3111 4409 Dextrum
3149 4364 3287 4419 Opus
3331 4364 3487 4404 suum
3519 4345 3716 4402 Oresio

2124 4446 2428 4512 dedicasse,
2461 4456 2517 4499 ut
2541 4446 2735 4510 codex,
2761 4461 2919 4515 quem
2945 4445 3290 4514 proferimus,
3317 4441 3502 4496 habet.
3532 4439 3719 4494 Placet

431 4531 657 4589 Maximi
702 4532 993 4590 Chronicis
1018 4576 1032 4599 ,
1090 4533 1245 4603 cttjns
1296 4536 1348 4589 iu
1396 4534 1734 4590 Bibliotheca
1781 4534 2014 4601 lliSpana
2050 4524 2097 4585 Ι)
2123 4549 2305 4593 autem
2331 4547 2495 4592 totam
2519 4538 2651 4592 dare
2675 4538 2987 4608 epistolam,
3016 4536 3158 4607 quod
3184 4535 3369 4590 multis
3398 4533 3530 4588 locis
3557 4532 3714 4587 nobis

432 4625 637 4677 mentio
681 4623 782 4689 lit,
833 4631 891 4678 e2
942 4624 1248 4678 admittitur
1295 4621 1326 4678 it
1376 4624 1434 4678 Ρ.
1479 4622 1735 4680 Gabricle
1778 4622 2021 4693 Vasquez

435 4722 564 4769 tom.
590 4714 633 4779 'l,
662 4716 719 4771 i‘n
744 4731 799 4771 tu
829 4731 882 4787 p.
916 4716 980 4771 D.
1004 4716 1048 4771 Τ
1052 4718 1259 4784 ltomrc,
1293 4715 1547 4772 videlicet
1575 4734 1587 4771 ε

521 4824 892 4904 Sancto_Patri
928 4826 1257 4904 Iiegimuntlo
1287 4830 1525 4903 episcopo
1552 4828 1885 4904 Iliberritano
1910 4850 1949 4898 ,ί

701 4898 1047 4956 ΕιιεΙιναηάιῖε
1075 4901 1278 4957 inutilis
1305 4898 1481 4957 servus
1510 4898 1755 4955 salutent.

441 5065 447 5071 _
506 4991 870 5049 Gratissimum
923 4996 1066 5066 fuit,
1119 4994 1413 5050 beatissime
1458 4992 1641 5061 Pater,
1698 5010 1761 5048 ac
1815 4995 2023 5050 domine

432 5085 652 5140 multum
674 5088 960 5142 venerande
983 5128 999 5154 ,
1040 5089 1179 5158 quod
1206 5086 1543 5157 Antipodosis
1575 5097 1753 5143 nostra
1778 5132 1792 5157 ,
1835 5087 1891 5141 in
1920 5103 2025 5158 qua

432 5190 567 5229 nunc
597 5177 827 5232 carmine
851 5218 867 5243 ,
907 5194 1044 5233 nunc
1070 5195 1227 5245 prosa
1258 5178 1385 5233 ludo
1411 5221 1426 5245 ,
1473 5180 1682 5234 tandem
1718 5179 1788 5232 ad
1836 5194 2023 5233 manus

344 5331 363 5338 _
431 5274 547 5321 tuas
576 5269 881 5336 pervenerit.
933 5268 1047 5325 Nec
1086 5272 1255 5325 minus
1278 5273 1572 5340 jucundum
1610 5281 1683 5328 est
1723 5273 1861 5343 quod
1896 5271 2023 5327 mihi
2058 5320 2061 5327 .

418 5358 599 5431 jubes,
628 5370 682 5414 ut
711 5362 765 5416 in
788 5359 1072 5417 Fuldensis
1094 5365 1393 5418 monasterii
1421 5364 1747 5429 bibliotheca,
1778 5365 1866 5420 ubi
1886 5381 2023 5419 nunc

428 5452 577 5507 exsul
595 5469 908 5518 commoror,
932 5471 1214 5526 qua’rerem
1235 5456 1327 5510 tibi
1348 5455 1526 5511 Dextri
1544 5458 1858 5523 Cltronicon,
1883 5458 2023 5530 quod

429 5542 696 5601 Maximus
715 5545 1223 5621 Ctesaraugustanus
1243 5550 1534 5621 episc0pus,
1548 5559 1732 5620 rogatu
1742 5551 2025 5621 Argenbati

425 5631 539 5705 [ΑΙ.
566 5636 848 5711 Argiooiti]
875 5641 1125 5712 episcopi,
1156 5642 1479 5696 continuauit
1500 5682 1515 5706 ,
1548 5652 1597 5696 et
1620 5643 1665 5696 si
1691 5659 1926 5698 vacarem
1953 5643 2022 5697 ad

422 5737 609 5784 nostra
639 5737 873 5802 tempora
897 5731 1229 5804 perducerem
1268 5748 1286 5788 :
1333 5749 1454 5789 nam
1496 5732 1629 5788 dicis
1672 5731 1915 5791 laborare
1936 5750 2023 5790 eos

2127 4628 2402 4698 profutura
2432 4628 2523 4682 sit.
2554 4628 2686 4682 liam
2713 4641 2840 4683 vero
2860 4641 2923 4682 ex
2956 4627 3292 4695 autographo
3320 4624 3484 4677 traxit
3511 4622 3718 4676 doctis-

2124 4718 2299 4774 simus
2328 4718 2432 4783 vir,
2461 4718 2779 4787 amicusque
2804 4727 2991 4771 noster
3019 4714 3228 4786 Gaspar
3255 4713 3486 4769 Albarez
3513 4713 3579 4769 de
3603 4712 3708 4768 Lo-

2123 4811 2281 4881 sada,
2303 4811 2458 4882 cujus
2481 4811 2626 4866 dono
2643 4825 2762 4866 eam
2789 4809 3122 4883 Ulysippone
3139 4810 3357 4864 missam
3381 4808 3714 4879 accepimus.
3740 4795 3744 4799 ⁴

2128 4925 2368 4999 Epistola
2394 4925 2651 4999 _Hugont's
2704 4924 2932 4999 episcopi
2977 4922 3390 4999 Portugallensis
3427 4921 3713 4999 :‘Domino

2200 5014 2314 5054 meo
2354 4994 2608 5053 Hauritio
2635 4994 3024 5067 archiepiscopo
3059 4995 3373 5049 Bracarensi
3396 4994 3638 5047 salutem.

2199 5088 2416 5144 Invenio
2447 5089 2510 5145 S.
2549 5086 2766 5143 Petrum
2792 5085 3140 5141 Ratistensem
3168 5086 3331 5156 fuisse
3364 5086 3421 5138 i'n
3456 5082 3716 5156 Hispania

2128 5181 2378 5236 vicarium
2409 5180 2473 5236 S.
2507 5178 2715 5245 Jacobi,
2756 5179 2881 5233 dum
2914 5180 2968 5232 in
3000 5176 3305 5232 Britannias
3347 5185 3398 5231 et
3430 5176 3564 5231 alias
3592 5192 3717 5247 pro-

2127 5272 2319 5327 vincias
2362 5271 2612 5340 perrexit,
2651 5287 2755 5341 qua
2798 5285 2917 5325 vero
2952 5278 3225 5339 potestate,
3270 5270 3475 5337 penitus
3509 5270 3709 5342 ignoro.

2128 5364 2265 5420 Sunt
2308 5365 2461 5418 etiam
2503 5364 2593 5430 qui
2634 5361 2836 5427 dicunt,
2874 5363 3055 5417 eadem
3096 5362 3352 5431 functum,
3393 5361 3520 5414 dum
3563 5361 3712 5414 vixit.

2129 5456 2312 5528 Hujus
2326 5448 2543 5510 uicaria:
2569 5463 2776 5520 auctor,
2806 5463 2852 5507 et
2881 5452 3094 5508 alterius
3120 5470 3151 5505 a
3178 5452 3241 5507 Β.
3269 5450 3428 5523 Petro
3450 5448 3718 5523 apostolo-

2126 5567 2239 5604 runt
2265 5549 2501 5621 principe
2522 5548 2831 5617 commissw,
2855 5557 2925 5600 est
2949 5545 3267 5602 Caledonius
3291 5544 3621 5600 Bracarensis
3657 5543 3714 5597 in

2133 5643 2258 5697 Vita
2285 5644 2516 5715 ejusdem
2555 5640 2621 5696 Β.
2663 5642 2809 5696 Petri
2849 5638 3001 5713 [SciL
3038 5637 3417 5707 Bracarcnsisl,
3453 5650 3567 5703 qua:
3600 5652 3718 5691 cum

2127 5735 2249 5790 aliis
2275 5750 2575 5791 sanctorum
2601 5733 2957 5805 Hispanorum
2978 5731 3130 5801 actis,
3153 5730 3205 5784 in
3227 5735 3510 5813 peruetusto
3536 5728 3717 5785 codice
