4158 6180
399 312 474 373 25
1317 305 1615 367 FLAVIUS
1650 302 1899 366 LUClUS
1937 304 2223 365 DEXTER
2258 302 2784 364 CIIRONOLOGUS.
3638 308 3712 377 2‘

406 428 734 486 membraneo
755 425 950 499 scripto
981 424 1047 483 de
1068 422 1319 479 mandato
1349 423 1602 496 Argioviti
1619 421 1881 495 quondam
1909 422 2005 479 hu-
2027 422 2082 485 Α
2107 420 2256 492 ﬁlius
2278 420 2569 491 Hispanias
2583 421 2740 489 adiit,
2754 419 3005 494 urbesque
3023 437 3200 479 omnes
3219 425 3333 496 ejus
3347 419 3563 480 lustrat.
3577 422 3712 493 Qua:

397 524 497 597 jus
544 520 682 576 sedis
726 518 884 593 [Sci].
927 514 1399 591 Portugallensis],
1440 517 1693 590 episcopi,
1738 516 1880 589 apud
1927 532 2010 573 me
2112 514 2449 571 concordant
2480 530 2604 571 cum
2626 514 2709 572 his
2729 529 2853 587 qua:
2878 514 3083 573 Dexter
3105 515 3295 572 scribit
3325 515 3518 574 eodem
3544 532 3708 574 anno.

410 621 490 669 est
514 628 534 668 :
561 613 637 668 sic
657 613 797 668 enim
824 612 1001 667 habet.

484 704 714 763 Sanctus
751 705 946 762 Petrus
996 706 1121 763 civis
1160 705 1521 770 Bracarensis,
1564 704 1656 775 qui
1698 712 1749 760 et
1791 701 2011 760 Samuel

413 800 606 869 dictus,
635 817 670 855 a
691 799 755 857 S.
780 800 983 857 Jacobo
1001 799 1225 859 Joannis
1246 803 1425 875 fratre,
1449 799 1687 857 Zebedati
1704 800 1820 870 ﬁlio
1839 801 2009 857 susci-

413 899 577 960 tatus,
616 890 672 946 in
716 892 1015 965 episcopum
1048 892 1424 949 Bracarenscm
1462 900 1790 948 consecratus
1826 899 1934 959 est;
1960 898 2011 947 et

414 987 479 1044 ab
508 1004 567 1044 eo
592 987 805 1055 missus,
839 988 1019 1045 multis
1040 988 1111 1043 ibi
1134 989 1249 1059 ejus
1271 987 1473 1060 generis
1504 1003 1534 1043 e
1562 985 1790 1041 tribubus
1814 985 2012 1058 disper-

416 1080 511 1147 sis,
547 1087 596 1135 et
635 1080 849 1154 gentiles
876 1080 1145 1136 convertit.
1176 1078 1313 1135 Inde
1344 1081 1611 1152 digressus
1641 1077 1825 1151 Tydis,
1859 1077 2012 1134 lriae-

416 1189 518 1245 que
542 1173 817 1243 praedicat,
841 1182 889 1229 et
916 1189 1008 1245 per
1038 1181 1202 1229 totam
1243 1173 1562 1228 maritimam
1587 1188 1755 1237 oram,
1779 1169 1850 1225 ad
1891 1185 2014 1241 pro-

419 1267 742 1323 montorium
768 1283 932 1339 usque
953 1266 1309 1341 Cintltium[ld
1330 1276 1416 1324 est
1439 1265 1715 1322 Promont.
1731 1263 1897 1321 Luna:
1916 1279 2014 1321 seu

422 1356 869 1433 ﬂlyssiponenue]
891 1362 996 1416 sive
1018 1371 1063 1415 et
1090 1358 1366 1432 Ulysseum
1389 1374 1408 1415 :
1427 1360 1751 1430 instituitque
1769 1374 1833 1413 ea:
1859 1356 2015 1412 disci-

418 1450 559 1522 pulis
602 1452 682 1506 sui
718 1452 983 1522 magistri,
1015 1468 1142 1523 quos
1177 1468 1353 1506 secum
1393 1451 1687 1506 adduxerat
1724 1450 2014 1521 episcOpos,

417 1540 748 1611 Portucalle,
777 1541 1013 1609 Eminio,
1047 1541 1410 1608 Conimbrica',
1437 1541 1776 1613 Ulysippone,
1800 1547 1850 1594 et
1879 1538 2019 1592 ultra

420 1631 648 1689 Nerium
678 1635 1096 1705 promontorium
1136 1632 1332 1705 [Hodie
1370 1631 1507 1688 Cabo
1536 1632 1602 1686 de
1643 1628 1801 1685 Finis
1846 1626 2018 1701 teme]

418 1726 587 1791 alios;
620 1737 667 1781 et
689 1726 760 1779 ad
789 1728 900 1797 ejus
928 1723 1222 1797 exemplum
1243 1741 1347 1780 non
1373 1726 1428 1778 in
1458 1741 1564 1779 una
1591 1730 1792 1778 tantum
1812 1721 2018 1776 civitate

2112 629 2388 687 Honontus
2408 628 2915 686 Aucus'ronuususrs
2937 628 2992 684 in
3020 628 3161 684 libro
3181 627 3250 684 de
3270 627 3473 698 Script.
3498 630 3710 687 Eccles.

2186 703 2291 757 sub
2332 699 2818 774 numerata,“
2847 715 3049 758 annum
3092 699 3308 757 Domini
3357 701 3497 774 590,
3528 700 3714 759 ﬂoruit

2187 786 2337 828 anno
2369 772 2584 828 Domini
2609 772 2774 828 H20.

2186 884 2403 953 Dexter,
2431 883 2654 941 Paciani
2673 884 2839 957 ﬁlius,
2866 886 3042 942 clarus
3063 886 3131 941 ad
3151 887 3421 957 saeculum,
3445 896 3492 946 et
3516 888 3711 948 Christi

2115 979 2241 1052 ﬁdei
2269 979 2499 1047 deditus,
2528 981 2693 1036 texuit
2731 981 3081 1037 omnimodam
3112 979 3426 1038 Historiam.

2123 1093 2384 1151 RAPIIABL
2447 1094 2874 1223 Vou'reanainlrls
2937 1094 3040 1220 Ιίιί5
3101 1089 3204 1152 ιγ’
3239 1094 3709 1172 Anthropologite,

2801 1186 2814 1222 ι
2867 1182 2961 1223 era
3047 1207 3062 1221 .

2801 1182 2961 1223 tttera
2995 1182 3062 1221 υ.

2186 1255 2406 1327 Dexter,
2442 1258 2665 1314 Paciani
2695 1259 2938 1332 presulis
2968 1257 3138 1329 ﬁlius,
3170 1261 3248 1315 uir
3286 1260 3637 1331 clarissimus,
3663 1272 3713 1319 et

2116 1348 2314 1408 Christi
2361 1352 2486 1422 ﬁdei
2532 1353 2775 1419 deditus,
2819 1353 2988 1424 fertur
3022 1353 3378 1409 omnimodam
3422 1354 3717 1412 Historiam

2122 1444 2368 1509 edidisse,
2402 1447 2577 1517 patria
2616 1443 3115 1513 Barcinonensibus,
3146 1444 3438 1520 Prwfectus
3473 1445 3716 1503 Praeterii

2123 1534 2400 1591 Theodosii
2423 1536 2704 1607 principis;
2728 1537 2813 1591 cui
2833 1536 3206 1610 Hieronymus,
3231 1541 3323 1612 qui
3345 1539 3455 1596 hare
3475 1547 3713 1608 testatur,

2122 1624 2311 1681 librum
2337 1627 2403 1681 de
2438 1624 2581 1682 Viris
2605 1627 2894 1684 illustribus
2926 1629 3146 1686 dicavit.

2177 1741 2462 1797 Countnus
2487 1740 2768 1797 Gesaeaus
2788 1740 2844 1796 in
2865 1739 3130 1815 Catalogo
3155 1747 3373 1801 testium
3394 1748 3660 1805 veritatis.

421 1819 860 1890 commorabatur,
894 1818 984 1873 sed
1026 1818 1134 1873 zelo
1163 1817 1325 1888 ﬁdei,
1357 1817 1773 1883 mediterranea,
1806 1814 1943 1908 citra
1968 1805 2097 1869 etB
2195 1830 2425 1901 ρεπεν,
2474 1830 2700 1886 Ραοίαηί
2747 1831 2911 1903 ﬁlius,
2954 1805 3124 1889 ειανξη
3178 1837 3321 1908 apud
3360 1838 3631 1906 malum,
3668 1848 3719 1895 ει

420 1910 565 1967 ultra
608 1909 830 1982 Tagum,
883 1910 1208 1983 populosque
1262 1908 1359 1964 sibi
1407 1909 1708 1964 commissos
1767 1906 2017 1971 ambiens,

424 2003 740 2077 Egitaniae,
773 2002 1073 2066 Callensias,
1103 2001 1369 2073 Emeritw,
1398 2000 1703 2067 Ambratiaa,
1731 2007 1780 2054 et
1808 2000 1864 2053 in
1901 1995 2023 2052 aliis

433 2096 736 2163 Vettonum,
769 2105 817 2152 et
840 2094 1221 2152 Lusitanorum
1248 2095 1462 2150 urbibus
1492 2095 1703 2148 verbum
1731 2091 1829 2146 Dei
1861 2090 2025 2145 disse-

426 2195 594 2249 minat
621 2209 640 2249 :
669 2202 717 2249 et
754 2199 1019 2247 transacto
1054 2191 1125 2245 ad
1157 2189 1468 2245 Pannonias
1496 2188 1688 2255 Durio,
1730 2187 1785 2240 in
1825 2184 2024 2239 Braca-

428 2303 547 2347 ram
589 2285 882 2357 Augustam
929 2285 1107 2339 rediit.
1156 2282 1464 2351 Quindecim
1501 2279 1763 2336 mensibus
1802 2280 1890 2333 via:
1918 2278 2026 2348 fere

428 2377 621 2450 elapsis
635 2419 650 2445 ,
672 2380 789 2450 ejus
809 2377 1058 2448 magister
1076 2373 1302 2431 Jacobus
1327 2374 1396 2429 ad
1423 2371 1880 2444 Cwsaraugustam
1901 2370 2030 2426 tedi-

430 2466 608 2525 culam
632 2469 911 2535 excitarat,
941 2468 996 2521 in
1020 2466 1277 2522 honorem
1309 2464 1560 2537 Deipara:
1593 2462 1848 2534 Virginis,
1885 2478 2030 2517 crea-

431 2568 584 2629 toque
619 2558 749 2613 inibi
796 2556 1086 2613 Athanasio
1127 2557 1386 2625 discessit,
1421 2564 1469 2611 et
1519 2553 1813 2610 Bracaram
1848 2554 2029 2620 venit;

433 2651 526 2707 ubi
550 2658 721 2706 sacrat
743 2650 912 2705 eidem
940 2632 1200 2717 Dominae,
1225 2665 1344 2704 cum
1372 2646 1473 2703 Pio
1506 2646 1833 2718 llispalensi,
1860 2655 1910 2700 et
1931 2643 2031 2699 El-

437 2744 583 2819 pidio
611 2744 868 2825 Toletano
896 2744 1172 2821 episcopis,
1208 2752 1256 2797 et
1285 2742 1407 2797 aliis
1437 2757 1501 2797 ea:
1525 2741 1706 2813 primis
1732 2741 1846 2812 ejus
1876 2738 2034 2793 disci-

436 2839 578 2913 pulis
605 2840 768 2895 aliam
791 2839 1070 2895 radiculam
1094 2840 1146 2893 in
1166 2838 1390 2909 quadam
1412 2845 1616 2909 crypta,
1640 2851 1801 2917 prape
1823 2834 2030 2904 balnea,

432 2931 596 3002 juxta
627 2931 875 3001 templum
899 2929 962 2985 ab
992 2929 1262 3001 Afgyptiis
1299 2926 1437 2983 Isidi
1467 2926 1732 2999 quondam
1775 2926 2030 2980 dicatum.

438 3022 510 3079 Et
542 3022 667 3078 inde
705 3021 984 3095 Brigantio
1022 3023 1195 3076 navim
1221 3020 1609 3086 transcendens,
1648 3020 1703 3073 in
1734 3016 2034 3073 Britannias

440 3116 672 3188 appulit,
722 3115 903 3170 relicto
941 3113 1189 3169 Bracarw
1232 3112 1294 3170 S.
1326 3113 1502 3179 Petro,
1560 3115 1673 3183 ejus
1720 3111 1935 3179 vicario,
1984 3117 2034 3165 et

440 3209 694 3280 primario
723 3210 857 3286 inter
871 3208 1027 3278 alios,
1051 3224 1182 3280 quos
1203 3215 1437 3263 sacrarat
1460 3207 1513 3261 in
1546 3204 1810 3277 Hispania
1836 3206 2033 3276 episco-
2060 3192 2110 3258 C

445 3314 561 3369 pos.
576 3300 876 3368 Hactenus,
893 3300 1146 3367 utcrcdo,
1162 3315 1228 3355 ex
1248 3297 1567 3354 Caledonio.
1582 3296 1861 3352 Subiniert
1873 3311 2002 3353 vero
2023 3313 2038 3350 :

516 3389 598 3447 De
643 3391 815 3462 prima
863 3389 1081 3463 Legatia
1128 3390 1197 3443 ad
1245 3388 1537 3459 Hispanias
1591 3405 1625 3442 a
1673 3387 1740 3445 Β.
1782 3388 2042 3443 Clemente

445 3484 625 3550 missa,
648 3483 723 3537 sic
742 3483 939 3538 Dexter
961 3481 1182 3536 Paciani
1204 3482 1347 3552 ﬁlius
1369 3481 1424 3536 in
1441 3479 1662 3534 Iustoria
1682 3480 1749 3534 ad
1775 3479 2037 3547 Orosium,

448 3591 605 3647 quam
630 3575 685 3630 in
712 3577 895 3630 eodem
923 3575 1099 3628 codice
1128 3573 1438 3645 descriptam
1477 3572 1685 3627 invenio
1708 3587 1729 3628 :
1762 3570 2044 3643 Philippus

451 3676 798 3738 cognomento
826 3664 1162 3729 Philotheus.
1191 3666 1282 3735 qui
1321 3666 1468 3738 prius
1496 3680 1720 3735 corpora
1746 3670 2045 3745 sanctorum

446 3770 741 3832 martyrum
761 3758 974 3815 Gervasi
997 3770 1043 3815 et
1074 3757 1342 3814 Prothasii
1370 3757 1561 3813 civium
1591 3773 1807 3813 suorum
1835 3753 2044 3813 Medio-

451 3853 742 3909 lanensium
766 3851 1055 3909 Mediolani
1076 3854 1376 3926 sepelierat,
1398 3868 1772 3924 conversusque
1791 3853 1845 3907 in
1864 3867 2046 3923 campo

453 3945 819 4001 Laminitaneo
839 3961 871 3999 a
894 3945 958 4003 Β.
983 3944 1155 4000 Paulo
1175 3944 1449 4017 Apostolo,
1470 3944 1623 4000 illum
1642 3952 1849 4001 secutus
1871 3945 2049 3999 adlue-

455 4037 523 4093 sit
551 4035 824 4104 Clementi,
859 4053 892 4090 a
921 4051 1022 4108 quo
1045 4034 1248 4108 legatus
1276 4037 1461 4091 missus
1486 4038 1538 4091 in
1575 4035 1885 4109 Hispanias,
1917 4035 2048 4090 Bar-

453 4131 699 4197 chinone,
731 4131 1161 4198 Caesaraugustae,
1200 4129 1480 4198 Valentius,
1516 4129 1705 4198 Toleti,
1738 4130 1973 4200 Hispali,
2003 4140 2049 4186 et

455 4225 514 4279 in
542 4222 721 4279 multis
751 4224 871 4279 aliis
896 4224 1107 4280 urbibus
1137 4220 1407 4296 prwdicat.
1445 4226 1547 4280 Au.
1585 4224 1792 4280 Cornel.
1837 4224 2048 4293 Palma,

468 4316 531 4371 V.
561 4318 621 4373 C.
663 4318 765 4372 sive
803 4316 1086 4386 Toletano,
1132 4318 1505 4391 duumviroqae
1539 4318 1838 4376 Christiano
1878 4318 2055 4392 [deest

460 4406 542 4463 M.
572 4407 879 4480 Marcellus]
913 4392 1150 4464 Toletum
1170 4412 1330 4481 venit,
1357 4411 1523 4482 ibique
1543 4413 1717 4467 sedem
1740 4413 1902 4468 totius
1922 4411 2055 4468 Car-

461 4502 686 4574 petania:
730 4501 946 4573 [tnelius
976 4501 1274 4575 Hispaniae]
1312 4504 1616 4570 primariam
1656 4505 1944 4559 constituit.
1974 4503 2053 4560 De

2124 1921 2322 1979 Christi
2359 1924 2486 1994 ﬁdei
2520 1924 2752 1991 deditus,
2801 1926 2872 1979 ad
2920 1943 3001 1982 me
3039 1928 3393 1984 omnimodam
3424 1930 3720 1987 Historiam

2128 2017 2315 2081 texuit,
2347 2032 2505 2087 quant
2544 2016 2768 2071 necdum
2806 2018 2930 2090 legi.
2976 2017 3047 2074 D.
3083 2018 3439 2093 Hieronymus
3479 2023 3537 2078 in
3582 2022 3726 2081 Viris

2124 2106 2414 2163 illustribus
2451 2108 2652 2180 Script.
2688 2108 2834 2164 Eccl.
2859 2126 2989 2181 quas
3018 2108 3216 2168 Dextro
3244 2111 3368 2169 huic
3391 2112 3484 2188 (ut
3511 2114 3724 2188 opinor)

2128 2198 2388 2253 inscribit.
2418 2198 2746 2269 Sophronias
2773 2199 3098 2272 Hieronymo
3131 2204 3434 2275 familiaris,
3459 2207 3550 2278 qui
3586 2205 3726 2263 hunc

2129 2290 2321 2347 librum
2350 2290 2530 2347 Crtece
2552 2293 2720 2362 vertit,
2737 2294 2933 2349 indicat
2962 2295 3101 2352 hunc
3119 2296 3373 2354 Dextrum
3394 2299 3559 2372 fuisse
3582 2315 3722 2372 prat-

2130 2384 2321 2455 fectum
2346 2386 2612 2457 praetorio.

2133 2496 2412 2555 ANTONIUS
2458 2497 2783 2556 Possumus
2821 2502 3290 2581 societatis_Jesu,
3339 2505 3395 2562 in
3440 2506 3720 2581 Apparatu

2686 2586 2867 2640 sacro,
2903 2574 3082 2630 littera
3109 2575 3174 2632 Ι).

2204 2659 2407 2717 Eadem
2439 2661 2602 2719 habet
2624 2663 2790 2720 verba
2811 2680 2935 2737 quae
2960 2665 3257 2725 Gesncrus.

2135 2816 2373 2875 Joannes
2410 2818 2622 2876 RIOCHE
2661 2821 2872 2878 ordinis
2902 2823 3173 2881 uiuorum
3223 2826 3293 2883 de
3333 2829 3730 2889 Observantia:

2208 2891 2265 2946 in
2293 2890 2631 2961 Cornpendio
2656 2901 2983 2965 temporum,
3018 2897 3113 2953 lib.
3144 2913 3216 2966 ιι,
3242 2914 3366 2971 cap.
3395 2899 3467 2955 24
3487 2943 3501 2968 ,
3531 2904 3642 2961 col.
3674 2906 3726 2962 1.

2213 3001 2426 3072 Dexter,
2455 3002 2598 3074 ﬁlius
2622 3003 2842 3077 Paciani
2857 3052 2872 3077 ,
2899 3008 3189 3064 Historiam
3214 3012 3565 3069 onmimodam
3593 3016 3663 3072 ad

2617 3075 3001 3151 Hieronymum
3023 3083 3256 3154 scripsit.

2246 3188 2445 3247 Cassa
2475 3185 2744 3267 BAHQNIUS
2770 3192 2834 3267 AS.
2867 3192 2932 3248 R.
2960 3192 3381 3267 7E._Cardinalis,
3412 3207 3543 3256 tom.
3566 3214 3623 3257 tv

2602 3264 2902 3320 Annalium
2930 3265 3301 3325 Ecclesiastio.

2217 3371 2399 3440 Agens
2427 3370 2497 3426 de
2517 3369 2577 3426 S.
2610 3369 2845 3427 Paciano
2868 3372 3268 3432 Barcinoncnsi
3314 3378 3605 3450 episcopo,
3662 3380 3733 3438 ad

2145 3476 2346 3517 annum
2376 3462 2589 3518 Domini
2622 3464 2750 3532 388,
2778 3464 2969 3521 subdit
2998 3482 3013 3520 :
3047 3465 3130 3521 Ad
3155 3472 3309 3541 cujus
3337 3471 3509 3539 ﬁlium
3529 3476 3745 3543 prtefcc-

2147 3565 2265 3610 tura
2286 3556 2517 3626 praetorii
2544 3555 2870 3628 insignitum.
2898 3558 3037 3612 idem
3063 3558 3454 3632 Hieronymus,
3499 3572 3556 3618 ut
3603 3564 3745 3620 dice—
3789 3565 3792 3569 ’

2148 3663 2280 3716 mus,
2311 3648 2517 3717 scripsit
2552 3646 2745 3702 librum
2774 3648 2839 3703 de
2865 3648 3221 3722 Scriptoribus
3250 3651 3654 3711 Ecclesiasticis.

2221 3737 2381 3793 Anno
2407 3753 2536 3794 vero
2563 3738 2776 3794 Domini
2804 3731 2939 3795 592:
2967 3741 3075 3798 Sed
3102 3753 3177 3798 est
3208 3744 3430 3817 (inquit)
3458 3756 3516 3801 ut
3537 3746 3748 3803 S.Hie-

2149 3831 2354 3902 rongmi
2382 3830 2772 3888 lucubrationes
2797 3833 3032 3907 singulas
3061 3835 3112 3890 in
3152 3836 3292 3891 hunc
3342 3854 3506 3909 usque
3551 3855 3748 3895 annum

2154 3941 2242 3980 ειν
2276 3923 2556 3980 Theodosii
2578 3927 2904 3998 imperatoris
2929 3929 3120 3995 editas,
3145 3930 3396 4001 perfacile
3441 3947 3742 4002 enumeres,

2153 4018 2199 4071 si
2220 4032 2337 4087 qua:
2379 4018 2448 4070 ad
2497 4016 2654 4087 ﬁnem
2694 4016 2849 4072 habet
2892 4019 2945 4073 in
3000 4017 3381 4076 Commentario
3420 4024 3485 4078 de
3541 4022 3744 4079 Ecclcs.

2154 4109 2508 4183 Scriptoribus
2539 4110 2694 4182 leges.
2725 4112 2952 4178 Scripsit
2984 4112 3135 4167 illum
3155 4114 3225 4168 ad
3255 4113 3512 4170 Dextrum
3537 4133 3582 4170 v.
3610 4115 3743 4169 clar.

2155 4218 2301 4271 quem
2324 4202 2629 4272 pra'fectura
2646 4203 2880 4273 praetorii
2899 4203 3197 4258 decoratum
3209 4206 3370 4275 fuisse
3389 4208 3496 4277 ipse
3517 4208 3670 4261 tradit
3694 4208 3747 4261 in

2154 4294 2410 4366 Apologia
2435 4301 2620 4349 contra
2671 4294 2915 4365 Ruﬁnum
2943 4339 2959 4365 ,
3008 4296 3134 4350 dum
3182 4298 3258 4351 ait
3310 4312 3331 4352 :
3375 4298 3518 4353 Ante
3570 4312 3746 4353 annos

2155 4385 2325 4441 let-nte
2347 4384 2560 4451 decem,
2591 4398 2712 4440 cum
2736 4384 2934 4442 Dexter
2956 4385 3164 4441 amicus
3187 4400 3370 4456 meus,
3398 4387 3492 4458 qui
3515 4390 3746 4458 praelec-

2157 4486 2336 4533 turam
2357 4476 2760 4532 administravit
2782 4477 3043 4545 praetorii,
3075 4492 3163 4532 me
3184 4488 3455 4549 rogasset,
3480 4488 3537 4535 ut
3561 4489 3747 4537 aucto-

461 4567 585 4649 aliis
614 4567 961 4665 legationibus
989 4567 1150 4649 multa
1178 4567 1322 4649 idem
1336 4593 1550 4664 Dexter,
1574 4603 1624 4650 et
1651 4594 1915 4651 Maximus
1937 4595 2051 4651 ϐω·
2083 4582 2137 4643 Ι)
2162 4584 2281 4623 mm
2305 4578 2508 4625 “osum
2530 4567 2813 4665 “ligiouif
2853 4568 2906 4665 ίῗί
2935 4568 3168 4641 ίυδίθβω
3200 4578 3351 4665 1‘38?"
3355 4571 3633 4665 θωνηίηίθτ

462 4696 872 4756 saraugustanus
916 4688 1206 4760 episwpus.
1258 4686 1410 4743 Unde
1455 4688 1628 4743 videat
1674 4687 1941 4744 Serenitas
1964 4703 2055 4743 ve-

418 4836 421 4839 ,
467 4788 747 4836 stra.......
770 4779 981 4836 Caetera
1010 4781 1240 4836 deerant
1278 4783 1334 4835 in
1374 4782 1563 4836 codice
1609 4783 1757 4836 unde
1802 4781 1921 4837 hinc
1951 4796 2057 4838 ex-

466 4873 639 4927 traxit
663 4870 895 4939 Losada,
917 4886 1039 4927 nam
1068 4870 1138 4927 ab
1162 4872 1343 4942 aliquo
1366 4871 1628 4944 plagiario
1657 4874 1817 4946 (proh
1837 4873 2054 4946 dolor!)

465 4963 535 5018 ad
555 4963 949 5032 cooperiendas
974 4966 1281 5021 vetularum
1316 4966 1492 5029 colus,
1525 4964 1657 5020 folia
1686 4966 1903 5022 circiter
1921 4982 2055 5022 cen-

469 5066 582 5110 tum
611 5056 850 5114 abscissa
882 5067 1066 5125 erant,
1116 5069 1172 5115 ut
1203 5058 1460 5115 foliorum
1492 5058 1726 5129 radices,
1758 5074 1880 5133 quae
1904 5074 2058 5116 man-

466 5156 677 5218 serant,
711 5157 960 5220 patenter
981 5150 1242 5207 indicant.

469 5261 733 5337 Juuanus
763 5262 930 5337 PETRI
971 5263 1415 5337 archipresbyter
1440 5266 1758 5331 Toletauus.
1790 5267 1843 5322 in
1882 5264 2059 5323 Chro-

654 5333 776 5389 nico
805 5336 872 5390 ad
904 5351 1102 5391 annum
1127 5333 1336 5392 Christi
1357 5338 1454 5405 56,
1487 5337 1673 5394 ﬂoruit
1707 5339 1873 5394 1100.

544 5425 615 5483 Ut
660 5426 876 5481 traditio
927 5438 1169 5483 constans
1214 5439 1290 5485 est
1339 5430 1402 5484 ab
1447 5430 1746 5502 apostolicis
1796 5431 2061 5502 hucusque

470 5519 628 5574 ducta
653 5518 989 5589 temporibus,
1025 5521 1310 5577 multorum
1344 5523 1498 5578 etiam
1525 5533 1752 5579 veterum
1786 5522 2059 5595 Torquati,

470 5609 841 5681 Ctesiphontis,
867 5610 1151 5680 Honorati,
1177 5612 1440 5681 Helantii,
1470 5615 1677 5684 Dextri,
1707 5615 1786 5670 Μ.
1817 5615 2059 5683 Maximi,

468 5697 690 5769 Isidori,
708 5701 885 5771 Bedte,
906 5704 1232 5776 aliorumque
1247 5707 1568 5774 testimoniis,
1587 5725 1725 5764 anno
1741 5706 1955 5764 Domini
1969 5709 2061 5779 '56,

469 5793 598 5849 satis
637 5795 921 5866 honoriﬁca
943 5814 1132 5866 causa,
1157 5798 1221 5859 S.
1253 5798 1484 5858 Iacobus
1523 5802 1789 5873 apostolus
1830 5801 2066 5862 Zebedtsi

2162 4668 2309 4716 toros
2353 4670 2699 4716 tractatores.
2753 4659 3053 4730 Scripserat
3097 4671 3219 4715 ante
3258 4660 3396 4716 idem
3446 4659 3640 4719 Dexter
3683 4661 3752 4717 ad

2158 4755 2333 4825 ipsum
2354 4753 2716 4826 Hierongnum
2740 4753 3031 4820 historiam,
3065 4769 3224 4824 quam
3253 4755 3364 4828 ipse
3407 4762 3623 4810 testatur
3671 4754 3755 4810 his

2161 4847 2325 4902 verbis
2352 4863 2371 4901 :
2402 4847 2607 4903 Dexter
2635 4845 2855 4901 Paciani
2878 4886 2894 4912 ,
2916 4844 2987 4902 de
3011 4861 3118 4917 quo
3142 4862 3306 4919 supra
3328 4846 3442 4904 dixi
3464 4848 3622 4905 illius.
3645 4847 3754 4905 Sed

2161 4957 2223 4996 ea
2248 4941 2519 5011 dispendio
2547 4955 2754 5011 quoque
2780 4949 2959 4995 nostro
2987 4941 3167 5013 periit.

2234 5038 2393 5089 Anno
2417 5034 2545 5087 item
2578 5029 2795 5087 Domini
2824 5031 2931 5088 595
2952 5073 2968 5098 ,
3002 5043 3134 5088 tom.
3175 5048 3209 5089 ν
3250 5050 3263 5087 :
3298 5032 3407 5089 Sed
3431 5043 3480 5089 et
3524 5033 3756 5091 diximus

2160 5125 2420 5191 Dextrum
2435 5125 2732 5196 prwfectum
2751 5126 2985 5194 prtetorii
3013 5132 3245 5195 tempore
3270 5124 3579 5193 Theodosii,
3610 5130 3753 5200 ejus-

2162 5223 2282 5275 dem
2307 5234 2508 5290 quoque
2528 5218 2819 5289 argumenti
2846 5216 3252 5277 lucubrationem
3279 5219 3591 5275 elaborasse.

2244 5336 2575 5391 Annsuuus
2604 5331 2836 5388 Bzovrus
2861 5331 2981 5388 0rd.
3007 5331 3458 5403 Praedicatorum,
3491 5339 3629 5389 tont.
3653 5347 3673 5388 ι

2596 5403 2850 5459 Historiae
2880 5403 3306 5460 Ecclesiasticae.

2241 5523 2321 5580 Ad
2351 5536 2554 5578 annum
2584 5518 2801 5578 Domini
2835 5519 2905 5574 ει
2952 5517 3173 5575 adducit
3210 5519 3376 5576 verba
3428 5519 3658 5589 Dextri,
3689 5518 3759 5577 de

2165 5616 2551 5689 praedicatione
2578 5595 2638 5670 S.
2669 5611 2857 5670 Jacobi
2885 5611 3119 5682 apostoli
3152 5610 3210 5668 in
3251 5612 3512 5685 Hispania
3532 5657 3548 5684 ,
3581 5611 3759 5685 deque

2168 5709 2289 5781 eius
2314 5706 2626 5780 discipulis:
2655 5720 2783 5762 nam
2798 5706 2910 5776 jam
2937 5703 3007 5761 ad
3030 5719 3227 5763 manus
3251 5706 3420 5780 ipsius
3446 5706 3762 5766 Cbrcnicon

2168 5800 2462 5875 ejusmodi,
2494 5813 2617 5858 tum
2646 5797 2890 5873 scrips’t,
2924 5797 3246 5858 advenerat.
