  <div class='ocr_page' id='page_1' title='image "/cluster/home/n/w/nwhite01/storage/ocr_20150623/31/hvd.32044096580543/018.png"; bbox 0 0 4166 6178; ppageno 0'>
   <div class='ocr_carea' id='block_1_1' title="bbox 418 370 3721 445">
    <p class='ocr_par' dir='ltr' id='par_1_1' title="bbox 418 370 3721 445">
     <span class='ocr_line' id='line_1_1' title="bbox 418 370 3721 445; baseline 0.006 -19"><span class='ocrx_word' id='word_1_1' title='bbox 418 370 491 427; x_wconf 77' lang='lat'><strong>2‘5</strong></span> <span class='ocrx_word' id='word_1_2' title='bbox 1565 371 1884 432; x_wconf 76' lang='lat' dir='ltr'><strong>CHRONICI</strong></span> <span class='ocrx_word' id='word_1_3' title='bbox 1921 373 2180 434; x_wconf 80' lang='lat' dir='ltr'><strong>DEXTRI</strong></span> <span class='ocrx_word' id='word_1_4' title='bbox 2220 375 2586 435; x_wconf 67' lang='lat' dir='ltr'><strong>APOLOGIA.</strong></span> <span class='ocrx_word' id='word_1_5' title='bbox 3649 384 3721 445; x_wconf 67' lang='lat'><strong>26</strong></span> 
     </span>
    </p>
   </div>
   <div class='ocr_carea' id='block_1_2' title="bbox 493 482 3714 568">
    <p class='ocr_par' dir='ltr' id='par_1_2' title="bbox 493 482 3714 568">
     <span class='ocr_line' id='line_1_2' title="bbox 493 482 3714 568; baseline 0.006 -27"><span class='ocrx_word' id='word_1_6' title='bbox 493 482 760 541; x_wconf 92' lang='lat' dir='ltr'><strong>Consulto</strong></span> <span class='ocrx_word' id='word_1_7' title='bbox 812 482 1176 540; x_wconf 77' lang='lat' dir='ltr'><strong>recentiorum</strong></span> <span class='ocrx_word' id='word_1_8' title='bbox 1215 499 1561 546; x_wconf 79' lang='lat' dir='ltr'><strong>numerosam</strong></span> <span class='ocrx_word' id='word_1_9' title='bbox 1612 501 1886 548; x_wconf 91' lang='lat' dir='ltr'><strong>catervam</strong></span> <span class='ocrx_word' id='word_1_10' title='bbox 1930 509 2024 549; x_wconf 89' lang='lat' dir='ltr'><strong>au-</strong></span> <span class='ocrx_word' id='word_1_11' title='bbox 2052 506 2103 568; x_wconf 75' lang='grc' dir='ltr'>Α</span> <span class='ocrx_word' id='word_1_12' title='bbox 2129 508 2197 549; x_wconf 92' lang='lat' dir='ltr'><strong>ne</strong></span> <span class='ocrx_word' id='word_1_13' title='bbox 2227 493 2445 550; x_wconf 80' lang='lat' dir='ltr'><strong>taedium</strong></span> <span class='ocrx_word' id='word_1_14' title='bbox 2472 493 2794 552; x_wconf 88' lang='lat' dir='ltr'><strong>Lectoribus</strong></span> <span class='ocrx_word' id='word_1_15' title='bbox 2831 493 3094 554; x_wconf 83' lang='lat' dir='ltr'><strong>afferam:</strong></span> <span class='ocrx_word' id='word_1_16' title='bbox 3128 511 3319 555; x_wconf 91' lang='lat' dir='ltr'><strong>eorum</strong></span> <span class='ocrx_word' id='word_1_17' title='bbox 3350 505 3531 560; x_wconf 87' lang='lat' dir='ltr'><strong>tamen</strong></span> <span class='ocrx_word' id='word_1_18' title='bbox 3584 517 3714 561; x_wconf 77' lang='lat' dir='ltr'><strong>non~</strong></span> 
     </span>
    </p>
   </div>
   <div class='ocr_carea' id='block_1_3' title="bbox 425 572 2018 657">
    <p class='ocr_par' dir='ltr' id='par_1_3' title="bbox 425 572 2018 657">
     <span class='ocr_line' id='line_1_3' title="bbox 425 572 2018 657; baseline 0.005 -24"><span class='ocrx_word' id='word_1_19' title='bbox 425 586 663 646; x_wconf 87' lang='lat' dir='ltr'><strong>ctorum,</strong></span> <span class='ocrx_word' id='word_1_20' title='bbox 696 573 789 648; x_wconf 91' lang='lat' dir='ltr'><strong>qui</strong></span> <span class='ocrx_word' id='word_1_21' title='bbox 819 572 1002 633; x_wconf 88' lang='lat' dir='ltr'><strong>Dextri</strong></span> <span class='ocrx_word' id='word_1_22' title='bbox 1033 573 1344 636; x_wconf 88' lang='lat' dir='ltr'><strong>Chronicon</strong></span> <span class='ocrx_word' id='word_1_23' title='bbox 1375 593 1776 657; x_wconf 62' lang='lat' dir='ltr'><strong>recognoscant</strong></span> <span class='ocrx_word' id='word_1_24' title='bbox 1803 585 2018 654; x_wconf 87' lang='lat' dir='ltr'><strong>omitto,</strong></span> 
     </span>
    </p>
   </div>
   <div class='ocr_carea' id='block_1_4' title="bbox 419 720 3460 752">
    <p class='ocr_par' dir='ltr' id='par_1_4' title="bbox 419 720 3460 752">
     <span class='ocr_line' id='line_1_4' title="bbox 419 720 3460 752; baseline 0.003 -12"><span class='ocrx_word' id='word_1_25' title='bbox 419 720 3460 752; x_wconf 52' lang='lat' dir='ltr'><strong>mm</strong></span> 
     </span>
    </p>
   </div>
   <div class='ocr_carea' id='block_1_5' title="bbox 2128 588 3251 664">
    <p class='ocr_par' dir='ltr' id='par_1_5' title="bbox 2128 588 3251 664">
     <span class='ocr_line' id='line_1_5' title="bbox 2128 588 3251 664; baseline 0.005 -21"><span class='ocrx_word' id='word_1_26' title='bbox 2128 588 2307 645; x_wconf 86' lang='lat' dir='ltr'><strong>nullos</strong></span> <span class='ocrx_word' id='word_1_27' title='bbox 2333 588 2390 645; x_wconf 90' lang='lat' dir='ltr'><strong>in</strong></span> <span class='ocrx_word' id='word_1_28' title='bbox 2418 590 2665 663; x_wconf 91' lang='lat' dir='ltr'><strong>sequenti</strong></span> <span class='ocrx_word' id='word_1_29' title='bbox 2698 591 2959 664; x_wconf 77' lang='lat' dir='ltr'><strong>Apologia</strong></span> <span class='ocrx_word' id='word_1_30' title='bbox 2993 592 3251 651; x_wconf 88' lang='lat' dir='ltr'><strong>referam.</strong></span> 
     </span>
    </p>
   </div>
   <div class='ocr_carea' id='block_1_6' title="bbox 3459 741 3699 758">
    <p class='ocr_par' dir='ltr' id='par_1_6' title="bbox 3459 741 3699 758">
     <span class='ocr_line' id='line_1_6' title="bbox 3459 741 3699 758; baseline 0.008 -4"><span class='ocrx_word' id='word_1_31' title='bbox 3459 741 3699 758; x_wconf 39' lang='lat' dir='ltr'><strong>ﬁ</strong></span> 
     </span>
    </p>
   </div>
   <div class='ocr_carea' id='block_1_7' title="bbox 666 854 3461 1020">
    <p class='ocr_par' dir='ltr' id='par_1_7' title="bbox 666 854 3461 1020">
     <span class='ocr_line' id='line_1_7' title="bbox 666 854 3461 1020; baseline 0.001 -31"><span class='ocrx_word' id='word_1_32' title='bbox 666 854 1547 990; x_wconf 78' lang='lat' dir='ltr'><strong>CHRONICI</strong></span> <span class='ocrx_word' id='word_1_33' title='bbox 1637 857 2332 990; x_wconf 84' lang='lat' dir='ltr'><strong>DEXTRI</strong></span> <span class='ocrx_word' id='word_1_34' title='bbox 2428 858 3461 1020; x_wconf 86' lang='lat' dir='ltr'><strong>APOLOGIA,</strong></span> 
     </span>
    </p>
   </div>
   <div class='ocr_carea' id='block_1_8' title="bbox 1657 1084 2486 1176">
    <p class='ocr_par' dir='ltr' id='par_1_8' title="bbox 1657 1084 2486 1176">
     <span class='ocr_line' id='line_1_8' title="bbox 1657 1084 2486 1176; baseline 0.002 -16"><span class='ocrx_word' id='word_1_35' title='bbox 1657 1085 1809 1160; x_wconf 87' lang='lat' dir='ltr'><strong>AD</strong></span> <span class='ocrx_word' id='word_1_36' title='bbox 1859 1084 2486 1176; x_wconf 85' lang='lat' dir='ltr'><strong>LECTOBEM,</strong></span> 
     </span>
    </p>
   </div>
   <div class='ocr_carea' id='block_1_9' title="bbox 709 1239 3401 1339">
    <p class='ocr_par' dir='ltr' id='par_1_9' title="bbox 709 1239 3401 1339">
     <span class='ocr_line' id='line_1_9' title="bbox 709 1239 3401 1339; baseline 0.006 -34"><span class='ocrx_word' id='word_1_37' title='bbox 709 1239 855 1319; x_wconf 86' lang='lat' dir='ltr'><strong>Qua</strong></span> <span class='ocrx_word' id='word_1_38' title='bbox 880 1239 1022 1323; x_wconf 89' lang='lat' dir='ltr'><strong>ipso</strong></span> <span class='ocrx_word' id='word_1_39' title='bbox 1046 1241 1114 1305; x_wconf 91' lang='lat' dir='ltr'><strong>in</strong></span> <span class='ocrx_word' id='word_1_40' title='bbox 1142 1239 1362 1308; x_wconf 91' lang='lat' dir='ltr'><strong>limine</strong></span> <span class='ocrx_word' id='word_1_41' title='bbox 1389 1239 1758 1307; x_wconf 82' lang='lat' dir='ltr'><strong>admonitus</strong></span> <span class='ocrx_word' id='word_1_42' title='bbox 1789 1239 2108 1306; x_wconf 86' lang='lat' dir='ltr'><strong>inoffenso</strong></span> <span class='ocrx_word' id='word_1_43' title='bbox 2137 1250 2374 1312; x_wconf 85' lang='lat' dir='ltr'><strong>cuncta</strong></span> <span class='ocrx_word' id='word_1_44' title='bbox 2405 1249 2816 1328; x_wconf 80' lang='lat' dir='ltr'><strong>postmodum</strong></span> <span class='ocrx_word' id='word_1_45' title='bbox 2852 1259 3190 1333; x_wconf 82' lang='lat' dir='ltr'><strong>percurrat</strong></span> <span class='ocrx_word' id='word_1_46' title='bbox 3218 1255 3401 1339; x_wconf 89' lang='lat' dir='ltr'><strong>pede.</strong></span> 
     </span>
    </p>
   </div>
   <div class='ocr_carea' id='block_1_10' title="bbox 419 1545 2013 1620">
    <p class='ocr_par' dir='ltr' id='par_1_10' title="bbox 419 1545 2013 1620">
     <span class='ocr_line' id='line_1_10' title="bbox 419 1545 2013 1620; baseline -0.001 -16"><span class='ocrx_word' id='word_1_47' title='bbox 419 1545 446 1620; x_wconf 83' lang='lat'>§</span> <span class='ocrx_word' id='word_1_48' title='bbox 501 1548 552 1604; x_wconf 81' lang='grc'><strong>1.</strong></span> <span class='ocrx_word' id='word_1_49' title='bbox 609 1547 739 1616; x_wconf 76' lang='lat' dir='ltr'><strong>Qua:</strong></span> <span class='ocrx_word' id='word_1_50' title='bbox 766 1554 812 1602; x_wconf 86' lang='lat' dir='ltr'><strong>et</strong></span> <span class='ocrx_word' id='word_1_51' title='bbox 843 1557 1101 1620; x_wconf 57' lang='lat' dir='ltr'><strong>quanta,</strong></span> <span class='ocrx_word' id='word_1_52' title='bbox 1130 1547 1479 1620; x_wconf 82' lang='lat' dir='ltr'><strong>omnimodam</strong></span> <span class='ocrx_word' id='word_1_53' title='bbox 1533 1548 1669 1602; x_wconf 80' lang='lat' dir='ltr'><strong>lianc</strong></span> <span class='ocrx_word' id='word_1_54' title='bbox 1724 1547 2013 1620; x_wconf 73' lang='lat' dir='ltr'><strong>Historiam</strong></span> 
     </span>
    </p>
   </div>
   <div class='ocr_carea' id='block_1_11' title="bbox 589 1617 1824 1691">
    <p class='ocr_par' dir='ltr' id='par_1_11' title="bbox 589 1617 1824 1691">
     <span class='ocr_line' id='line_1_11' title="bbox 589 1617 1824 1691; baseline -0.002 -16"><span class='ocrx_word' id='word_1_55' title='bbox 589 1617 892 1691; x_wconf 78' lang='lat' dir='ltr'><strong>germanum</strong></span> <span class='ocrx_word' id='word_1_56' title='bbox 919 1617 1104 1675; x_wconf 67' lang='lat' dir='ltr'><strong>Dextri</strong></span> <span class='ocrx_word' id='word_1_57' title='bbox 1131 1619 1293 1690; x_wconf 82' lang='lat' dir='ltr'><strong>fetum</strong></span> <span class='ocrx_word' id='word_1_58' title='bbox 1323 1636 1430 1674; x_wconf 83' lang='lat' dir='ltr'><strong>esse</strong></span> <span class='ocrx_word' id='word_1_59' title='bbox 1459 1621 1770 1674; x_wconf 78' lang='lat' dir='ltr'><strong>convincam</strong></span> <span class='ocrx_word' id='word_1_60' title='bbox 1798 1618 1824 1672; x_wconf 81' lang='lat'><strong><em>?</em></strong></span> 
     </span>
    </p>
   </div>
   <div class='ocr_carea' id='block_1_12' title="bbox 2119 1549 3719 1625">
    <p class='ocr_par' dir='ltr' id='par_1_12' title="bbox 2119 1549 3719 1625">
     <span class='ocr_line' id='line_1_12' title="bbox 2119 1549 3719 1625; baseline 0.008 -23"><span class='ocrx_word' id='word_1_61' title='bbox 2119 1555 2400 1617; x_wconf 87' lang='lat' dir='ltr'><strong>contenta,</strong></span> <span class='ocrx_word' id='word_1_62' title='bbox 2426 1549 2645 1619; x_wconf 86' lang='lat' dir='ltr'><strong>plurimi</strong></span> <span class='ocrx_word' id='word_1_63' title='bbox 2676 1550 2883 1608; x_wconf 91' lang='lat' dir='ltr'><strong>habere</strong></span> <span class='ocrx_word' id='word_1_64' title='bbox 2928 1552 3139 1625; x_wconf 82' lang='lat' dir='ltr'><strong>(errant</strong></span> <span class='ocrx_word' id='word_1_65' title='bbox 3169 1555 3258 1625; x_wconf 87' lang='lat' dir='ltr'><strong>qui</strong></span> <span class='ocrx_word' id='word_1_66' title='bbox 3311 1555 3627 1613; x_wconf 86' lang='lat' dir='ltr'><strong>existimant</strong></span> <span class='ocrx_word' id='word_1_67' title='bbox 3667 1559 3719 1615; x_wconf 91' lang='lat' dir='ltr'><strong>in</strong></span> 
     </span>
    </p>
   </div>
   <div class='ocr_carea' id='block_1_13' title="bbox 2117 1639 3718 1718">
    <p class='ocr_par' dir='ltr' id='par_1_13' title="bbox 2117 1639 3718 1718">
     <span class='ocr_line' id='line_1_13' title="bbox 2117 1639 3718 1718; baseline 0.009 -27"><span class='ocrx_word' id='word_1_68' title='bbox 2117 1639 2372 1693; x_wconf 85' lang='lat' dir='ltr'><strong>coenobio</strong></span> <span class='ocrx_word' id='word_1_69' title='bbox 2388 1639 2645 1696; x_wconf 87' lang='lat' dir='ltr'><strong>Fuldensi</strong></span> <span class='ocrx_word' id='word_1_70' title='bbox 2659 1642 2991 1711; x_wconf 80' lang='lat' dir='ltr'><strong>exscriptum</strong></span> <span class='ocrx_word' id='word_1_71' title='bbox 3006 1644 3174 1701; x_wconf 85' lang='lat' dir='ltr'><strong>fuisse</strong></span> <span class='ocrx_word' id='word_1_72' title='bbox 3188 1646 3432 1702; x_wconf 87' lang='lat' dir='ltr'><strong>codicem</strong></span> <span class='ocrx_word' id='word_1_73' title='bbox 3443 1659 3514 1712; x_wconf 89' lang='lat' dir='ltr'><strong>,et</strong></span> <span class='ocrx_word' id='word_1_74' title='bbox 3528 1649 3584 1704; x_wconf 92' lang='lat' dir='ltr'><strong>in</strong></span> <span class='ocrx_word' id='word_1_75' title='bbox 3598 1650 3718 1718; x_wconf 83' lang='lat' dir='ltr'><strong>ejus</strong></span> 
     </span>
    </p>
   </div>
   <div class='ocr_carea' id='block_1_14' title="bbox 481 1729 3716 1807">
    <p class='ocr_par' dir='ltr' id='par_1_14' title="bbox 481 1729 3716 1807">
     <span class='ocr_line' id='line_1_14' title="bbox 481 1729 3716 1807; baseline 0.003 -21"><span class='ocrx_word' id='word_1_76' title='bbox 481 1736 637 1804; x_wconf 74' lang='lat' dir='ltr'><strong>Qiod</strong></span> <span class='ocrx_word' id='word_1_77' title='bbox 668 1735 798 1791; x_wconf 88' lang='lat' dir='ltr'><strong>olim</strong></span> <span class='ocrx_word' id='word_1_78' title='bbox 827 1735 1048 1805; x_wconf 84' lang='lat' dir='ltr'><strong>scriptis</strong></span> <span class='ocrx_word' id='word_1_79' title='bbox 1077 1734 1255 1806; x_wconf 81' lang='lat' dir='ltr'><strong>Magni</strong></span> <span class='ocrx_word' id='word_1_80' title='bbox 1282 1734 1628 1805; x_wconf 75' lang='lat' dir='ltr'><strong>Areopagita:</strong></span> <span class='ocrx_word' id='word_1_81' title='bbox 1655 1735 1899 1807; x_wconf 85' lang='lat' dir='ltr'><strong>Dionysii</strong></span> <span class='ocrx_word' id='word_1_82' title='bbox 1919 1751 2011 1793; x_wconf 82' lang='lat' dir='ltr'><strong>ac-</strong></span> <span class='ocrx_word' id='word_1_83' title='bbox 2043 1744 2093 1805; x_wconf 82' lang='grc' dir='ltr'><strong>Β</strong></span> <span class='ocrx_word' id='word_1_84' title='bbox 2119 1729 2296 1784; x_wconf 90' lang='lat' dir='ltr'><strong>adhuc</strong></span> <span class='ocrx_word' id='word_1_85' title='bbox 2328 1729 2656 1788; x_wconf 84' lang='lat' dir='ltr'><strong>bibliotheca</strong></span> <span class='ocrx_word' id='word_1_86' title='bbox 2688 1748 3011 1802; x_wconf 82' lang='lat' dir='ltr'><strong>permanere</strong></span> <span class='ocrx_word' id='word_1_87' title='bbox 3034 1775 3051 1801; x_wconf 96' lang='lat'><strong>,</strong></span> <span class='ocrx_word' id='word_1_88' title='bbox 3081 1750 3202 1792; x_wconf 92' lang='lat' dir='ltr'><strong>cum</strong></span> <span class='ocrx_word' id='word_1_89' title='bbox 3235 1747 3416 1794; x_wconf 88' lang='lat' dir='ltr'><strong>tamen</strong></span> <span class='ocrx_word' id='word_1_90' title='bbox 3447 1739 3716 1796; x_wconf 80' lang='lat' dir='ltr'><strong>Turralba</strong></span> 
     </span>
    </p>
   </div>
   <div class='ocr_carea' id='block_1_15' title="bbox 408 1825 2000 1898">
    <p class='ocr_par' dir='ltr' id='par_1_15' title="bbox 408 1825 2000 1898">
     <span class='ocr_line' id='line_1_15' title="bbox 408 1825 2000 1898; baseline 0.002 -17"><span class='ocrx_word' id='word_1_91' title='bbox 408 1826 562 1895; x_wconf 85' lang='lat' dir='ltr'><strong>t-idit,</strong></span> <span class='ocrx_word' id='word_1_92' title='bbox 591 1843 712 1898; x_wconf 71' lang='lat' dir='ltr'><strong>qua:</strong></span> <span class='ocrx_word' id='word_1_93' title='bbox 737 1842 862 1883; x_wconf 92' lang='lat' dir='ltr'><strong>cum</strong></span> <span class='ocrx_word' id='word_1_94' title='bbox 892 1827 985 1882; x_wconf 91' lang='lat' dir='ltr'><strong>diu</strong></span> <span class='ocrx_word' id='word_1_95' title='bbox 1012 1827 1321 1892; x_wconf 85' lang='lat' dir='ltr'><strong>latuissent,</strong></span> <span class='ocrx_word' id='word_1_96' title='bbox 1356 1826 1572 1881; x_wconf 85' lang='lat' dir='ltr'><strong>tandem</strong></span> <span class='ocrx_word' id='word_1_97' title='bbox 1623 1825 1839 1883; x_wconf 84' lang='lat' dir='ltr'><strong>inventa</strong></span> <span class='ocrx_word' id='word_1_98' title='bbox 1869 1836 1924 1883; x_wconf 89' lang='lat' dir='ltr'><strong>et</strong></span> <span class='ocrx_word' id='word_1_99' title='bbox 1949 1829 2000 1884; x_wconf 89' lang='lat' dir='ltr'><strong>in</strong></span> 
     </span>
    </p>
   </div>
   <div class='ocr_carea' id='block_1_16' title="bbox 407 1917 2004 1992">
    <p class='ocr_par' dir='ltr' id='par_1_16' title="bbox 407 1917 2004 1992">
     <span class='ocr_line' id='line_1_16' title="bbox 407 1917 2004 1992; baseline 0.001 -17"><span class='ocrx_word' id='word_1_100' title='bbox 407 1921 592 1980; x_wconf 82' lang='lat' dir='ltr'><strong>lucem</strong></span> <span class='ocrx_word' id='word_1_101' title='bbox 615 1919 738 1975; x_wconf 89' lang='lat' dir='ltr'><strong>data</strong></span> <span class='ocrx_word' id='word_1_102' title='bbox 769 1934 965 1990; x_wconf 87' lang='lat' dir='ltr'><strong>magno</strong></span> <span class='ocrx_word' id='word_1_103' title='bbox 990 1917 1212 1974; x_wconf 90' lang='lat' dir='ltr'><strong>fuerunt</strong></span> <span class='ocrx_word' id='word_1_104' title='bbox 1239 1917 1496 1974; x_wconf 64' lang='lat' dir='ltr'><strong>Ecclesizc</strong></span> <span class='ocrx_word' id='word_1_105' title='bbox 1519 1919 1804 1975; x_wconf 72' lang='lat' dir='ltr'><strong>catholicae</strong></span> <span class='ocrx_word' id='word_1_106' title='bbox 1850 1921 2004 1992; x_wconf 84' lang='lat' dir='ltr'><strong>adju-</strong></span> 
     </span>
    </p>
   </div>
   <div class='ocr_carea' id='block_1_17' title="bbox 415 2011 2004 2084">
    <p class='ocr_par' dir='ltr' id='par_1_17' title="bbox 415 2011 2004 2084">
     <span class='ocr_line' id='line_1_17' title="bbox 415 2011 2004 2084; baseline 0.001 -14"><span class='ocrx_word' id='word_1_107' title='bbox 415 2024 627 2078; x_wconf 90' lang='lat' dir='ltr'><strong>mento,</strong></span> <span class='ocrx_word' id='word_1_108' title='bbox 656 2013 708 2068; x_wconf 91' lang='lat' dir='ltr'><strong>id</strong></span> <span class='ocrx_word' id='word_1_109' title='bbox 734 2027 953 2084; x_wconf 89' lang='lat' dir='ltr'><strong>quoque</strong></span> <span class='ocrx_word' id='word_1_110' title='bbox 982 2011 1251 2083; x_wconf 86' lang='lat' dir='ltr'><strong>ejusmodi</strong></span> <span class='ocrx_word' id='word_1_111' title='bbox 1281 2011 1342 2066; x_wconf 89' lang='lat' dir='ltr'><strong>L.</strong></span> <span class='ocrx_word' id='word_1_112' title='bbox 1369 2011 1554 2068; x_wconf 81' lang='lat' dir='ltr'><strong>Dextri</strong></span> <span class='ocrx_word' id='word_1_113' title='bbox 1583 2011 2004 2072; x_wconf 87' lang='lat' dir='ltr'><strong>Barciuoncnsis</strong></span> 
     </span>
    </p>
   </div>
   <div class='ocr_carea' id='block_1_18' title="bbox 411 2103 2006 2174">
    <p class='ocr_par' dir='ltr' id='par_1_18' title="bbox 411 2103 2006 2174">
     <span class='ocr_line' id='line_1_18' title="bbox 411 2103 2006 2174; baseline 0.002 -13"><span class='ocrx_word' id='word_1_114' title='bbox 411 2105 694 2161; x_wconf 72' lang='lat' dir='ltr'><strong>Chronic-is</strong></span> <span class='ocrx_word' id='word_1_115' title='bbox 724 2104 972 2170; x_wconf 89' lang='lat' dir='ltr'><strong>accidit;</strong></span> <span class='ocrx_word' id='word_1_116' title='bbox 1018 2119 1140 2174; x_wconf 80' lang='lat' dir='ltr'><strong>qua:</strong></span> <span class='ocrx_word' id='word_1_117' title='bbox 1188 2103 1407 2174; x_wconf 87' lang='lat' dir='ltr'><strong>quidem</strong></span> <span class='ocrx_word' id='word_1_118' title='bbox 1453 2116 1577 2159; x_wconf 84' lang='lat' dir='ltr'><strong>ante</strong></span> <span class='ocrx_word' id='word_1_119' title='bbox 1617 2106 1768 2162; x_wconf 90' lang='lat' dir='ltr'><strong>mille</strong></span> <span class='ocrx_word' id='word_1_120' title='bbox 1812 2116 1868 2163; x_wconf 89' lang='lat' dir='ltr'><strong>et</strong></span> <span class='ocrx_word' id='word_1_121' title='bbox 1906 2108 2006 2164; x_wconf 85' lang='lat' dir='ltr'><strong>du-</strong></span> 
     </span>
    </p>
   </div>
   <div class='ocr_carea' id='block_1_19' title="bbox 409 2195 2004 2272">
    <p class='ocr_par' dir='ltr' id='par_1_19' title="bbox 409 2195 2004 2272">
     <span class='ocr_line' id='line_1_19' title="bbox 409 2195 2004 2272; baseline 0.002 -20"><span class='ocrx_word' id='word_1_122' title='bbox 409 2207 596 2253; x_wconf 87' lang='lat' dir='ltr'><strong>centos</strong></span> <span class='ocrx_word' id='word_1_123' title='bbox 625 2211 800 2252; x_wconf 91' lang='lat' dir='ltr'><strong>annos</strong></span> <span class='ocrx_word' id='word_1_124' title='bbox 824 2195 1050 2267; x_wconf 88' lang='lat' dir='ltr'><strong>scripta,</strong></span> <span class='ocrx_word' id='word_1_125' title='bbox 1087 2205 1210 2266; x_wconf 72' lang='lat' dir='ltr'><strong>post</strong></span> <span class='ocrx_word' id='word_1_126' title='bbox 1245 2195 1416 2251; x_wconf 88' lang='lat' dir='ltr'><strong>multa</strong></span> <span class='ocrx_word' id='word_1_127' title='bbox 1466 2198 1668 2252; x_wconf 85' lang='lat' dir='ltr'><strong>saecula</strong></span> <span class='ocrx_word' id='word_1_128' title='bbox 1717 2200 1770 2253; x_wconf 90' lang='lat' dir='ltr'><strong>in</strong></span> <span class='ocrx_word' id='word_1_129' title='bbox 1812 2199 2004 2272; x_wconf 90' lang='lat' dir='ltr'><strong>vulgus</strong></span> 
     </span>
    </p>
   </div>
   <div class='ocr_carea' id='block_1_20' title="bbox 409 2290 2003 2366">
    <p class='ocr_par' dir='ltr' id='par_1_20' title="bbox 409 2290 2003 2366">
     <span class='ocr_line' id='line_1_20' title="bbox 409 2290 2003 2366; baseline 0.003 -22"><span class='ocrx_word' id='word_1_130' title='bbox 409 2292 608 2346; x_wconf 82' lang='lat' dir='ltr'><strong>emissa</strong></span> <span class='ocrx_word' id='word_1_131' title='bbox 637 2301 786 2356; x_wconf 86' lang='lat' dir='ltr'><strong>sunt,</strong></span> <span class='ocrx_word' id='word_1_132' title='bbox 817 2290 1024 2361; x_wconf 83' lang='lat' dir='ltr'><strong>ingenti</strong></span> <span class='ocrx_word' id='word_1_133' title='bbox 1047 2291 1213 2346; x_wconf 89' lang='lat' dir='ltr'><strong>etiam</strong></span> <span class='ocrx_word' id='word_1_134' title='bbox 1244 2305 1369 2345; x_wconf 90' lang='lat' dir='ltr'><strong>cum</strong></span> <span class='ocrx_word' id='word_1_135' title='bbox 1397 2290 1575 2346; x_wconf 84' lang='lat' dir='ltr'><strong>fructu</strong></span> <span class='ocrx_word' id='word_1_136' title='bbox 1595 2291 1677 2363; x_wconf 90' lang='lat' dir='ltr'><strong>(ut</strong></span> <span class='ocrx_word' id='word_1_137' title='bbox 1696 2291 2003 2366; x_wconf 77' lang='lat' dir='ltr'><strong>Speramus)</strong></span> 
     </span>
    </p>
   </div>
   <div class='ocr_carea' id='block_1_21' title="bbox 409 2382 2002 2457">
    <p class='ocr_par' dir='ltr' id='par_1_21' title="bbox 409 2382 2002 2457">
     <span class='ocr_line' id='line_1_21' title="bbox 409 2382 2002 2457; baseline 0.004 -20"><span class='ocrx_word' id='word_1_138' title='bbox 409 2383 806 2441; x_wconf 77' lang='lat' dir='ltr'><strong>Ecclesiastica:</strong></span> <span class='ocrx_word' id='word_1_139' title='bbox 851 2382 1120 2439; x_wconf 65' lang='lat' dir='ltr'><strong>historiae.</strong></span> <span class='ocrx_word' id='word_1_140' title='bbox 1201 2383 1474 2440; x_wconf 66' lang='lat' dir='ltr'><strong>Caeterum</strong></span> <span class='ocrx_word' id='word_1_141' title='bbox 1544 2385 2002 2457; x_wconf 84' lang='lat' dir='ltr'><strong>quemadmodum</strong></span> 
     </span>
    </p>
   </div>
   <div class='ocr_carea' id='block_1_22' title="bbox 411 2473 2005 2549">
    <p class='ocr_par' dir='ltr' id='par_1_22' title="bbox 411 2473 2005 2549">
     <span class='ocr_line' id='line_1_22' title="bbox 411 2473 2005 2549; baseline 0.003 -20"><span class='ocrx_word' id='word_1_142' title='bbox 411 2475 524 2530; x_wconf 87' lang='lat' dir='ltr'><strong>illis</strong></span> <span class='ocrx_word' id='word_1_143' title='bbox 544 2476 674 2532; x_wconf 90' lang='lat' dir='ltr'><strong>olim</strong></span> <span class='ocrx_word' id='word_1_144' title='bbox 699 2475 1094 2532; x_wconf 85' lang='lat' dir='ltr'><strong>contradictum</strong></span> <span class='ocrx_word' id='word_1_145' title='bbox 1123 2473 1222 2530; x_wconf 90' lang='lat' dir='ltr'><strong>fuit</strong></span> <span class='ocrx_word' id='word_1_146' title='bbox 1249 2491 1280 2531; x_wconf 90' lang='lat' dir='ltr'><strong>a</strong></span> <span class='ocrx_word' id='word_1_147' title='bbox 1312 2476 1610 2542; x_wconf 88' lang='lat' dir='ltr'><strong>nonnullis,</strong></span> <span class='ocrx_word' id='word_1_148' title='bbox 1634 2478 1780 2548; x_wconf 90' lang='lat' dir='ltr'><strong>quod</strong></span> <span class='ocrx_word' id='word_1_149' title='bbox 1804 2489 2005 2549; x_wconf 76' lang='lat' dir='ltr'><strong>praeter</strong></span> 
     </span>
    </p>
   </div>
   <div class='ocr_carea' id='block_1_23' title="bbox 407 2567 2006 2642">
    <p class='ocr_par' dir='ltr' id='par_1_23' title="bbox 407 2567 2006 2642">
     <span class='ocr_line' id='line_1_23' title="bbox 407 2567 2006 2642; baseline 0.002 -18"><span class='ocrx_word' id='word_1_150' title='bbox 407 2569 655 2624; x_wconf 88' lang='lat' dir='ltr'><strong>onmium</strong></span> <span class='ocrx_word' id='word_1_151' title='bbox 681 2567 1140 2639; x_wconf 84' lang='lat' dir='ltr'><strong>exspectationem</strong></span> <span class='ocrx_word' id='word_1_152' title='bbox 1167 2568 1414 2640; x_wconf 65' lang='lat' dir='ltr'><strong>quaedam</strong></span> <span class='ocrx_word' id='word_1_153' title='bbox 1433 2569 1789 2638; x_wconf 83' lang='lat' dir='ltr'><strong>altirmarint;</strong></span> <span class='ocrx_word' id='word_1_154' title='bbox 1820 2572 1892 2628; x_wconf 91' lang='lat' dir='ltr'><strong>ita</strong></span> <span class='ocrx_word' id='word_1_155' title='bbox 1913 2588 2006 2642; x_wconf 89' lang='lat' dir='ltr'><strong>pa-</strong></span> 
     </span>
    </p>
   </div>
   <div class='ocr_carea' id='block_1_24' title="bbox 410 2660 2004 2733">
    <p class='ocr_par' dir='ltr' id='par_1_24' title="bbox 410 2660 2004 2733">
     <span class='ocr_line' id='line_1_24' title="bbox 410 2660 2004 2733; baseline 0.004 -17"><span class='ocrx_word' id='word_1_156' title='bbox 410 2660 549 2716; x_wconf 83' lang='lat' dir='ltr'><strong>riter</strong></span> <span class='ocrx_word' id='word_1_157' title='bbox 573 2669 628 2716; x_wconf 93' lang='lat' dir='ltr'><strong>et</strong></span> <span class='ocrx_word' id='word_1_158' title='bbox 654 2661 708 2716; x_wconf 94' lang='lat' dir='ltr'><strong>in</strong></span> <span class='ocrx_word' id='word_1_159' title='bbox 746 2660 830 2716; x_wconf 86' lang='lat' dir='ltr'><strong>his</strong></span> <span class='ocrx_word' id='word_1_160' title='bbox 851 2704 865 2730; x_wconf 94' lang='lat'><strong>,</strong></span> <span class='ocrx_word' id='word_1_161' title='bbox 897 2660 1220 2732; x_wconf 86' lang='lat' dir='ltr'><strong>quibusdam</strong></span> <span class='ocrx_word' id='word_1_162' title='bbox 1247 2662 1494 2733; x_wconf 91' lang='lat' dir='ltr'><strong>scrupuli</strong></span> <span class='ocrx_word' id='word_1_163' title='bbox 1533 2663 1639 2718; x_wconf 87' lang='lat' dir='ltr'><strong>orti</strong></span> <span class='ocrx_word' id='word_1_164' title='bbox 1668 2673 1835 2732; x_wconf 89' lang='lat' dir='ltr'><strong>sunt,</strong></span> <span class='ocrx_word' id='word_1_165' title='bbox 1867 2681 2004 2732; x_wconf 88' lang='lat' dir='ltr'><strong>quos</strong></span> 
     </span>
    </p>
   </div>
   <div class='ocr_carea' id='block_1_25' title="bbox 409 2753 2010 2824">
    <p class='ocr_par' dir='ltr' id='par_1_25' title="bbox 409 2753 2010 2824">
     <span class='ocr_line' id='line_1_25' title="bbox 409 2753 2010 2824; baseline 0.003 -16"><span class='ocrx_word' id='word_1_166' title='bbox 409 2768 555 2808; x_wconf 91' lang='lat' dir='ltr'><strong>nunc</strong></span> <span class='ocrx_word' id='word_1_167' title='bbox 572 2768 751 2822; x_wconf 69' lang='lat' dir='ltr'><strong>operae</strong></span> <span class='ocrx_word' id='word_1_168' title='bbox 774 2753 1007 2824; x_wconf 86' lang='lat' dir='ltr'><strong>pretium</strong></span> <span class='ocrx_word' id='word_1_169' title='bbox 1037 2755 1146 2808; x_wconf 91' lang='lat' dir='ltr'><strong>erit</strong></span> <span class='ocrx_word' id='word_1_170' title='bbox 1172 2753 1397 2821; x_wconf 90' lang='lat' dir='ltr'><strong>sedare;</strong></span> <span class='ocrx_word' id='word_1_171' title='bbox 1433 2769 1502 2810; x_wconf 91' lang='lat' dir='ltr'><strong>ne</strong></span> <span class='ocrx_word' id='word_1_172' title='bbox 1525 2753 1706 2811; x_wconf 83' lang='lat' dir='ltr'><strong>forsan</strong></span> <span class='ocrx_word' id='word_1_173' title='bbox 1727 2756 1899 2812; x_wconf 90' lang='lat' dir='ltr'><strong>lector</strong></span> <span class='ocrx_word' id='word_1_174' title='bbox 1921 2758 2010 2813; x_wconf 87' lang='lat' dir='ltr'><strong>eis</strong></span> 
     </span>
    </p>
   </div>
   <div class='ocr_carea' id='block_1_26' title="bbox 413 2845 2004 2917">
    <p class='ocr_par' dir='ltr' id='par_1_26' title="bbox 413 2845 2004 2917">
     <span class='ocr_line' id='line_1_26' title="bbox 413 2845 2004 2917; baseline 0.004 -17"><span class='ocrx_word' id='word_1_175' title='bbox 413 2845 763 2913; x_wconf 82' lang='lat' dir='ltr'><strong>absterritus,</strong></span> <span class='ocrx_word' id='word_1_176' title='bbox 812 2846 969 2900; x_wconf 89' lang='lat' dir='ltr'><strong>fidem</strong></span> <span class='ocrx_word' id='word_1_177' title='bbox 1001 2862 1163 2917; x_wconf 89' lang='lat' dir='ltr'><strong>quam</strong></span> <span class='ocrx_word' id='word_1_178' title='bbox 1211 2847 1336 2917; x_wconf 87' lang='lat' dir='ltr'><strong>jure</strong></span> <span class='ocrx_word' id='word_1_179' title='bbox 1383 2857 1742 2917; x_wconf 82' lang='lat' dir='ltr'><strong>promeretur,</strong></span> <span class='ocrx_word' id='word_1_180' title='bbox 1791 2850 2004 2906; x_wconf 87' lang='lat' dir='ltr'><strong>auctori</strong></span> 
     </span>
    </p>
   </div>
   <div class='ocr_carea' id='block_1_27' title="bbox 415 2937 2004 3009">
    <p class='ocr_par' dir='ltr' id='par_1_27' title="bbox 415 2937 2004 3009">
     <span class='ocr_line' id='line_1_27' title="bbox 415 2937 2004 3009; baseline 0.004 -17"><span class='ocrx_word' id='word_1_181' title='bbox 415 2947 567 2993; x_wconf 87' lang='lat' dir='ltr'><strong>lattto</strong></span> <span class='ocrx_word' id='word_1_182' title='bbox 589 2939 842 3009; x_wconf 83' lang='lat' dir='ltr'><strong>deneget.</strong></span> <span class='ocrx_word' id='word_1_183' title='bbox 876 2937 1094 2994; x_wconf 86' lang='lat' dir='ltr'><strong>Utinam</strong></span> <span class='ocrx_word' id='word_1_184' title='bbox 1124 2947 1304 2994; x_wconf 89' lang='lat' dir='ltr'><strong>autem</strong></span> <span class='ocrx_word' id='word_1_185' title='bbox 1354 2938 1555 2994; x_wconf 84' lang='lat' dir='ltr'><strong>Dextro</strong></span> <span class='ocrx_word' id='word_1_186' title='bbox 1596 2941 1818 2996; x_wconf 88' lang='lat' dir='ltr'><strong>daretur</strong></span> <span class='ocrx_word' id='word_1_187' title='bbox 1865 2941 2004 2998; x_wconf 85' lang='lat' dir='ltr'><strong>alter</strong></span> 
     </span>
    </p>
   </div>
   <div class='ocr_carea' id='block_1_28' title="bbox 413 3029 2000 3102">
    <p class='ocr_par' dir='ltr' id='par_1_28' title="bbox 413 3029 2000 3102">
     <span class='ocr_line' id='line_1_28' title="bbox 413 3029 2000 3102; baseline 0.004 -18"><span class='ocrx_word' id='word_1_188' title='bbox 413 3029 758 3095; x_wconf 87' lang='lat' dir='ltr'><strong>Theodorus,</strong></span> <span class='ocrx_word' id='word_1_189' title='bbox 799 3031 942 3102; x_wconf 89' lang='lat' dir='ltr'><strong>quali</strong></span> <span class='ocrx_word' id='word_1_190' title='bbox 975 3029 1267 3102; x_wconf 87' lang='lat' dir='ltr'><strong>Dionysius</strong></span> <span class='ocrx_word' id='word_1_191' title='bbox 1298 3029 1496 3086; x_wconf 86' lang='lat' dir='ltr'><strong>fruitus</strong></span> <span class='ocrx_word' id='word_1_192' title='bbox 1524 3041 1638 3095; x_wconf 90' lang='lat' dir='ltr'><strong>est,</strong></span> <span class='ocrx_word' id='word_1_193' title='bbox 1669 3032 1884 3090; x_wconf 84' lang='lat' dir='ltr'><strong>facilius</strong></span> <span class='ocrx_word' id='word_1_194' title='bbox 1923 3035 2000 3090; x_wconf 90' lang='lat' dir='ltr'><strong>si-</strong></span> 
     </span>
    </p>
   </div>
   <div class='ocr_carea' id='block_1_29' title="bbox 2106 1823 3722 1903">
    <p class='ocr_par' dir='ltr' id='par_1_29' title="bbox 2106 1823 3722 1903">
     <span class='ocr_line' id='line_1_29' title="bbox 2106 1823 3722 1903; baseline 0.009 -25"><span class='ocrx_word' id='word_1_195' title='bbox 2106 1823 2284 1878; x_wconf 82' lang='lat' dir='ltr'><strong>Squm</strong></span> <span class='ocrx_word' id='word_1_196' title='bbox 2316 1825 2641 1891; x_wconf 88' lang='lat' dir='ltr'><strong>asseruerit,</strong></span> <span class='ocrx_word' id='word_1_197' title='bbox 2671 1827 2816 1897; x_wconf 86' lang='lat' dir='ltr'><strong>quod</strong></span> <span class='ocrx_word' id='word_1_198' title='bbox 2844 1827 3017 1884; x_wconf 85' lang='lat' dir='ltr'><strong>codex</strong></span> <span class='ocrx_word' id='word_1_199' title='bbox 3049 1831 3440 1903; x_wconf 87' lang='lat' dir='ltr'><strong>autographus,</strong></span> <span class='ocrx_word' id='word_1_200' title='bbox 3480 1833 3722 1891; x_wconf 87' lang='lat' dir='ltr'><strong>Fulden-</strong></span> 
     </span>
    </p>
   </div>
   <div class='ocr_carea' id='block_1_30' title="bbox 2106 1915 3718 1998">
    <p class='ocr_par' dir='ltr' id='par_1_30' title="bbox 2106 1915 3718 1998">
     <span class='ocr_line' id='line_1_30' title="bbox 2106 1915 3718 1998; baseline 0.009 -29"><span class='ocrx_word' id='word_1_201' title='bbox 2106 1915 2245 1970; x_wconf 89' lang='lat' dir='ltr'><strong>sium</strong></span> <span class='ocrx_word' id='word_1_202' title='bbox 2272 1918 2493 1988; x_wconf 82' lang='lat' dir='ltr'><strong>fuerat).</strong></span> <span class='ocrx_word' id='word_1_203' title='bbox 2526 1917 2659 1975; x_wconf 91' lang='lat' dir='ltr'><strong>Cum</strong></span> <span class='ocrx_word' id='word_1_204' title='bbox 2697 1935 2828 1975; x_wconf 92' lang='lat' dir='ltr'><strong>vero</strong></span> <span class='ocrx_word' id='word_1_205' title='bbox 2859 1937 2961 1976; x_wconf 89' lang='lat' dir='ltr'><strong>nec</strong></span> <span class='ocrx_word' id='word_1_206' title='bbox 2989 1920 3134 1976; x_wconf 89' lang='lat' dir='ltr'><strong>dono</strong></span> <span class='ocrx_word' id='word_1_207' title='bbox 3156 1965 3171 1989; x_wconf 89' lang='lat'><strong>,</strong></span> <span class='ocrx_word' id='word_1_208' title='bbox 3205 1940 3307 1980; x_wconf 89' lang='lat' dir='ltr'><strong>nec</strong></span> <span class='ocrx_word' id='word_1_209' title='bbox 3338 1926 3535 1994; x_wconf 90' lang='lat' dir='ltr'><strong>pretio,</strong></span> <span class='ocrx_word' id='word_1_210' title='bbox 3561 1937 3718 1998; x_wconf 87' lang='lat' dir='ltr'><strong>pater</strong></span> 
     </span>
    </p>
   </div>
   <div class='ocr_carea' id='block_1_31' title="bbox 2105 2005 3714 2087">
    <p class='ocr_par' dir='ltr' id='par_1_31' title="bbox 2105 2005 3714 2087">
     <span class='ocr_line' id='line_1_31' title="bbox 2105 2005 3714 2087; baseline 0.007 -25"><span class='ocrx_word' id='word_1_211' title='bbox 2105 2005 2349 2064; x_wconf 85' lang='lat' dir='ltr'><strong>Thomas</strong></span> <span class='ocrx_word' id='word_1_212' title='bbox 2374 2009 2694 2081; x_wconf 80' lang='lat' dir='ltr'><strong>originalem</strong></span> <span class='ocrx_word' id='word_1_213' title='bbox 2723 2010 2968 2067; x_wconf 89' lang='lat' dir='ltr'><strong>codicem</strong></span> <span class='ocrx_word' id='word_1_214' title='bbox 3010 2013 3078 2068; x_wconf 89' lang='lat' dir='ltr'><strong>ab</strong></span> <span class='ocrx_word' id='word_1_215' title='bbox 3107 2013 3226 2084; x_wconf 92' lang='lat' dir='ltr'><strong>ipso</strong></span> <span class='ocrx_word' id='word_1_216' title='bbox 3255 2025 3586 2087; x_wconf 86' lang='lat' dir='ltr'><strong>extorquere</strong></span> <span class='ocrx_word' id='word_1_217' title='bbox 3613 2033 3714 2074; x_wconf 84' lang='lat' dir='ltr'><strong>ne-</strong></span> 
     </span>
    </p>
   </div>
   <div class='ocr_carea' id='block_1_32' title="bbox 2106 2099 3712 2179">
    <p class='ocr_par' dir='ltr' id='par_1_32' title="bbox 2106 2099 3712 2179">
     <span class='ocr_line' id='line_1_32' title="bbox 2106 2099 3712 2179; baseline 0.007 -26"><span class='ocrx_word' id='word_1_218' title='bbox 2106 2099 2307 2170; x_wconf 88' lang='lat' dir='ltr'><strong>quiret,</strong></span> <span class='ocrx_word' id='word_1_219' title='bbox 2332 2101 2547 2171; x_wconf 88' lang='lat' dir='ltr'><strong>copiam</strong></span> <span class='ocrx_word' id='word_1_220' title='bbox 2575 2102 2721 2157; x_wconf 90' lang='lat' dir='ltr'><strong>illius</strong></span> <span class='ocrx_word' id='word_1_221' title='bbox 2740 2111 2801 2179; x_wconf 86' lang='lat' dir='ltr'><strong>ut</strong></span> <span class='ocrx_word' id='word_1_222' title='bbox 2824 2105 3105 2160; x_wconf 89' lang='lat' dir='ltr'><strong>minimum</strong></span> <span class='ocrx_word' id='word_1_223' title='bbox 3127 2107 3422 2164; x_wconf 79' lang='lat' dir='ltr'><strong>extrahere</strong></span> <span class='ocrx_word' id='word_1_224' title='bbox 3442 2108 3712 2176; x_wconf 89' lang='lat' dir='ltr'><strong>obtinuit;</strong></span> 
     </span>
    </p>
   </div>
   <div class='ocr_carea' id='block_1_33' title="bbox 2105 2194 3716 2274">
    <p class='ocr_par' dir='ltr' id='par_1_33' title="bbox 2105 2194 3716 2274">
     <span class='ocr_line' id='line_1_33' title="bbox 2105 2194 3716 2274; baseline 0.007 -27"><span class='ocrx_word' id='word_1_225' title='bbox 2105 2208 2270 2264; x_wconf 89' lang='lat' dir='ltr'><strong>quam</strong></span> <span class='ocrx_word' id='word_1_226' title='bbox 2300 2194 2448 2251; x_wconf 89' lang='lat' dir='ltr'><strong>illico</strong></span> <span class='ocrx_word' id='word_1_227' title='bbox 2479 2195 2530 2250; x_wconf 89' lang='lat' dir='ltr'><strong>itt</strong></span> <span class='ocrx_word' id='word_1_228' title='bbox 2564 2196 2880 2266; x_wconf 85' lang='lat' dir='ltr'><strong>Hispaniam</strong></span> <span class='ocrx_word' id='word_1_229' title='bbox 2916 2198 3066 2254; x_wconf 83' lang='lat' dir='ltr'><strong>misit</strong></span> <span class='ocrx_word' id='word_1_230' title='bbox 3094 2199 3162 2254; x_wconf 86' lang='lat' dir='ltr'><strong>ad</strong></span> <span class='ocrx_word' id='word_1_231' title='bbox 3213 2199 3274 2254; x_wconf 88' lang='lat' dir='ltr'><strong>P.</strong></span> <span class='ocrx_word' id='word_1_232' title='bbox 3321 2201 3716 2274; x_wconf 85' lang='lat' dir='ltr'><strong>Hieronymum</strong></span> 
     </span>
    </p>
   </div>
   <div class='ocr_carea' id='block_1_34' title="bbox 2106 2287 3719 2359">
    <p class='ocr_par' dir='ltr' id='par_1_34' title="bbox 2106 2287 3719 2359">
     <span class='ocr_line' id='line_1_34' title="bbox 2106 2287 3719 2359; baseline 0.006 -16"><span class='ocrx_word' id='word_1_233' title='bbox 2106 2287 2174 2343; x_wconf 93' lang='lat' dir='ltr'><strong>de</strong></span> <span class='ocrx_word' id='word_1_234' title='bbox 2224 2288 2276 2344; x_wconf 90' lang='lat' dir='ltr'><strong>la</strong></span> <span class='ocrx_word' id='word_1_235' title='bbox 2325 2289 2582 2359; x_wconf 71' lang='lat' dir='ltr'><strong>Higuera,</strong></span> <span class='ocrx_word' id='word_1_236' title='bbox 2621 2306 2744 2346; x_wconf 93' lang='lat' dir='ltr'><strong>cum</strong></span> <span class='ocrx_word' id='word_1_237' title='bbox 2775 2292 2978 2348; x_wconf 91' lang='lat' dir='ltr'><strong>litteris</strong></span> <span class='ocrx_word' id='word_1_238' title='bbox 3017 2292 3162 2348; x_wconf 89' lang='lat' dir='ltr'><strong>datis</strong></span> <span class='ocrx_word' id='word_1_239' title='bbox 3221 2293 3536 2351; x_wconf 84' lang='lat' dir='ltr'><strong>Wormatia:</strong></span> <span class='ocrx_word' id='word_1_240' title='bbox 3569 2310 3719 2352; x_wconf 90' lang='lat' dir='ltr'><strong>anno</strong></span> 
     </span>
    </p>
   </div>
   <div class='ocr_carea' id='block_1_35' title="bbox 2109 2383 3714 2455">
    <p class='ocr_par' dir='ltr' id='par_1_35' title="bbox 2109 2383 3714 2455">
     <span class='ocr_line' id='line_1_35' title="bbox 2109 2383 3714 2455; baseline 0.006 -19"><span class='ocrx_word' id='word_1_241' title='bbox 2109 2383 2321 2438; x_wconf 91' lang='lat' dir='ltr'><strong>Domini</strong></span> <span class='ocrx_word' id='word_1_242' title='bbox 2353 2384 2515 2440; x_wconf 71' lang='grc'><strong>1594.</strong></span> <span class='ocrx_word' id='word_1_243' title='bbox 2549 2383 2770 2441; x_wconf 70' lang='lat' dir='ltr'><strong>Litterae</strong></span> <span class='ocrx_word' id='word_1_244' title='bbox 2802 2386 2934 2455; x_wconf 65' lang='lat' dir='ltr'><strong>ipsa:</strong></span> <span class='ocrx_word' id='word_1_245' title='bbox 2964 2395 3020 2442; x_wconf 91' lang='lat' dir='ltr'><strong>et</strong></span> <span class='ocrx_word' id='word_1_246' title='bbox 3045 2387 3200 2455; x_wconf 82' lang='lat' dir='ltr'><strong>capia</strong></span> <span class='ocrx_word' id='word_1_247' title='bbox 3231 2387 3484 2444; x_wconf 86' lang='lat' dir='ltr'><strong>Chronici</strong></span> <span class='ocrx_word' id='word_1_248' title='bbox 3516 2405 3546 2444; x_wconf 93' lang='lat' dir='ltr'><strong>e</strong></span> <span class='ocrx_word' id='word_1_249' title='bbox 3577 2389 3714 2446; x_wconf 85' lang='lat' dir='ltr'><strong>Ger-</strong></span> 
     </span>
    </p>
   </div>
   <div class='ocr_carea' id='block_1_36' title="bbox 2107 2476 3713 2552">
    <p class='ocr_par' dir='ltr' id='par_1_36' title="bbox 2107 2476 3713 2552">
     <span class='ocr_line' id='line_1_36' title="bbox 2107 2476 3713 2552; baseline 0.006 -23"><span class='ocrx_word' id='word_1_250' title='bbox 2107 2476 2288 2531; x_wconf 82' lang='lat' dir='ltr'><strong>mania</strong></span> <span class='ocrx_word' id='word_1_251' title='bbox 2317 2476 2498 2532; x_wconf 81' lang='lat' dir='ltr'><strong>missze</strong></span> <span class='ocrx_word' id='word_1_252' title='bbox 2525 2520 2541 2544; x_wconf 92' lang='lat'><strong>,</strong></span> <span class='ocrx_word' id='word_1_253' title='bbox 2591 2493 2618 2531; x_wconf 91' lang='lat' dir='ltr'><strong>a</strong></span> <span class='ocrx_word' id='word_1_254' title='bbox 2651 2477 2758 2534; x_wconf 89' lang='lat' dir='ltr'><strong>fide</strong></span> <span class='ocrx_word' id='word_1_255' title='bbox 2790 2479 3130 2550; x_wconf 82' lang='lat' dir='ltr'><strong>dignissimis</strong></span> <span class='ocrx_word' id='word_1_256' title='bbox 3176 2481 3310 2536; x_wconf 89' lang='lat' dir='ltr'><strong>viris</strong></span> <span class='ocrx_word' id='word_1_257' title='bbox 3339 2483 3539 2552; x_wconf 76' lang='lat' dir='ltr'><strong>smpius</strong></span> <span class='ocrx_word' id='word_1_258' title='bbox 3581 2483 3713 2539; x_wconf 78' lang='lat' dir='ltr'><strong>visa:</strong></span> 
     </span>
    </p>
   </div>
   <div class='ocr_carea' id='block_1_37' title="bbox 2105 2567 3714 2640">
    <p class='ocr_par' dir='ltr' id='par_1_37' title="bbox 2105 2567 3714 2640">
     <span class='ocr_line' id='line_1_37' title="bbox 2105 2567 3714 2640; baseline 0.005 -18"><span class='ocrx_word' id='word_1_259' title='bbox 2105 2576 2162 2622; x_wconf 88' lang='lat' dir='ltr'><strong>et</strong></span> <span class='ocrx_word' id='word_1_260' title='bbox 2185 2567 2342 2623; x_wconf 72' lang='lat' dir='ltr'><strong>lecta:</strong></span> <span class='ocrx_word' id='word_1_261' title='bbox 2371 2577 2530 2626; x_wconf 85' lang='lat' dir='ltr'><strong>sunt:</strong></span> <span class='ocrx_word' id='word_1_262' title='bbox 2559 2579 2614 2624; x_wconf 90' lang='lat' dir='ltr'><strong>et</strong></span> <span class='ocrx_word' id='word_1_263' title='bbox 2639 2585 2742 2640; x_wconf 91' lang='lat' dir='ltr'><strong>ego</strong></span> <span class='ocrx_word' id='word_1_264' title='bbox 2764 2585 2930 2640; x_wconf 87' lang='lat' dir='ltr'><strong>super</strong></span> <span class='ocrx_word' id='word_1_265' title='bbox 2957 2588 3015 2626; x_wconf 89' lang='lat' dir='ltr'><strong>re</strong></span> <span class='ocrx_word' id='word_1_266' title='bbox 3048 2571 3150 2627; x_wconf 88' lang='lat' dir='ltr'><strong>hac</strong></span> <span class='ocrx_word' id='word_1_267' title='bbox 3181 2573 3410 2628; x_wconf 86' lang='lat' dir='ltr'><strong>conveni</strong></span> <span class='ocrx_word' id='word_1_268' title='bbox 3442 2572 3618 2630; x_wconf 88' lang='lat' dir='ltr'><strong>Toleti</strong></span> <span class='ocrx_word' id='word_1_269' title='bbox 3649 2573 3714 2630; x_wconf 86' lang='lat' dir='ltr'><strong>P.</strong></span> 
     </span>
    </p>
   </div>
   <div class='ocr_carea' id='block_1_38' title="bbox 2105 2657 3715 2736">
    <p class='ocr_par' dir='ltr' id='par_1_38' title="bbox 2105 2657 3715 2736">
     <span class='ocr_line' id='line_1_38' title="bbox 2105 2657 3715 2736; baseline 0.007 -22"><span class='ocrx_word' id='word_1_270' title='bbox 2105 2657 2462 2716; x_wconf 70' lang='lat' dir='ltr'><strong>Francis-cum</strong></span> <span class='ocrx_word' id='word_1_271' title='bbox 2518 2661 2910 2718; x_wconf 86' lang='lat' dir='ltr'><strong>Portocarrero</strong></span> <span class='ocrx_word' id='word_1_272' title='bbox 2953 2663 3201 2733; x_wconf 87' lang='lat' dir='ltr'><strong>ejusdem</strong></span> <span class='ocrx_word' id='word_1_273' title='bbox 3255 2664 3552 2722; x_wconf 88' lang='lat' dir='ltr'><strong>Societatis</strong></span> <span class='ocrx_word' id='word_1_274' title='bbox 3595 2683 3715 2736; x_wconf 88' lang='lat' dir='ltr'><strong>pre-</strong></span> 
     </span>
    </p>
   </div>
   <div class='ocr_carea' id='block_1_39' title="bbox 2103 2751 3713 2829">
    <p class='ocr_par' dir='ltr' id='par_1_39' title="bbox 2103 2751 3713 2829">
     <span class='ocr_line' id='line_1_39' title="bbox 2103 2751 3713 2829; baseline 0.006 -23"><span class='ocrx_word' id='word_1_275' title='bbox 2103 2751 2402 2822; x_wconf 88' lang='lat' dir='ltr'><strong>sbyterum,</strong></span> <span class='ocrx_word' id='word_1_276' title='bbox 2439 2767 2468 2806; x_wconf 91' lang='lat' dir='ltr'><strong>a</strong></span> <span class='ocrx_word' id='word_1_277' title='bbox 2497 2767 2608 2823; x_wconf 92' lang='lat' dir='ltr'><strong>quo</strong></span> <span class='ocrx_word' id='word_1_278' title='bbox 2637 2753 2841 2822; x_wconf 78' lang='lat' dir='ltr'><strong>audivi,</strong></span> <span class='ocrx_word' id='word_1_279' title='bbox 2877 2755 3079 2812; x_wconf 80' lang='lat' dir='ltr'><strong>vidisse</strong></span> <span class='ocrx_word' id='word_1_280' title='bbox 3119 2771 3180 2811; x_wconf 89' lang='lat' dir='ltr'><strong>se</strong></span> <span class='ocrx_word' id='word_1_281' title='bbox 3227 2769 3292 2811; x_wconf 88' lang='lat' dir='ltr'><strong>ac</strong></span> <span class='ocrx_word' id='word_1_282' title='bbox 3348 2757 3546 2828; x_wconf 89' lang='lat' dir='ltr'><strong>legisse</strong></span> <span class='ocrx_word' id='word_1_283' title='bbox 3587 2773 3713 2829; x_wconf 85' lang='lat' dir='ltr'><strong>pro-</strong></span> 
     </span>
    </p>
   </div>
   <div class='ocr_carea' id='block_1_40' title="bbox 2106 2841 3715 2916">
    <p class='ocr_par' dir='ltr' id='par_1_40' title="bbox 2106 2841 3715 2916">
     <span class='ocr_line' id='line_1_40' title="bbox 2106 2841 3715 2916; baseline 0.006 -19"><span class='ocrx_word' id='word_1_284' title='bbox 2106 2841 2239 2912; x_wconf 83' lang='lat' dir='ltr'><strong>priis</strong></span> <span class='ocrx_word' id='word_1_285' title='bbox 2267 2845 2439 2898; x_wconf 91' lang='lat' dir='ltr'><strong>oculis</strong></span> <span class='ocrx_word' id='word_1_286' title='bbox 2470 2843 2779 2900; x_wconf 82' lang='lat' dir='ltr'><strong>Chronicon</strong></span> <span class='ocrx_word' id='word_1_287' title='bbox 2835 2855 2891 2902; x_wconf 91' lang='lat' dir='ltr'><strong>et</strong></span> <span class='ocrx_word' id='word_1_288' title='bbox 2932 2847 3221 2916; x_wconf 87' lang='lat' dir='ltr'><strong>epistolam</strong></span> <span class='ocrx_word' id='word_1_289' title='bbox 3262 2847 3328 2903; x_wconf 83' lang='lat' dir='ltr'><strong>P.</strong></span> <span class='ocrx_word' id='word_1_290' title='bbox 3378 2848 3603 2906; x_wconf 61' lang='lat' dir='ltr'><strong>Thomas</strong></span> <span class='ocrx_word' id='word_1_291' title='bbox 3645 2849 3715 2906; x_wconf 91' lang='lat' dir='ltr'><strong>de</strong></span> 
     </span>
    </p>
   </div>
   <div class='ocr_carea' id='block_1_41' title="bbox 2105 2933 3711 3012">
    <p class='ocr_par' dir='ltr' id='par_1_41' title="bbox 2105 2933 3711 3012">
     <span class='ocr_line' id='line_1_41' title="bbox 2105 2933 3711 3012; baseline 0.005 -22"><span class='ocrx_word' id='word_1_292' title='bbox 2105 2933 2392 3002; x_wconf 87' lang='lat' dir='ltr'><strong>Torralba,</strong></span> <span class='ocrx_word' id='word_1_293' title='bbox 2443 2942 2879 3008; x_wconf 82' lang='lat' dir='ltr'><strong>cognovisseque</strong></span> <span class='ocrx_word' id='word_1_294' title='bbox 2931 2954 3147 2995; x_wconf 90' lang='lat' dir='ltr'><strong>manum</strong></span> <span class='ocrx_word' id='word_1_295' title='bbox 3188 2949 3245 2996; x_wconf 90' lang='lat' dir='ltr'><strong>et</strong></span> <span class='ocrx_word' id='word_1_296' title='bbox 3287 2941 3711 3012; x_wconf 88' lang='lat' dir='ltr'><strong>suscriptionetn</strong></span> 
     </span>
    </p>
   </div>
   <div class='ocr_carea' id='block_1_42' title="bbox 2106 3027 3706 3105">
    <p class='ocr_par' dir='ltr' id='par_1_42' title="bbox 2106 3027 3706 3105">
     <span class='ocr_line' id='line_1_42' title="bbox 2106 3027 3706 3105; baseline 0.004 -22"><span class='ocrx_word' id='word_1_297' title='bbox 2106 3027 2298 3098; x_wconf 89' lang='lat' dir='ltr'><strong>ipsius,</strong></span> <span class='ocrx_word' id='word_1_298' title='bbox 2329 3039 2380 3083; x_wconf 91' lang='lat' dir='ltr'><strong>et</strong></span> <span class='ocrx_word' id='word_1_299' title='bbox 2413 3030 2696 3105; x_wconf 73' lang='lat' dir='ltr'><strong>utriusque</strong></span> <span class='ocrx_word' id='word_1_300' title='bbox 2729 3031 2929 3086; x_wconf 84' lang='lat' dir='ltr'><strong>habere</strong></span> <span class='ocrx_word' id='word_1_301' title='bbox 2971 3034 3185 3101; x_wconf 91' lang='lat' dir='ltr'><strong>copiam</strong></span> <span class='ocrx_word' id='word_1_302' title='bbox 3217 3032 3360 3101; x_wconf 89' lang='lat' dir='ltr'><strong>apud</strong></span> <span class='ocrx_word' id='word_1_303' title='bbox 3392 3049 3453 3090; x_wconf 90' lang='lat' dir='ltr'><strong>se</strong></span> <span class='ocrx_word' id='word_1_304' title='bbox 3485 3050 3500 3089; x_wconf 89' lang='lat'>:</span> <span class='ocrx_word' id='word_1_305' title='bbox 3534 3034 3706 3090; x_wconf 84' lang='lat' dir='ltr'><strong>idem-</strong></span> 
     </span>
    </p>
   </div>
   <div class='ocr_carea' id='block_1_43' title="bbox 407 3121 3711 3194">
    <p class='ocr_par' dir='ltr' id='par_1_43' title="bbox 407 3121 3711 3194">
     <span class='ocr_line' id='line_1_43' title="bbox 407 3121 3711 3194; baseline -0 -18"><span class='ocrx_word' id='word_1_306' title='bbox 407 3122 626 3194; x_wconf 84' lang='lat' dir='ltr'><strong>quidem</strong></span> <span class='ocrx_word' id='word_1_307' title='bbox 655 3124 799 3193; x_wconf 90' lang='lat' dir='ltr'><strong>apud</strong></span> <span class='ocrx_word' id='word_1_308' title='bbox 829 3138 1020 3179; x_wconf 90' lang='lat' dir='ltr'><strong>omnes</strong></span> <span class='ocrx_word' id='word_1_309' title='bbox 1043 3122 1255 3180; x_wconf 90' lang='lat' dir='ltr'><strong>honore</strong></span> <span class='ocrx_word' id='word_1_310' title='bbox 1282 3125 1477 3180; x_wconf 85' lang='lat' dir='ltr'><strong>merito</strong></span> <span class='ocrx_word' id='word_1_311' title='bbox 1525 3125 1855 3194; x_wconf 87' lang='lat' dir='ltr'><strong>donaretur;</strong></span> <span class='ocrx_word' id='word_1_312' title='bbox 1905 3127 2000 3184; x_wconf 89' lang='lat' dir='ltr'><strong>sed</strong></span> <span class='ocrx_word' id='word_1_313' title='bbox 2029 3124 2076 3189; x_wconf 90' lang='lat' dir='ltr'><strong><em>C</em></strong></span> <span class='ocrx_word' id='word_1_314' title='bbox 2106 3135 2211 3190; x_wconf 82' lang='lat' dir='ltr'><strong>que</strong></span> <span class='ocrx_word' id='word_1_315' title='bbox 2264 3128 2494 3176; x_wconf 71' lang='lat' dir='ltr'><strong>testatur</strong></span> <span class='ocrx_word' id='word_1_316' title='bbox 2535 3121 2588 3176; x_wconf 90' lang='lat' dir='ltr'><strong>in</strong></span> <span class='ocrx_word' id='word_1_317' title='bbox 2638 3122 2862 3192; x_wconf 90' lang='lat' dir='ltr'><strong>prologo</strong></span> <span class='ocrx_word' id='word_1_318' title='bbox 2901 3121 3028 3177; x_wconf 89' lang='lat' dir='ltr'><strong>libri</strong></span> <span class='ocrx_word' id='word_1_319' title='bbox 3075 3123 3142 3177; x_wconf 88' lang='lat' dir='ltr'><strong>de</strong></span> <span class='ocrx_word' id='word_1_320' title='bbox 3182 3122 3302 3178; x_wconf 82' lang='lat' dir='ltr'><strong>Vita</strong></span> <span class='ocrx_word' id='word_1_321' title='bbox 3345 3123 3405 3179; x_wconf 90' lang='lat' dir='ltr'><strong>S.</strong></span> <span class='ocrx_word' id='word_1_322' title='bbox 3458 3124 3711 3180; x_wconf 85' lang='lat' dir='ltr'><strong>lldel&#39;onsi</strong></span> 
     </span>
    </p>
   </div>
   <div class='ocr_carea' id='block_1_44' title="bbox 410 3216 2002 3283">
    <p class='ocr_par' dir='ltr' id='par_1_44' title="bbox 410 3216 2002 3283">
     <span class='ocr_line' id='line_1_44' title="bbox 410 3216 2002 3283; baseline 0.004 -13"><span class='ocrx_word' id='word_1_323' title='bbox 410 3232 476 3270; x_wconf 91' lang='lat' dir='ltr'><strong>eo</strong></span> <span class='ocrx_word' id='word_1_324' title='bbox 518 3216 868 3271; x_wconf 87' lang='lat' dir='ltr'><strong>nihilominus</strong></span> <span class='ocrx_word' id='word_1_325' title='bbox 904 3217 1224 3283; x_wconf 83' lang='lat' dir='ltr'><strong>deficiente,</strong></span> <span class='ocrx_word' id='word_1_326' title='bbox 1259 3218 1303 3273; x_wconf 91' lang='lat' dir='ltr'><strong>si</strong></span> <span class='ocrx_word' id='word_1_327' title='bbox 1336 3233 1444 3273; x_wconf 91' lang='lat' dir='ltr'><strong>non</strong></span> <span class='ocrx_word' id='word_1_328' title='bbox 1474 3219 1800 3277; x_wconf 88' lang='lat' dir='ltr'><strong>auctoritate</strong></span> <span class='ocrx_word' id='word_1_329' title='bbox 1831 3221 2002 3276; x_wconf 89' lang='lat' dir='ltr'><strong>eluci-</strong></span> 
     </span>
    </p>
   </div>
   <div class='ocr_carea' id='block_1_45' title="bbox 410 3308 2004 3383">
    <p class='ocr_par' dir='ltr' id='par_1_45' title="bbox 410 3308 2004 3383">
     <span class='ocr_line' id='line_1_45' title="bbox 410 3308 2004 3383; baseline 0.004 -21"><span class='ocrx_word' id='word_1_330' title='bbox 410 3308 637 3376; x_wconf 84' lang='lat' dir='ltr'><strong>datoiis,</strong></span> <span class='ocrx_word' id='word_1_331' title='bbox 667 3309 878 3364; x_wconf 87' lang='lat' dir='ltr'><strong>ratione</strong></span> <span class='ocrx_word' id='word_1_332' title='bbox 903 3316 1083 3364; x_wconf 89' lang='lat' dir='ltr'><strong>tamen</strong></span> <span class='ocrx_word' id='word_1_333' title='bbox 1107 3308 1237 3381; x_wconf 87' lang='lat' dir='ltr'><strong>(qua</strong></span> <span class='ocrx_word' id='word_1_334' title='bbox 1258 3310 1372 3366; x_wconf 90' lang='lat' dir='ltr'><strong>sola</strong></span> <span class='ocrx_word' id='word_1_335' title='bbox 1397 3310 1888 3382; x_wconf 69' lang='lat' dir='ltr'><strong>impraisentiarum</strong></span> <span class='ocrx_word' id='word_1_336' title='bbox 1911 3328 2004 3383; x_wconf 85' lang='lat' dir='ltr'><strong>pe-</strong></span> 
     </span>
    </p>
   </div>
   <div class='ocr_carea' id='block_1_46' title="bbox 412 3399 2004 3472">
    <p class='ocr_par' dir='ltr' id='par_1_46' title="bbox 412 3399 2004 3472">
     <span class='ocr_line' id='line_1_46' title="bbox 412 3399 2004 3472; baseline 0.004 -18"><span class='ocrx_word' id='word_1_337' title='bbox 412 3400 643 3454; x_wconf 91' lang='lat' dir='ltr'><strong>riculum</strong></span> <span class='ocrx_word' id='word_1_338' title='bbox 672 3399 854 3456; x_wconf 86' lang='lat' dir='ltr'><strong>facere</strong></span> <span class='ocrx_word' id='word_1_339' title='bbox 891 3400 1178 3470; x_wconf 79' lang='lat' dir='ltr'><strong>volumus)</strong></span> <span class='ocrx_word' id='word_1_340' title='bbox 1214 3401 1362 3456; x_wconf 90' lang='lat' dir='ltr'><strong>vires</strong></span> <span class='ocrx_word' id='word_1_341' title='bbox 1416 3403 1803 3472; x_wconf 87' lang='lat' dir='ltr'><strong>suppeditante</strong></span> <span class='ocrx_word' id='word_1_342' title='bbox 1833 3445 1849 3470; x_wconf 92' lang='lat'><strong>,</strong></span> <span class='ocrx_word' id='word_1_343' title='bbox 1894 3420 2004 3460; x_wconf 91' lang='lat' dir='ltr'><strong>non</strong></span> 
     </span>
    </p>
   </div>
   <div class='ocr_carea' id='block_1_47' title="bbox 414 3490 2006 3564">
    <p class='ocr_par' dir='ltr' id='par_1_47' title="bbox 414 3490 2006 3564">
     <span class='ocr_line' id='line_1_47' title="bbox 414 3490 2006 3564; baseline 0.004 -18"><span class='ocrx_word' id='word_1_344' title='bbox 414 3490 724 3547; x_wconf 86' lang='lat' dir='ltr'><strong>dubitamus</strong></span> <span class='ocrx_word' id='word_1_345' title='bbox 749 3492 858 3547; x_wconf 88' lang='lat' dir='ltr'><strong>voti</strong></span> <span class='ocrx_word' id='word_1_346' title='bbox 885 3501 1166 3564; x_wconf 84' lang='lat' dir='ltr'><strong>compotes</strong></span> <span class='ocrx_word' id='word_1_347' title='bbox 1207 3492 1475 3560; x_wconf 88' lang='lat' dir='ltr'><strong>evadere;</strong></span> <span class='ocrx_word' id='word_1_348' title='bbox 1534 3495 1700 3550; x_wconf 86' lang='lat' dir='ltr'><strong>multa</strong></span> <span class='ocrx_word' id='word_1_349' title='bbox 1752 3497 1895 3552; x_wconf 90' lang='lat' dir='ltr'><strong>enim</strong></span> <span class='ocrx_word' id='word_1_350' title='bbox 1951 3506 2006 3553; x_wconf 87' lang='lat' dir='ltr'><strong>et</strong></span> 
     </span>
    </p>
   </div>
   <div class='ocr_carea' id='block_1_48' title="bbox 418 3586 2006 3661">
    <p class='ocr_par' dir='ltr' id='par_1_48' title="bbox 418 3586 2006 3661">
     <span class='ocr_line' id='line_1_48' title="bbox 418 3586 2006 3661; baseline 0.004 -21"><span class='ocrx_word' id='word_1_351' title='bbox 418 3601 614 3655; x_wconf 88' lang='lat' dir='ltr'><strong>magna</strong></span> <span class='ocrx_word' id='word_1_352' title='bbox 645 3594 792 3651; x_wconf 89' lang='lat' dir='ltr'><strong>sunt,</strong></span> <span class='ocrx_word' id='word_1_353' title='bbox 819 3601 942 3655; x_wconf 70' lang='lat' dir='ltr'><strong>qua:</strong></span> <span class='ocrx_word' id='word_1_354' title='bbox 972 3586 1024 3640; x_wconf 91' lang='lat' dir='ltr'><strong>id</strong></span> <span class='ocrx_word' id='word_1_355' title='bbox 1055 3586 1233 3657; x_wconf 90' lang='lat' dir='ltr'><strong>ipsum</strong></span> <span class='ocrx_word' id='word_1_356' title='bbox 1277 3588 1602 3644; x_wconf 86' lang='lat' dir='ltr'><strong>convincam</strong></span> <span class='ocrx_word' id='word_1_357' title='bbox 1627 3629 1642 3656; x_wconf 90' lang='lat'><strong>,</strong></span> <span class='ocrx_word' id='word_1_358' title='bbox 1694 3587 1764 3644; x_wconf 90' lang='lat' dir='ltr'><strong>de</strong></span> <span class='ocrx_word' id='word_1_359' title='bbox 1809 3589 2006 3661; x_wconf 85' lang='lat' dir='ltr'><strong>quibus</strong></span> 
     </span>
    </p>
   </div>
   <div class='ocr_carea' id='block_1_49' title="bbox 412 3677 1349 3735">
    <p class='ocr_par' dir='ltr' id='par_1_49' title="bbox 412 3677 1349 3735">
     <span class='ocr_line' id='line_1_49' title="bbox 412 3677 1349 3735; baseline 0.003 -3"><span class='ocrx_word' id='word_1_360' title='bbox 412 3692 558 3732; x_wconf 88' lang='lat' dir='ltr'><strong>nunc</strong></span> <span class='ocrx_word' id='word_1_361' title='bbox 585 3677 968 3732; x_wconf 86' lang='lat' dir='ltr'><strong>disserendum</strong></span> <span class='ocrx_word' id='word_1_362' title='bbox 993 3695 1023 3733; x_wconf 90' lang='lat' dir='ltr'><strong>a</strong></span> <span class='ocrx_word' id='word_1_363' title='bbox 1055 3678 1216 3734; x_wconf 90' lang='lat' dir='ltr'><strong>nobis</strong></span> <span class='ocrx_word' id='word_1_364' title='bbox 1244 3690 1349 3735; x_wconf 91' lang='lat' dir='ltr'><strong>est.</strong></span> 
     </span>
    </p>
   </div>
   <div class='ocr_carea' id='block_1_50' title="bbox 489 3770 2008 3844">
    <p class='ocr_par' dir='ltr' id='par_1_50' title="bbox 489 3770 2008 3844">
     <span class='ocr_line' id='line_1_50' title="bbox 489 3770 2008 3844; baseline 0.003 -18"><span class='ocrx_word' id='word_1_365' title='bbox 489 3770 767 3840; x_wconf 87' lang='lat' dir='ltr'><strong>Principio</strong></span> <span class='ocrx_word' id='word_1_366' title='bbox 806 3786 965 3826; x_wconf 84' lang='lat' dir='ltr'><strong>nemo</strong></span> <span class='ocrx_word' id='word_1_367' title='bbox 995 3782 1080 3826; x_wconf 89' lang='lat' dir='ltr'><strong>est</strong></span> <span class='ocrx_word' id='word_1_368' title='bbox 1106 3772 1199 3839; x_wconf 88' lang='lat' dir='ltr'><strong>qui</strong></span> <span class='ocrx_word' id='word_1_369' title='bbox 1229 3772 1475 3840; x_wconf 89' lang='lat' dir='ltr'><strong>abnuat,</strong></span> <span class='ocrx_word' id='word_1_370' title='bbox 1531 3775 1714 3842; x_wconf 88' lang='lat' dir='ltr'><strong>magni</strong></span> <span class='ocrx_word' id='word_1_371' title='bbox 1749 3774 2008 3844; x_wconf 89' lang='lat' dir='ltr'><strong>ponderis</strong></span> 
     </span>
    </p>
   </div>
   <div class='ocr_carea' id='block_1_51' title="bbox 416 3864 2008 3936">
    <p class='ocr_par' dir='ltr' id='par_1_51' title="bbox 416 3864 2008 3936">
     <span class='ocr_line' id='line_1_51' title="bbox 416 3864 2008 3936; baseline 0.003 -16"><span class='ocrx_word' id='word_1_372' title='bbox 416 3880 538 3920; x_wconf 88' lang='lat' dir='ltr'><strong>esse</strong></span> <span class='ocrx_word' id='word_1_373' title='bbox 564 3873 820 3934; x_wconf 80' lang='lat' dir='ltr'><strong>Oportere</strong></span> <span class='ocrx_word' id='word_1_374' title='bbox 847 3864 1108 3921; x_wconf 87' lang='lat' dir='ltr'><strong>Chronici</strong></span> <span class='ocrx_word' id='word_1_375' title='bbox 1139 3864 1297 3936; x_wconf 85' lang='lat' dir='ltr'><strong>hujus</strong></span> <span class='ocrx_word' id='word_1_376' title='bbox 1327 3867 1736 3934; x_wconf 89' lang='lat' dir='ltr'><strong>auctoritatem,</strong></span> <span class='ocrx_word' id='word_1_377' title='bbox 1763 3870 1806 3922; x_wconf 91' lang='lat' dir='ltr'><strong>si</strong></span> <span class='ocrx_word' id='word_1_378' title='bbox 1835 3869 2008 3925; x_wconf 86' lang='lat' dir='ltr'><strong>semel</strong></span> 
     </span>
    </p>
   </div>
   <div class='ocr_carea' id='block_1_52' title="bbox 418 3958 2008 4026">
    <p class='ocr_par' dir='ltr' id='par_1_52' title="bbox 418 3958 2008 4026">
     <span class='ocr_line' id='line_1_52' title="bbox 418 3958 2008 4026; baseline 0.003 -14"><span class='ocrx_word' id='word_1_379' title='bbox 418 3958 486 4012; x_wconf 88' lang='lat' dir='ltr'><strong>de</strong></span> <span class='ocrx_word' id='word_1_380' title='bbox 517 3968 742 4014; x_wconf 87' lang='lat' dir='ltr'><strong>auctore</strong></span> <span class='ocrx_word' id='word_1_381' title='bbox 775 3967 1019 4026; x_wconf 91' lang='lat' dir='ltr'><strong>constet,</strong></span> <span class='ocrx_word' id='word_1_382' title='bbox 1057 3973 1181 4014; x_wconf 87' lang='lat' dir='ltr'><strong>esse</strong></span> <span class='ocrx_word' id='word_1_383' title='bbox 1229 3959 1490 4015; x_wconf 78' lang='lat' dir='ltr'><strong>Dextrum</strong></span> <span class='ocrx_word' id='word_1_384' title='bbox 1545 3960 1700 4016; x_wconf 92' lang='lat' dir='ltr'><strong>illum</strong></span> <span class='ocrx_word' id='word_1_385' title='bbox 1756 3961 2008 4016; x_wconf 86' lang='lat' dir='ltr'><strong>nimirum</strong></span> 
     </span>
    </p>
   </div>
   <div class='ocr_carea' id='block_1_53' title="bbox 420 4047 2012 4125">
    <p class='ocr_par' dir='ltr' id='par_1_53' title="bbox 420 4047 2012 4125">
     <span class='ocr_line' id='line_1_53' title="bbox 420 4047 2012 4125; baseline 0.004 -22"><span class='ocrx_word' id='word_1_386' title='bbox 420 4047 512 4119; x_wconf 63' lang='lat' dir='ltr'><strong>q-:i</strong></span> <span class='ocrx_word' id='word_1_387' title='bbox 545 4065 697 4103; x_wconf 87' lang='lat' dir='ltr'><strong>suam</strong></span> <span class='ocrx_word' id='word_1_388' title='bbox 724 4050 1092 4122; x_wconf 84' lang='lat' dir='ltr'><strong>omnimodam</strong></span> <span class='ocrx_word' id='word_1_389' title='bbox 1126 4051 1422 4108; x_wconf 85' lang='lat' dir='ltr'><strong>Historiam</strong></span> <span class='ocrx_word' id='word_1_390' title='bbox 1447 4052 1777 4125; x_wconf 86' lang='lat' dir='ltr'><strong>Hieronymo</strong></span> <span class='ocrx_word' id='word_1_391' title='bbox 1806 4071 2012 4110; x_wconf 90' lang='lat' dir='ltr'><strong>nuncu-</strong></span> 
     </span>
    </p>
   </div>
   <div class='ocr_carea' id='block_1_54' title="bbox 427 4141 2012 4217">
    <p class='ocr_par' dir='ltr' id='par_1_54' title="bbox 427 4141 2012 4217">
     <span class='ocr_line' id='line_1_54' title="bbox 427 4141 2012 4217; baseline 0.006 -24"><span class='ocrx_word' id='word_1_392' title='bbox 427 4143 571 4209; x_wconf 81' lang='lat' dir='ltr'><strong>pavit</strong></span> <span class='ocrx_word' id='word_1_393' title='bbox 605 4159 619 4193; x_wconf 89' lang='lat'><strong>:</strong></span> <span class='ocrx_word' id='word_1_394' title='bbox 652 4155 772 4196; x_wconf 90' lang='lat' dir='ltr'><strong>eum</strong></span> <span class='ocrx_word' id='word_1_395' title='bbox 821 4141 1089 4213; x_wconf 85' lang='lat' dir='ltr'><strong>siquidem</strong></span> <span class='ocrx_word' id='word_1_396' title='bbox 1141 4143 1343 4199; x_wconf 90' lang='lat' dir='ltr'><strong>Doctor</strong></span> <span class='ocrx_word' id='word_1_397' title='bbox 1387 4145 1762 4200; x_wconf 87' lang='lat' dir='ltr'><strong>sanetissiutus</strong></span> <span class='ocrx_word' id='word_1_398' title='bbox 1811 4149 2012 4217; x_wconf 70' lang='lat' dir='ltr'><strong>saepius</strong></span> 
     </span>
    </p>
   </div>
   <div class='ocr_carea' id='block_1_55' title="bbox 423 4232 2012 4308">
    <p class='ocr_par' dir='ltr' id='par_1_55' title="bbox 423 4232 2012 4308">
     <span class='ocr_line' id='line_1_55' title="bbox 423 4232 2012 4308; baseline 0.008 -25"><span class='ocrx_word' id='word_1_399' title='bbox 423 4232 773 4288; x_wconf 63' lang='lat' dir='ltr'><strong>vehementer</strong></span> <span class='ocrx_word' id='word_1_400' title='bbox 803 4234 1007 4304; x_wconf 88' lang='lat' dir='ltr'><strong>laudat,</strong></span> <span class='ocrx_word' id='word_1_401' title='bbox 1040 4244 1093 4290; x_wconf 92' lang='lat' dir='ltr'><strong>et</strong></span> <span class='ocrx_word' id='word_1_402' title='bbox 1121 4235 1346 4291; x_wconf 89' lang='lat' dir='ltr'><strong>multum</strong></span> <span class='ocrx_word' id='word_1_403' title='bbox 1369 4237 1416 4291; x_wconf 91' lang='lat' dir='ltr'><strong>ei</strong></span> <span class='ocrx_word' id='word_1_404' title='bbox 1446 4237 1641 4301; x_wconf 88' lang='lat' dir='ltr'><strong>defert,</strong></span> <span class='ocrx_word' id='word_1_405' title='bbox 1691 4238 1766 4293; x_wconf 92' lang='lat' dir='ltr'><strong>uti</strong></span> <span class='ocrx_word' id='word_1_406' title='bbox 1798 4254 1861 4294; x_wconf 84' lang='lat' dir='ltr'><strong>ex</strong></span> <span class='ocrx_word' id='word_1_407' title='bbox 1893 4241 2012 4308; x_wconf 91' lang='lat' dir='ltr'><strong>ejus</strong></span> 
     </span>
    </p>
   </div>
   <div class='ocr_carea' id='block_1_56' title="bbox 424 4323 2012 4401">
    <p class='ocr_par' dir='ltr' id='par_1_56' title="bbox 424 4323 2012 4401">
     <span class='ocr_line' id='line_1_56' title="bbox 424 4323 2012 4401; baseline 0.006 -24"><span class='ocrx_word' id='word_1_408' title='bbox 424 4323 541 4378; x_wconf 80' lang='lat' dir='ltr'><strong>Vita</strong></span> <span class='ocrx_word' id='word_1_409' title='bbox 567 4323 734 4393; x_wconf 83' lang='lat' dir='ltr'><strong>liquet</strong></span> <span class='ocrx_word' id='word_1_410' title='bbox 755 4326 1002 4396; x_wconf 88' lang='lat' dir='ltr'><strong>superius</strong></span> <span class='ocrx_word' id='word_1_411' title='bbox 1028 4343 1055 4380; x_wconf 91' lang='lat' dir='ltr'><strong>a</strong></span> <span class='ocrx_word' id='word_1_412' title='bbox 1087 4327 1243 4383; x_wconf 82' lang='lat' dir='ltr'><strong>nobis</strong></span> <span class='ocrx_word' id='word_1_413' title='bbox 1267 4330 1658 4385; x_wconf 84' lang='lat' dir='ltr'><strong>exarata.&#39;l‘ota</strong></span> <span class='ocrx_word' id='word_1_414' title='bbox 1676 4331 1837 4401; x_wconf 85' lang='lat' dir='ltr'><strong>igitur</strong></span> <span class='ocrx_word' id='word_1_415' title='bbox 1852 4347 2012 4388; x_wconf 90' lang='lat' dir='ltr'><strong>causa</strong></span> 
     </span>
    </p>
   </div>
   <div class='ocr_carea' id='block_1_57' title="bbox 419 4417 2015 4496">
    <p class='ocr_par' dir='ltr' id='par_1_57' title="bbox 419 4417 2015 4496">
     <span class='ocr_line' id='line_1_57' title="bbox 419 4417 2015 4496; baseline 0.006 -26"><span class='ocrx_word' id='word_1_416' title='bbox 419 4431 604 4471; x_wconf 77' lang='lat' dir='ltr'><strong>ttoStra</strong></span> <span class='ocrx_word' id='word_1_417' title='bbox 634 4417 688 4472; x_wconf 90' lang='lat' dir='ltr'><strong>in</strong></span> <span class='ocrx_word' id='word_1_418' title='bbox 713 4419 814 4474; x_wconf 91' lang='lat' dir='ltr'><strong>hoc</strong></span> <span class='ocrx_word' id='word_1_419' title='bbox 841 4429 1188 4486; x_wconf 81' lang='lat' dir='ltr'><strong>versatur,ut</strong></span> <span class='ocrx_word' id='word_1_420' title='bbox 1209 4420 1582 4487; x_wconf 83' lang='lat' dir='ltr'><strong>ostendamus,</strong></span> <span class='ocrx_word' id='word_1_421' title='bbox 1615 4439 1853 4492; x_wconf 70' lang='lat' dir='ltr'><strong>prae-ens</strong></span> <span class='ocrx_word' id='word_1_422' title='bbox 1877 4439 2015 4496; x_wconf 92' lang='lat' dir='ltr'><strong>opus</strong></span> 
     </span>
    </p>
   </div>
   <div class='ocr_carea' id='block_1_58' title="bbox 2106 3211 3716 3281">
    <p class='ocr_par' dir='ltr' id='par_1_58' title="bbox 2106 3211 3716 3281">
     <span class='ocr_line' id='line_1_58' title="bbox 2106 3211 3716 3281; baseline 0.006 -20"><span class='ocrx_word' id='word_1_423' title='bbox 2106 3225 2268 3280; x_wconf 87' lang='lat' dir='ltr'><strong>quem</strong></span> <span class='ocrx_word' id='word_1_424' title='bbox 2300 3211 2448 3281; x_wconf 89' lang='lat' dir='ltr'><strong>typis</strong></span> <span class='ocrx_word' id='word_1_425' title='bbox 2478 3212 2704 3266; x_wconf 84' lang='lat' dir='ltr'><strong>excudit</strong></span> <span class='ocrx_word' id='word_1_426' title='bbox 2737 3213 2940 3267; x_wconf 72' lang='lat' dir='ltr'><strong>hlatriti</strong></span> <span class='ocrx_word' id='word_1_427' title='bbox 2971 3228 3117 3269; x_wconf 88' lang='lat' dir='ltr'><strong>anno</strong></span> <span class='ocrx_word' id='word_1_428' title='bbox 3142 3213 3356 3268; x_wconf 88' lang='lat' dir='ltr'><strong>Domini</strong></span> <span class='ocrx_word' id='word_1_429' title='bbox 3382 3213 3542 3269; x_wconf 81' lang='lat' dir='ltr'><strong>l6l6.</strong></span> <span class='ocrx_word' id='word_1_430' title='bbox 3572 3214 3716 3270; x_wconf 89' lang='lat' dir='ltr'><strong>Tan-</strong></span> 
     </span>
    </p>
   </div>
   <div class='ocr_carea' id='block_1_59' title="bbox 2106 3303 3714 3378">
    <p class='ocr_par' dir='ltr' id='par_1_59' title="bbox 2106 3303 3714 3378">
     <span class='ocr_line' id='line_1_59' title="bbox 2106 3303 3714 3378; baseline 0.003 -20"><span class='ocrx_word' id='word_1_431' title='bbox 2106 3312 2286 3360; x_wconf 84' lang='lat' dir='ltr'><strong>torum</strong></span> <span class='ocrx_word' id='word_1_432' title='bbox 2335 3303 2500 3372; x_wconf 86' lang='lat' dir='ltr'><strong>igitur</strong></span> <span class='ocrx_word' id='word_1_433' title='bbox 2526 3303 2744 3359; x_wconf 90' lang='lat' dir='ltr'><strong>testium</strong></span> <span class='ocrx_word' id='word_1_434' title='bbox 2788 3305 3085 3360; x_wconf 85' lang='lat' dir='ltr'><strong>auctoritas</strong></span> <span class='ocrx_word' id='word_1_435' title='bbox 3122 3320 3343 3362; x_wconf 91' lang='lat' dir='ltr'><strong>omnem</strong></span> <span class='ocrx_word' id='word_1_436' title='bbox 3390 3305 3714 3378; x_wconf 87' lang='lat' dir='ltr'><strong>ambiguita-</strong></span> 
     </span>
    </p>
   </div>
   <div class='ocr_carea' id='block_1_60' title="bbox 2107 3395 3715 3470">
    <p class='ocr_par' dir='ltr' id='par_1_60' title="bbox 2107 3395 3715 3470">
     <span class='ocr_line' id='line_1_60' title="bbox 2107 3395 3715 3470; baseline 0.003 -20"><span class='ocrx_word' id='word_1_437' title='bbox 2107 3403 2216 3451; x_wconf 90' lang='lat' dir='ltr'><strong>tem</strong></span> <span class='ocrx_word' id='word_1_438' title='bbox 2270 3395 2434 3463; x_wconf 91' lang='lat' dir='ltr'><strong>tollit,</strong></span> <span class='ocrx_word' id='word_1_439' title='bbox 2467 3411 2591 3451; x_wconf 91' lang='lat' dir='ltr'><strong>cum</strong></span> <span class='ocrx_word' id='word_1_440' title='bbox 2633 3397 2827 3466; x_wconf 90' lang='lat' dir='ltr'><strong>procul</strong></span> <span class='ocrx_word' id='word_1_441' title='bbox 2851 3397 3020 3452; x_wconf 91' lang='lat' dir='ltr'><strong>dubio</strong></span> <span class='ocrx_word' id='word_1_442' title='bbox 3059 3399 3172 3453; x_wconf 89' lang='lat' dir='ltr'><strong>sint</strong></span> <span class='ocrx_word' id='word_1_443' title='bbox 3208 3399 3356 3454; x_wconf 89' lang='lat' dir='ltr'><strong>omni</strong></span> <span class='ocrx_word' id='word_1_444' title='bbox 3383 3399 3715 3470; x_wconf 82' lang='lat' dir='ltr'><strong>exceptione</strong></span> 
     </span>
    </p>
   </div>
   <div class='ocr_carea' id='block_1_61' title="bbox 2108 3487 3716 3563">
    <p class='ocr_par' dir='ltr' id='par_1_61' title="bbox 2108 3487 3716 3563">
     <span class='ocr_line' id='line_1_61' title="bbox 2108 3487 3716 3563; baseline 0.002 -20"><span class='ocrx_word' id='word_1_445' title='bbox 2108 3491 2365 3556; x_wconf 86' lang='lat' dir='ltr'><strong>majores,</strong></span> <span class='ocrx_word' id='word_1_446' title='bbox 2395 3497 2579 3557; x_wconf 89' lang='lat' dir='ltr'><strong>utpote</strong></span> <span class='ocrx_word' id='word_1_447' title='bbox 2606 3487 2855 3544; x_wconf 88' lang='lat' dir='ltr'><strong>doctrina</strong></span> <span class='ocrx_word' id='word_1_448' title='bbox 2889 3489 3155 3561; x_wconf 87' lang='lat' dir='ltr'><strong>insignes,</strong></span> <span class='ocrx_word' id='word_1_449' title='bbox 3186 3491 3452 3562; x_wconf 84' lang='lat' dir='ltr'><strong>religione</strong></span> <span class='ocrx_word' id='word_1_450' title='bbox 3495 3492 3716 3563; x_wconf 90' lang='lat' dir='ltr'><strong>conspi-</strong></span> 
     </span>
    </p>
   </div>
   <div class='ocr_carea' id='block_1_62' title="bbox 2105 3581 3715 3656">
    <p class='ocr_par' dir='ltr' id='par_1_62' title="bbox 2105 3581 3715 3656">
     <span class='ocr_line' id='line_1_62' title="bbox 2105 3581 3715 3656; baseline 0.002 -19"><span class='ocrx_word' id='word_1_451' title='bbox 2105 3581 2218 3648; x_wconf 88' lang='lat' dir='ltr'><strong>cui,</strong></span> <span class='ocrx_word' id='word_1_452' title='bbox 2267 3581 2387 3637; x_wconf 83' lang='lat' dir='ltr'><strong>zelo</strong></span> <span class='ocrx_word' id='word_1_453' title='bbox 2433 3583 2681 3637; x_wconf 88' lang='lat' dir='ltr'><strong>veritatis</strong></span> <span class='ocrx_word' id='word_1_454' title='bbox 2713 3593 3062 3652; x_wconf 67' lang='lat' dir='ltr'><strong>praestantes,</strong></span> <span class='ocrx_word' id='word_1_455' title='bbox 3093 3593 3148 3639; x_wconf 91' lang='lat' dir='ltr'><strong>et</strong></span> <span class='ocrx_word' id='word_1_456' title='bbox 3188 3584 3328 3641; x_wconf 90' lang='lat' dir='ltr'><strong>tales</strong></span> <span class='ocrx_word' id='word_1_457' title='bbox 3367 3585 3513 3656; x_wconf 88' lang='lat' dir='ltr'><strong>quod</strong></span> <span class='ocrx_word' id='word_1_458' title='bbox 3551 3585 3715 3641; x_wconf 90' lang='lat' dir='ltr'><strong>rebus</strong></span> 
     </span>
    </p>
   </div>
   <div class='ocr_carea' id='block_1_63' title="bbox 2108 3673 3715 3746">
    <p class='ocr_par' dir='ltr' id='par_1_63' title="bbox 2108 3673 3715 3746">
     <span class='ocr_line' id='line_1_63' title="bbox 2108 3673 3715 3746; baseline 0.004 -19"><span class='ocrx_word' id='word_1_459' title='bbox 2108 3673 2332 3742; x_wconf 87' lang='lat' dir='ltr'><strong>majoris</strong></span> <span class='ocrx_word' id='word_1_460' title='bbox 2353 3674 2643 3739; x_wconf 88' lang='lat' dir='ltr'><strong>momenti,</strong></span> <span class='ocrx_word' id='word_1_461' title='bbox 2668 3691 2896 3744; x_wconf 88' lang='lat' dir='ltr'><strong>quarum</strong></span> <span class='ocrx_word' id='word_1_462' title='bbox 2922 3675 3057 3731; x_wconf 90' lang='lat' dir='ltr'><strong>alias</strong></span> <span class='ocrx_word' id='word_1_463' title='bbox 3079 3685 3299 3731; x_wconf 87' lang='lat' dir='ltr'><strong>nutaret</strong></span> <span class='ocrx_word' id='word_1_464' title='bbox 3320 3677 3478 3742; x_wconf 88' lang='lat' dir='ltr'><strong>fides,</strong></span> <span class='ocrx_word' id='word_1_465' title='bbox 3501 3677 3715 3746; x_wconf 88' lang='lat' dir='ltr'><strong>pondus</strong></span> 
     </span>
    </p>
   </div>
   <div class='ocr_carea' id='block_1_64' title="bbox 2108 3767 3716 3837">
    <p class='ocr_par' dir='ltr' id='par_1_64' title="bbox 2108 3767 3716 3837">
     <span class='ocr_line' id='line_1_64' title="bbox 2108 3767 3716 3837; baseline 0.002 -16"><span class='ocrx_word' id='word_1_466' title='bbox 2108 3767 2454 3822; x_wconf 84' lang='lat' dir='ltr'><strong>auctoritatis</strong></span> <span class='ocrx_word' id='word_1_467' title='bbox 2477 3767 2725 3837; x_wconf 63' lang='lat' dir='ltr'><strong>praebere</strong></span> <span class='ocrx_word' id='word_1_468' title='bbox 2748 3769 3019 3822; x_wconf 86' lang='lat' dir='ltr'><strong>valerent.</strong></span> <span class='ocrx_word' id='word_1_469' title='bbox 3054 3768 3169 3822; x_wconf 91' lang='lat' dir='ltr'><strong>lluc</strong></span> <span class='ocrx_word' id='word_1_470' title='bbox 3194 3769 3430 3836; x_wconf 88' lang='lat' dir='ltr'><strong>accedit,</strong></span> <span class='ocrx_word' id='word_1_471' title='bbox 3452 3768 3597 3837; x_wconf 90' lang='lat' dir='ltr'><strong>quod</strong></span> <span class='ocrx_word' id='word_1_472' title='bbox 3627 3783 3716 3824; x_wconf 86' lang='lat' dir='ltr'><strong>res</strong></span> 
     </span>
    </p>
   </div>
   <div class='ocr_carea' id='block_1_65' title="bbox 2110 3859 3714 3930">
    <p class='ocr_par' dir='ltr' id='par_1_65' title="bbox 2110 3859 3714 3930">
     <span class='ocr_line' id='line_1_65' title="bbox 2110 3859 3714 3930; baseline 0 -16"><span class='ocrx_word' id='word_1_473' title='bbox 2110 3860 2224 3929; x_wconf 90' lang='lat' dir='ltr'><strong>ipsa</strong></span> <span class='ocrx_word' id='word_1_474' title='bbox 2259 3874 2366 3914; x_wconf 88' lang='lat' dir='ltr'><strong>non</strong></span> <span class='ocrx_word' id='word_1_475' title='bbox 2400 3859 2540 3914; x_wconf 87' lang='lat' dir='ltr'><strong>intra</strong></span> <span class='ocrx_word' id='word_1_476' title='bbox 2568 3860 2810 3930; x_wconf 89' lang='lat' dir='ltr'><strong>privatos</strong></span> <span class='ocrx_word' id='word_1_477' title='bbox 2841 3859 3082 3928; x_wconf 87' lang='lat' dir='ltr'><strong>parietes</strong></span> <span class='ocrx_word' id='word_1_478' title='bbox 3113 3868 3233 3914; x_wconf 89' lang='lat' dir='ltr'><strong>acta</strong></span> <span class='ocrx_word' id='word_1_479' title='bbox 3263 3867 3383 3924; x_wconf 83' lang='lat' dir='ltr'><strong>est,</strong></span> <span class='ocrx_word' id='word_1_480' title='bbox 3415 3869 3474 3914; x_wconf 89' lang='lat' dir='ltr'><strong>et</strong></span> <span class='ocrx_word' id='word_1_481' title='bbox 3502 3859 3632 3916; x_wconf 89' lang='lat' dir='ltr'><strong>inde</strong></span> <span class='ocrx_word' id='word_1_482' title='bbox 3661 3860 3714 3914; x_wconf 90' lang='lat' dir='ltr'><strong>itt</strong></span> 
     </span>
    </p>
   </div>
   <div class='ocr_carea' id='block_1_66' title="bbox 2110 3950 3714 4021">
    <p class='ocr_par' dir='ltr' id='par_1_66' title="bbox 2110 3950 3714 4021">
     <span class='ocr_line' id='line_1_66' title="bbox 2110 3950 3714 4021; baseline -0.002 -12"><span class='ocrx_word' id='word_1_483' title='bbox 2110 3955 2287 4010; x_wconf 88' lang='lat' dir='ltr'><strong>lucem</strong></span> <span class='ocrx_word' id='word_1_484' title='bbox 2317 3951 2465 4019; x_wconf 91' lang='lat' dir='ltr'><strong>data,</strong></span> <span class='ocrx_word' id='word_1_485' title='bbox 2497 3952 2592 4006; x_wconf 91' lang='lat' dir='ltr'><strong>sed</strong></span> <span class='ocrx_word' id='word_1_486' title='bbox 2615 3951 2683 4005; x_wconf 88' lang='lat' dir='ltr'><strong>ab</strong></span> <span class='ocrx_word' id='word_1_487' title='bbox 2706 3966 2848 4004; x_wconf 90' lang='lat' dir='ltr'><strong>anno</strong></span> <span class='ocrx_word' id='word_1_488' title='bbox 2877 3950 2998 4020; x_wconf 92' lang='lat' dir='ltr'><strong>ipso</strong></span> <span class='ocrx_word' id='word_1_489' title='bbox 3024 3951 3165 4006; x_wconf 76' lang='grc'><strong>1594</strong></span> <span class='ocrx_word' id='word_1_490' title='bbox 3191 3951 3334 4021; x_wconf 91' lang='lat' dir='ltr'><strong>quod</strong></span> <span class='ocrx_word' id='word_1_491' title='bbox 3362 3967 3393 4007; x_wconf 91' lang='lat' dir='ltr'><strong>e</strong></span> <span class='ocrx_word' id='word_1_492' title='bbox 3422 3950 3714 4007; x_wconf 85' lang='lat' dir='ltr'><strong>Germania</strong></span> 
     </span>
    </p>
   </div>
   <div class='ocr_carea' id='block_1_67' title="bbox 2111 4041 3720 4114">
    <p class='ocr_par' dir='ltr' id='par_1_67' title="bbox 2111 4041 3720 4114">
     <span class='ocr_line' id='line_1_67' title="bbox 2111 4041 3720 4114; baseline -0.002 -13"><span class='ocrx_word' id='word_1_493' title='bbox 2111 4045 2164 4101; x_wconf 90' lang='lat' dir='ltr'><strong>in</strong></span> <span class='ocrx_word' id='word_1_494' title='bbox 2209 4043 2520 4112; x_wconf 79' lang='lat' dir='ltr'><strong>Hispaniam</strong></span> <span class='ocrx_word' id='word_1_495' title='bbox 2579 4042 2896 4098; x_wconf 85' lang='lat' dir='ltr'><strong>Chronicon</strong></span> <span class='ocrx_word' id='word_1_496' title='bbox 2951 4041 3012 4096; x_wconf 89' lang='lat' dir='ltr'><strong>P.</strong></span> <span class='ocrx_word' id='word_1_497' title='bbox 3069 4043 3408 4114; x_wconf 82' lang='lat' dir='ltr'><strong>Hieronymo</strong></span> <span class='ocrx_word' id='word_1_498' title='bbox 3459 4042 3720 4109; x_wconf 85' lang='lat' dir='ltr'><strong>missum,</strong></span> 
     </span>
    </p>
   </div>
   <div class='ocr_carea' id='block_1_68' title="bbox 2114 4137 3715 4210">
    <p class='ocr_par' dir='ltr' id='par_1_68' title="bbox 2114 4137 3715 4210">
     <span class='ocr_line' id='line_1_68' title="bbox 2114 4137 3715 4210; baseline -0.001 -16"><span class='ocrx_word' id='word_1_499' title='bbox 2114 4137 2579 4210; x_wconf 64' lang='lat' dir='ltr'><strong>praestantissimis</strong></span> <span class='ocrx_word' id='word_1_500' title='bbox 2603 4139 2768 4192; x_wconf 91' lang='lat' dir='ltr'><strong>totius</strong></span> <span class='ocrx_word' id='word_1_501' title='bbox 2792 4137 3066 4207; x_wconf 75' lang='lat' dir='ltr'><strong>Hispania:</strong></span> <span class='ocrx_word' id='word_1_502' title='bbox 3091 4139 3352 4206; x_wconf 81' lang='lat' dir='ltr'><strong>praelatis,</strong></span> <span class='ocrx_word' id='word_1_503' title='bbox 3376 4137 3715 4205; x_wconf 89' lang='lat' dir='ltr'><strong>doctoribus,</strong></span> 
     </span>
    </p>
   </div>
   <div class='ocr_carea' id='block_1_69' title="bbox 2114 4232 3720 4306">
    <p class='ocr_par' dir='ltr' id='par_1_69' title="bbox 2114 4232 3720 4306">
     <span class='ocr_line' id='line_1_69' title="bbox 2114 4232 3720 4306; baseline -0.001 -16"><span class='ocrx_word' id='word_1_504' title='bbox 2114 4244 2169 4290; x_wconf 91' lang='lat' dir='ltr'><strong>ct</strong></span> <span class='ocrx_word' id='word_1_505' title='bbox 2198 4233 2536 4306; x_wconf 87' lang='lat' dir='ltr'><strong>principibus</strong></span> <span class='ocrx_word' id='word_1_506' title='bbox 2566 4233 2636 4287; x_wconf 90' lang='lat' dir='ltr'><strong>ab</strong></span> <span class='ocrx_word' id='word_1_507' title='bbox 2665 4249 2733 4288; x_wconf 81' lang='lat' dir='ltr'><strong>eo</strong></span> <span class='ocrx_word' id='word_1_508' title='bbox 2758 4235 3220 4289; x_wconf 89' lang='lat' dir='ltr'><strong>communicatum</strong></span> <span class='ocrx_word' id='word_1_509' title='bbox 3252 4233 3374 4298; x_wconf 87' lang='lat' dir='ltr'><strong>fuit,</strong></span> <span class='ocrx_word' id='word_1_510' title='bbox 3413 4241 3468 4287; x_wconf 90' lang='lat' dir='ltr'><strong>ct</strong></span> <span class='ocrx_word' id='word_1_511' title='bbox 3513 4248 3608 4303; x_wconf 91' lang='lat' dir='ltr'><strong>pro</strong></span> <span class='ocrx_word' id='word_1_512' title='bbox 3637 4232 3720 4288; x_wconf 88' lang='lat' dir='ltr'><strong>le-</strong></span> 
     </span>
    </p>
   </div>
   <div class='ocr_carea' id='block_1_70' title="bbox 2112 4324 3721 4397">
    <p class='ocr_par' dir='ltr' id='par_1_70' title="bbox 2112 4324 3721 4397">
     <span class='ocr_line' id='line_1_70' title="bbox 2112 4324 3721 4397; baseline 0 -17"><span class='ocrx_word' id='word_1_513' title='bbox 2112 4327 2306 4397; x_wconf 85' lang='lat' dir='ltr'><strong>gitimo</strong></span> <span class='ocrx_word' id='word_1_514' title='bbox 2344 4325 2624 4391; x_wconf 87' lang='lat' dir='ltr'><strong>babitutn;</strong></span> <span class='ocrx_word' id='word_1_515' title='bbox 2659 4337 2713 4380; x_wconf 88' lang='lat' dir='ltr'><strong>ttt</strong></span> <span class='ocrx_word' id='word_1_516' title='bbox 2753 4327 2948 4380; x_wconf 88' lang='lat' dir='ltr'><strong>mirmn</strong></span> <span class='ocrx_word' id='word_1_517' title='bbox 2981 4327 3092 4389; x_wconf 90' lang='lat' dir='ltr'><strong>sit,</strong></span> <span class='ocrx_word' id='word_1_518' title='bbox 3139 4324 3190 4380; x_wconf 90' lang='lat' dir='ltr'><strong>id</strong></span> <span class='ocrx_word' id='word_1_519' title='bbox 3217 4325 3284 4380; x_wconf 89' lang='lat' dir='ltr'><strong>ab</strong></span> <span class='ocrx_word' id='word_1_520' title='bbox 3315 4325 3498 4396; x_wconf 90' lang='lat' dir='ltr'><strong>aliquo</strong></span> <span class='ocrx_word' id='word_1_521' title='bbox 3530 4326 3584 4380; x_wconf 87' lang='lat' dir='ltr'><strong>iti</strong></span> <span class='ocrx_word' id='word_1_522' title='bbox 3623 4324 3721 4380; x_wconf 86' lang='lat' dir='ltr'><strong>du-</strong></span> 
     </span>
    </p>
   </div>
   <div class='ocr_carea' id='block_1_71' title="bbox 2117 4415 3722 4487">
    <p class='ocr_par' dir='ltr' id='par_1_71' title="bbox 2117 4415 3722 4487">
     <span class='ocr_line' id='line_1_71' title="bbox 2117 4415 3722 4487; baseline -0.002 -13"><span class='ocrx_word' id='word_1_523' title='bbox 2117 4418 2264 4474; x_wconf 88' lang='lat' dir='ltr'><strong>bium</strong></span> <span class='ocrx_word' id='word_1_524' title='bbox 2312 4419 2448 4473; x_wconf 89' lang='lat' dir='ltr'><strong>verti</strong></span> <span class='ocrx_word' id='word_1_525' title='bbox 2500 4431 2684 4487; x_wconf 89' lang='lat' dir='ltr'><strong>posse.</strong></span> <span class='ocrx_word' id='word_1_526' title='bbox 2731 4416 3187 4487; x_wconf 83' lang='lat' dir='ltr'><strong>Becoguovetunt</strong></span> <span class='ocrx_word' id='word_1_527' title='bbox 3229 4415 3359 4471; x_wconf 86' lang='lat' dir='ltr'><strong>illud</strong></span> <span class='ocrx_word' id='word_1_528' title='bbox 3411 4418 3550 4471; x_wconf 90' lang='lat' dir='ltr'><strong>inter</strong></span> <span class='ocrx_word' id='word_1_529' title='bbox 3588 4416 3722 4471; x_wconf 88' lang='lat' dir='ltr'><strong>alios</strong></span> 
     </span>
    </p>
   </div>
   <div class='ocr_carea' id='block_1_72' title="bbox 419 4506 3722 4584">
    <p class='ocr_par' dir='ltr' id='par_1_72' title="bbox 419 4506 3722 4584">
     <span class='ocr_line' id='line_1_72' title="bbox 419 4506 3722 4584; baseline -0.002 -17"><span class='ocrx_word' id='word_1_530' title='bbox 419 4511 722 4580; x_wconf 65' lang='lat' dir='ltr'><strong>legitimum</strong></span> <span class='ocrx_word' id='word_1_531' title='bbox 758 4515 956 4568; x_wconf 84' lang='lat' dir='ltr'><strong>utentis</strong></span> <span class='ocrx_word' id='word_1_532' title='bbox 1005 4527 1120 4567; x_wconf 72' lang='lat' dir='ltr'><strong>sua:</strong></span> <span class='ocrx_word' id='word_1_533' title='bbox 1168 4526 1379 4582; x_wconf 87' lang='lat' dir='ltr'><strong>partum</strong></span> <span class='ocrx_word' id='word_1_534' title='bbox 1431 4514 1620 4571; x_wconf 78' lang='lat' dir='ltr'><strong>fuisse.</strong></span> <span class='ocrx_word' id='word_1_535' title='bbox 1675 4516 1787 4584; x_wconf 85' lang='lat' dir='ltr'><strong>Qua</strong></span> <span class='ocrx_word' id='word_1_536' title='bbox 1843 4517 1894 4572; x_wconf 80' lang='lat' dir='ltr'><strong>in</strong></span> <span class='ocrx_word' id='word_1_537' title='bbox 1952 4507 2472 4573; x_wconf 83' lang='lat' dir='ltr'><strong>reDillustrissimi</strong></span> <span class='ocrx_word' id='word_1_538' title='bbox 2524 4525 2588 4564; x_wconf 91' lang='lat' dir='ltr'><strong>ac</strong></span> <span class='ocrx_word' id='word_1_539' title='bbox 2627 4508 3072 4564; x_wconf 85' lang='lat' dir='ltr'><strong>reverettdissimi</strong></span> <span class='ocrx_word' id='word_1_540' title='bbox 3111 4507 3348 4577; x_wconf 89' lang='lat' dir='ltr'><strong>domini,</strong></span> <span class='ocrx_word' id='word_1_541' title='bbox 3398 4506 3466 4562; x_wconf 76' lang='grc' dir='ltr'><strong>ι).</strong></span> <span class='ocrx_word' id='word_1_542' title='bbox 3499 4508 3722 4563; x_wconf 76' lang='lat' dir='ltr'><strong>Saucius</strong></span> 
     </span>
    </p>
   </div>
   <div class='ocr_carea' id='block_1_73' title="bbox 419 4603 2012 4676">
    <p class='ocr_par' dir='ltr' id='par_1_73' title="bbox 419 4603 2012 4676">
     <span class='ocr_line' id='line_1_73' title="bbox 419 4603 2012 4676; baseline 0.004 -19"><span class='ocrx_word' id='word_1_543' title='bbox 419 4603 682 4674; x_wconf 89' lang='lat' dir='ltr'><strong>quidquid</strong></span> <span class='ocrx_word' id='word_1_544' title='bbox 714 4604 784 4660; x_wconf 89' lang='lat' dir='ltr'><strong>de</strong></span> <span class='ocrx_word' id='word_1_545' title='bbox 809 4605 931 4658; x_wconf 89' lang='lat' dir='ltr'><strong>aliis</strong></span> <span class='ocrx_word' id='word_1_546' title='bbox 955 4605 1047 4670; x_wconf 90' lang='lat' dir='ltr'><strong>sit,</strong></span> <span class='ocrx_word' id='word_1_547' title='bbox 1080 4604 1113 4659; x_wconf 92' lang='lat' dir='ltr'><strong>ii</strong></span> <span class='ocrx_word' id='word_1_548' title='bbox 1144 4615 1315 4673; x_wconf 89' lang='lat' dir='ltr'><strong>certe,</strong></span> <span class='ocrx_word' id='word_1_549' title='bbox 1347 4622 1577 4676; x_wconf 91' lang='lat' dir='ltr'><strong>quorum</strong></span> <span class='ocrx_word' id='word_1_550' title='bbox 1636 4608 1902 4663; x_wconf 87' lang='lat' dir='ltr'><strong>beneficio</strong></span> <span class='ocrx_word' id='word_1_551' title='bbox 1942 4609 2012 4664; x_wconf 90' lang='lat' dir='ltr'><strong>ad</strong></span> 
     </span>
    </p>
   </div>
   <div class='ocr_carea' id='block_1_74' title="bbox 421 4695 2015 4771">
    <p class='ocr_par' dir='ltr' id='par_1_74' title="bbox 421 4695 2015 4771">
     <span class='ocr_line' id='line_1_74' title="bbox 421 4695 2015 4771; baseline 0.006 -23"><span class='ocrx_word' id='word_1_552' title='bbox 421 4710 618 4749; x_wconf 88' lang='lat' dir='ltr'><strong>manus</strong></span> <span class='ocrx_word' id='word_1_553' title='bbox 647 4707 828 4750; x_wconf 89' lang='lat' dir='ltr'><strong>nostra</strong></span> <span class='ocrx_word' id='word_1_554' title='bbox 851 4695 1119 4751; x_wconf 83' lang='lat' dir='ltr'><strong>Chronica</strong></span> <span class='ocrx_word' id='word_1_555' title='bbox 1153 4697 1254 4750; x_wconf 89' lang='lat' dir='ltr'><strong>ista</strong></span> <span class='ocrx_word' id='word_1_556' title='bbox 1280 4711 1602 4768; x_wconf 90' lang='lat' dir='ltr'><strong>pervenere,</strong></span> <span class='ocrx_word' id='word_1_557' title='bbox 1641 4710 1785 4755; x_wconf 89' lang='lat' dir='ltr'><strong>tanta</strong></span> <span class='ocrx_word' id='word_1_558' title='bbox 1810 4702 2015 4771; x_wconf 90' lang='lat' dir='ltr'><strong>pollent</strong></span> 
     </span>
    </p>
   </div>
   <div class='ocr_carea' id='block_1_75' title="bbox 421 4788 2013 4865">
    <p class='ocr_par' dir='ltr' id='par_1_75' title="bbox 421 4788 2013 4865">
     <span class='ocr_line' id='line_1_75' title="bbox 421 4788 2013 4865; baseline 0.008 -25"><span class='ocrx_word' id='word_1_559' title='bbox 421 4788 770 4854; x_wconf 86' lang='lat' dir='ltr'><strong>auctoritate,</strong></span> <span class='ocrx_word' id='word_1_560' title='bbox 805 4796 954 4844; x_wconf 88' lang='lat' dir='ltr'><strong>tattta</strong></span> <span class='ocrx_word' id='word_1_561' title='bbox 982 4791 1234 4846; x_wconf 89' lang='lat' dir='ltr'><strong>veritatis</strong></span> <span class='ocrx_word' id='word_1_562' title='bbox 1262 4791 1601 4862; x_wconf 71' lang='lat' dir='ltr'><strong>sinceritate,</strong></span> <span class='ocrx_word' id='word_1_563' title='bbox 1635 4804 1691 4849; x_wconf 91' lang='lat' dir='ltr'><strong>ut</strong></span> <span class='ocrx_word' id='word_1_564' title='bbox 1717 4796 1784 4850; x_wconf 89' lang='lat' dir='ltr'><strong>de</strong></span> <span class='ocrx_word' id='word_1_565' title='bbox 1815 4812 1876 4852; x_wconf 91' lang='lat' dir='ltr'><strong>re</strong></span> <span class='ocrx_word' id='word_1_566' title='bbox 1900 4799 2013 4865; x_wconf 90' lang='lat' dir='ltr'><strong>ipsa</strong></span> 
     </span>
    </p>
   </div>
   <div class='ocr_carea' id='block_1_76' title="bbox 427 4881 2010 4951">
    <p class='ocr_par' dir='ltr' id='par_1_76' title="bbox 427 4881 2010 4951">
     <span class='ocr_line' id='line_1_76' title="bbox 427 4881 2010 4951; baseline 0.005 -16"><span class='ocrx_word' id='word_1_567' title='bbox 427 4881 611 4936; x_wconf 72' lang='lat' dir='ltr'><strong>nullus</strong></span> <span class='ocrx_word' id='word_1_568' title='bbox 663 4883 1004 4951; x_wconf 82' lang='lat' dir='ltr'><strong>relinquatur</strong></span> <span class='ocrx_word' id='word_1_569' title='bbox 1055 4884 1206 4939; x_wconf 89' lang='lat' dir='ltr'><strong>locus</strong></span> <span class='ocrx_word' id='word_1_570' title='bbox 1255 4885 1563 4942; x_wconf 86' lang='lat' dir='ltr'><strong>dubitandi.</strong></span> <span class='ocrx_word' id='word_1_571' title='bbox 1609 4887 1671 4940; x_wconf 85' lang='lat' dir='ltr'><strong>lli</strong></span> <span class='ocrx_word' id='word_1_572' title='bbox 1719 4900 1844 4944; x_wconf 90' lang='lat' dir='ltr'><strong>sunt</strong></span> <span class='ocrx_word' id='word_1_573' title='bbox 1895 4890 2010 4945; x_wconf 79' lang='lat' dir='ltr'><strong>RR.</strong></span> 
     </span>
    </p>
   </div>
   <div class='ocr_carea' id='block_1_77' title="bbox 425 4971 2016 5048">
    <p class='ocr_par' dir='ltr' id='par_1_77' title="bbox 425 4971 2016 5048">
     <span class='ocr_line' id='line_1_77' title="bbox 425 4971 2016 5048; baseline 0.008 -25"><span class='ocrx_word' id='word_1_574' title='bbox 425 4983 608 5042; x_wconf 87' lang='lat' dir='ltr'><strong>patres</strong></span> <span class='ocrx_word' id='word_1_575' title='bbox 628 4971 872 5028; x_wconf 82' lang='lat' dir='ltr'><strong>Thomas</strong></span> <span class='ocrx_word' id='word_1_576' title='bbox 901 4974 968 5028; x_wconf 91' lang='lat' dir='ltr'><strong>de</strong></span> <span class='ocrx_word' id='word_1_577' title='bbox 995 4974 1289 5044; x_wconf 87' lang='lat' dir='ltr'><strong>Torralba,</strong></span> <span class='ocrx_word' id='word_1_578' title='bbox 1333 4987 1386 5030; x_wconf 91' lang='lat' dir='ltr'><strong>et</strong></span> <span class='ocrx_word' id='word_1_579' title='bbox 1437 4977 1802 5048; x_wconf 87' lang='lat' dir='ltr'><strong>Hieronymus</strong></span> <span class='ocrx_word' id='word_1_580' title='bbox 1848 4981 1915 5036; x_wconf 88' lang='lat' dir='ltr'><strong>de</strong></span> <span class='ocrx_word' id='word_1_581' title='bbox 1967 4981 2016 5036; x_wconf 89' lang='lat' dir='ltr'><strong>la</strong></span> 
     </span>
    </p>
   </div>
   <div class='ocr_carea' id='block_1_78' title="bbox 428 5062 2018 5140">
    <p class='ocr_par' dir='ltr' id='par_1_78' title="bbox 428 5062 2018 5140">
     <span class='ocr_line' id='line_1_78' title="bbox 428 5062 2018 5140; baseline 0.006 -23"><span class='ocrx_word' id='word_1_582' title='bbox 428 5062 663 5132; x_wconf 85' lang='lat' dir='ltr'><strong>lliguera</strong></span> <span class='ocrx_word' id='word_1_583' title='bbox 698 5106 713 5130; x_wconf 97' lang='lat'><strong>,</strong></span> <span class='ocrx_word' id='word_1_584' title='bbox 787 5067 1075 5123; x_wconf 87' lang='lat' dir='ltr'><strong>Societatis</strong></span> <span class='ocrx_word' id='word_1_585' title='bbox 1126 5066 1255 5122; x_wconf 84' lang='lat' dir='ltr'><strong>Jesu</strong></span> <span class='ocrx_word' id='word_1_586' title='bbox 1310 5067 1646 5140; x_wconf 83' lang='lat' dir='ltr'><strong>presbyteri,</strong></span> <span class='ocrx_word' id='word_1_587' title='bbox 1709 5070 2018 5126; x_wconf 89' lang='lat' dir='ltr'><strong>eruditione</strong></span> 
     </span>
    </p>
   </div>
   <div class='ocr_carea' id='block_1_79' title="bbox 426 5156 2020 5229">
    <p class='ocr_par' dir='ltr' id='par_1_79' title="bbox 426 5156 2020 5229">
     <span class='ocr_line' id='line_1_79' title="bbox 426 5156 2020 5229; baseline 0.006 -20"><span class='ocrx_word' id='word_1_588' title='bbox 426 5156 740 5226; x_wconf 84' lang='lat' dir='ltr'><strong>conspicui;</strong></span> <span class='ocrx_word' id='word_1_589' title='bbox 771 5173 802 5213; x_wconf 90' lang='lat' dir='ltr'><strong>c</strong></span> <span class='ocrx_word' id='word_1_590' title='bbox 824 5159 1024 5229; x_wconf 88' lang='lat' dir='ltr'><strong>quibus</strong></span> <span class='ocrx_word' id='word_1_591' title='bbox 1050 5159 1308 5224; x_wconf 87' lang='lat' dir='ltr'><strong>Thomas,</strong></span> <span class='ocrx_word' id='word_1_592' title='bbox 1336 5159 1465 5214; x_wconf 87' lang='lat' dir='ltr'><strong>dum</strong></span> <span class='ocrx_word' id='word_1_593' title='bbox 1500 5163 1553 5216; x_wconf 89' lang='lat' dir='ltr'><strong>in</strong></span> <span class='ocrx_word' id='word_1_594' title='bbox 1577 5161 1866 5218; x_wconf 86' lang='lat' dir='ltr'><strong>Germania</strong></span> <span class='ocrx_word' id='word_1_595' title='bbox 1901 5179 2020 5218; x_wconf 86' lang='lat' dir='ltr'><strong>ver-</strong></span> 
     </span>
    </p>
   </div>
   <div class='ocr_carea' id='block_1_80' title="bbox 426 5249 2016 5318">
    <p class='ocr_par' dir='ltr' id='par_1_80' title="bbox 426 5249 2016 5318">
     <span class='ocr_line' id='line_1_80' title="bbox 426 5249 2016 5318; baseline 0.004 -17"><span class='ocrx_word' id='word_1_596' title='bbox 426 5256 663 5310; x_wconf 80' lang='lat' dir='ltr'><strong>Sarctur.</strong></span> <span class='ocrx_word' id='word_1_597' title='bbox 702 5249 814 5304; x_wconf 70' lang='lat' dir='ltr'><strong>Duo</strong></span> <span class='ocrx_word' id='word_1_598' title='bbox 836 5249 1076 5318; x_wconf 86' lang='lat' dir='ltr'><strong>auspice,</strong></span> <span class='ocrx_word' id='word_1_599' title='bbox 1111 5249 1653 5307; x_wconf 79' lang='lat' dir='ltr'><strong>iuciditWortnacia:</strong></span> <span class='ocrx_word' id='word_1_600' title='bbox 1690 5255 1744 5307; x_wconf 90' lang='lat' dir='ltr'><strong>in</strong></span> <span class='ocrx_word' id='word_1_601' title='bbox 1776 5253 2016 5309; x_wconf 88' lang='lat' dir='ltr'><strong>codicem</strong></span> 
     </span>
    </p>
   </div>
   <div class='ocr_carea' id='block_1_81' title="bbox 432 5342 2020 5413">
    <p class='ocr_par' dir='ltr' id='par_1_81' title="bbox 432 5342 2020 5413">
     <span class='ocr_line' id='line_1_81' title="bbox 432 5342 2020 5413; baseline 0.005 -20"><span class='ocrx_word' id='word_1_602' title='bbox 432 5352 801 5409; x_wconf 67' lang='lat' dir='ltr'><strong>pv&#39;rvetustutn</strong></span> <span class='ocrx_word' id='word_1_603' title='bbox 836 5342 1272 5409; x_wconf 90' lang='lat' dir='ltr'><strong>tnembraneutu,</strong></span> <span class='ocrx_word' id='word_1_604' title='bbox 1308 5345 1762 5413; x_wconf 89' lang='lat' dir='ltr'><strong>manuscriptum,</strong></span> <span class='ocrx_word' id='word_1_605' title='bbox 1814 5347 1864 5400; x_wconf 88' lang='lat' dir='ltr'><strong>iit</strong></span> <span class='ocrx_word' id='word_1_606' title='bbox 1915 5361 2020 5413; x_wconf 87' lang='lat' dir='ltr'><strong>quo</strong></span> 
     </span>
    </p>
   </div>
   <div class='ocr_carea' id='block_1_82' title="bbox 425 5433 2021 5494">
    <p class='ocr_par' dir='ltr' id='par_1_82' title="bbox 425 5433 2021 5494">
     <span class='ocr_line' id='line_1_82' title="bbox 425 5433 2021 5494; baseline 0.005 -8"><span class='ocrx_word' id='word_1_607' title='bbox 425 5438 746 5489; x_wconf 79' lang='lat' dir='ltr'><strong>charactere</strong></span> <span class='ocrx_word' id='word_1_608' title='bbox 769 5433 1004 5489; x_wconf 87' lang='lat' dir='ltr'><strong>Gothico</strong></span> <span class='ocrx_word' id='word_1_609' title='bbox 1050 5444 1273 5490; x_wconf 80' lang='lat' dir='ltr'><strong>exarata</strong></span> <span class='ocrx_word' id='word_1_610' title='bbox 1322 5445 1480 5492; x_wconf 87' lang='lat' dir='ltr'><strong>erant</strong></span> <span class='ocrx_word' id='word_1_611' title='bbox 1532 5437 1798 5493; x_wconf 82' lang='lat' dir='ltr'><strong>Chronica</strong></span> <span class='ocrx_word' id='word_1_612' title='bbox 1836 5439 2021 5494; x_wconf 82' lang='lat' dir='ltr'><strong>Dextri</strong></span> 
     </span>
    </p>
   </div>
   <div class='ocr_carea' id='block_1_83' title="bbox 429 5525 2020 5597">
    <p class='ocr_par' dir='ltr' id='par_1_83' title="bbox 429 5525 2020 5597">
     <span class='ocr_line' id='line_1_83' title="bbox 429 5525 2020 5597; baseline 0.004 -20"><span class='ocrx_word' id='word_1_613' title='bbox 429 5533 489 5578; x_wconf 88' lang='lat' dir='ltr'><strong>et</strong></span> <span class='ocrx_word' id='word_1_614' title='bbox 512 5525 582 5580; x_wconf 83' lang='grc' dir='ltr'><strong>Μ.</strong></span> <span class='ocrx_word' id='word_1_615' title='bbox 613 5525 854 5591; x_wconf 81' lang='lat' dir='ltr'><strong>Maximi,</strong></span> <span class='ocrx_word' id='word_1_616' title='bbox 889 5535 1174 5597; x_wconf 85' lang='lat' dir='ltr'><strong>tantopere</strong></span> <span class='ocrx_word' id='word_1_617' title='bbox 1204 5542 1234 5581; x_wconf 91' lang='lat' dir='ltr'><strong>a</strong></span> <span class='ocrx_word' id='word_1_618' title='bbox 1261 5528 1390 5583; x_wconf 87' lang='lat' dir='ltr'><strong>viris</strong></span> <span class='ocrx_word' id='word_1_619' title='bbox 1418 5529 1645 5585; x_wconf 90' lang='lat' dir='ltr'><strong>eruditis</strong></span> <span class='ocrx_word' id='word_1_620' title='bbox 1693 5531 2020 5586; x_wconf 87' lang='lat' dir='ltr'><strong>desiderata.</strong></span> 
     </span>
    </p>
   </div>
   <div class='ocr_carea' id='block_1_84' title="bbox 434 5617 2020 5692">
    <p class='ocr_par' dir='ltr' id='par_1_84' title="bbox 434 5617 2020 5692">
     <span class='ocr_line' id='line_1_84' title="bbox 434 5617 2020 5692; baseline 0.005 -23"><span class='ocrx_word' id='word_1_621' title='bbox 434 5617 562 5670; x_wconf 78' lang='lat' dir='ltr'><strong>Erat</strong></span> <span class='ocrx_word' id='word_1_622' title='bbox 593 5628 720 5672; x_wconf 88' lang='lat' dir='ltr'><strong>tunc</strong></span> <span class='ocrx_word' id='word_1_623' title='bbox 749 5618 930 5672; x_wconf 90' lang='lat' dir='ltr'><strong>forsan</strong></span> <span class='ocrx_word' id='word_1_624' title='bbox 955 5617 1129 5675; x_wconf 83' lang='lat' dir='ltr'><strong>codex</strong></span> <span class='ocrx_word' id='word_1_625' title='bbox 1156 5619 1248 5675; x_wconf 91' lang='lat' dir='ltr'><strong>ille</strong></span> <span class='ocrx_word' id='word_1_626' title='bbox 1284 5620 1338 5676; x_wconf 91' lang='lat' dir='ltr'><strong>in</strong></span> <span class='ocrx_word' id='word_1_627' title='bbox 1362 5634 1523 5675; x_wconf 88' lang='lat' dir='ltr'><strong>manu</strong></span> <span class='ocrx_word' id='word_1_628' title='bbox 1557 5622 1702 5676; x_wconf 91' lang='lat' dir='ltr'><strong>docti</strong></span> <span class='ocrx_word' id='word_1_629' title='bbox 1739 5623 2020 5692; x_wconf 81' lang='lat' dir='ltr'><strong>cujusdam</strong></span> 
     </span>
    </p>
   </div>
   <div class='ocr_carea' id='block_1_85' title="bbox 426 5707 2022 5782">
    <p class='ocr_par' dir='ltr' id='par_1_85' title="bbox 426 5707 2022 5782">
     <span class='ocr_line' id='line_1_85' title="bbox 426 5707 2022 5782; baseline 0.002 -16"><span class='ocrx_word' id='word_1_630' title='bbox 426 5707 564 5766; x_wconf 85' lang='lat' dir='ltr'><strong>civis</strong></span> <span class='ocrx_word' id='word_1_631' title='bbox 593 5709 1040 5778; x_wconf 87' lang='lat' dir='ltr'><strong>Wormaciensis,</strong></span> <span class='ocrx_word' id='word_1_632' title='bbox 1077 5711 1166 5780; x_wconf 90' lang='lat' dir='ltr'><strong>qui</strong></span> <span class='ocrx_word' id='word_1_633' title='bbox 1198 5711 1432 5782; x_wconf 82' lang='lat' dir='ltr'><strong>ingenue</strong></span> <span class='ocrx_word' id='word_1_634' title='bbox 1458 5713 1635 5768; x_wconf 84' lang='lat' dir='ltr'><strong>fassus</strong></span> <span class='ocrx_word' id='word_1_635' title='bbox 1666 5714 1782 5775; x_wconf 82' lang='lat' dir='ltr'><strong>fuit,</strong></span> <span class='ocrx_word' id='word_1_636' title='bbox 1815 5729 1872 5767; x_wconf 88' lang='lat' dir='ltr'><strong>se</strong></span> <span class='ocrx_word' id='word_1_637' title='bbox 1898 5729 2022 5770; x_wconf 89' lang='lat' dir='ltr'><strong>eum</strong></span> 
     </span>
    </p>
   </div>
   <div class='ocr_carea' id='block_1_86' title="bbox 426 5801 2024 5861">
    <p class='ocr_par' dir='ltr' id='par_1_86' title="bbox 426 5801 2024 5861">
     <span class='ocr_line' id='line_1_86' title="bbox 426 5801 2024 5861; baseline 0.002 -3"><span class='ocrx_word' id='word_1_638' title='bbox 426 5817 463 5858; x_wconf 87' lang='lat' dir='ltr'><strong>e</strong></span> <span class='ocrx_word' id='word_1_639' title='bbox 488 5801 748 5856; x_wconf 78' lang='lat' dir='ltr'><strong>Fuldettsi</strong></span> <span class='ocrx_word' id='word_1_640' title='bbox 774 5804 1164 5858; x_wconf 88' lang='lat' dir='ltr'><strong>monachorum</strong></span> <span class='ocrx_word' id='word_1_641' title='bbox 1195 5803 1552 5860; x_wconf 88' lang='lat' dir='ltr'><strong>celeberrima</strong></span> <span class='ocrx_word' id='word_1_642' title='bbox 1585 5804 1912 5860; x_wconf 90' lang='lat' dir='ltr'><strong>bibliotheca</strong></span> <span class='ocrx_word' id='word_1_643' title='bbox 1935 5821 2024 5861; x_wconf 86' lang='lat' dir='ltr'><strong>ac-</strong></span> 
     </span>
    </p>
   </div>
   <div class='ocr_carea' id='block_1_87' title="bbox 431 5893 2022 5968">
    <p class='ocr_par' dir='ltr' id='par_1_87' title="bbox 431 5893 2022 5968">
     <span class='ocr_line' id='line_1_87' title="bbox 431 5893 2022 5968; baseline 0.003 -18"><span class='ocrx_word' id='word_1_644' title='bbox 431 5893 668 5966; x_wconf 74' lang='lat' dir='ltr'><strong>cepisse,</strong></span> <span class='ocrx_word' id='word_1_645' title='bbox 695 5904 749 5951; x_wconf 91' lang='lat' dir='ltr'><strong>ct</strong></span> <span class='ocrx_word' id='word_1_646' title='bbox 777 5910 875 5968; x_wconf 88' lang='lat' dir='ltr'><strong>pro</strong></span> <span class='ocrx_word' id='word_1_647' title='bbox 909 5894 1214 5952; x_wconf 82' lang='lat' dir='ltr'><strong>veneranda</strong></span> <span class='ocrx_word' id='word_1_648' title='bbox 1245 5895 1583 5967; x_wconf 85' lang='lat' dir='ltr'><strong>antiquitatis</strong></span> <span class='ocrx_word' id='word_1_649' title='bbox 1608 5897 1833 5954; x_wconf 81' lang='lat' dir='ltr'><strong>historia</strong></span> <span class='ocrx_word' id='word_1_650' title='bbox 1865 5895 1918 5954; x_wconf 87' lang='lat' dir='ltr'><strong>in</strong></span> <span class='ocrx_word' id='word_1_651' title='bbox 1954 5912 2022 5954; x_wconf 80' lang='lat' dir='ltr'><strong>eo</strong></span> 
     </span>
    </p>
   </div>
   <div class='ocr_carea' id='block_1_88' title="bbox 2121 4600 3723 4672">
    <p class='ocr_par' dir='ltr' id='par_1_88' title="bbox 2121 4600 3723 4672">
     <span class='ocr_line' id='line_1_88' title="bbox 2121 4600 3723 4672; baseline -0.003 -14"><span class='ocrx_word' id='word_1_652' title='bbox 2121 4603 2307 4658; x_wconf 86' lang='lat' dir='ltr'><strong>Davila</strong></span> <span class='ocrx_word' id='word_1_653' title='bbox 2329 4601 2640 4672; x_wconf 88' lang='lat' dir='ltr'><strong>Gienensis,</strong></span> <span class='ocrx_word' id='word_1_654' title='bbox 2666 4601 3017 4672; x_wconf 84' lang='lat' dir='ltr'><strong>Seguntinus,</strong></span> <span class='ocrx_word' id='word_1_655' title='bbox 3042 4612 3096 4656; x_wconf 93' lang='lat' dir='ltr'><strong>et</strong></span> <span class='ocrx_word' id='word_1_656' title='bbox 3127 4600 3476 4655; x_wconf 85' lang='lat' dir='ltr'><strong>Placentinus</strong></span> <span class='ocrx_word' id='word_1_657' title='bbox 3503 4613 3723 4654; x_wconf 84' lang='lat' dir='ltr'><strong>succes-</strong></span> 
     </span>
    </p>
   </div>
   <div class='ocr_carea' id='block_1_89' title="bbox 2119 4691 3718 4767">
    <p class='ocr_par' dir='ltr' id='par_1_89' title="bbox 2119 4691 3718 4767">
     <span class='ocr_line' id='line_1_89' title="bbox 2119 4691 3718 4767; baseline -0.003 -15"><span class='ocrx_word' id='word_1_658' title='bbox 2119 4701 2232 4752; x_wconf 87' lang='lat' dir='ltr'><strong>sive</strong></span> <span class='ocrx_word' id='word_1_659' title='bbox 2259 4698 2571 4767; x_wconf 88' lang='lat' dir='ltr'><strong>episcopus,</strong></span> <span class='ocrx_word' id='word_1_660' title='bbox 2601 4697 2656 4750; x_wconf 94' lang='lat' dir='ltr'><strong>in</strong></span> <span class='ocrx_word' id='word_1_661' title='bbox 2678 4695 2774 4749; x_wconf 85' lang='lat' dir='ltr'><strong>lib.</strong></span> <span class='ocrx_word' id='word_1_662' title='bbox 2803 4694 2861 4750; x_wconf 91' lang='lat' dir='ltr'><strong>S.</strong></span> <span class='ocrx_word' id='word_1_663' title='bbox 2891 4693 3082 4748; x_wconf 79' lang='lat' dir='ltr'><strong>Vitalis</strong></span> <span class='ocrx_word' id='word_1_664' title='bbox 3112 4691 3575 4763; x_wconf 89' lang='lat' dir='ltr'><strong>archipresbyteri</strong></span> <span class='ocrx_word' id='word_1_665' title='bbox 3605 4691 3718 4748; x_wconf 65' lang='lat' dir='ltr'><strong>&#39;l‘oo</strong></span> 
     </span>
    </p>
   </div>
   <div class='ocr_carea' id='block_1_90' title="bbox 2118 4785 3722 4861">
    <p class='ocr_par' dir='ltr' id='par_1_90' title="bbox 2118 4785 3722 4861">
     <span class='ocr_line' id='line_1_90' title="bbox 2118 4785 3722 4861; baseline -0.002 -15"><span class='ocrx_word' id='word_1_666' title='bbox 2118 4792 2300 4854; x_wconf 86' lang='lat' dir='ltr'><strong>letani,</strong></span> <span class='ocrx_word' id='word_1_667' title='bbox 2335 4799 2390 4844; x_wconf 90' lang='lat' dir='ltr'><strong>et</strong></span> <span class='ocrx_word' id='word_1_668' title='bbox 2419 4788 2678 4861; x_wconf 87' lang='lat' dir='ltr'><strong>martyris</strong></span> <span class='ocrx_word' id='word_1_669' title='bbox 2701 4828 2718 4855; x_wconf 93' lang='lat'><strong>,</strong></span> <span class='ocrx_word' id='word_1_670' title='bbox 2754 4795 2811 4843; x_wconf 88' lang='lat' dir='ltr'><strong>et</strong></span> <span class='ocrx_word' id='word_1_671' title='bbox 2849 4787 2904 4844; x_wconf 89' lang='lat' dir='ltr'><strong>in</strong></span> <span class='ocrx_word' id='word_1_672' title='bbox 2943 4802 3110 4857; x_wconf 91' lang='lat' dir='ltr'><strong>opere</strong></span> <span class='ocrx_word' id='word_1_673' title='bbox 3139 4799 3240 4840; x_wconf 91' lang='lat' dir='ltr'><strong>suo</strong></span> <span class='ocrx_word' id='word_1_674' title='bbox 3267 4785 3338 4841; x_wconf 91' lang='lat' dir='ltr'><strong>de</strong></span> <span class='ocrx_word' id='word_1_675' title='bbox 3369 4786 3722 4842; x_wconf 83' lang='lat' dir='ltr'><strong>veneratione</strong></span> 
     </span>
    </p>
   </div>
   <div class='ocr_carea' id='block_1_91' title="bbox 2120 4877 3720 4953">
    <p class='ocr_par' dir='ltr' id='par_1_91' title="bbox 2120 4877 3720 4953">
     <span class='ocr_line' id='line_1_91' title="bbox 2120 4877 3720 4953; baseline -0.002 -15"><span class='ocrx_word' id='word_1_676' title='bbox 2120 4881 2470 4953; x_wconf 87' lang='lat' dir='ltr'><strong>reliquiarum</strong></span> <span class='ocrx_word' id='word_1_677' title='bbox 2507 4897 2521 4936; x_wconf 93' lang='lat'><strong>:</strong></span> <span class='ocrx_word' id='word_1_678' title='bbox 2548 4880 2619 4936; x_wconf 77' lang='grc' dir='ltr'><strong>Β.</strong></span> <span class='ocrx_word' id='word_1_679' title='bbox 2652 4880 2978 4936; x_wconf 79' lang='lat' dir='ltr'><strong>Bertrandus</strong></span> <span class='ocrx_word' id='word_1_680' title='bbox 3008 4877 3218 4934; x_wconf 83' lang='lat' dir='ltr'><strong>Ladron</strong></span> <span class='ocrx_word' id='word_1_681' title='bbox 3260 4879 3323 4932; x_wconf 84' lang='lat' dir='ltr'><strong>de</strong></span> <span class='ocrx_word' id='word_1_682' title='bbox 3353 4879 3594 4933; x_wconf 82' lang='lat' dir='ltr'><strong>Gueuara</strong></span> <span class='ocrx_word' id='word_1_683' title='bbox 3632 4895 3720 4935; x_wconf 88' lang='lat' dir='ltr'><strong>ar-</strong></span> 
     </span>
    </p>
   </div>
   <div class='ocr_carea' id='block_1_92' title="bbox 2120 4973 3723 5047">
    <p class='ocr_par' dir='ltr' id='par_1_92' title="bbox 2120 4973 3723 5047">
     <span class='ocr_line' id='line_1_92' title="bbox 2120 4973 3723 5047; baseline -0.002 -15"><span class='ocrx_word' id='word_1_684' title='bbox 2120 4977 2502 5047; x_wconf 87' lang='lat' dir='ltr'><strong>chiepisc0ptts</strong></span> <span class='ocrx_word' id='word_1_685' title='bbox 2529 4976 3012 5046; x_wconf 83' lang='lat' dir='ltr'><strong>compostellanus,</strong></span> <span class='ocrx_word' id='word_1_686' title='bbox 3042 4976 3125 5030; x_wconf 85' lang='lat' dir='ltr'><strong>vir</strong></span> <span class='ocrx_word' id='word_1_687' title='bbox 3155 4983 3264 5028; x_wconf 90' lang='lat' dir='ltr'><strong>tota</strong></span> <span class='ocrx_word' id='word_1_688' title='bbox 3302 4973 3585 5043; x_wconf 81' lang='lat' dir='ltr'><strong>Hispania,</strong></span> <span class='ocrx_word' id='word_1_689' title='bbox 3614 4973 3723 5029; x_wconf 86' lang='lat' dir='ltr'><strong>lta-</strong></span> 
     </span>
    </p>
   </div>
   <div class='ocr_carea' id='block_1_93' title="bbox 2122 5065 3716 5140">
    <p class='ocr_par' dir='ltr' id='par_1_93' title="bbox 2122 5065 3716 5140">
     <span class='ocr_line' id='line_1_93' title="bbox 2122 5065 3716 5140; baseline -0.003 -16"><span class='ocrx_word' id='word_1_690' title='bbox 2122 5069 2304 5140; x_wconf 89' lang='lat' dir='ltr'><strong>liaque</strong></span> <span class='ocrx_word' id='word_1_691' title='bbox 2334 5069 2406 5122; x_wconf 90' lang='lat' dir='ltr'><strong>ob</strong></span> <span class='ocrx_word' id='word_1_692' title='bbox 2448 5066 2713 5137; x_wconf 89' lang='lat' dir='ltr'><strong>insignem</strong></span> <span class='ocrx_word' id='word_1_693' title='bbox 2758 5065 3121 5121; x_wconf 87' lang='lat' dir='ltr'><strong>eruditionem</strong></span> <span class='ocrx_word' id='word_1_694' title='bbox 3163 5067 3502 5130; x_wconf 88' lang='lat' dir='ltr'><strong>notissimus,</strong></span> <span class='ocrx_word' id='word_1_695' title='bbox 3534 5067 3588 5121; x_wconf 92' lang='lat' dir='ltr'><strong>in</strong></span> <span class='ocrx_word' id='word_1_696' title='bbox 3623 5066 3716 5120; x_wconf 92' lang='lat' dir='ltr'><strong>lib.</strong></span> 
     </span>
    </p>
   </div>
   <div class='ocr_carea' id='block_1_94' title="bbox 2121 5156 3722 5216">
    <p class='ocr_par' dir='ltr' id='par_1_94' title="bbox 2121 5156 3722 5216">
     <span class='ocr_line' id='line_1_94' title="bbox 2121 5156 3722 5216; baseline -0.002 -1"><span class='ocrx_word' id='word_1_697' title='bbox 2121 5161 2191 5216; x_wconf 84' lang='lat' dir='ltr'><strong>de</strong></span> <span class='ocrx_word' id='word_1_698' title='bbox 2235 5160 2482 5215; x_wconf 80' lang='lat' dir='ltr'><strong>Adventu</strong></span> <span class='ocrx_word' id='word_1_699' title='bbox 2531 5158 2591 5214; x_wconf 92' lang='lat' dir='ltr'><strong>S.</strong></span> <span class='ocrx_word' id='word_1_700' title='bbox 2635 5158 2823 5214; x_wconf 82' lang='lat' dir='ltr'><strong>Jacobi</strong></span> <span class='ocrx_word' id='word_1_701' title='bbox 2855 5174 2868 5211; x_wconf 88' lang='lat'><strong>:</strong></span> <span class='ocrx_word' id='word_1_702' title='bbox 2901 5157 2971 5212; x_wconf 80' lang='grc' dir='ltr'><strong>ι).</strong></span> <span class='ocrx_word' id='word_1_703' title='bbox 3011 5156 3328 5213; x_wconf 80' lang='lat' dir='ltr'><strong>Prudentius</strong></span> <span class='ocrx_word' id='word_1_704' title='bbox 3361 5158 3425 5214; x_wconf 86' lang='lat' dir='ltr'><strong>de</strong></span> <span class='ocrx_word' id='word_1_705' title='bbox 3455 5157 3722 5214; x_wconf 82' lang='lat' dir='ltr'><strong>Saudavnl</strong></span> 
     </span>
    </p>
   </div>
   <div class='ocr_carea' id='block_1_95' title="bbox 2123 5248 3721 5322">
    <p class='ocr_par' dir='ltr' id='par_1_95' title="bbox 2123 5248 3721 5322">
     <span class='ocr_line' id='line_1_95' title="bbox 2123 5248 3721 5322; baseline -0.001 -17"><span class='ocrx_word' id='word_1_706' title='bbox 2123 5253 2413 5322; x_wconf 88' lang='lat' dir='ltr'><strong>episcopus</strong></span> <span class='ocrx_word' id='word_1_707' title='bbox 2460 5249 2750 5315; x_wconf 87' lang='lat' dir='ltr'><strong>Tudensis,</strong></span> <span class='ocrx_word' id='word_1_708' title='bbox 2793 5259 2849 5304; x_wconf 91' lang='lat' dir='ltr'><strong>ct</strong></span> <span class='ocrx_word' id='word_1_709' title='bbox 2891 5248 3370 5319; x_wconf 81' lang='lat' dir='ltr'><strong>Pampilionensis,</strong></span> <span class='ocrx_word' id='word_1_710' title='bbox 3423 5265 3486 5307; x_wconf 91' lang='lat' dir='ltr'><strong>ac</strong></span> <span class='ocrx_word' id='word_1_711' title='bbox 3542 5251 3721 5321; x_wconf 83' lang='lat' dir='ltr'><strong>regius</strong></span> 
     </span>
    </p>
   </div>
   <div class='ocr_carea' id='block_1_96' title="bbox 2125 5342 3717 5414">
    <p class='ocr_par' dir='ltr' id='par_1_96' title="bbox 2125 5342 3717 5414">
     <span class='ocr_line' id='line_1_96' title="bbox 2125 5342 3717 5414; baseline -0.003 -14"><span class='ocrx_word' id='word_1_712' title='bbox 2125 5343 2620 5414; x_wconf 82' lang='lat' dir='ltr'><strong>historiographus,</strong></span> <span class='ocrx_word' id='word_1_713' title='bbox 2671 5343 2724 5397; x_wconf 91' lang='lat' dir='ltr'><strong>in</strong></span> <span class='ocrx_word' id='word_1_714' title='bbox 2765 5343 2858 5399; x_wconf 93' lang='lat' dir='ltr'><strong>lib.</strong></span> <span class='ocrx_word' id='word_1_715' title='bbox 2911 5344 3171 5400; x_wconf 62' lang='lat' dir='ltr'><strong>Ecclesia:</strong></span> <span class='ocrx_word' id='word_1_716' title='bbox 3215 5343 3505 5410; x_wconf 87' lang='lat' dir='ltr'><strong>Tudensis,</strong></span> <span class='ocrx_word' id='word_1_717' title='bbox 3552 5355 3607 5399; x_wconf 93' lang='lat' dir='ltr'><strong>et</strong></span> <span class='ocrx_word' id='word_1_718' title='bbox 3649 5342 3717 5396; x_wconf 87' lang='lat' dir='ltr'><strong>D.</strong></span> 
     </span>
    </p>
   </div>
   <div class='ocr_carea' id='block_1_97' title="bbox 2125 5434 3725 5508">
    <p class='ocr_par' dir='ltr' id='par_1_97' title="bbox 2125 5434 3725 5508">
     <span class='ocr_line' id='line_1_97' title="bbox 2125 5434 3725 5508; baseline -0.001 -18"><span class='ocrx_word' id='word_1_719' title='bbox 2125 5436 2341 5492; x_wconf 71' lang='lat' dir='ltr'><strong>Alexim</strong></span> <span class='ocrx_word' id='word_1_720' title='bbox 2369 5437 2432 5490; x_wconf 82' lang='lat' dir='ltr'><strong>de</strong></span> <span class='ocrx_word' id='word_1_721' title='bbox 2461 5434 2718 5490; x_wconf 79' lang='lat' dir='ltr'><strong>Menesses</strong></span> <span class='ocrx_word' id='word_1_722' title='bbox 2763 5436 3208 5508; x_wconf 84' lang='lat' dir='ltr'><strong>archiepiscOpus</strong></span> <span class='ocrx_word' id='word_1_723' title='bbox 3248 5436 3628 5500; x_wconf 85' lang='lat' dir='ltr'><strong>Bracatensis;</strong></span> <span class='ocrx_word' id='word_1_724' title='bbox 3669 5443 3725 5490; x_wconf 90' lang='lat' dir='ltr'><strong>et</strong></span> 
     </span>
    </p>
   </div>
   <div class='ocr_carea' id='block_1_98' title="bbox 2125 5526 3724 5599">
    <p class='ocr_par' dir='ltr' id='par_1_98' title="bbox 2125 5526 3724 5599">
     <span class='ocr_line' id='line_1_98' title="bbox 2125 5526 3724 5599; baseline -0.003 -16"><span class='ocrx_word' id='word_1_725' title='bbox 2125 5538 2249 5584; x_wconf 89' lang='lat' dir='ltr'><strong>ante</strong></span> <span class='ocrx_word' id='word_1_726' title='bbox 2277 5529 2451 5599; x_wconf 87' lang='lat' dir='ltr'><strong>ipsum</strong></span> <span class='ocrx_word' id='word_1_727' title='bbox 2483 5529 2544 5582; x_wconf 87' lang='lat' dir='ltr'><strong>D.</strong></span> <span class='ocrx_word' id='word_1_728' title='bbox 2573 5527 2912 5599; x_wconf 79' lang='lat' dir='ltr'><strong>AuguStinus</strong></span> <span class='ocrx_word' id='word_1_729' title='bbox 2932 5527 3002 5583; x_wconf 88' lang='lat' dir='ltr'><strong>de</strong></span> <span class='ocrx_word' id='word_1_730' title='bbox 3029 5528 3155 5583; x_wconf 83' lang='lat' dir='ltr'><strong>Jesu</strong></span> <span class='ocrx_word' id='word_1_731' title='bbox 3187 5527 3431 5597; x_wconf 89' lang='lat' dir='ltr'><strong>ejusdem</strong></span> <span class='ocrx_word' id='word_1_732' title='bbox 3459 5526 3606 5582; x_wconf 89' lang='lat' dir='ltr'><strong>sedis</strong></span> <span class='ocrx_word' id='word_1_733' title='bbox 3625 5541 3724 5578; x_wconf 89' lang='lat' dir='ltr'><strong>an-</strong></span> 
     </span>
    </p>
   </div>
   <div class='ocr_carea' id='block_1_99' title="bbox 2128 5615 3722 5690">
    <p class='ocr_par' dir='ltr' id='par_1_99' title="bbox 2128 5615 3722 5690">
     <span class='ocr_line' id='line_1_99' title="bbox 2128 5615 3722 5690; baseline -0.001 -17"><span class='ocrx_word' id='word_1_734' title='bbox 2128 5620 2303 5688; x_wconf 89' lang='lat' dir='ltr'><strong>tistes,</strong></span> <span class='ocrx_word' id='word_1_735' title='bbox 2356 5621 2450 5690; x_wconf 89' lang='lat' dir='ltr'><strong>qui</strong></span> <span class='ocrx_word' id='word_1_736' title='bbox 2497 5634 2558 5674; x_wconf 89' lang='lat' dir='ltr'><strong>ea</strong></span> <span class='ocrx_word' id='word_1_737' title='bbox 2587 5635 2710 5690; x_wconf 67' lang='lat' dir='ltr'><strong>qua:</strong></span> <span class='ocrx_word' id='word_1_738' title='bbox 2751 5620 2803 5674; x_wconf 91' lang='lat' dir='ltr'><strong>in</strong></span> <span class='ocrx_word' id='word_1_739' title='bbox 2852 5619 2936 5674; x_wconf 91' lang='lat' dir='ltr'><strong>his</strong></span> <span class='ocrx_word' id='word_1_740' title='bbox 2962 5618 3250 5673; x_wconf 86' lang='lat' dir='ltr'><strong>Chronicis</strong></span> <span class='ocrx_word' id='word_1_741' title='bbox 3289 5618 3355 5672; x_wconf 91' lang='lat' dir='ltr'><strong>ad</strong></span> <span class='ocrx_word' id='word_1_742' title='bbox 3379 5615 3722 5684; x_wconf 88' lang='lat' dir='ltr'><strong>metropolim</strong></span> 
     </span>
    </p>
   </div>
   <div class='ocr_carea' id='block_1_100' title="bbox 2127 5708 3722 5785">
    <p class='ocr_par' dir='ltr' id='par_1_100' title="bbox 2127 5708 3722 5785">
     <span class='ocr_line' id='line_1_100' title="bbox 2127 5708 3722 5785; baseline -0.001 -16"><span class='ocrx_word' id='word_1_743' title='bbox 2127 5730 2278 5770; x_wconf 86' lang='lat' dir='ltr'><strong>suam</strong></span> <span class='ocrx_word' id='word_1_744' title='bbox 2310 5715 2684 5785; x_wconf 88' lang='lat' dir='ltr'><strong>spectantibus</strong></span> <span class='ocrx_word' id='word_1_745' title='bbox 2715 5721 3066 5776; x_wconf 87' lang='lat' dir='ltr'><strong>annotantur,</strong></span> <span class='ocrx_word' id='word_1_746' title='bbox 3112 5711 3230 5780; x_wconf 89' lang='lat' dir='ltr'><strong>ipse</strong></span> <span class='ocrx_word' id='word_1_747' title='bbox 3268 5712 3322 5765; x_wconf 93' lang='lat' dir='ltr'><strong>in</strong></span> <span class='ocrx_word' id='word_1_748' title='bbox 3353 5708 3594 5765; x_wconf 84' lang='lat' dir='ltr'><strong>archivis</strong></span> <span class='ocrx_word' id='word_1_749' title='bbox 3632 5727 3722 5767; x_wconf 85' lang='lat' dir='ltr'><strong>ar-</strong></span> 
     </span>
    </p>
   </div>
   <div class='ocr_carea' id='block_1_101' title="bbox 2125 5799 3723 5876">
    <p class='ocr_par' dir='ltr' id='par_1_101' title="bbox 2125 5799 3723 5876">
     <span class='ocr_line' id='line_1_101' title="bbox 2125 5799 3723 5876; baseline -0.004 -16"><span class='ocrx_word' id='word_1_750' title='bbox 2125 5805 2623 5876; x_wconf 87' lang='lat' dir='ltr'><strong>chiepiscopalibus</strong></span> <span class='ocrx_word' id='word_1_751' title='bbox 2644 5805 2870 5860; x_wconf 88' lang='lat' dir='ltr'><strong>seorsim</strong></span> <span class='ocrx_word' id='word_1_752' title='bbox 2897 5801 3162 5859; x_wconf 86' lang='lat' dir='ltr'><strong>asservari</strong></span> <span class='ocrx_word' id='word_1_753' title='bbox 3190 5800 3337 5866; x_wconf 83' lang='lat' dir='ltr'><strong>fecit,</strong></span> <span class='ocrx_word' id='word_1_754' title='bbox 3362 5799 3560 5870; x_wconf 87' lang='lat' dir='ltr'><strong>quibus</strong></span> <span class='ocrx_word' id='word_1_755' title='bbox 3587 5802 3723 5857; x_wconf 88' lang='lat' dir='ltr'><strong>alios</strong></span> 
     </span>
    </p>
   </div>
   <div class='ocr_carea' id='block_1_102' title="bbox 2127 5890 3721 5967">
    <p class='ocr_par' dir='ltr' id='par_1_102' title="bbox 2127 5890 3721 5967">
     <span class='ocr_line' id='line_1_102' title="bbox 2127 5890 3721 5967; baseline -0.004 -12"><span class='ocrx_word' id='word_1_756' title='bbox 2127 5897 2442 5956; x_wconf 88' lang='lat' dir='ltr'><strong>innumeros</strong></span> <span class='ocrx_word' id='word_1_757' title='bbox 2473 5897 2672 5954; x_wconf 87' lang='lat' dir='ltr'><strong>addere</strong></span> <span class='ocrx_word' id='word_1_758' title='bbox 2701 5911 2943 5967; x_wconf 71' lang='lat' dir='ltr'><strong>pOeSClD,</strong></span> <span class='ocrx_word' id='word_1_759' title='bbox 2988 5907 3217 5966; x_wconf 86' lang='lat' dir='ltr'><strong>quorum</strong></span> <span class='ocrx_word' id='word_1_760' title='bbox 3249 5890 3510 5962; x_wconf 80' lang='lat' dir='ltr'><strong>judicium</strong></span> <span class='ocrx_word' id='word_1_761' title='bbox 3541 5893 3721 5965; x_wconf 72' lang='lat' dir='ltr'><strong>magni</strong></span> 
     </span>
    </p>
   </div>
  </div>
