4166 6178
441 315 510 369 27
1357 313 1654 372 FLAVIUS
1695 315 1941 373 LUCIUS
1981 313 2263 373 DEXTER
2301 319 2830 378 CllBONOLOGUS.
3679 320 3752 378 28

449 426 832 499 proculdubio
867 426 1120 499 ponderis
1143 441 1262 482 esse
1304 427 1504 502 publici
1549 424 1788 500 ipsorum
1821 437 1973 484 actus
2004 436 2057 484 et
2083 429 2136 491 Α
2166 431 2334 488 Mora.
2386 434 2450 489 Ut
2486 435 2700 488 interim
2747 436 2936 490 sileam
2979 433 3312 490 f’arrarenos
3353 449 3458 488 non
3499 433 3671 488 solum
3705 436 3758 490 in

447 520 647 590 scripta
679 529 968 574 testantur.

525 610 896 689 §ttbdttltitant
939 609 1296 665 nihilominus
1331 593 1596 677 nonnulli,
1637 625 1704 666 eo
1732 608 1875 681 quod
1915 611 2048 668 nihil

445 704 514 758 de
546 703 631 759 his
661 703 952 759 Chroiiicis
985 703 1226 757 auditum
1261 703 1524 758 hactenus
1556 714 1700 758 esset
1747 706 1801 758 itt
1853 705 2048 774 Hispao

447 799 560 864 nia,
595 807 649 852 et
674 813 700 851 a
735 798 955 854 nemine
985 798 1331 867 antiquorum
1361 796 1682 863 citarentur,
1712 813 1834 852 cmn
1869 807 2050 852 tamen

451 891 584 948 inibi
616 892 800 962 potius
827 905 987 962 quam
1011 891 1064 946 in
1095 889 1412 964 Germania,
1440 890 1634 946 aliisve
1661 892 1904 962 externis
1929 907 2050 962 pro-

446 983 661 1051 vinciis,
699 993 887 1052 utpote
937 983 989 1038 itt
1023 997 1086 1037 ea
1135 984 1358 1052 scripta,
1405 993 1459 1037 et
1495 984 1796 1045 elaborata,
1845 983 2050 1040 servari

449 1074 788 1139 debuissent,
813 1084 868 1127 et
895 1074 962 1127 ab
984 1073 1216 1128 eruditis
1242 1074 1500 1141 llispanis
1530 1076 1658 1145 legi,
1683 1085 1736 1136 et
1764 1075 2048 1145 publicari.

449 1165 556 1221 Sed
591 1167 788 1222 vellem
842 1181 965 1237 ego,
1006 1174 1066 1220 ut
1103 1167 1227 1220 aliis
1275 1167 1459 1223 multis
1505 1170 1866 1239 Hispanorum
1913 1172 2051 1225 anti-

451 1273 683 1328 quorum
717 1257 873 1314 libris
903 1259 1022 1314 haec
1052 1259 1169 1329 ipsa
1197 1259 1527 1327 objiccreut,
1555 1262 1644 1330 qui
1676 1263 1828 1316 estr‘a
1863 1249 2056 1328 llispa-

451 1351 595 1403 uiam
629 1350 1012 1421 inreuti'typis
1039 1349 1148 1404 dati
1180 1360 1306 1405 sunt
1346 1351 1399 1405 iu
1429 1351 1758 1407 bibliotheca
1798 1353 1914 1409 Vet.
1949 1353 2051 1408 PP.

453 1441 536 1498 Sit
560 1441 613 1496 in
637 1442 941 1512 exemplum
973 1441 1288 1498 Chronicon
1322 1443 1498 1508 ldatii,
1523 1444 1666 1515 quod
1699 1446 1766 1498 ah
1801 1445 2055 1515 lliSpania

457 1534 710 1602 perierat,
757 1542 813 1589 et
860 1546 1042 1588 tamen
1079 1534 1149 1590 ab
1191 1535 1424 1590 Ilcnrico
1465 1534 1684 1591 Cattisio
1725 1538 1957 1607 primum
2003 1538 2055 1591 in

457 1626 749 1681 Germania
781 1625 1083 1690 inventum,
1121 1640 1383 1679 excusum
1417 1626 1536 1687 fuit,
1569 1626 1767 1680 deinde
1797 1628 1850 1681 in
1883 1628 2058 1682 Gallia

451 1736 480 1773 a
506 1719 747 1788 Joscpho
775 1719 1081 1785 Scaligero,
1115 1717 1331 1772 demum
1365 1718 1588 1772 Parisiis
1617 1721 1786 1774 multo
1813 1721 2050 1789 locuple-

2152 522 2515 592 Christianus,
2545 527 2638 582 sed
2672 529 2722 580 in
2756 542 2948 582 eorum
2983 528 3146 581 etiam
3181 527 3349 582 libros
3383 528 3616 604 movisse
3640 545 3760 597 pcr-

2155 618 2511 685 secutioncm,
2545 619 2684 688 quod
2717 620 2770 670 ς.
2817 619 3070 689 Eulogius
3109 620 3298 674 scribit
3334 620 3387 673 iu
3424 619 3756 687 Memoriali,

2153 726 2261 778 qtto
2293 720 2534 780 tempore
2566 712 2732 765 lihros
2764 728 2953 765 omnes
2983 711 3229 781 oportuit
3261 710 3349 768 vel
3388 710 3754 778 abscondere,

2155 803 2238 858 rel
2271 802 2416 857 foras
2445 805 2657 858 mittere
2690 825 2702 860 :
2735 813 2788 858 et
2821 803 3046 868 dubium
3080 818 3186 858 non
3219 811 3304 866 est
3340 803 3546 859 multos
3578 818 3762 874 perre-

2154 895 2392 950 cutionis
2420 895 2572 968 rabie.
2603 898 2854 966 periisse.

2221 988 2405 1058 Longe
2431 989 2593 1042 etiam
2619 1004 2646 1042 a
2666 1003 2794 1044 vero
2809 990 3088 1051 aberrant,
3115 987 3208 1058 qui
3231 987 3566 1057 existimant,
3593 1003 3763 1061 usque

2155 1077 2223 1136 ad
2254 1095 2455 1135 annum
2487 1080 2768 1150 praefatum
2805 1081 2964 1147 1594,
3003 1097 3110 1151 quo
3138 1081 3198 1137 P.
3237 1081 3504 1137 Torralba
3538 1098 3660 1138 eum
3708 1084 3761 1139 in

2157 1171 2441 1239 llispauias
2475 1171 2640 1237 misit,
2682 1189 2978 1243 numquam
3013 1173 3080 1228 ab
3110 1173 3291 1244 aliquo
3331 1175 3630 1245 Cognitum,
3673 1183 3765 1230 aut.

2157 1264 2350 1320 lectum
2388 1265 2556 1320 fuisse
2587 1265 2876 1324 Dextrum:
2916 1265 3133 1331 quando
3160 1266 3376 1335 quidem
3414 1281 3604 1336 regum
3645 1267 3762 1323 Go-

2161 1357 2376 1411 Ihm-um
2405 1358 2741 1426 temporibus
2791 1375 2818 1411 a
2873 1359 2941 1413 M.
2999 1358 3231 1413 Maximo
3276 1358 3767 1429 Cmsaraugustano
3855 1395 3868 1399 -

2159 1451 2414 1522 episcopo
2445 1451 2777 1506 Chroniettm
2827 1452 2999 1522 ipsum
3047 1453 3421 1507 cotttinuatum
3469 1461 3554 1507 est
3595 1470 3766 1521 usque

2160 1541 2224 1593 ad
2259 1557 2458 1595 annum
2507 1542 2717 1596 Domini
2759 1542 2884 1597 illi.
2918 1542 3072 1610 Quod
3114 1545 3157 1596 si
3199 1545 3256 1596 S.
3309 1543 3548 1598 Isidorus
3595 1543 3766 1600 solius

2163 1633 2378 1686 Maximi
2413 1633 2654 1687 meminit
2687 1633 2738 1685 iu
2771 1633 2867 1689 lib.
2897 1634 3096 1703 Script.
3131 1635 3342 1689 Ecclcs.
3376 1648 3472 1690 seu
3506 1635 3758 1691 Virorqu

2165 1722 2475 1785 illustrium,
2515 1732 2567 1777 et
2612 1738 2718 1776 non
2761 1724 2965 1786 Dextri,
2999 1723 3201 1779 idcirco
3250 1724 3368 1790 fuit,
3403 1727 3526 1794 quia
3570 1727 3769 1780 Dexter

453 1811 562 1867 tius
587 1825 616 1864 a
646 1809 709 1865 P.
750 1807 960 1866 Jacobo
986 1809 1280 1864 Sirmondo
1306 1812 1584 1866 societatis
1634 1811 1782 1867 Jesu.
1823 1812 2064 1868 Notarim
2099 1811 2144 1872 Β
2173 1825 2286 1869 erat
2311 1814 2422 1884 jam
2463 1815 2638 1870 eidem
2681 1817 2930 1886 catalogo
2967 1832 2995 1870 a
3037 1818 3096 1872 ί).
3137 1817 3466 1890 lllernnymo
3508 1820 3766 1888 insertus,

457 1905 635 1959 obiter
666 1903 719 1959 iu
751 1903 854 1957 hoc
881 1913 1125 1968 auctore,
1156 1903 1298 1970 quod
1325 1911 1382 1956 ut
1413 1903 1570 1958 tidem
1601 1905 1774 1959 codici
1806 1921 1904 1959 suo
1934 1921 2063 1960 con-

455 1996 692 2059 ciliaret,
719 1995 976 2052 sufﬁt-ere
1000 1995 1249 2060 credidit,
1283 1997 1466 2052 dicere
1495 2015 1510 2053 :
1537 1997 1718 2070 Nuper
1754 1999 1930 2055 Romw
1958 2002 2071 2055 rul-

457 2091 572 2162 gari
613 2100 833 2156 coeptum
874 2098 974 2157 est,
1025 2106 1088 2143 ea:
1129 2090 1343 2158 an'iquo
1381 2090 1612 2145 uidelicet
1659 2093 1834 2146 codice
1872 2103 2068 2163 nostra,

457 2199 607 2254 quem
650 2183 738 2250 qui
767 2181 1060 2236 Romanam
1101 2182 1379 2235 editionem
1417 2182 1639 2245 rurarit,
1679 2184 1802 2250 quia
1845 2182 2072 2238 Parisiis

461 2292 569 2329 csse
610 2275 869 2341 audierat,
909 2274 1262 2330 Parisiensem
1307 2275 1620 2346 appellauit;
1659 2292 1752 2331 nos
1794 2275 2071 2332 Hetensem

461 2367 636 2438 potius
663 2368 857 2420 dicturi
884 2383 1113 2430 eramus,
1139 2368 1279 2438 quod
1304 2366 1459 2422 Melie
1489 2369 1610 2422 aliut
1639 2371 1953 2437 exscriptum
1985 2386 2072 2424 ar-

459 2461 740 2524 bitramur;
766 2459 888 2516 inde
910 2470 1045 2515 certe
1066 2461 1134 2514 ad
1164 2479 1255 2514 nos
1279 2478 1341 2514 ea:
1361 2463 1673 2514 monasterio
1701 2479 1804 2515 non
1831 2462 2066 2532 ignobili,

461 2570 555 2608 nec
609 2554 823 2608 obscuro
858 2555 1162 2621 pervenerit.
1195 2556 1412 2620 Quanto
1444 2553 1660 2622 majori,
1707 2569 1922 2623 qua-so,
1969 2570 2070 2606 au-

462 2645 711 2701 eloritate
737 2645 918 2699 Dextri
942 2643 1251 2699 Chronicon
1271 2645 1552 2712 cvulgatur
1571 2687 1584 2708 ,
1605 2644 1748 2714 quod
1767 2661 1872 2698 non
1891 2647 2067 2699 solum

465 2754 530 2795 ex
557 2739 768 2799 codice,
807 2739 961 2803 urbe,
990 2748 1043 2792 et
1069 2739 1322 2793 cmttobio
1351 2754 1458 2792 non
1489 2737 1745 2802 obscuro,
1783 2753 1883 2791 nec
1914 2738 2066 2806 igno-

465 2832 561 2887 bili
589 2832 922 2902 exscriptum
943 2832 1297 2899 arbitramur,
1320 2833 1414 2886 sed
1440 2832 1508 2886 de
1538 2833 1621 2886 his
1639 2833 1894 2886 omnibus
1921 2841 2070 2887 certa

465 2925 706 2986 nomina,
739 2932 795 2978 et
838 2923 1095 2992 probatos
1135 2934 1303 2978 teStcs
1346 2923 1690 2990 praebemus?
1731 2923 1932 2977 Verum
1978 2923 2067 2993 (ad

467 3015 605 3084 rem)
637 3013 779 3084 quod
809 3014 862 3069 in
891 3014 1148 3082 Hispania
1177 3012 1445 3068 Chronica
1491 3015 1591 3068 i~ta
1641 3013 1802 3068 modo
1835 3031 1941 3068 non
1986 3029 2070 3070 re-

467 3108 772 3178 periantur,
827 3123 1017 3180 parum
1070 3107 1255 3172 rel‘t-rt,
1311 3124 1435 3163 cum
1481 3108 1850 3165 Sarracenica:
1897 3109 2068 3163 cladis

2174 1907 2438 1962 Maximus
2483 1922 2612 1964 vero
2651 1924 2755 1961 non
2787 1916 2927 1963 erat.
2975 1909 3181 1963 llursus
3228 1923 3474 1978 tempore
3512 1910 3771 1968 Sarrat-co

2171 1999 2303 2052 nica:
2333 1998 2502 2053 cladis
2533 1999 2596 2052 ad
2629 2016 2828 2054 annum
2871 2000 3082 2055 Domini
3115 2001 3222 2057 960
3257 2004 3451 2056 ἰιντιιιιι
3487 2004 3774 2057 continua-

2174 2100 2284 2146 tum
2313 2103 2398 2146 est
2425 2094 2492 2144 ah
2525 2092 2841 2147 Euthrando
2865 2092 3200 2147 snbdiacnuo
3223 2094 3504 2156 Toletano,
3535 2096 3692 2163 cujus
3720 2108 3774 2149 ct

2174 2183 2388 2238 Maximi
2419 2183 2677 2253 opuscula
2711 2183 2874 2238 simul
2904 2198 3028 2238 cum
3064 2185 3266 2239 Dextro
3295 2200 3358 2239 ex
3394 2186 3648 2240 Fttldettsi
3681 2204 3774 2242 Cu-

2171 2273 2289 2328 dice
2317 2274 2588 2342 exseripta
2621 2273 2790 2335 fuere,
2822 2284 2874 2328 et
2904 2276 3063 2329 missa
3099 2277 3152 2329 in
3182 2275 3527 2345 Hispaniam:
3558 2278 3772 2332 tametsi

2174 2366 2522 2422 Euthrandus
2552 2367 2732 2420 adhuc
2775 2382 3011 2422 excusas
3054 2383 3157 2420 ttou
3191 2369 3282 2432 sit,
3325 2369 3448 2439 quia
3478 2370 3542 2422 ad
3578 2386 3773 2424 manus

2172 2460 2238 2515 Β.
2276 2460 2333 2514 Ρ.
2359 2458 2584 2514 Joannis
2611 2458 2879 2513 Cahlet‘nu
2907 2459 3305 2529 promulgantis
3347 2463 3773 2532 Uwsaranguste

2172 2561 2390 2613 t-aetet'a,
2423 2565 2528 2605 non
2565 2561 2911 2622 pervenerat.
2947 2553 3018 2606 At
3058 2551 3128 2606 de
3159 2551 3243 2606 Itis
3269 2567 3425 2622 atque
3457 2551 3640 2608 forsan
3671 2553 3768 2607 al:-

2170 2646 2292 2712 qnis
2322 2645 2498 2698 adhuc
2529 2644 2771 2699 dubitat?
2804 2643 2981 2697 habeo
3010 2643 3271 2698 viciniora
3317 2645 3625 2698 testimonia
3653 2663 3774 2715 qua:

2172 2736 2313 2791 idem
2366 2737 2710 2790 tonviucant.
2761 2735 3125 2789 Conimbricu:
3171 2735 3224 2788 itt
3272 2733 3598 2789 bibliotheca
3640 2736 3771 2804 I‘t'gii

2171 2840 2475 2885 conventus
2514 2831 2570 2886 S.
2616 2827 2810 2885 Crucis
2857 2829 3065 2884 ordinis
3108 2830 3505 2884 Canonicornm
3556 2837 3770 2900 regula-

2173 2923 2309 2976 l'lttln
2340 2921 2399 2976 S.
2432 2921 2737 2991 Augustini,
2771 2922 2823 2974 in
2865 2920 3065 2975 Codice
3096 2929 3412 2991 pervetusto
3443 2922 3774 2977 characteri-

2172 3013 2270 3068 bus
2300 3014 2548 3068 Guthicis
2577 3023 2798 3068 exarata
2822 3012 2872 3066 in
2905 3015 3247 3078 membrana,
3279 3013 3588 3070 Chronicon
3613 3017 3766 3072 Sam-

2173 3106 2272 3174 piri
2308 3107 2667 3162 Asturicensis
2710 3103 2949 3173 episc0pi
2983 3106 3320 3172 continente,
3353 3107 3506 3160 ath-st
3547 3108 3772 3176 cpistola

467 3209 710 3271 tempore
733 3210 1068 3270 compertum
1093 3202 1184 3266 sit,
1209 3200 1714 3256 Catltolicoslihrm
1737 3215 1867 3256 suos
1888 3202 1937 3255 in
1959 3201 2062 3255 alia
2094 3184 2140 3246 C
2173 3198 2411 3269 [lagonis
2445 3199 2682 3268 episcopi
2728 3197 2795 3252 de
2828 3198 3023 3263 Portu,
3067 3198 3226 3253 unius
3253 3216 3319 3254 ex
3349 3201 3662 3256 auctoribus
3695 3203 3775 3252 hi-

468 3293 817 3347 transtulisse
847 3293 990 3359 loca,
1023 3308 1132 3361 quo
1163 3307 1352 3348 secura
1383 3309 1413 3344 ει
1445 3293 1726 3347 barbarica
1755 3293 1902 3346 rahie
1941 3293 2066 3346 red-

467 3381 750 3447 derentur,
790 3397 857 3434 eo
899 3397 1032 3436 sane
1062 3382 1224 3434 modo
1254 3397 1358 3451 quo
1404 3381 1471 3436 de
1503 3381 1561 3438 S.
1596 3381 1810 3436 Donato
1843 3382 2066 3452 legimus

465 3476 606 3543 apud
648 3473 978 3529 lldefousntn
1020 3475 1114 3528 lib.
1148 3473 1217 3529 de
1258 3475 1626 3544 Scriptoribus
1669 3473 1879 3528 Ecclus.
1935 3487 2067 3529 tem-

468 3585 604 3640 porc
635 3567 1028 3637 persecutionis
1056 3567 1394 3622 Waudalica:
1423 3569 1476 3621 in
1505 3567 1814 3636 Hispaniam
1846 3569 2064 3622 multam

467 3661 729 3718 librorum
757 3660 1157 3729 supellcctilem
1182 3659 1400 3728 navigio
1429 3659 1729 3727 impositam
1753 3657 2065 3713 adduxisse.

467 3753 560 3809 Sic
589 3763 640 3807 et
672 3753 842 3808 codex
885 3763 1072 3806 noster
1100 3751 1166 3806 ad
1206 3750 1520 3807 Getmauiuc
1560 3763 1739 3820 partes
1777 3766 1900 3804 cum
1948 3750 2066 3804 aliis

469 3849 623 3903 libris
655 3848 945 3902 translatus
974 3847 1067 3900 l‘nit
1098 3863 1111 3902 :
1141 3846 1368 3918 ejusque
1399 3845 1475 3900 t'ci
1507 3845 1670 3901 simul
1699 3859 1818 3897 cum
1847 3844 1965 3916 ipso
1988 3844 2069 3898 iu-

469 3946 688 3993 ventum
717 3947 799 3992 est
827 3938 1170 4006 perspicuum
1203 3936 1599 3998 testiinonium,
1624 3935 1856 4001 cpiS'ola
1876 3936 2070 3990 videli-

469 4041 553 4086 cet
583 4030 885 4085 Euthrandi
910 4029 974 4083 ad
1004 4029 1401 4100 Regimttndum
1426 4030 1823 4084 Iliberritanum
1855 4028 2068 4097 episco-

471 4139 620 4193 pum,
650 4122 721 4178 ad
759 4124 917 4189 cujus
947 4123 1148 4178 calcem
1185 4122 1301 4176 lucc
1343 4122 1529 4176 srrihit
1579 4141 1589 4174 ε
1622 4120 1872 4176 Gratulor
1918 4123 2065 4187 milii,

467 4213 604 4284 quod
638 4230 756 4268 cum
793 4212 1000 4276 Toleto,
1049 4215 1135 4269 ubi
1165 4215 1256 4269 sub
1292 4215 1623 4268 sanctissimo
1666 4217 1887 4284 pra’sule
1922 4215 2072 4270 Tole-

469 4315 590 4360 tano
635 4303 828 4359 Bonito
856 4305 1198 4360 subdiaconus
1231 4307 1329 4376 fui,
1378 4309 1432 4360 in
1466 4305 1679 4359 italiam
1717 4307 2072 4376 proficiscerer

470 4397 550 4464 (id
587 4397 788 4452 accidit
833 4397 974 4453 circa
1009 4414 1210 4452 annum
1259 4399 1470 4453 Domini
1502 4399 1630 4465 940,
1681 4414 1788 4468 quo
1828 4409 2070 4470 tempore

471 4490 931 4561 ntajorHispania:
953 4507 1080 4562 pars
1108 4491 1209 4546 sub
1233 4494 1606 4563 Agarcnorum
1632 4492 1755 4563 iugo
1776 4493 2066 4563 gezucbat),

2169 3293 2351 3348 storias
2394 3291 2868 3362 Compostellame,
2927 3293 3126 3362 scripta
3174 3293 3240 3346 ad
3281 3293 3592 3348 Mauricinm
3647 3294 3773 3348 Bra-

2170 3401 2456 3439 carenscm
2511 3385 2849 3451 episcopum,
2902 3384 2952 3436 in
3003 3400 3104 3451 qua
3157 3385 3413 3449 allirmat,
3468 3384 3773 3441 ChrouiCon

2175 3476 2357 3531 Dextri
2387 3477 2451 3530 ad
2482 3478 2734 3532 Orosium
2775 3480 3063 3545 scriptum,
3094 3495 3214 3531 cum
3248 3479 3462 3532 Maximi
3494 3479 3712 3534 euutinu
3734 3500 3775 3534 :-

2171 3569 2336 3636 tiouc,
2363 3583 2483 3622 esse
2511 3569 2650 3637 apud
2678 3584 2758 3632 se,
2793 3571 2846 3623 in
2875 3569 3065 3624 codice
3094 3585 3193 3622 ms.
3225 3571 3278 3623 in
3309 3572 3620 3624 membrana
3652 3587 3773 3639 pt-r-

2169 3671 2380 3714 vetu~to
2402 3677 2415 3717 ς
2441 3671 2487 3714 «οι
2520 3678 2552 3730 q
2577 3660 2766 3715 urdam
2790 3661 2951 3716 verba
2979 3661 3048 3716 de
3077 3661 3262 3716 Dextri
3295 3662 3568 3718 Chronico
3599 3665 3773 3717 addu-

2170 3754 2241 3807 cit
2273 3769 2286 3804 :
2317 3753 2388 3807 ait
2421 3754 2682 3823 siquidem
2724 3754 2865 3808 inter
2895 3765 3009 3808 θίιτῐ·
3037 3771 3092 3807 ra
3127 3772 3138 3806 :
3172 3753 3245 3808 De
3285 3756 3449 3826 prima
3480 3756 3672 3823 legatio
3703 3757 3771 3808 utl

2172 3846 2455 3918 Hispanias
2485 3864 2516 3898 a
2554 3846 2612 3898 li.
2639 3845 2896 3902 Clemente
2921 3847 3092 3905 missa,
3123 3847 3196 3900 sic
3232 3844 3439 3911 Dexter,
3471 3845 3686 3900 Paciani
3707 3848 3774 3916 ft-

2171 3942 2290 4004 lins,
2315 3941 2369 3994 in
2392 3939 2611 3993 historia
2632 3940 2700 3993 ad
2726 3939 2989 4004 Orosinm,
3010 3941 3062 3991 in
3089 3939 3264 3991 eodem
3287 3938 3476 3993 Codice
3497 3940 3608 4009 (qui
3631 3939 3771 4004 apud

2173 4049 2250 4087 me
2301 4033 2398 4100 est)
2445 4033 2756 4097 descriptum
2810 4033 3033 4087 invenio.
3095 4031 3374 4104 Philippus
3439 4044 3772 4102 cognomento

2176 4122 2502 4189 I’Itilmheus,
2534 4125 2623 4194 qui
2645 4125 2784 4192 prius
2809 4140 3023 4193 corpora
3047 4142 3115 4177 ss.
3143 4135 3423 4194 martyrum
3459 4123 3692 4178 Cervas'i
3727 4135 3773 4178 ct

2172 4216 2435 4271 Prothasii
2454 4216 2636 4269 civium
2658 4231 2870 4269 suorum
2889 4214 2942 4268 Μ
2946 4216 3367 4281 ι’(ϋοςάηρηςὶιιηι,
3395 4215 3682 4270 Mediolani
3702 4233 3776 4270 H3-

2172 4307 2432 4378 pelierat;
2481 4322 2853 4376 conversusque
2896 4307 2948 4358 in
2991 4322 3172 4374 campo
3229 4304 3584 4361 Laminitaneo
3625 4323 3656 4358 a
3707 4305 3770 4360 Β.

2174 4397 2346 4453 Paulo
2366 4398 2619 4470 apostolo,
2653 4395 2804 4450 illum
2828 4407 3029 4450 secutus
3058 4396 3276 4450 adltmsil
3299 4397 3548 4450 Clementi
3572 4412 3588 4448 :
3618 4413 3648 4448 a
3673 4412 3772 4465 quo

2178 4488 2400 4561 Legatus
2430 4493 2616 4542 missus
2653 4488 2706 4540 in
2746 4485 3051 4557 Hispanias,
3099 4486 3468 4550 Barchinonar,
3504 4487 3774 4542 Cresa-au-

469 4582 675 4653 aliquos
700 4582 930 4636 historia:
955 4581 1114 4636 libros
1139 4599 1334 4637 mecum
1362 4587 1651 4648 asportari,
1676 4601 1807 4654 quos
1827 4595 1874 4639 et
1896 4585 1949 4638 in
1975 4584 2073 4638 hac
2099 4567 2150 4627 Ῑ)
2176 4593 2360 4654 gustia,
2396 4579 2665 4644 Valentia',
2698 4579 2886 4645 Toleti,
2927 4579 3154 4648 Hispali,
3183 4585 3231 4632 et
3261 4579 3313 4632 in
3343 4577 3519 4632 multis
3545 4580 3663 4634 aliis
3689 4596 3776 4631 ur-

473 4672 781 4728 bibliotltecn
825 4675 988 4747 reperi
1034 4674 1302 4746 (loquitur
1352 4675 1419 4732 de
1471 4675 1750 4743 Fultlensi)
1786 4680 1963 4749 jussu,
2014 4688 2070 4732 ut

474 4766 650 4833 credo,
694 4765 756 4820 S.
785 4765 960 4820 Caroli
999 4765 1181 4838 Magni
1209 4784 1274 4822 ea;
1303 4768 1563 4838 Hispania
1593 4768 1800 4832 allatas,
1837 4786 1967 4839 quos
1993 4769 2075 4825 illi

474 4857 726 4912 obtulerat
757 4856 1120 4913 sanctissimus
1148 4857 1442 4925 Elipandus
1472 4859 1893 4930 archiepiscopus
1925 4858 2074 4914 Tole-

473 4957 648 5003 tanus.
676 4946 825 5003 Idem
856 4947 1042 5004 scribit
1069 4947 1318 5004 Julianus
1348 4949 1490 5004 Petri
1525 4949 1578 5004 in
1615 4949 1842 5018 epistola
1873 4951 1938 5004 ad
1978 4951 2074 5007 ab-

470 5037 652 5095 batem
684 5037 1018 5094 Fuldensetn
1066 5059 1077 5094 :
1109 5042 1272 5096 Allati
1299 5041 1425 5112 (ait)
1455 5050 1575 5096 sunt
1602 5041 1754 5095 multi
1790 5041 1910 5095 hinc
1935 5042 2070 5110 (To-

468 5127 609 5198 leto)
638 5130 708 5182 ad
748 5145 834 5184 vos
865 5131 1013 5194 libri,
1059 5148 1150 5201 per
1193 5130 1567 5188 Gumesindnm
1620 5133 2068 5201 archidiaconum,

470 5227 519 5274 et
565 5218 766 5288 Lupum
802 5219 1082 5293 Figueram
1124 5222 1486 5290 Mozarabum,
1527 5225 1690 5280 uirum
1736 5225 2066 5294 primarium,

466 5319 696 5368 oratores
732 5311 984 5386 Elipandi
1029 5317 1401 5388 archiepisrapi
1438 5316 1698 5371 Toletani.
1744 5316 1915 5372 Porro
1953 5319 2068 5374 lucc

468 5404 698 5476 epistola
727 5420 848 5462 cum
898 5407 1166 5464 Clll‘OlllCtl
1207 5411 1375 5478 ipsius
1403 5409 1601 5466 Juliani
1652 5420 1769 5466 erat
1811 5411 1951 5480 apud
2000 5411 2062 5465 D.

472 5499 770 5555 Antonium
799 5501 1156 5569 Augustinum
1188 5501 1660 5574 archiepiscopum
1693 5502 2069 5572 Tarraconen-

468 5603 624 5656 sem;
659 5592 772 5660 ipse
801 5607 929 5645 vero
957 5591 1130 5646 Ticini
1162 5609 1279 5645 cant
1313 5606 1616 5664 acceperat,
1653 5605 1706 5646 ιιι
1739 5595 1836 5647 viri
1864 5609 2071 5664 magna:

467 5682 806 5737 auctoritatis
830 5692 1120 5752 testantur,
1151 5685 1376 5757 ejusque
1403 5695 1456 5741 el.
1479 5687 1732 5742 tlbronici
1755 5689 2068 5757 exemplum

491 5775 576 5846 egi
624 5791 728 5847 ego
771 5775 948 5832 Toleti
1001 5778 1053 5834 in
1106 5777 1431 5837 bibliotheca
1479 5778 1700 5838 d0lllllll'
1738 5779 1955 5839 comitis
2003 5781 2071 5840 de

2179 4674 2325 4728 bibus
2370 4673 2639 4745 praedicat.
2690 4671 2822 4738 Qua:
2865 4686 2994 4726 sane
3025 4671 3183 4723 verba
3229 4680 3447 4726 exstant
3491 4671 3543 4726 in
3587 4671 3776 4728 codit-c

2183 4766 2366 4822 Dextri
2395 4764 2461 4820 ad
2489 4766 2706 4820 verbum
2733 4779 2874 4818 anno
2908 4762 3118 4816 Domini
3152 4764 3246 4818 9'1.
3285 4763 3411 4832 Ejus
3443 4765 3518 4818 rei
3546 4765 3774 4819 authen-

2180 4859 2343 4914 ticum
2389 4857 2588 4927 pratbel
2633 4855 2998 4911 testimonium
3045 4855 3098 4908 itt
3142 4856 3503 4911 instrumento
3546 4857 3776 4925 publica:

2177 4947 2298 5002 ﬁdei
2319 4947 2530 5017 GaSpar
2557 4947 2786 5002 Albarez
2815 4944 2883 4999 de
2907 4944 3115 5001 Ltrsada
3148 4946 3393 5000 notarius
3419 4947 3770 5014 aposmlicus,

2177 5048 2228 5093 ct
2258 5039 2467 5094 archivi
2499 5039 2695 5107 regalis
2733 5037 3094 5106 Portugallize,
3130 5036 3294 5092 Torre
3317 5039 3380 5090 de
3410 5037 3606 5092 Tombo
3635 5055 3772 5094 nun-

2175 5133 2378 5200 cupati,
2408 5130 2759 5194 secretarius,
2791 5139 2952 5198 atque
2981 5128 3252 5198 regiorum
3299 5138 3679 5200 patronatuum
3724 5131 3776 5186 in

2173 5221 2364 5276 eodem
2395 5233 2560 5290 regno
2584 5219 2925 5284 reformator,
2951 5221 3053 5274 sub
3073 5220 3220 5277 Datis
3242 5232 3436 5290 quarto
3454 5221 3544 5276 die
3573 5222 3775 5288 Martii,

2173 5311 2300 5365 anni
2333 5311 2492 5376 1622,
2529 5311 2670 5380 quod
2702 5311 3070 5366 testimonium
3101 5313 3300 5379 smpius
3324 5310 3429 5365 vidi
3457 5320 3513 5366 et
3536 5313 3779 5382 aliquau-

2173 5404 2264 5458 ditt
2285 5403 2424 5472 apud
2455 5420 2536 5455 ine
2561 5403 2744 5470 habui,
2768 5403 2998 5457 Romam
3021 5405 3243 5458 missum
3267 5403 3320 5458 in
3343 5403 3580 5460 favorem
3603 5405 3775 5460 Ofﬁcii

2178 5495 2381 5568 proprii
2417 5497 2472 5551 S.
2507 5495 2795 5557 Liltcratae,
2833 5497 2978 5566 quod
3019 5512 3048 5550 a
3079 5510 3358 5550 sacrorum
3406 5497 3604 5552 rituum
3647 5513 3778 5553 con-

2177 5589 2488 5659 gregatiouc
2537 5591 2655 5642 inst:
2682 5596 2806 5643 ιιι-ι’
2860 5587 3114 5657 rxigitIS.
3159 5586 3456 5657 Seguutiua
3501 5589 3774 5654 Ecclesia;

2179 5696 2278 5736 nec
2299 5680 2518 5735 tlillicile
2547 5679 2649 5734 erit
2681 5677 2966 5747 epistolam
2995 5678 3169 5748 ipsam
3201 5678 3562 5734 Couimhricm
3603 5680 3774 5746 adire,

2179 5785 2228 5830 et
2271 5773 2448 5848 legere
2477 5773 2526 5828 in
2557 5771 2824 5844 originali,
2855 5770 3009 5841 cujus
3037 5785 3136 5826 nos
3168 5771 3311 5830 inter
3340 5771 3575 5828 auctoris
3607 5771 3777 5844 elogia
