4158 6180
400 280 473 338 29
1200 298 1209 305 ·
1546 276 1866 333 CIIRONICI
1912 274 2166 331 DEXTRI
2209 274 2577 332 APOLOGIA.
3637 266 3711 329 30

403 405 807 468 transnmptum
846 394 1197 469 protulimus.
1242 392 1449 451 Floruit
1495 408 1627 450 vero
1673 391 1827 463 llugo
1868 390 2002 446 Poro
2030 386 2081 453 Δ
2109 392 2465 449 continentur
2504 391 2721 449 abunde
2767 394 2904 450 satis
2938 408 3253 465 germanam
3309 408 3433 449 esse
3484 395 3709 450 convin-

400 492 608 547 tuensis
636 505 783 546 anno
807 490 967 556 “00,
994 497 1054 544 ut
1082 504 1147 545 ex
1175 487 1397 543 historia
1421 485 1855 556 Compostcllana
1879 501 2006 539 eon-

400 586 657 640 vincitur.
691 582 808 637 Non
840 581 1001 638 video
1028 580 1155 652 quid
1184 581 1311 636 huic
1332 586 1657 651 argumento
1688 575 2004 649 responderi

401 674 757 748 probabiliter
779 682 962 746 queat.

471 767 683 823 Addam
713 766 958 836 ejusdem
989 764 1174 821 amuli
1203 775 1481 821 auctorem
1514 763 1791 821 Julianum
1824 760 2005 817 archla

398 860 777 933 presbyterum
808 858 867 915 S.
899 856 1070 913 Justzc
1092 857 1395 921 Toletanze,
1429 856 1525 928 qui
1569 855 1745 910 adfuit
1774 868 2004 923 recupe-

399 951 596 1008 rationi
627 951 877 1020 ejusdem
908 949 1064 1006 urbis
1089 949 1159 1004 ab
1186 948 1413 1004 Allunso
1441 949 1531 1015 Vl,
1565 947 1824 1003 Castelltc
1852 959 1999 1016 rege,

401 1045 668 1109 obtentte,
700 1056 849 1096 anno
878 1040 1095 1096 Domini
1129 1038 1290 1103 1065,
1320 1038 1478 1109 cujus
1504 1037 1816 1095 Chronicon
1847 1053 1879 1091 e
1910 1052 2003 1093 co"-

397 1135 519 1192 dice
561 1135 799 1206 quodam
839 1132 1193 1189 bibliotheca:
1240 1132 1522 1188 illustriss.
1576 1132 1641 1187 D.
1685 1132 1746 1186 D.
1778 1129 2001 1187 Αιιιοιιὶἰ

398 1228 684 1299 Augustini
740 1227 1077 1297 exscriptum
1128 1241 1195 1281 ex
1238 1225 1526 1280 Chronicis
1569 1223 1751 1279 Dextri
1792 1231 1847 1279 et
1888 1222 2000 1277 Ma—

396 1323 527 1378 ximi
579 1337 678 1392 pro
720 1320 913 1391 majori
973 1329 1127 1390 parte
1178 1328 1520 1389 compactum
1568 1328 1676 1387 est,
1708 1327 1767 1372 ut
1810 1316 1865 1371 in
1915 1315 2001 1373 bis

396 1414 819 1471 Commentariis
871 1413 1077 1482 sacpius
1132 1411 1479 1481 probabimus
1526 1427 1541 1465 :
1590 1420 1643 1466 et
1687 1409 1998 1480 specialiter

396 1507 632 1579 propriis
657 1521 753 1563 eos
794 1505 1047 1577 designat
1079 1505 1412 1571 nominibus,
1443 1519 1564 1561 cum
1597 1502 1668 1558 ad
1696 1517 1894 1557 annum
1926 1499 1996 1555 '56

393 1602 589 1657 scribit
610 1601 903 1655 adventum
934 1599 989 1654 S.
1012 1598 1198 1653 Jacobi
1231 1599 1282 1652 in
1316 1597 1667 1668 Hispaniam;
1693 1594 1811 1665 ejus
1833 1582 1995 1649 verba

394 1704 556 1751 tttnt:
591 1694 661 1750 Ut
705 1693 919 1749 traditio
947 1701 1193 1746 constans
1214 1702 1286 1745 est
1319 1692 1384 1746 ab
1404 1689 1703 1761 apostolicis
1731 1690 1995 1757 hucusque

2109 496 2256 540 cunt.
2290 484 2397 541 lies
2424 486 2475 540 in
2525 500 2587 542 ea
2615 494 2888 542 contenta:
2918 480 3289 543 sinceritatem
3322 494 3375 543 et
3406 486 3707 557 antiquitas

2110 586 2219 633 tem
2277 578 2517 636 auctoris
2557 578 2847 646 redolent,
2893 579 3163 649 gravitate
3209 588 3263 634 et
3312 578 3707 651 perspicuitate

2109 671 2284 742 plena:
2315 681 2466 737 sunt,
2525 670 2655 728 nihil
2688 688 2794 728 non
2827 674 3047 746 dignum
3081 673 3345 728 memoria
3371 713 3386 736 ,
3423 672 3551 728 nihil
3588 672 3708 727 val-’-

2106 779 2255 836 gare.
2310 765 2594 821 rarissima
2625 764 2813 832 multa,
2840 773 2901 822 et
2946 766 3214 822 hactenus
3255 764 3531 831 inaudita;
3581 774 3705 837 qua!

2107 861 2291 915 omnia
2342 862 2582 916 auctoris
2629 861 2870 915 nondum
2923 861 3161 933 evulgati
3189 860 3503 933 argumenta
3536 868 3702 915 sunt:

2105 952 2278 1024 stylus
2312 952 2599 1023 purissima
2632 953 2950 1024 eloquentia
2977 966 3074 1022 pro
3122 961 3286 1022 captu
3317 951 3558 1008 materia:
3592 952 3709 1020 ple-

2107 1059 2230 1111 nus,
2266 1053 2325 1099 ut
2372 1044 2601 1100 decebat
2633 1044 2731 1099 aevi
2776 1043 3217 1112 eloquentissimi
3252 1042 3553 1099 Palatinum
3602 1041 3705 1099 ho-

2104 1138 2331 1203 minem,
2373 1147 2425 1192 et
2455 1138 2626 1193 civem
2660 1135 2920 1205 nobilem,
2950 1132 3430 1207 Romanorumque
3464 1139 3704 1207 impera-

2104 1240 2287 1286 torum
2316 1230 2368 1285 in
2393 1229 2717 1300 prwfeclura
2745 1230 2983 1300 praetorii
3028 1230 3372 1296 ministrum,
3404 1224 3469 1284 D.
3502 1228 3701 1284 Iliero-

2104 1320 2252 1393 nyuti
2326 1321 2688 1389 familiarem,
2749 1330 2799 1376 et
2848 1321 3117 1393 praeclare
3166 1321 3233 1375 ab
3275 1334 3341 1377 eo
3396 1320 3698 1377 laudatum.

2102 1415 2334 1485 lndeque
2392 1426 2771 1486 argumentum
2826 1415 2879 1469 iu
2929 1413 3173 1477 favorem
3222 1411 3291 1469 Μ.
3352 1412 3594 1477 Maximi,
3648 1414 3704 1468 et

2101 1506 2425 1574 Euthrandi,
2455 1521 2519 1562 ac
2546 1506 2746 1563 Juliani
2787 1506 3002 1562 desuml
3050 1517 3258 1575 potest,
3315 1521 3423 1577 quo
3472 1497 3618 1561 enim
3666 1522 3698 1561 a

2098 1609 2367 1656 vetustate
2407 1602 2529 1670 plus
2565 1600 2906 1668 defecerunt,
2941 1595 3007 1655 eo
3047 1601 3254 1670 pariter
3283 1615 3445 1669 passu
3490 1599 3700 1670 paritas

2097 1707 2161 1747 ac
2210 1690 2471 1763 splendor
2501 1691 2681 1748 Latini
2738 1690 3013 1746 idiomatis
3067 1692 3119 1745 in
3171 1690 3252 1746 eis
3278 1692 3491 1757 deficit;
3524 1693 3697 1748 multo

394 1790 551 1842 ducta
577 1785 912 1855 temporibus.
941 1783 1228 1838 multorum
1257 1783 1409 1836 etiam
1430 1790 1678 1842 veterum.
1716 1777 1980 1849 Torquati.
2021 1787 2064 1849 Β
2090 1788 2234 1841 enim
2267 1785 2335 1839 ah
2366 1782 2673 1856 eloquentia
2705 1783 2891 1840 Dextri
2940 1783 3105 1839 distat
3137 1782 3422 1847 Maximus,
3452 1791 3508 1839 et
3529 1782 3697 1854 paulo

397 1878 715 1947 Ctesifontis,
750 1874 1027 1942 Honorati,
1084 1874 1344 1941 Melautii,
1390 1870 1595 1942 Dextri,
1639 1870 1716 1925 Μ.
1743 1869 1987 1934 Maximi,

397 1969 623 2034 lsidori,
655 1969 827 2035 Bedes,
857 1969 1185 2039 aliorumque
1226 1967 1553 2031 testimoniis,
1590 1979 1730 2019 anno
1779 1962 1992 2017 Domini

392 2064 481 2127 36,
512 2062 638 2116 satis
666 2060 957 2130 honoriﬁca
982 2077 1161 2127 causa,
1195 2060 1255 2115 S.
1284 2057 1515 2113 Iacobus
1541 2060 1808 2130 apostolus
1832 2053 1993 2109 Zebe-

389 2157 492 2211 dwi
520 2157 664 2226 ﬁlius
688 2155 983 2226 Hispanias
1036 2155 1185 2209 adiit.
1239 2153 1505 2209 Auctores
1557 2161 1685 2206 ante
1733 2150 1989 2204 Dextrum

389 2252 613 2311 relatos,
646 2250 716 2305 ab
742 2251 862 2318 ipso
891 2249 1093 2304 Dextro
1124 2247 1314 2318 procul
1356 2245 1522 2301 dubio
1573 2242 1862 2306 mutuavit,
1896 2240 1988 2313 qui

390 2342 658 2410 cujusque
679 2354 905 2409 operum
934 2339 1205 2395 meminit.

462 2433 529 2486 Et
584 2440 644 2485 ut
690 2432 913 2501 propius
954 2429 1317 2496 accedamus,
1374 2426 1476 2482 viri
1535 2424 1640 2480 fide
1680 2421 1989 2496 dignissimi

389 2531 727 2589 asseverant,
753 2522 1156 2578 Chronicorum
1182 2520 1366 2576 Dextri
1393 2518 1709 2587 exemplum
1732 2527 1862 2572 ante
1889 2531 1989 2570 an-

390 2614 610 2669 nos‘200
627 2617 790 2670 fuisse
819 2613 962 2682 apud
988 2614 1051 2668 D.
1081 2614 1302 2668 Petrum
1320 2610 1495 2666 Pecha
1524 2609 1859 2666 Gicnensem
1891 2623 1989 2661 au-

393 2709 637 2773 tistitem,
671 2708 828 2777 cujus
854 2707 1004 2762 dono
1030 2704 1167 2761 illud
1196 2705 1285 2773 diu
1310 2702 1603 2773 possedere
1623 2702 1691 2757 Β.
1711 2702 1776 2756 li.
1808 2710 1989 2772 patres

392 2798 802 2870 llicronynnani
861 2798 1182 2853 monasterii
1251 2796 1442 2866 Cyssa:
1526 2809 1693 2866 prope
1737 2793 1987 2849 Toletum

390 2891 768 2956 consistentis,
827 2891 878 2945 in
907 2905 1086 2960 eoque
1115 2888 1453 2953 conStitisse,
1510 2899 1815 2956 quousque.
1843 2885 1990 2940 inter

392 2983 530 3059 alios
557 2985 778 3038 codices
807 2983 1032 3038 librario
1058 2981 1277 3036 cuidam
1325 2979 1599 3035 venditum
1651 2976 1790 3062 fuit,
1824 2990 1852 3060 ξ
1880 2992 1989 3059 quo

390 3075 606 3131 tandem
631 3078 813 3146 pretio
841 3076 1031 3131 decem
1066 3074 1392 3128 ducatorum
1426 3072 1557 3127 emit
1598 3071 1779 3156 ἰρςιιιξι
1825 3070 2007 3154 suam:

2094 1876 2277 1933 adhuc
2298 1879 2536 1949 amplius
2563 1877 2769 1941 cmtcri,
2804 1892 2911 1948 quo
2943 1887 3137 1932 tenore
3154 1883 3357 1931 certum
3383 1886 3468 1931 ρει
3492 1876 3695 1932 sensim

2092 1969 2459 2041 eloquentiam
2494 1969 2737 2025 Latinam
2767 1967 3063 2034 deli-cisse,
3093 1977 3175 2032 ut,
3209 1966 3426 2023 collatis
3458 1967 3605 2023 inter
3633 1976 3693 2022 se

2091 2063 2411 2119 auctoribus
2451 2062 2733 2133 utriusque
2762 2061 2969 2129 saeculi,
3006 2060 3185 2133 quivis
3220 2059 3377 2115 facile
3401 2059 3689 2129 judicabit.

2091 2155 2243 2223 Quod
2274 2157 2321 2211 si
2372 2156 2639 2224 ejusmodi
2686 2155 2955 2211 Chronica
3009 2155 3350 2210 diversorum
3410 2162 3693 2208 aucturum

2091 2246 2270 2318 spuria
2309 2257 2495 2303 essent
2539 2259 2587 2302 et
2616 2248 2921 2319 supposita.
2955 2256 3009 2301 et
3039 2244 3107 2301 ab
3135 2260 3241 2301 uno
3265 2246 3448 2316 aliquo
3480 2254 3692 2299 vetera-

2094 2356 2208 2402 tore
2247 2341 2497 2409 conllcta,
2553 2342 2669 2398 lieri
2722 2343 2974 2413 nequit-ct
3005 2350 3081 2406 ιιι,
3117 2342 3446 2411 quandoque
3490 2340 3695 2393 suimet

2092 2437 2319 2502 oblitus,
2371 2435 2570 2506 gradus
2600 2435 2747 2504 ipsos
2785 2433 3115 2503 eloquentia:
3162 2433 3376 2486 divisitn
3422 2429 3692 2501 pra‘dictis

2090 2529 2402 2587 auctoribus
2456 2528 2695 2590 debitos,
2741 2542 2851 2582 non
2890 2527 3176 2582 misceret:
3228 2537 3281 2581 et
3335 2526 3379 2580 si
3429 2525 3602 2600 (quod
3637 2527 3690 2582 in

2093 2621 2277 2678 Dextri
2305 2619 2578 2676 ChrOnieo
2616 2619 3043 2690 comprobatur)
3072 2619 3378 2689 eloquentia
3428 2618 3690 2688 pra‘ditus
3742 2690 3745 2693 Α

2091 2724 2229 2781 erat,
2265 2713 2601 2779 impossibile
2630 2712 2847 2780 fuisset,
2883 2720 2996 2767 toto
3025 2711 3264 2775 Maximi,
3300 2722 3354 2767 et
3386 2711 3688 2767 Euthrandl

2091 2804 2366 2861 Chronico
2419 2804 2789 2871 perseveranti
2822 2802 3116 2858 tenacitate
3146 2803 3349 2858 sensim
3394 2802 3465 2856 ab
3490 2817 3552 2858 ea
3587 2801 3688 2858 de-

2092 2899 2277 2959 lirere.
2344 2898 2508 2952 Multa
2556 2912 2773 2968 quoque
2820 2896 2874 2951 in
2920 2895 3176 2974 pt-abenti
3226 2894 3457 2950 Historia
3507 2895 3691 2951 Dextri
3749 2959 3752 2962 ,

2094 2990 2592 3064 ιεΐθῃιιιιιιιιιηιιιιίῃ,
2618 2987 2999 3071 alittpdqrciri
3032 2987 3418 3058 nequiverunt,
3450 2996 3509 3042 ιιι
3527 2987 3690 3042 Com-

2092 3082 2394 3161 ιιιοῳξιιςὶιιε
2441 3068 2663 3151 positos
2703 3068 2934 3149 influenti
2970 3083 3254 3152 perspicue
3282 3081 3690 3137 demonstrabi-

391 3182 490 3223 nes
517 3168 586 3223 de
616 3167 855 3239 Vergara
899 3168 1201 3223 Toletanus
1220 3168 1542 3231 canonicus,
1567 3166 1657 3236 qui
1709 3170 1853 3220 ante"
1881 3172 1986 3217 non

2094 3174 2213 3241 iur';
2238 3172 2664 3230 'nun'c'duo'aui
2690 3177 2789 3230 tria
2823 3175 3039 3230 illorum
3077 3175 3131 3231 in
3160 3177 3470 3244 exemplum
3510 3177 3687 3232 addu-

397 3262 598 3314 multos
627 3272 803 3315 annos
831 3266 1075 3315 mortuus
1097 3272 1210 3315 est:
1252 3259 1393 3314 liber
1417 3273 1550 3313 vero
1574 3257 1627 3310 in
1654 3257 1772 3326 ejus
1816 3267 1989 3311 morte

2093 3286 2222 3353 me
2255 3265 2567 3353 τεςιιίιειβὶι,
2598 3266 2800 3351 sagino,
2823 3268 2938 3339 De”:
2964 3268 3038 3353 ini
3082 3269 3151 3323 57
3200 3267 3270 3324 de
3317 3269 3594 3325 nonnullis
3622 3269 3685 3325 S.

390 3351 661 3423 (ἥψω-ιιι.
688 3352 761 3407 ita
786 3367 1008 3423 prorsus
1032 3361 1416 3408 assereranter
1437 3348 1988 3422 affirttraqt.:ll,_l’qrie

389 3444 641 3511 Carrero,
675 3456 732 3500 et
762 3447 1098 3501 verbotcnus
1133 3444 1264 3499 n-ilti
1293 3446 1459 3505 facto.
1484 3456 1534 3498 et
1565 3426 1769 3513 scripto
1800 3444 1851 3496 in
1872 3430 1988 3496 Vita

389 3539 447 3593 δ.
490 3537 771 3604 lldt-fonsi,
798 3537 1213 3610 ;F.scolauus{in
1255 3538 1449 3594 histor.
1486 3537 1748 3593 Valentia:
1797 3536 1895 3592 lib.
1928 3551 1987 3602 ιι,

388 3646 509 3699 cap.
535 3633 588 3700 ί,
623 3634 749 3688 Dec.
779 3633 839 3698 i,
877 3630 1086 3687 Losada
1113 3631 1175 3698 fin
1218 3630 1488 3686 relatione
1518 3629 1807 3701 ιιι-πταῖσαι,
1855 3628 1990 3683 Car-

388 3722 543 3778 rillus
583 3728 635 3778 in
670 3723 809 3779 Vitae
836 3723 894 3779 S.
927 3724 1130 3779 Valerii
1160 3726 1466 3795 timsarattg.
1494 3723 1758 3793 episcopi,
1790 3732 1839 3777 et
1872 3721 1984 3776 alii.

458 3813 521 3870 Et
554 3814 682 3886 quid
731 3816 951 3871 moror?
993 3813 1254 3870 Dominus
1288 3812 1611 3871 Laurentius
1659 3812 1726 3865 de
1782 3811 1987 3866 Paclilla

387 3906 809 3962 archidiaconus
841 3908 909 3963 de
930 3906 1153 3973 ,Runda,
1184 3902 1260 3961 'ct
1290 3905 1472 3960 Caroli
1506 3902 1543 3955 ν
1576 3904 1706 3974 imp.
1733 3904 1990 3958 historio-

390 3999 652 4070 graphus,
687 4000 874 4056 Dextri
905 3998 1181 4059 Chronico
1204 3998 1256 4052 in
1287 3998 1470 4053 multis
1525 3996 1659 4051 locis
1681 3996 1864 4066 operis
1903 3994 1985 4049 sui

388 4094 458 4148 de
489 4093 703 4149 Sanctis
756 4092 1029 4163 Hispania:
1069 4106 1203 4146 usus
1228 4098 1314 4146 est
1353 4088 1647 4161 (idemque
1695 4084 1984 4141 dicendum

388 4186 643 4238 existimo
674 4184 740 4238 de
765 4183 1115 4239 Ferdinando
1160 4180 1388 4237 Perezio
1408 4179 1711 4243 Guzmano,
1740 4177 1792 4231 in
1825 4175 1988 4232 Vale-

390 4276 474 4330 rio
492 4290 594 4328 suo
614 4273 1007 4345 historiarum),
1041 4270 1501 4344 quandoquidem
1532 4270 1826 4326 multorum
1859 4282 1986 4323 san-

386 4373 601 4423 ctorum
636 4363 909 4424 meminit.
951 4378 1178 4431 quorum
1227 4363 1458 4437 patrium
1510 4365 1688 4419 solum
1719 4378 1749 4416 a
1785 4361 1984 4417 Dextro

387 4468 670 4513 mutuassc
721 4452 1079 4528 perspicuum
1129 4465 1250 4521 est,
1300 4455 1456 4511 verbi
1509 4469 1709 4510 causa:
1750 4453 1983 4510 Sanctos

2093 3344 2280 3423 Jacobi
2308 3344 2847 3442 apostqlijl-séipulis
2869 3344 3138 3444 asserum
3154 3358 3370 3414 Iliberri
3392 3361 3491 3414 sub
3500 3359 3689 3428 judice

2091 3453 2279 3517 Aloto,
2310 3454 2536 3526 Neronis
2572 3454 2847 3518 ministro,
2886 3451 3114 3505 ﬂammis
3139 3461 3359 3521 exustos
3390 3450 3554 3507 fuisse
3590 3469 3687 3517 pro

2093 3545 2439 3601 confessione
2480 3544 2713 3599 nominis
2739 3542 2940 3599 Christi
2973 3543 3123 3608 Jt‘stt,
3166 3544 3405 3613 loquitur
3462 3558 3591 3598 vero
3617 3544 3687 3599 de

2092 3637 2193 3695 SS.
2224 3634 2446 3694 Czt'cilio
2467 3683 2482 3707 ,
2524 3635 2881 3707 Ctesiphonte
2902 3680 2916 3703 ,
2978 3635 3116 3690 lscio
3156 3644 3209 3689 et
3255 3634 3381 3689 aliis
3409 3650 3424 3693 :
3456 3651 3683 3704 quorum

2095 3730 2337 3801 martyrii
2367 3730 2539 3784 forma
2561 3771 2574 3793 ,
2608 3729 2883 3790 videlicet,
2914 3728 3056 3798 quod
3085 3743 3183 3796 per
3215 3727 3390 3796 ignem
3429 3741 3685 3779 consum-

2094 3821 2219 3876 mati
2245 3821 2461 3880 fuerint,
2493 3820 2743 3874 omnibus
2774 3820 2958 3889 ignota
2976 3828 3113 3884 erat,
3137 3819 3436 3888 quinimmo
3461 3826 3516 3872 et
3536 3833 3683 3873 mar-

2095 3913 2289 3982 tyrium
2323 3914 2501 3980 ipsum
2531 3913 2632 3965 sub
2656 3911 2789 3977 lite;
2821 3926 2947 3963 nam
2977 3926 3007 3965 a
3029 3908 3403 3964 vetustissimo
3441 3917 3683 3975 tempore

2091 4005 2169 4060 ιιιί
2200 4005 2482 4073 pontilit-es
2523 4003 2871 4057 confessores
2897 4002 3281 4063 credebantur,
3334 4010 3387 4055 et
3432 3999 3680 4055 celebra-

2090 4097 2306 4153 bantur.
2359 4096 2518 4151 Dices
2550 4096 2733 4150 forsan
2765 4095 2816 4150 id
2850 4111 2914 4151 ex
2951 4092 3218 4162 plumbeis
3247 4091 3462 4146 laminis
3495 4092 3681 4147 Sancti

2088 4190 2287 4248 Montis
2311 4190 2729 4255 Granuatensis,
2778 4205 2901 4259 qua:
2924 4188 3066 4243 idem
3114 4195 3464 4249 asseverant,
3508 4185 3682 4255 accipi

2091 4282 2351 4352 potuisse.
2406 4280 2513 4339 Sed
2546 4279 2680 4335 nihil
2710 4280 2921 4347 minus;
2983 4279 3113 4349 quin
3141 4277 3340 4347 potius,
3375 4275 3470 4331 Dei
3504 4277 3685 4345 provi-

2088 4373 2269 4430 dentia
2306 4373 2499 4428 factum
2540 4379 2647 4437 est,
2704 4378 2767 4426 ut
2794 4370 2946 4440 prius
2972 4370 3173 4427 Dexter
3218 4360 3248 4425 e
3302 4366 3589 4424 Germania
3626 4368 3679 4422 in

2092 4464 2406 4535 Hispaniam
2448 4462 2826 4525 descenderet.
2878 4476 3043 4531 quam
3089 4460 3272 4518 Sancti
3318 4458 3515 4515 Montis
3562 4457 3683 4513 the-

386 4561 689 4621 ιιιπιιτθέ,
744 4546 1068 4613 ιιοηυτίυητν
1124 4545 1484 4616 Ευιῐοίιίυηὶν
1541 4557 1597 4603 οι
1646 4545 1981 4617 διεριιτιηυιη
2015 4555 2065 4617 D
2090 4570 2280 4611 saurus
2306 4554 2663 4620 inveniretur,
2688 4566 2746 4610 et
2784 4553 3137 4620 effoderetur,
3169 4552 3370 4607 Dexter
3406 4549 3673 4618 siquidem

384 4640 532 4697 Asta:
586 4641 642 4695 in
674 4639 930 4711 llispania
963 4654 1062 4709 pro
1108 4637 1236 4693 ﬁdei
1277 4640 1584 4696 testimonio
1626 4639 1977 4705 occubuisse,

386 4750 547 4792 inemo
578 4744 776 4806 prteter
806 4734 1063 4790 Dextrum
1092 4732 1433 4797 aflirmarat;
1482 4732 1534 4786 id
1563 4742 1743 4789 tamen
1771 4731 1978 4788 Padilla

384 4828 644 4895 affirmat,
676 4844 706 4883 ιι
761 4841 870 4899 quo
894 4826 1147 4894 Morales,
1182 4834 1239 4880 et
1257 4823 1444 4880 eteteri
1475 4824 1721 4881 moderni
1750 4840 1978 4897 accepe-

386 4932 534 4988 runt,
563 4935 702 4993 quos
731 4918 1001 4977 Baronius
1022 4919 1197 4976 refert
1217 4920 1307 4976 die
1330 4918 1395 4975 2i
1429 4917 1771 4975 Novembris.
1813 4920 1978 4978 Simi-

384 5015 513 5070 liter
537 5012 825 5070 dicendum
855 5013 924 5069 de
948 5011 1010 5070 S.
1043 5012 1174 5067 Fide
1205 5013 1417 5082 virgine
1447 5012 1687 5084 Agenni,
1724 5012 1776 5067 in
1805 5012 1977 5069 Gallia

384 5121 567 5179 passa,
597 5121 758 5179 quam
786 5090 983 5163 omnes
1021 5106 1229 5164 Gallam
1259 5116 1387 5162 ante
1416 5105 1675 5161 Padillam
1706 5106 1981 5162 existima-

384 5199 549 5266 bant;
582 5209 638 5255 et
680 5200 1004 5270 ignorabant
1046 5200 1247 5253 sociam
1302 5198 1555 5255 habuisse
1606 5201 1659 5256 in
1708 5217 1880 5270 agone
1925 5206 1981 5256 et

386 5307 590 5349 corona
617 5288 678 5349 S.
713 5291 998 5358 Sabinam,
1057 5292 1350 5362 llispanam
1404 5294 1614 5361 pariter
1670 5294 1931 5362 virginem
1959 5304 1995 5359 ;‘

386 5394 676 5457 utrumque
721 5394 902 5440 tamen
935 5400 962 5439 a
994 5384 1200 5441 Dextro
1244 5395 1527 5455 acceptum
1572 5386 1690 5443 fuit.
1733 5386 1880 5444 ldem
1910 5387 1979 5443 dc

389 5475 511 5531 aliis
532 5477 736 5531 sanctis
765 5476 1059 5543 reperitur.

460 5563 566 5620 Sed
594 5568 785 5622 demus
812 5566 982 5637 gratis
1029 5568 1146 5621 haec
1191 5566 1371 5621 omnia
1431 5567 1759 5624 omnimodae
1789 5569 1975 5626 Histo-

386 5656 484 5712 ria:
508 5656 689 5714 Dextri
716 5660 1095 5716 auctoritatem
1125 5659 1460 5715 stabilientia
1489 5659 1680 5717 deesse
1704 5660 1857 5718 nobis
1890 5679 1977 5718 ar-

383 5761 671 5822 gumenta;
706 5752 943 5810 llistnria
988 5751 1345 5810 nihilominus
1388 5753 1504 5825 ipsa
1551 5762 1608 5811 et
1656 5767 1778 5826 qua:
1824 5755 1875 5811 in
1908 5770 1972 5813 ea

2086 4653 2312 4701 venerat
2334 4659 2477 4699 anno
2498 4642 2699 4699 Christi
2724 4642 2938 4697 Domini
2957 4641 3115 4708 159i,
3141 4649 3200 4694 ut
3222 4638 3506 4693 manifeste
3527 4652 3679 4693 com-

2084 4737 2346 4808 probatur
2396 4752 2463 4791 ex
2506 4734 2704 4790 litteris
2753 4733 2814 4789 P.
2844 4733 3146 4799 Torralbre,
3192 4741 3249 4788 et
3299 4746 3369 4788 ex
3425 4730 3680 4786 omnibus

2083 4845 2202 4900 quae
2248 4842 2391 4883 nunc
2411 4835 2637 4882 exstant
2666 4824 2924 4881 Chronici
2964 4823 3157 4894 copiis,
3189 4837 3363 4893 eoque
3388 4822 3508 4893 ipso
3535 4836 3678 4878 anno

2084 4920 2324 4993 evulgari
2356 4920 2558 4988 erepit:
2606 4928 2662 4974 at
2694 4933 2826 4975 vero
2855 4918 3068 4973 lamina:
3097 4916 3500 4973 Graunatenses
3529 4932 3673 4971 anno

2084 5015 2329 5087 sequenti
2359 5014 2500 5072 l595
2527 5024 2761 5085 repertae
2796 5022 2944 5077 sunt,
2968 5025 3089 5081 qum
3115 5025 3144 5064 a
3171 5019 3414 5078 tempore
3444 5010 3678 5067 Neronis

2083 5109 2390 5173 latuerant;
2429 5107 2600 5163 altera
2633 5106 2850 5176 quidem
2904 5104 2994 5159 die
3021 5104 3093 5158 22
3116 5103 3290 5158 Martii
3350 5104 3466 5160 lure
3496 5104 3673 5158 couti-

2082 5214 2220 5256 nens
2251 5199 2416 5256 verba
2465 5217 2477 5254 :
2524 5198 2677 5253 Anno
2707 5214 2744 5253 ιι
2777 5196 3003 5253 Neronis
3042 5197 3168 5267 imp.
3198 5194 3380 5250 Martii
3417 5194 3678 5261 kalendis,

2082 5309 2266 5365 passus
2293 5293 2397 5361 fuit
2422 5293 2732 5364 martyrium
2760 5290 2813 5346 in
2837 5292 2932 5346 ltoc
2956 5290 3072 5347 loco
3101 5288 3455 5362 Illipulitano,
3489 5289 3678 5342 electus

2086 5389 2156 5438 ad
2186 5384 2328 5438 [tunc
2355 5383 2593 5453 e/fectum
2625 5383 2684 5440 S.
2720 5382 2910 5449 lscius,
2964 5383 3187 5453 apostoli
3213 5379 3400 5435 Jacobi
3443 5381 3676 5453 tliscipuo
3767 5421 3770 5423 Α

2082 5476 2183 5544 lus,
2214 5492 2331 5530 cum
2357 5476 2467 5531 suis
2495 5475 2767 5544 discipulis
2790 5474 3014 5540 Turillo,
3046 5473 3371 5541 Pauuuntio,
3410 5473 3671 5540 .llarom'o,

2084 5566 2322 5622 Centulio
2362 5585 2453 5638 per
2506 5568 2730 5622 medium
2774 5568 2966 5641 ignem,
3019 5567 3074 5620 in
3130 5583 3231 5631 quo
3279 5565 3378 5619 vivi
3418 5562 3671 5615 combusti

2081 5659 2315 5729 fuerunt,
2347 5669 2591 5714 retentam
2632 5661 2785 5712 vitam
2817 5658 3100 5726 petentibus
3129 5659 3447 5717 transivere;
3495 5660 3551 5704 ιιι
3592 5654 3674 5708 la-

2080 5758 2227 5831 pides
2255 5756 2309 5811 in
2337 5755 2531 5813 calcem
2553 5757 2785 5812 conversi
2815 5756 3043 5832 fuerint:
3095 5769 3317 5821 auorum
3343 5745 3576 5819 pulveres
3613 5750 3667 5807 in
