4166 6178
428 335 494 398 δι
1355 327 1653 389 FLAVIUS
1691 326 1939 386 LUCIUS
1980 326 2266 386 DEXTER
2303 329 2838 392 CHRONOLOGUS.
2925 283 2939 295 .
3662 335 3736 396 δί

431 456 589 530 hujus
608 452 743 510 sacri
768 453 956 508 montis
985 448 1213 506 cavernis
1236 451 1443 524 jaceat.
1487 447 1692 504 Eodem
1725 459 1914 502 mense
1949 459 2036 501 re-
2060 445 2117 507 Δ
2139 444 2294 513 bere,
2327 457 2382 504 et
2413 448 2619 521 absque
2648 436 2884 508 mendis.
2905 459 2962 509 et
3003 453 3203 510 erratis
3241 453 3371 511 illud
3401 453 3534 512 dare
3572 453 3626 510 in
3655 454 3740 512 ιιι..

436 557 592 621 perta
622 554 710 603 est
756 543 860 601 alia
913 558 1062 601 aenea
1113 541 1322 609 tabula,
1365 540 1485 598 haec
1505 539 1792 595 continens
1834 536 2037 594 verba:

437 637 640 708 Corpus
693 646 866 691 ustum
897 635 961 691 S.
990 633 1266 689 Mesitonis
1306 633 1571 704 martyris.
1608 629 1809 684 Passus
1838 639 1913 686 est
1944 627 2040 684 sub

439 730 673 789 Neronis
699 730 830 800 imp.
863 736 1152 800 potentatu.
1204 725 1424 781 Decima
1453 722 1654 795 Aprilis
1684 722 1887 794 reperti
1917 729 2043 777 sunt

437 827 694 900 pulveres
715 823 856 882 sacri
889 822 947 883 8.
971 819 1358 891 Ctesiphonis,
1390 832 1512 872 cum
1544 815 1795 887 plumbea
1823 814 2036 882 tabella,

437 928 496 989 et
536 917 626 974 die
661 916 732 974 30
776 914 1048 986 ejusdem,
1080 911 1328 982 reliquire
1381 909 1442 966 S.
1474 907 1701 976 Caecilii,
1740 923 1868 965 cum
1919 923 2038 963 sua.

441 1011 578 1069 Mira
625 1011 789 1082 igitur
815 1008 911 1065 Dei
942 1004 1281 1079 providentia
1312 1001 1529 1071 accidit,
1571 1011 1631 1057 ut
1658 1001 1858 1058 Dexter
1902 1015 2045 1071 pra:-

442 1105 658 1177 veniret
689 1101 993 1158 tabularum
1025 1099 1246 1154 illarum
1289 1111 1352 1151 ac
1384 1091 1664 1151 sacrarum
1685 1093 2043 1164 reliquiarum

443 1196 844 1262 inventionem,
877 1207 985 1264 quo
1035 1190 1292 1246 nimirum
1322 1187 1558 1243 invicem
1588 1200 1712 1242 sese
1753 1183 2034 1240 conﬁrma-

443 1301 609 1361 rent,
665 1299 721 1348 et
750 1285 1236 1344 Dexterthesauro
1270 1280 1584 1352 lllipulitani
1641 1279 1840 1335 montis
1881 1277 2044 1335 Iidem

368 1371 380 1384 ’
440 1385 668 1452 faceret,
701 1390 924 1440 etnune
951 1379 1068 1450 ipse
1091 1384 1282 1433 mutuo
1316 1374 1386 1430 ab
1409 1373 1601 1430 eodem
1625 1373 1924 1443 acciperet.

515 1477 598 1536 Ad
626 1476 743 1532 haec
770 1489 915 1530 anno
945 1469 1156 1526 Domini
1188 1469 1248 1522 71
1286 1466 1395 1537 agit
1419 1473 1607 1520 auctor
1630 1464 1698 1519 de
1731 1478 1955 1520 accessu
1985 1461 2043 1519 8.

444 1571 684 1630 Onesimi
716 1569 784 1622 ad
815 1564 1105 1636 Hispanias
1145 1575 1269 1616 cum
1300 1559 1358 1616 S.
1403 1557 1676 1629 Polyxena
1705 1556 1964 1628 Hispana,
1997 1565 2052 1610 et

445 1665 503 1721 S.
539 1663 675 1718 Sara
717 1659 836 1730 ejus
873 1656 1046 1722 socia,
1077 1649 1360 1722 discipulis
1403 1649 1457 1704 iu
1487 1647 1692 1704 Achaia
1723 1646 1782 1703 8.
1816 1645 2050 1700 Andreze

453 1755 686 1829 apostoli
713 1770 728 1812 :
752 1751 897 1822 quod
923 1759 1102 1804 tamen
1132 1762 1161 1801 a
1187 1745 1406 1800 nemine
1434 1745 1641 1814 integre
1669 1741 1935 1809 scriptum
1967 1755 2052 1794 rc-

2143 539 2300 596 cem?
2341 540 2472 609 Quis
2498 557 2588 598 res
2617 543 2967 614 notissimas,
2995 554 3055 602 et
3083 547 3314 619 patriam
3343 547 3582 604 auctoris
3607 562 3739 604 con-

2143 641 2440 687 cernentes
2503 634 2831 690 omitteret?
2894 636 3028 704 Quis
3093 637 3341 709 quasdam
3402 638 3735 710 replicaret,

2143 724 2393 797 quaedam
2436 726 2756 792 detruncata
2790 729 3159 801 relinqueret?
3189 731 3323 801 Quis
3351 732 3571 786 nomina
3612 747 3742 802 pro-

2145 820 2262 888 pria
2295 816 2537 874 virorum
2561 835 2591 874 a
2627 821 2825 877 Dextro
2855 831 3110 878 notorum
3131 822 3404 879 subdubia
3429 822 3740 880 nomencla-

2147 917 2268 964 tura
2299 908 2570 966 donaret‘.’
2600 912 2658 967 lu
2704 913 2790 968 his
2831 922 3012 970 tamen
3054 916 3310 970 omnibus
3339 915 3516 972 codex
3555 925 3742 972 noster

2147 1002 2334 1059 multis
2356 1015 2528 1060 scatet
2551 1005 2762 1062 mendis
2783 1017 2840 1063 et
2858 1007 3178 1064 defectibus.
3207 1008 3375 1064 Multa
3396 1007 3556 1065 aliter
3578 1024 3740 1079 quam

2145 1109 2177 1150 a
2206 1097 2604 1154 recentioribus
2635 1099 3017 1157 existimantur
3035 1101 3122 1157 hic
3147 1103 3349 1173 scripta
3370 1112 3518 1167 sunt,
3551 1109 3744 1157 tamet-

2147 1189 2193 1245 si
2225 1190 2359 1247 nihil
2383 1202 2581 1262 prazter
2609 1193 2897 1262 rationem,
2927 1194 3063 1250 nihil
3096 1204 3247 1251 tanto
3272 1207 3501 1252 suetore
3523 1206 3579 1252 et
3604 1196 3746 1252 auti-

2148 1284 2355 1371 quitate
2399 1285 2716 1358 indignum,
2755 1287 2897 1358 quod
2939 1304 3007 1345 ex
3060 1289 3316 1361 professo
3352 1291 3744 1346 commentaria

2151 1385 2338 1433 nostra
2372 1389 2738 1451 propugnant.
2769 1379 2877 1437 Sed
2905 1382 3102 1438 demus
3125 1390 3434 1438 erratorum
3471 1384 3744 1453 exempla,

2150 1485 2271 1539 quae
2299 1479 2381 1536 tu,
2413 1470 2606 1538 lector,
2637 1487 2846 1542 quaso,
2881 1472 3114 1543 iudices,
3145 1489 3214 1529 an
3246 1473 3317 1529 ab
3345 1474 3528 1545 aliquo
3555 1487 3748 1532 neore-

2150 1562 2267 1618 rico
2299 1563 2428 1634 lingi
2461 1565 2757 1633 potuerint.
2789 1565 2905 1633 Qua
2929 1566 2980 1622 in
3006 1583 3065 1621 re
3090 1582 3196 1621 non
3222 1567 3508 1623 minimum
3534 1567 3742 1624 deferri

2152 1652 2310 1707 debet
2342 1654 2407 1708 R.
2444 1654 2504 1710 P.
2548 1654 2871 1724 Calderoni,
2903 1658 3030 1713 dum
3076 1659 3328 1714 omnibus
3376 1657 3490 1714 suis
3530 1669 3746 1716 scatens

2155 1746 2390 1811 mendis,
2411 1747 2719 1803 Chronicon
2753 1750 2898 1805 istud
2923 1750 2976 1806 iu
3004 1751 3178 1806 lucem
3210 1750 3390 1812 dedit;
3420 1749 3638 1807 nullum
3667 1752 3746 1808 sio

451 1852 681 1924 peritur,
709 1855 769 1902 ut
793 1845 997 1900 Dextro
1027 1839 1188 1896 tribui
1226 1844 1431 1908 posset.
1473 1835 1590 1890 Non
1621 1833 1914 1890 dillitetnur
1937 1845 2050 1886 me—

2165 1840 2372 1912 quidem
2401 1841 2576 1912 majus
2602 1842 2973 1898 testimonium
3001 1845 3054 1899 in
3080 1845 3266 1900 Dextri
3290 1844 3528 1902 lavorem
3553 1845 3750 1900 adduci

450 1940 727 2012 nologium
750 1936 1060 1991 Graecorum
1086 1930 1152 1986 ad
1167 1928 1526 1999 QSSeptemb.
1543 1924 1842 1983 secundum
1868 1932 2050 1978 trans-

451 2035 711 2093 lationem
763 2026 1056 2085 cardinalis
1088 2020 1292 2091 Sirleti,
1343 2035 1508 2091 agere
1551 2018 1619 2074 de
1670 2017 1728 2074 8.
1775 2015 2048 2088 Polyxena

451 2131 512 2186 S.
554 2125 788 2184 Andreae
813 2119 1100 2192 discipula,
1134 2131 1255 2188 quae
1298 2129 1420 2170 cum
1450 2112 1694 2168 Rebecca
1737 2111 1947 2182 virgine
1997 2109 2052 2166 in

452 2218 770 2290 Hispaniam
801 2227 1022 2272 reversa
1051 2221 1158 2280 est,
1188 2217 1245 2265 et
1269 2209 1325 2264 in
1353 2216 1508 2262 textu
1534 2204 1655 2276 ipso
1682 2202 1872 2261 Graeco
1893 2201 2054 2273 origi-

453 2312 561 2368 nali
606 2311 786 2381 agitur
827 2307 991 2362 etiam
1024 2305 1094 2360 de
1138 2316 1365 2359 accessu
1404 2299 1464 2356 S.
1497 2295 1738 2353 Onesimi
1774 2310 1897 2350 cum
1936 2295 2051 2362 eis,

451 2403 596 2476 quod
619 2401 851 2459 Sirletus
876 2398 1064 2465 tacuit,
1097 2406 1159 2451 ut
1187 2410 1286 2449 suo
1314 2393 1441 2448 loco
1468 2401 1720 2446 notamus
1752 2407 1765 2444 :
1794 2395 2053 2444 ert-terum

455 2497 583 2554 inde
608 2493 806 2552 deduci
843 2507 952 2547 non
1003 2489 1181 2559 potuit
1227 2482 1488 2556 quidquid
1536 2482 1738 2536 Dexter
1779 2481 1884 2536 hoc
1935 2481 2056 2536 loco

458 2593 771 2648 asseverat;
810 2583 856 2636 si
897 2582 1042 2635 enim
1075 2577 1200 2632 inde
1240 2560 1607 2630 deduceretur
1636 2571 1943 2641 huiusmodi
1975 2571 2057 2625 his

461 2681 660 2741 storia,
687 2673 829 2729 haud
860 2671 1083 2726 dubium
1116 2674 1393 2722 veterator
1420 2663 1707 2732 scriberet,
1736 2663 2055 2720 Onesimum

455 2785 583 2827 eum
615 2766 882 2828 Rebecca,
935 2774 987 2820 et
1020 2761 1295 2832 Polyxena
1328 2757 1382 2812 in
1430 2755 1718 2827 Hispanias
1764 2754 1955 2823 ivisse,
2000 2764 2060 2811 ut

453 2864 660 2922 ibidem
690 2860 956 2918 asseritnr
983 2873 1013 2912 a
1045 2855 1283 2918 Graecis;
1315 2867 1459 2907 nunc
1497 2860 1681 2906 autem
1709 2851 1857 2905 socia
1899 2847 2060 2919 Poly-

460 2971 617 3014 xenze
643 2969 750 3011 non
779 2951 980 3008 dicitur
1003 2948 1278 3012 Rebecca,
1302 2943 1396 3000 sed
1421 2945 1552 2998 Sara
1581 2960 1595 2999 :
1621 2957 1786 3012 quare
1813 2941 2060 3012 cogimur

2152 1946 2384 2007 poterat,
2417 1935 2621 1990 nullum
2653 1945 2856 1991 tantam
2893 1945 3218 1994 vetustatem
3266 1937 3550 2007 probaret,
3583 1953 3748 2009 quam

2152 2028 2323 2084 codex
2361 2027 2476 2097 ipse
2524 2025 2672 2082 nullo
2715 2026 2916 2082 labore
2951 2035 3008 2082 et
3051 2027 3396 2083 correctione
3444 2027 3747 2098 expolitus.

2154 2119 2448 2177 Sumamus
2477 2134 2620 2174 nunc
2651 2118 2779 2176 inde
2816 2128 3156 2190 argumenta.
3205 2119 3365 2175 Anno
3413 2117 3626 2175 Domini
3677 2119 3749 2177 δι

2155 2215 2326 2271 codex
2352 2213 2430 2269 sic
2466 2212 2733 2270 habebat:
2765 2210 2947 2268 Floret
2966 2229 3064 2285 per
3090 2214 3146 2267 id
3177 2222 3377 2283 tempus
3400 2215 3452 2268 in
3483 2212 3752 2287 Hispania

2158 2310 2217 2364 C.
2263 2309 2465 2379 Oppius
2505 2307 2566 2362 C.
2609 2305 2680 2362 F.
2723 2306 2783 2362 C.
2812 2315 2960 2378 pater
2999 2307 3255 2375 centurio,
3305 2308 3399 2378 qui
3449 2307 3752 2362 morientem

2158 2400 2420 2457 Christum
2445 2399 2695 2472 praedicat
2728 2397 3107 2470 Hierosolymis
3131 2415 3240 2453 esse
3275 2397 3323 2452 F
3323 2397 3476 2453 ilium
3508 2395 3631 2463 Dei,
3659 2396 3751 2452 ubi

2159 2496 2265 2551 illa:
2305 2502 2472 2561 notte,
2501 2490 2564 2546 C.
2599 2490 2800 2564 Oppius
2833 2489 2895 2546 C.
2927 2488 2996 2544 F.
3031 2490 3092 2547 ϐ.
3121 2500 3265 2562 pater
3303 2491 3560 2557 centurio,
3590 2501 3646 2546 ut
3667 2490 3756 2560 ja-

2158 2595 2303 2653 eeut,
2341 2584 2550 2640 nullum
2581 2597 2800 2638 sensum
2832 2581 3062 2639 reddere
3094 2592 3346 2652 possunt,
3383 2599 3505 2637 nam
3545 2582 3610 2638 C.
3637 2583 3747 2650 0p-

2161 2679 2280 2750 pius
2307 2691 2412 2733 non
2443 2674 2542 2730 fuit
2561 2674 2680 2730 Caii
2712 2674 2876 2740 (ilius,
2905 2688 3005 2729 nec
3028 2681 3181 2745 pater
3202 2673 3486 2738 centurio;
3518 2672 3616 2728 sed
3640 2672 3749 2728 fuit

2161 2769 2409 2827 centurio
2438 2767 2582 2824 lilius
2613 2766 2846 2823 Cornelii
2880 2766 3088 2838 pariter
3107 2765 3445 2822 centurionis
3470 2782 3485 2822 :
3513 2775 3562 2822 et
3597 2774 3751 2837 pater

2161 2862 2412 2919 centurio
2442 2876 2547 2916 non
2583 2859 2900 2930 prtedicavit
2943 2857 3220 2916 Christum
3272 2861 3620 2927 morientem,
3653 2859 3753 2916 sed

2162 2958 2278 3023 ipse
2299 2951 2361 3008 C.
2393 2951 2618 3022 Oppius.
2650 2949 2834 3018 Quare
2863 2950 3172 3007 necessario
3193 2952 3273 3006 sic
3301 2950 3466 3006 verba
3500 2951 3588 3005 illa
3620 2950 3748 3006 red-

463 3048 744 3105 aiiirmare
772 3058 1040 3102 canonem
1094 3040 1254 3096 istum
1280 3031 1859 3116 ,ῐεὶδξίξςζιξζιυᾲὅζξες
1873 3033 2060 3114 nostri

2347 3030 2483 3116 ξιξηι
2506 3059 2523 3098 °.
2546 3041 2605 3098 C.
2630 3041 2832 3112 Oppius
2853 3051 2987 3097 cent.
3010 3041 3074 3096 F.
3098 3041 3256 3097 Corn.
3283 3043 3479 3112 pariter
3498 3042 3754 3098 centurio:

463 3157 574 3201 non
600 3155 722 3196 esse
753 3151 945 3194 recens
970 3150 1001 3191 e
1026 3125 1714 3202 Graecoruit’n'dénblogio;
1730 3129 1824 3184 sul
1841 3124 2061 3185 aliin'tdb

2165 3122 2318 3193 ιῆἒίἱ
2345 3126 2573 3200 seirsus;
2604 3132 2760 3188 Caius
2800 3133 3001 3206 Oppius
3046 3134 3305 3200 centurio,
3349 3134 3490 3205 ﬁlius
3527 3131 3761 3198 Cornelii

460 3231 804 3294 ευσιιΐθιιιηιι
836 3226 932 3284 58d
958 3227 1026 3284 ab
1053 3241 1120 3283 eo
1143 3225 1556 3317 cflllfinllfmfn:
1577 3221 1668 3316 τιξιὶ
1693 3215 2355 3317 Ιῐξθιιοιςεξυρῐξιοςφιξτέιρ·
2378 3229 2714 3317 centurionis,
2744 3229 2834 3299 qui
2854 3228 3156 3284 morientem
3183 3225 3452 3283 Christum
3479 3227 3752 3298 praedicat,

461 3323 638 3394 ipsum
696 3321 1050 3390 Ιπωθθάθτθιν
1096 3299 2278 3426 οξ
2296 3299 2806 3410 hlgitisfuécessario
2849 3317 3184 3374 credendum
3233 3319 3339 3372 alia
3376 3317 3559 3373 Dexrri
3605 3317 3759 3373 tesﬁ-

461 3393 858 3472 vetustioribus
887 3393 1191 3478 acceperit?
1221 3393 1280 3440 ’⁸ο

541 3507 751 3562 Rursus
779 3503 847 3560 ad
875 3517 1077 3558 annum
1100 3500 1314 3557 Domini
1343 3498 1450 3554 235
1473 3499 1647 3568 agitur
1665 3496 1734 3553 de
1764 3497 1945 3553 Felice
1967 3497 2063 3553 illo

467 3599 776 3660 natissimo,
829 3595 922 3665 qui
955 3595 1007 3650 in
1057 3609 1220 3648 causa
1253 3589 1504 3646 Basilidis
1551 3590 1915 3644 Asturicensis
1945 3589 2060 3659 epi-

467 3693 642 3765 scopi,
671 3703 724 3748 et
746 3687 1008 3746 Martialis
1029 3686 1384 3742 Emeritensis
1412 3681 1632 3752 scripsit
1653 3681 1718 3736 ad
1750 3683 1809 3738 8.
1839 3681 2064 3754 Cypria-

469 3801 630 3850 num;
671 3784 788 3854 ejus
819 3796 947 3838 vero
979 3780 1242 3835 memoria
1277 3777 1321 3831 si
1357 3792 1388 3830 a
1417 3777 1683 3830 moderno
1725 3773 2065 3830 scriberetur

469 3888 714 3950 auctore,
741 3887 798 3932 ut
826 3878 1052 3946 antiquo
1078 3874 1372 3937 tribuatur,
1404 3870 1626 3925 dubium
1658 3883 1764 3923 nou
1791 3875 1894 3933 est,
1935 3865 2064 3937 quin

473 3986 596 4028 cum
625 3969 899 4026 communi
924 3969 1264 4035 Scriptorum
1295 3963 1515 4034 placito,
1551 3977 1618 4016 ne
1639 3960 1692 4015 in
1720 3976 1779 4014 re
1810 3959 2068 4014 videlicet

477 4061 760 4119 manifesta
791 4075 822 4114 a
855 4073 984 4112 vero
1019 4056 1284 4120 deviaret,
1322 4061 1572 4107 vocasset
1609 4052 1807 4121 ipsum,
1845 4051 2066 4120 episco-

477 4169 604 4225 pum
631 4151 1173 4220 thsaraugustanum
1201 4163 1216 4212 ;
1262 4145 1575 4216 Cyprianus
1603 4145 1802 4198 etenim
1835 4141 1906 4197 de
1951 4142 2069 4211 ipso

479 4246 652 4316 inquit
677 4262 692 4301 :
717 4243 783 4298 Et
813 4255 864 4296 ut
893 4241 1029 4296 alius
1051 4240 1204 4295 Folia:
1225 4240 1289 4294 de
1309 4238 1704 4308 Caesaraugusta
1729 4235 1850 4306 fidei
1877 4234 2066 4302 cultor,

478 4349 526 4394 et
554 4339 795 4409 defensor
822 4337 1074 4402 ueritatis,
1108 4335 1290 4388 litteris
1321 4334 1428 4388 suis
1454 4331 1735 4402 signiﬁcat.
1765 4329 1920 4384 Nunc
1943 4343 2072 4384 vero

477 4442 666 4489 auctor
729 4440 912 4486 noster
976 4445 1082 4484 nm
1154 4436 1313 4482 vocat
1361 4441 1485 4480 eum
1545 4424 1908 4495 episcopum,
1975 4423 2070 4479 sed

486 4525 884 4596 presbyterum,
927 4535 1027 4576 nec
1054 4519 1122 4574 de
1153 4520 1589 4586 Caisaraugusta,
1625 4514 1718 4570 sed
1752 4513 1818 4569 de
1869 4513 2072 4568 Vallata

2095 3395 2728 3468 ::'rrt"oitia'"c6n°vﬁtcunt.
2763 3411 2976 3480 Ergone
3004 3408 3074 3462 de
3104 3407 3371 3462 industria
3411 3416 3624 3475 poterat
3650 3416 3759 3464 tatu

2167 3505 2394 3574 turpiter
2432 3503 2583 3558 locus
2619 3502 2720 3557 iste
2752 3500 3075 3572 depravari?
3108 3499 3270 3555 Certe
3311 3500 3512 3554 multos
3553 3501 3762 3554 exscri-

2169 3608 2352 3668 ptores
2372 3597 2614 3666 oportuit
2635 3608 2966 3650 concurrere
2991 3594 3056 3646 ad
3082 3600 3286 3646 tantam
3315 3591 3760 3662 deturpationem

2167 3687 2530 3754 eonllaudam,
2565 3701 2596 3742 e
2624 3685 2824 3755 quibus
2851 3684 3190 3740 recentiores
3221 3683 3584 3754 ignorantiam
3617 3697 3762 3755 pra:-

2168 3779 2474 3836 cedeutium
2502 3778 2554 3832 in
2579 3776 2734 3847 pejus
2755 3781 3179 3832 commulareut.

2243 3870 2480 3927 Accedat
2500 3870 2643 3924 aliud
2665 3868 2974 3938 exemplum
2999 3867 3168 3922 multo
3195 3866 3373 3922 adhuc
3396 3866 3762 3924 manifestius.

2171 3965 2329 4020 Anno
2357 3960 2560 4016 Christi
2587 3960 2690 4015 50'.)
2722 3959 2792 4014 ita
2818 3958 3132 4032 legebamus
3160 3958 3212 4012 in
3234 3957 3422 4013 codice
3454 3957 3644 4014 Dextri
3667 3957 3764 4025 qui

2171 4062 2352 4110 exstat
2383 4071 2394 4104 :
2430 4052 2585 4107 Seori
2607 4052 2658 4104 in
2685 4048 2965 4104 Cantabria
2982 4049 3044 4105 S.
3070 4048 3305 4104 Ccntolla
3331 4049 3454 4120 ciuis
3479 4048 3758 4118 Toletana,

2175 4147 2398 4202 consulis
2428 4144 2576 4200 Lucii
2608 4144 2837 4214 Ragouis
2869 4142 3141 4216 Quintiani
3161 4140 3298 4212 filia.
3323 4140 3382 4196 C.

2247 4236 2480 4292 Catania:
2501 4253 2655 4308 passa
2681 4245 2758 4289 est
2785 4233 2879 4289 sub
2907 4234 3062 4302 huius
3085 4243 3233 4304 patre
3259 4231 3323 4286 L.
3359 4233 3642 4297 Quintiano
3669 4232 3773 4301 [or-

2175 4331 2376 4388 tissima
2407 4332 2550 4403 virgo
2589 4330 2651 4385 S.
2685 4327 2913 4400 Agatha,
2950 4345 3106 4395 passa
3135 4343 3255 4382 cum
3283 4325 3490 4382 Helena
3514 4326 3689 4391 vidua,
3717 4327 3768 4380 in

2178 4423 2527 4493 persecutione
2571 4421 2897 4474 Diocletiani.
2923 4418 3067 4474 Nihil
3100 4421 3202 4474 hoc
3242 4419 3360 4472 loco
3391 4416 3766 4485 depravatius:

2178 4517 2257 4571 sic
2286 4514 2430 4570 enim
2457 4515 2624 4568 lectus
2657 4513 2826 4567 multa
2850 4511 3082 4568 absurda
3110 4509 3524 4580 complectitur;
3567 4508 3763 4564 videli-

484 4617 732 4684 uthicua,
775 4614 917 4686 quod
953 4622 1102 4670 certe
1144 4611 1246 4667 nisi
1276 4612 1342 4665 ab
1369 4607 1744 4680 antiquissimo
1771 4607 1934 4662 scribi
1964 4621 2072 4660 non
2103 4603 2153 4662 D
2178 4616 2282 4671 cet,
2302 4604 2443 4677 quod
2465 4615 2649 4660 saneta
2676 4605 2881 4674 Agatha
2902 4619 3056 4674 passa
3080 4601 3151 4656 sit
3171 4602 3222 4655 in
3248 4600 3628 4672 persecutione
3655 4601 3773 4656 Dio-

491 4711 688 4781 potuit,
721 4725 846 4764 nam
894 4705 1141 4762 modcrui
1173 4719 1361 4760 omnes
1385 4702 1734 4760 concorditer
1756 4701 1986 4771 primum
2014 4699 2076 4753 il-

491 4803 581 4860 lud
604 4808 939 4858 asseverant.
985 4797 1056 4854 Ut
1092 4809 1270 4850 autem
1302 4811 1402 4848 suo
1440 4795 1560 4849 loco
1587 4792 1870 4862 perspicue
1894 4799 2080 4846 osten-

491 4895 682 4950 demus
722 4892 826 4963 (ad
859 4906 985 4955 anu.
1019 4889 1232 4943 Domini
1275 4885 1439 4953 235),
1479 4885 1630 4940 Felix
1672 4883 1766 4938 ille
1800 4883 2080 4954 presbyter

493 4987 595 5043 fuit
626 4985 854 5040 Vallatus
875 4983 1128 5039 Urbicua:
1153 4983 1205 5036 in
1234 4979 1495 5046 Vaco-teis,
1523 4996 1628 5032 non
1657 4979 1811 5047 longe
1833 4977 1901 5031 ab
1925 4981 2084 5030 Astu-

495 5080 693 5136 riceusi
727 5079 878 5142 urbe.
910 5079 1066 5146 cujus
1099 5073 1356 5130 Ecclesia:
1387 5087 1606 5126 cad-am
1647 5071 1701 5125 iu
1737 5070 1849 5124 suis
1893 5067 2085 5124 litteris

494 5173 635 5244 apud
667 5183 914 5228 sanctum
945 5168 1275 5241 Cyprianum
1303 5167 1414 5237 egit
1441 5186 1457 5223 ι
1481 5176 1533 5220 et
1560 5163 1706 5219 omni
1737 5161 2088 5217 fundamento

498 5265 814 5322 destituitur
876 5264 1106 5318 assertio
1168 5261 1518 5330 episctrpatus
1572 5253 2083 5328 Catsarattgustani;

497 5362 640 5436 quod
673 5362 834 5417 dante
867 5359 979 5414 Deo
1007 5357 1476 5429 persuadebimus.

571 5457 812 5528 ldipsnm
837 5471 903 5510 ex
926 5453 1146 5517 erratis,
1175 5449 1499 5514 defectibus,
1543 5456 1595 5502 et
1626 5443 2088 5514 supertluitatibus

502 5553 666 5626 hujus
705 5549 915 5606 eodicis
944 5546 1228 5602 evidenter
1257 5542 1503 5598 convinci
1545 5549 1745 5612 potest.
1779 5539 1912 5608 Quis
1942 5539 2086 5593 enim

498 5649 566 5704 de
607 5661 747 5702 novo
774 5641 1085 5699 Chronicon
1133 5639 1407 5703 scribens,
1440 5648 1494 5690 ut
1539 5635 1855 5689 doctissimo
1885 5632 2094 5688 auctori

498 5745 854 5807 supponeret,
900 5748 1006 5788 non
1052 5739 1291 5794 curaret,
1336 5743 1402 5785 ea
1447 5741 1569 5798 qua:
1615 5725 1980 5781 communiter
2012 5738 2094 5778 re-

503 5837 658 5899 Ct‘pla
705 5837 827 5882 sunt
861 5841 968 5883 inn
1003 5824 1252 5891 alternrc,
1285 5819 1419 5877 nihil
1453 5816 1769 5876 incredibile
1811 5817 1883 5875 illi
1915 5815 2088 5872 ascri-

2183 4698 2426 4759 cletiani,
2461 4713 2581 4766 qua:
2613 4705 2790 4751 tamen
2820 4696 2920 4749 sub
2943 4691 3107 4746 Decio
3132 4705 3260 4746 ante
3283 4691 3352 4746 50
3373 4707 3545 4747 annos
3569 4701 3770 4764 marty-

2185 4791 2265 4845 rio
2287 4800 2540 4844 coronata
2565 4789 2762 4844 fuerat:
2785 4794 2838 4840 et
2858 4784 3000 4854 quod
3029 4793 3212 4838 sancta
3243 4783 3442 4838 llelena
3471 4782 3628 4838 vidua
3665 4799 3773 4838 non

2189 4885 2243 4939 in
2272 4881 2548 4951 Hispania,
2574 4881 2667 4937 sed
2689 4877 2926 4934 Cataniae
2947 4892 3100 4947 passa
3126 4875 3217 4944 sit,
3241 4875 3496 4947 sociaque
3525 4875 3582 4931 in
3605 4891 3776 4946 agone

2187 4974 2352 5032 fuerit
2391 4981 2593 5030 sancta:
2620 4968 2868 5041 Agathze,
2900 4985 3019 5040 qua:
3067 4979 3270 5034 tatnen,
3314 4976 3375 5022 ut
3415 4982 3607 5023 onmcs
3635 4953 3779 5022 scri-

2191 5076 2382 5138 plores
2419 5062 2766 5118 concorditer
2814 5062 3073 5125 fatentur,
3103 5059 3256 5116 socia
3283 5059 3382 5115 fuit
3422 5059 3482 5114 S.
3512 5059 3777 5114 Centollae

2191 5161 2442 5230 Hispana:
2473 5157 2732 5224 virginis;
2771 5155 2912 5226 quod
2941 5155 3103 5211 etiam
3137 5155 3191 5209 in
3225 5153 3468 5208 Romano
3507 5163 3778 5222 marter-

2192 5255 2340 5324 logio
2367 5250 2632 5306 asseritur
2661 5248 2750 5304 die
2772 5249 2837 5304 l3
2864 5247 3090 5318 Augusti
3121 5263 3135 5300 :
3165 5253 3221 5300 et
3250 5243 3394 5313 quod
3438 5243 3496 5300 S.
3533 5240 3779 5298 Centulla

2199 5343 2460 5416 martyrio
2493 5351 2750 5398 coronata
2795 5355 2907 5395 non
2933 5341 3006 5394 sit
3034 5355 3048 5392 :
3077 5337 3342 5394 utdemns
3374 5335 3613 5390 litteram
3635 5332 3780 5389 illam

2193 5437 2256 5494 C.
2292 5439 2342 5492 in
2377 5438 2482 5491 line
2513 5434 2712 5505 prioris
2732 5431 2994 5488 clausula:
3027 5431 3237 5485 nullum
3270 5426 3501 5483 reddere
3529 5437 3779 5480 sensum:

2195 5540 2250 5588 et
2278 5543 2455 5584 tamen
2485 5528 2557 5583 ita
2577 5527 2679 5598 legi
2703 5525 2887 5588 debet,
2917 5531 2980 5578 ut
3008 5538 3074 5578 ex
3105 5530 3332 5590 utraque
3357 5531 3462 5572 una
3491 5518 3666 5571 solum
3691 5528 3784 5584 pe-

2199 5623 2385 5680 riodus
2411 5621 2796 5682 constituatur,
2822 5612 2956 5670 etC.
2992 5628 3100 5668 non
3123 5615 3196 5667 sit
3219 5613 3420 5674 littera,
3449 5607 3543 5664 sed
3571 5609 3782 5677 signum

2199 5713 2565 5788 parenthesis,
2597 5725 2706 5781 qua
2735 5715 2904 5763 totum
2948 5703 3104 5772 illud,
3137 5701 3369 5758 (latonia:
3398 5717 3554 5773 passa
3589 5707 3662 5753 est
3692 5694 3785 5750 sub

2199 5809 2358 5880 hujus
2381 5816 2527 5879 patre
2553 5803 2616 5862 L.
2645 5799 2930 5868 Quintiano
2960 5797 3239 5870 fortissima
3279 5795 3418 5867 tirgo
3451 5793 3511 5850 S.
3559 5789 3781 5861 Agatho,
