4166 6178
400 169 472 253 33
1543 181 1863 249 CllRONlCl
1903 177 2162 248 nexrm
2203 185 2574 253 APOLOGIA.

3633 196 3710 262 34

401 307 762 365 claudendum
806 313 920 375 est;
950 313 1007 364 et
1045 307 1126 364 sic
1154 293 1356 363 Helena
1386 319 1510 363 cum
1540 304 1784 364 Centnlla
1813 307 1992 378 jungi-
2019 309 2436 372 Adicaturum?
2475 316 2638 385 unde,
2681 331 2892 388 quaeso,
2936 325 3030 376 aut
3072 332 3242 391 quare
3285 319 3512 379 Orosius
3557 323 3608 380 ei
3649 325 3703 381 in

403 409 514 469 tur,
541 409 598 457 et
625 408 856 472 utraque
884 398 1146 472 martyrio
1171 408 1426 456 coronata
1453 399 1721 455 asseritur
1747 399 1848 455 sub
1872 398 2001 454 Dio-

400 495 666 568 cletiano,
696 512 805 553 non
836 509 974 552 vero
999 505 1186 551 sancta
1219 495 1451 566 Agatha,
1485 497 1536 550 in
1562 495 1704 551 hunc
1735 495 1953 551 modum
1981 513 1994 550 :

400 587 555 646 δεονὶ
580 591 634 643 in
658 587 941 643 Cantabria
965 587 1026 644 S.
1043 585 1302 657 Centolla,
1329 588 1454 642 civis
1475 587 1751 656 Toletana,
1768 588 1999 643 consulis

399 681 465 738 L.
520 682 757 754 Ragonis
798 681 1072 748 Quintiani
1110 679 1226 751 ﬁlia
1273 678 1544 752 (Catania:
1586 697 1740 753 passa
1785 689 1861 736 est
1904 680 1996 735 sub

398 772 559 846 hujus
588 784 734 848 patre
761 773 824 830 L.
872 773 1160 840 Quintiano
1205 773 1496 846 fortissima
1525 774 1667 846 virgo
1706 782 1888 829 sancta
1927 775 1997 828 A-

397 868 556 941 gatha
579 869 621 935 l,
649 885 804 940 passa
831 884 950 923 cum
967 866 1174 923 Helena
1203 867 1382 935 vidua,
1401 869 1453 922 in
1479 868 1836 940 persecutione
1866 863 1996 921 Dio-

398 962 634 1016 cletiani.
664 960 832 1032 Cujus
853 975 1048 1018 sensus
1080 959 1259 1016 facilis
1280 971 1362 1016 est
1385 969 1438 1016 et
1463 961 1801 1031 perspicuus.
1825 957 1992 1016 Certe

401 1061 584 1110 tantus
614 1069 772 1111 error
795 1055 1062 1111 committi
1086 1070 1194 1110 non
1225 1055 1400 1125 potuit
1426 1053 1528 1110 nisi
1557 1054 1627 1109 ah
1647 1053 1996 1122 ignarissimo

397 1149 732 1216 amanuensi,
784 1148 870 1204 vel
917 1147 1328 1204 immoderatius
1369 1147 1438 1203 de
1489 1163 1548 1202 se
1597 1154 1988 1217 prmsumente;

396 1242 488 1314 qui
509 1242 635 1299 dum
657 1243 864 1299 vicinas
913 1242 1212 1300 sententias
1237 1241 1305 1298 ab
1327 1241 1554 1312 alicujus
1583 1240 1735 1296 urbis
1774 1237 1994 1295 nomine

395 1332 635 1403 incipere
665 1333 998 1402 observavit,
1044 1333 1277 1390 credidit
1306 1333 1471 1390 etiam
1514 1347 1544 1386 a
1587 1330 1809 1388 Catania
1861 1344 1999 1386 sen-

398 1427 622 1482 tentiam
652 1427 915 1498 incipere,
946 1436 1003 1482 et
1031 1426 1171 1482 sicut
1197 1426 1430 1498 legebat,
1462 1423 1760 1480 Tarracone
1788 1438 1992 1478 coronat

396 1528 696 1574 sanctorum
727 1529 1035 1591 martyrum.
1071 1517 1384 1592 Carthagine
1415 1518 1475 1574 S.
1510 1516 1789 1572 Concessa.
1826 1513 1894 1568 In
1922 1515 1996 1568 ci-

395 1611 551 1668 nitate
577 1612 808 1669 Saliensi
837 1613 899 1669 S.
935 1611 1241 1667 Marcellus.
1275 1612 1428 1668 Seori
1452 1610 1515 1680 S_.
1540 1608 1806 1672 Centolla;
1829 1616 1883 1662 et
1911 1607 1990 1661 in-

2105 417 2343 464 mentem
2370 409 2601 477 veniret,
2635 421 2690 468 et
2720 412 3133 487 Hieronymum,
3167 417 3252 473 cui
3284 417 3588 474 Chronicon
3617 419 3701 475 di-

2101 511 2281 556 catum
2321 500 2533 570 legebat
2571 501 2738 575 (apud
2784 506 2960 575 ipsum
3004 507 3098 570 lib.
3148 507 3217 563 de
3253 508 3428 579 Scrip.
3461 510 3698 583 Eccles.)

2103 591 2393 647 retineret?
2422 603 2477 648 et
2516 609 2748 663 quonam
2782 606 2940 666 pacto
2975 596 3284 655 Chronicon
3315 600 3457 656 ultra
3495 617 3696 657 annum

2102 683 2171 742 14
2215 686 2426 758 imperii
2457 687 2748 745 Theodosii
2777 691 3036 763 principis
3065 693 3414 765 produceret,
3458 713 3581 753 cum
3615 697 3697 754 le-

2102 787 2256 850 geret
2294 780 2436 850 apud
2475 781 2724 838 eumdem
2759 784 3153 860 Hieronymum
3195 789 3390 846 librum
3420 791 3488 847 de
3519 791 3704 864 Scrip-

2103 881 2207 928 tor.
2239 873 2500 944 scriptum
2545 891 2574 930 a
2620 891 2680 931 se
2729 877 2796 932 M
2830 877 3123 936 Theodosii
3172 883 3353 938 anno?
3387 899 3531 940 nunc
3569 899 3704 941 vero

2102 963 2287 1020 Dextri
2317 964 2626 1023 Chronicon
2661 969 2861 1025 multos
2886 971 3011 1027 inde
3035 989 3206 1029 annos
3238 975 3482 1047 excedit,
3514 976 3566 1032 id
3595 985 3703 1044 est,

2102 1057 2170 1113 ab
2210 1073 2355 1114 anno
2378 1058 2577 1115 Christi
2624 1061 2749 1129 595,
2790 1061 2881 1132 qui
2926 1062 3028 1119 fuit
3060 1064 3148 1120 14.
3191 1066 3502 1139 Theodosii,
3533 1083 3703 1140 usque

2099 1149 2167 1204 ad
2196 1151 2262 1205 15
2290 1151 2578 1208 Theodosii
2612 1151 2850 1208 Junioris
2889 1157 3250 1224 consulatum,
3282 1166 3337 1213 et
3363 1158 3564 1214 Christi
3595 1159 3702 1214 Do-

2099 1243 2228 1299 mini
2272 1243 2401 1301 450.
2447 1244 2620 1300 Nemo
2660 1257 2809 1301 certe
2848 1261 2877 1301 a
2908 1246 3218 1321 Hieronymi
3242 1250 3574 1318 testimonio,
3617 1251 3705 1307 vel

2097 1333 2261 1388 latum
2293 1350 2526 1405 unguem
2550 1334 2878 1406 discederet,
2911 1352 3032 1393 cum
3063 1339 3192 1394 nihil
3228 1339 3340 1397 fere
3377 1341 3530 1396 aliud
3562 1340 3704 1413 apud

2097 1424 2342 1496 vulgatos
2392 1434 2638 1481 auctores
2685 1427 2752 1482 de
2790 1427 2994 1485 Dextro
3031 1433 3289 1504 scriptum
3345 1434 3700 1504 reperiretur,

2099 1514 2241 1585 quod
2272 1517 2427 1585 sequi
2455 1517 2605 1587 quasi
2644 1519 2868 1575 caeleste
2907 1521 3056 1576 sidus
3084 1533 3380 1594 oporteret.
3409 1525 3543 1581 Cum
3572 1540 3704 1598 ergo

2101 1605 2254 1661 valde
2291 1606 2361 1662 ab
2405 1622 2571 1678 scopo
2611 1611 2910 1680 preposito,
2939 1629 3099 1684 quem
3144 1617 3346 1687 absque
3375 1617 3540 1673 dubio
3560 1622 3706 1690 quis-

396 1717 621 1760 numera
655 1703 1001 1774 huiusmodi;
1046 1705 1122 1758 ita
1168 1718 1387 1775 quoque
1437 1701 1666 1758 credidit
1697 1698 1984 1755 dicendurm
2021 1706 2198 1768 Bque
2244 1699 2516 1754 recentior
2552 1712 2910 1770 sequeretur,
2964 1704 3123 1776 longe
3175 1718 3366 1764 auctor
3418 1709 3703 1781 discedat,

394 1793 586 1862 fuisse,
616 1795 850 1851 Catania:
877 1811 1030 1865 passa
1066 1803 1139 1850 est
1185 1794 1249 1850 S.
1281 1793 1484 1865 Agatha
1507 1809 1525 1846 :
1557 1807 1665 1848 non
1694 1792 1986 1847 advertens

397 1889 801 1959 prmredentem
826 1887 1148 1944 sententiam
1181 1885 1515 1941 dimidiatam
1546 1884 1798 1955 relinqui.

468 1978 698 2050 Insuper
741 1979 808 2033 ad
853 1994 1053 2036 annum
1093 1976 1200 2034 429
1224 1977 1518 2033 Toletanus
1547 1976 1780 2032 antistes
1803 1975 1988 2032 vocari

395 2070 590 2128 dicitur
621 2071 910 2140 Martinus,
942 2071 1022 2128 vel
1054 2069 1412 2143 Maiorianus,
1467 2079 1520 2126 et
1549 2085 1691 2125 anno
1712 2069 1820 2126 450
1854 2085 1990 2140 pon-

398 2163 529 2220 tifex
573 2167 1089 2236 Cmsaraugustanus
1127 2174 1354 2221 vocatur
1407 2161 1640 2219 Valerius
1664 2203 1680 2230 ,
1712 2162 1799 2219 vel
1837 2163 1993 2218 Vale-

396 2260 572 2314 rianus
591 2274 610 2324 ;
641 2259 695 2314 in
739 2275 846 2330 quo
905 2273 1038 2314 sane
1069 2257 1237 2329 (quod
1269 2257 1334 2312 ad
1366 2257 1468 2312 alia
1498 2272 1712 2329 quoque
1754 2255 1870 2312 loca
1902 2271 1993 2312 os-

399 2351 667 2406 tendimus
706 2351 760 2405 in
801 2349 1244 2422 Commentariis)
1269 2351 1501 2405 varietas
1530 2348 1780 2405 lectionis
1809 2364 1876 2405 ex
1901 2349 1996 2406 de-

398 2445 713 2516 pravatione
741 2444 1149 2500 amanuensium
1179 2452 1300 2498 orta
1325 2485 1342 2512 ,
1401 2445 1454 2498 in
1488 2452 1694 2499 textum
1747 2443 1988 2500 immissa

397 2548 516 2604 est;
550 2535 810 2609 quosdam
841 2537 980 2593 enim
1029 2537 1319 2593 lectionem
1363 2551 1544 2593 veram
1584 2538 1896 2608 ignorantes
1921 2537 1988 2592 ad

396 2630 694 2701 marginem
718 2645 898 2696 unam,
931 2639 988 2686 et
1026 2630 1079 2685 in
1107 2639 1256 2686 textu
1285 2629 1511 2685 alteram
1553 2639 1868 2696 annotasse,
1899 2643 1988 2684 res

396 2718 512 2790 ipsa
544 2721 842 2787 convincit,
871 2721 947 2777 uti
993 2722 1046 2776 in
1076 2722 1327 2776 omnibus
1360 2721 1598 2789 antiquis
1633 2719 1988 2790 scriptoribus

395 2811 509 2868 ﬁeri
554 2813 954 2884 conspicimus:
987 2813 1119 2868 alias
1161 2813 1303 2868 enim
1336 2827 1568 2883 quonam
1612 2821 1768 2882 pacto
1795 2809 1984 2868 auctor

397 2906 480 2961 sui
512 2905 734 2973 smculi,
767 2915 823 2961 et
865 2907 1053 2976 patria:
1106 2905 1548 2976 prmclarissimos
1601 2905 1870 2962 antistites
1920 2921 1986 2961 ex

397 2998 619 3054 nomine
662 2998 854 3054 saltem
887 3014 992 3054 non
1024 2999 1409 3072 cognosceret?
1439 3008 1529 3053 aut
1561 2998 1681 3068 quis
1715 3003 1987 3054 recentior

2092 1803 2432 1862 consequens
2465 1800 2569 1860 cst,
2603 1803 2660 1848 ut
2692 1795 3010 1852 recentioris
3034 1813 3156 1855 esse
3183 1799 3498 1871 ﬁgmentum
3527 1804 3703 1861 omni-

2095 1881 2270 1938 modis
2315 1881 2654 1952 inﬁclcmur,
2695 1893 2752 1942 et
2793 1902 2894 1944 suo
2921 1889 3126 1945 auctori
3154 1906 3414 1962 germano
3447 1896 3698 1951 restitua-

2094 1989 2214 2028 mus
2235 1989 2392 2044 opus.

2173 2065 2366 2122 Mirum
2393 2077 2477 2124 est
2502 2079 2762 2141 quantum
2789 2071 3071 2130 hominum
3101 2076 3313 2146 ingenia
3343 2078 3484 2134 inter
3511 2094 3568 2136 se
3591 2079 3706 2137 dis-

2093 2157 2333 2224 sideant;
2376 2176 2502 2216 nam
2538 2178 2607 2219 ex
2651 2165 2841 2220 iisdem
2882 2167 3116 2222 ﬂoribus
3146 2169 3366 2240 quidam
3400 2171 3531 2239 mel,
3582 2171 3702 2244 qui-

2095 2251 2216 2306 dam
2257 2269 2390 2310 vero
2421 2255 2489 2310 fel
2527 2267 2582 2312 et
2627 2273 2900 2314 venenum
2938 2261 3197 2332 eliciunt,
3234 2265 3694 2334 quemadmodum

2093 2346 2287 2416 apibus
2316 2357 2368 2402 et
2400 2349 2580 2420 vespis
2607 2350 2804 2406 accidit
2831 2370 2843 2406 :
2875 2362 2930 2406 et
2957 2353 3189 2424 idipsum
3221 2356 3382 2411 nobis
3412 2357 3697 2426 objiciunt,

2092 2454 2200 2510 quo
2225 2455 2319 2496 eos
2343 2440 2686 2498 infestamus.
2718 2443 2844 2498 lndc
2868 2444 3029 2515 igitur
3058 2447 3354 2516 improbari
3379 2449 3699 2505 existimant

2092 2529 2349 2588 Chronici
2381 2533 2543 2604 hujus
2571 2534 2976 2600 auctoritatem,
3005 2539 3149 2609 quod
3193 2539 3262 2594 ad
3297 2539 3688 2614 Hieronymum

2091 2624 2354 2694 scriptum
2387 2639 2491 2680 non
2523 2625 2612 2694 sit,
2645 2627 2788 2698 quod
2824 2628 3008 2684 multis
3034 2639 3242 2687 scatent
3279 2631 3514 2700 mendis,
3547 2635 3690 2705 quod

2091 2718 2339 2790 quaedam
2363 2730 2562 2789 praeter
2582 2723 2823 2777 omnium
2854 2722 3102 2778 notitiam
3143 2735 3196 2780 et
3228 2728 3690 2797 exspectationem

2091 2809 2369 2866 contineat
2409 2829 2420 2865 :
2467 2815 2619 2883 quasi
2659 2828 2789 2868 vero
2828 2829 2934 2869 non
2980 2816 3153 2872 multo
3197 2818 3369 2888 magis
3418 2821 3534 2874 haec
3575 2820 3690 2890 ipsa

2090 2901 2466 2972 antiquitatem
2499 2913 2552 2959 et
2580 2907 2996 2976 gertnanitatem
3027 2909 3268 2964 auctoris
3313 2912 3639 2966 convincunt
3672 2930 3686 2965 :

2095 3002 2150 3049 ut
2168 2995 2329 3050 modo
2349 2996 2784 3066 cxpendebamus
2805 3014 2825 3062 ;
2848 3015 2968 3054 nam
2991 3001 3036 3056 si
3059 3001 3113 3056 in
3129 3010 3348 3058 auctore
3363 3004 3514 3059 mille
3527 3015 3581 3060 et
3598 3003 3697 3059 du-

394 3091 478 3148 cni
509 3092 631 3146 data
655 3102 797 3148 esset
826 3090 1058 3161 ﬁngendi
1087 3100 1350 3162 potestas,
1374 3091 1426 3145 id
1458 3089 1661 3145 DeXll‘O
1681 3090 1981 3146 tribueret?
2009 3083 2054 3146 C
2087 3094 2277 3140 centos
2306 3102 2480 3142 annos
2506 3089 2836 3157 excedente,
2875 3091 3029 3160 cujus
3065 3108 3203 3162 opus
3237 3102 3315 3148 tot
3351 3096 3565 3150 smculis
3599 3095 3698 3150 de-

395 3184 497 3240 nisi
524 3185 706 3240 forsan
737 3185 1019 3253 insaniret,
1042 3193 1098 3241 et
1124 3184 1283 3242 vellet
1309 3184 1548 3240 omnium
1570 3183 1771 3254 judicia
1791 3193 1980 3241 contra

394 3289 453 3332 se
483 3277 781 3333 concitare.

467 3369 670 3426 Adhaec
698 3368 1012 3426 incredibile
1039 3377 1145 3437 est,
1177 3369 1234 3427 S.
1260 3368 1604 3426 Vincentium
1650 3377 1941 3442 martyrem
1967 3409 1983 3436 ,

393 3475 452 3527 et
479 3467 538 3525 S.
572 3467 834 3524 Eulaliam
864 3467 1322 3524 Barcinuneusem
1363 3466 1537 3522 omitti
1567 3465 1806 3536 potuisse
1839 3479 1869 3518 a
1891 3479 1981 3520 rc-

395 3561 658 3629 rentiore,
689 3562 782 3632 qui
812 3561 975 3617 vellet
1015 3561 1213 3617 Dextro
1240 3575 1376 3632 opus
1418 3574 1609 3615 recens
1654 3560 1936 3630 imponere
1965 3573 1980 3624 ;

397 3670 520 3709 nam
547 3651 833 3710 Vincentio
863 3653 1148 3722 illustrior,
1194 3662 1248 3708 et
1296 3652 1476 3708 notior
1532 3668 1598 3708 ex
1655 3649 1986 3721 martyribus

398 3745 578 3800 nullus
606 3752 744 3813 erat,
769 3754 824 3800 et
852 3745 1054 3800 Eulalia
1084 3760 1150 3801 ex
1181 3745 1312 3801 urbe
1341 3743 1512 3815 ipsius
1538 3742 1724 3798 Dextri
1754 3740 1850 3795 fuit
1883 3758 1898 3796 :
1927 3746 1988 3794 ut

399 3836 533 3891 alios
573 3852 640 3892 ex
683 3835 984 3893 notioribus
1016 3836 1266 3908 llispanis
1293 3837 1574 3902 omittam,
1608 3835 1699 3906 qui
1729 3850 1760 3889 a
1798 3832 1987 3888 codice

399 3928 615 3984 absunt.
668 3927 839 3985 Nemo
878 3937 1028 3986 certe
1071 3944 1217 3985 same
1245 3926 1463 3995 mentis,
1484 3928 1576 3997 qui
1602 3926 1986 3998 exquisitiures

405 4027 672 4090 martyres
700 4021 934 4077 intexuit
961 4020 1296 4092 vulgatiores
1319 4021 1605 4076 abnueret.
1642 4019 1718 4074 Ex
1737 4033 1844 4090 quo
1875 4033 1983 4072 Illa-

402 4109 658 4166 nifestum
687 4111 746 4166 ﬁt
791 4112 894 4167 hos
933 4127 1042 4168 non
1079 4127 1202 4169 esse
1258 4113 1545 4182 scriptoris
1585 4110 1853 4175 defectus,
1889 4107 1984 4165 sed

403 4204 801 4274 exscriptorum
829 4222 842 4258 :
873 4205 964 4277 qui
997 4206 1049 4260 in
1073 4219 1237 4276 opere
1269 4206 1536 4261 moderno
1558 4203 1738 4258 locum
1785 4202 1987 4258 habere

404 4311 514 4351 non
543 4298 808 4368 'possunt,
837 4298 933 4354 sed
963 4296 1019 4353 in
1043 4297 1448 4367 antiquissimo;
1495 4299 1549 4351 in
1593 4312 1702 4367 quo
1732 4297 1983 4351 nimirum

400 4386 528 4442 dum
543 4388 1024 4460 longotemporum
1048 4389 1279 4446 decursu
1311 4406 1340 4445 a
1369 4390 1534 4445 variis
1559 4397 1984 4459 transsumptum

2090 3177 2332 3246 lituerat,
2363 3180 2495 3234 nihil
2525 3196 2632 3235 non
2665 3184 2887 3252 vulgare
2916 3184 3278 3253 reperiretur:
3303 3187 3349 3241 si
3373 3187 3546 3242 codex
3579 3190 3695 3260 ejus

2091 3269 2281 3326 nullibi
2329 3273 2624 3328 mendosus
2680 3284 2848 3345 esset,
2899 3292 3233 3349 nusquamve
3283 3279 3696 3338 difﬁcultatibus

2090 3362 2381 3434 implicitus
2410 3407 2425 3432 ,
2474 3367 2594 3436 quis
2633 3382 2738 3422 non
2781 3367 2850 3424 de
2905 3369 3026 3439 ejus
3070 3377 3341 3429 vetustate
3395 3373 3699 3431 difﬁderet?

2094 3475 2296 3529 ergone
2323 3469 2432 3515 tam
2461 3460 2632 3530 iners,
2673 3469 2732 3516 et
2765 3462 2996 3532 ignavus
3020 3464 3233 3532 fuisset,
3269 3476 3326 3520 ut
3354 3466 3487 3522 nihil
3528 3483 3696 3538 pecu-

2092 3552 2222 3610 liare
2251 3563 2556 3621 assereret;
2589 3563 2695 3610 tam
2726 3571 2913 3626 purus,
2941 3566 3000 3612 ut
3032 3557 3102 3612 ab
3128 3549 3558 3630 exscriptoribus
3579 3577 3694 3616 ma-

2092 3647 2264 3703 culari
2292 3663 2400 3702 non
2436 3656 2651 3717 posset;
2683 3648 2826 3718 quod
2856 3663 2957 3705 nec
2985 3649 3114 3720 ipsis
3163 3651 3333 3705 sacris
3372 3650 3526 3706 libris
3565 3667 3697 3706 con-

2091 3753 2302 3795 cessum
2353 3738 2493 3793 fuit?
2538 3738 2644 3794 Alii
2697 3738 3072 3795 verisimiliora
3121 3750 3442 3811 opponunt,
3493 3742 3696 3812 quibus

2091 3847 2234 3886 nunc
2267 3846 2449 3902 operte
2480 3829 2709 3902 pretium
2739 3840 2823 3886 est
2852 3830 3187 3888 satisfacere.

2095 3947 2124 4019 §
2168 3947 2233 4003 ll.
2279 3947 2435 4003 Nihil
2473 3963 2584 4002 esse
2627 3948 2767 4020 quod
2811 3947 2970 4022 hujus
3023 3945 3269 4004 Chronici
3333 3952 3696 4009 auctoritatem

2674 4035 2918 4075 enervare
2947 4031 3122 4091 queat.

2171 4115 2301 4184 Quae
2325 4113 2585 4172 hactenus
2613 4113 2874 4170 adversus
2899 4113 3312 4184 germanitatem
3337 4113 3496 4188 hujus
3519 4116 3692 4176 Chro-

2093 4208 2197 4263 nici
2229 4207 2297 4264 ab
2319 4207 2436 4278 ejus
2460 4204 2854 4263 detractoribus
2879 4207 3100 4263 inventa
3130 4218 3277 4274 sunt,
3304 4213 3516 4266 tametsi
3545 4209 3692 4265 varia

2091 4307 2145 4355 et
2172 4299 2358 4366 multa,
2401 4300 2551 4368 juxta
2591 4299 2926 4368 ingeniorum
2972 4298 3373 4368 diversitatem,
3406 4315 3694 4372 possumus

2095 4408 2193 4448 nos
2213 4391 2475 4448 claritatis
2495 4392 2687 4462 gratia,
2704 4391 2769 4446 ad
2796 4392 2894 4446 tria
2920 4391 3180 4448 reducere
3201 4392 3372 4463 capita
3391 4411 3404 4446 :
3422 4394 3475 4448 l°
3496 4393 3699 4464 Objici-

403 4484 506 4543 est,
548 4477 704 4534 multi
733 4481 970 4552 novique
1014 4479 1068 4535 in
1114 4480 1234 4538 dies
1260 4481 1523 4553 defectus,
1553 4496 1650 4538 seu
1693 4481 1988 4548 oblivione,
2019 4466 2068 4525 D
2097 4495 2178 4540 tur
2202 4483 2465 4555 quodnon
2487 4481 2873 4553 correspondet
2921 4483 3241 4550 conditioni,
3261 4493 3314 4539 et
3342 4483 3693 4554 qualitatibus

404 4587 502 4629 seu
532 4573 817 4630 celeritate
845 4575 1280 4642 amanuensium,
1316 4577 1542 4633 admissi
1578 4579 1744 4634 fuere.
1799 4575 1992 4632 Nullus

407 4665 812 4721 notissimorum
859 4677 1158 4739 martyrum
1183 4667 1381 4740 (utpar
1410 4681 1493 4724 est
1517 4670 1770 4741 credere)
1797 4685 1825 4724 a
1857 4671 1992 4726 Dex-

405 4767 492 4816 tro
507 4761 1019 4832 prretermissusest,
1035 4762 1128 4818 sed
1147 4761 1790 4832 oscitantialihrariurum
1813 4766 1987 4832 multi,

402 4853 860 4924 quemadmodum
895 4853 1214 4909 corumdem
1248 4854 1380 4910 vitio
1414 4853 1549 4911 verti
1596 4854 1792 4912 debent
1824 4867 1994 4913 trans-

405 4943 705 5012 positiones
728 4985 744 5012 ,
790 4953 845 5000 ct
881 4945 1266 5016 replicationes
1305 4947 1661 5016 quarumdam
1695 4951 1992 5004 sententia-

406 5049 550 5102 rum,
593 5036 662 5092 de
713 5037 909 5107 quibus
954 5039 1066 5109 jam
1131 5037 1401 5106 diximus;
1468 5041 1553 5096 cui
1613 5041 1758 5096 enim
1817 5043 1990 5098 semel

410 5128 628 5184 omissa:
655 5127 894 5184 fuissent
935 5140 990 5186 et
1020 5129 1232 5186 restitui
1275 5131 1560 5200 deberent,
1577 5150 1764 5191 errore
1792 5134 1990 5191 factum

406 5226 583 5284 cst,ut
602 5235 722 5292 qua:
739 5219 888 5291 prius
905 5220 956 5275 in
980 5223 1222 5292 margine
1239 5224 1739 5293 restitutarfnerant,
1767 5235 1997 5296 postmo-

409 5312 535 5369 dum
559 5315 627 5372 ab
645 5314 749 5371 alio
765 5315 1098 5386 exscriptorc
1118 5316 1238 5373 loco
1262 5316 1501 5374 indebito
1523 5319 1846 5376 intermixta:
1867 5322 1997 5376 sint.

485 5406 668 5464 Redeo
710 5410 776 5466 ad
816 5411 986 5482 ipsam
1033 5409 1428 5480 prchationem,
1476 5428 1571 5468 seu
1609 5415 1995 5471 dedicatoriam

414 5499 715 5570 epistolam,
749 5519 872 5575 qua:
897 5503 965 5559 ad
997 5502 1218 5559 Paulum
1247 5503 1498 5562 Orosium
1536 5507 1737 5576 scripta
1781 5509 1996 5578 legitur.

411 5589 549 5663 Quis
569 5602 672 5651 tam
700 5596 893 5665 hebes,
918 5605 977 5652 ut
1007 5611 1114 5652 non
1145 5597 1342 5666 videat,
1375 5614 1496 5654 cum
1524 5598 1615 5671 qui
1641 5599 1808 5656 vellet
1833 5601 2002 5656 Chro-

408 5685 571 5749 nicon
599 5689 780 5748 Dextri
812 5691 1035 5769 ﬁngere,
1063 5690 1129 5756 D.
1156 5691 1490 5770 llieronymo
1510 5708 1648 5768 epos
1679 5693 2002 5754 omnimodis

2094 4575 2352 4632 auctoris.
2399 4574 2457 4628 2°
2489 4573 2642 4642 Quod
2685 4589 2784 4629 nec
2814 4573 2971 4628 titulo
3007 4588 3036 4626 a
3068 4573 3267 4628 llextro
3288 4574 3389 4641 ipsi
3415 4573 3694 4642 apposito;

2094 4670 2152 4725 5°
2178 4667 2330 4737 Quod
2355 4667 2575 4721 historia
2600 4667 2715 4736 ipsa
2753 4667 2805 4719 in
2837 4681 2894 4720 se
2922 4655 3164 4735 congerit
3191 4663 3356 4720 multa
3387 4673 3538 4720 tanto
3564 4678 3694 4721 auc-

2095 4769 2210 4817 tore
2236 4761 2470 4831 indigna,
2497 4768 2550 4814 et
2571 4756 2828 4813 nonnulla
2851 4770 3037 4812 eorum
3060 4765 3186 4812 sunt
3202 4756 3369 4812 multo
3395 4757 3693 4814 recentiora

2096 4853 2214 4925 ipso
2240 4863 2462 4908 auctore
2488 4870 2501 4906 :
2530 4861 2581 4908 et
2603 4866 2670 4906 ex
2704 4849 2788 4904 his
2813 4850 3062 4904 omnibus
3083 4851 3323 4918 spuriam
3359 4860 3415 4907 et
3443 4851 3695 4921 supposi-

2104 4941 2211 5001 tam
2233 4946 2418 5001 volunt
2439 4942 2705 5000 convinci.
2731 4941 2838 5000 Sed
2859 4953 3111 5010 caveant,
3147 4958 3355 5014 quaeso,
3377 4943 3537 5016 aede
3559 4943 3692 5015 ipsis

2105 5037 2234 5094 illud
2255 5037 2408 5092 Judzn
2430 5037 2658 5107 apOstoli
2687 5035 2792 5091 dici
2826 5047 2984 5107 queat
3009 5051 3024 5092 :
3051 5033 3126 5088 Hi
3155 5044 3328 5090 autem
3360 5052 3692 5108 quotcumque

2103 5127 2304 5199 quidem
2335 5126 2598 5198 ignorant,
2626 5124 3018 5197 blasphemant;
3051 5142 3385 5198 quaecumque
3399 5137 3570 5182 autem
3591 5145 3690 5184 na-

2105 5219 2375 5285 turaliter,
2418 5228 2677 5290 tamquam
2721 5227 2864 5271 muta
2915 5216 3165 5272 animalia
3213 5229 3406 5274 norunt
3438 5261 3454 5289 ,
3506 5223 3557 5276 in
3610 5223 3692 5276 his

2103 5320 2525 5382 corrumpuntur.
2557 5309 2651 5364 Vte
2670 5309 2799 5364 illis.
2831 5307 2942 5365 Nec
2969 5311 3186 5377 mirum,
3220 5325 3342 5367 cum
3372 5313 3482 5368 sint
3509 5312 3691 5369 Nubes

2099 5405 2210 5459 sine
2246 5420 2404 5474 aqua,
2436 5419 2552 5474 qua:
2588 5420 2620 5456 a
2648 5403 2810 5457 ventis
2848 5405 3304 5474 circumferuntur,
3353 5415 3538 5477 utpote
3568 5422 3689 5476 quae

2101 5497 2489 5553 exterminium
2519 5496 2817 5562 minantur,
2850 5506 2903 5550 et
2935 5493 3240 5562 interitum,
3271 5499 3364 5554 sed
3395 5509 3518 5571 post
3546 5499 3689 5553 toni-

2104 5599 2222 5648 trna
2264 5599 2320 5647 et
2362 5589 2605 5662 fulgura,
2659 5591 2711 5646 in
2758 5599 2954 5648 ventos
2979 5591 3348 5659 resolvuntur,
3391 5599 3446 5647 et
3486 5591 3688 5647 flatus:

2105 5685 2328 5750 Arbores
2355 5684 2701 5760 autumnum,
2743 5685 3105 5759 infructuoste,
3137 5683 3213 5739 his
3246 5694 3479 5758 ntortute,
3513 5685 3690 5742 eradi-
