4158 6180
424 256 496 325 33

1330 260 1629 320 FLAVIUS
1670 260 1919 320 LUCIUS
1959 257 2243 322 DEXTER
2282 260 2810 325 CHRONOLOGUS.

3656 276 3725 333 EG

424 398 576 453 eane,
631 385 886 440 nimirum
931 381 1053 452 quia
1104 378 1314 435 fructus
1358 393 1614 451 pomposa
1663 377 2020 434 lromiositate
2050 384 2093 441 Α
2128 379 2178 434 in
2211 395 2410 434 annum
2466 378 2680 434 Domini
2714 380 2844 449 415,
2889 396 2918 434 a
2948 397 3057 453 quo
3098 398 3269 455 usque
3310 381 3376 438 ad
3407 382 3725 457 Hieronymi

425 473 725 552 pretttissos
765 495 870 533 non
898 475 1208 533 dederunt:
1257 471 1475 528 Fluctus
1500 473 1597 545 feri
1628 474 1807 539 maris,
1836 475 2019 541 dispu-

424 580 625 628 mantes
664 589 789 626 suas
813 569 1177 642 confusiones;
1204 566 1331 621 dum
1360 564 1615 620 videlicet
1642 573 2018 634 tempestatem

425 682 454 721 a
485 666 644 737 longe
677 663 1013 721 minitantes.
1047 661 1101 717 in
1130 676 1380 733 spumam
1410 658 1574 725 illico,
1608 660 1656 711 in
1689 657 1891 714 littoris
1927 674 2017 713 ac-

425 775 608 826 cessu,
632 757 893 814 deficiunt
912 772 1034 811 cum
1062 771 1169 810 non
1197 753 1416 807 minima
1439 751 1521 806 sui
1549 750 1905 807 confusione:
1934 750 2024 804 Si-

426 853 551 907 dera
575 852 827 919 errantia,
862 848 1047 922 quibus
1077 846 1305 918 procella
1347 845 1676 901 tenebrarum
1702 852 1903 898 servata
1947 850 2022 897 est

426 944 480 1000 in
508 953 786 1009 internum,
811 942 939 1014 quia
967 957 1089 997 cum
1119 939 1185 993 ad
1206 936 1475 1009 justitiam
1499 944 1557 990 et
1581 935 1869 990 veritatem
1897 949 2027 1006 pos-

428 1047 551 1092 Sent
583 1040 806 1100 multos,
840 1035 989 1090 velut
1018 1031 1187 1087 stellis
1222 1033 1364 1095 lixae,
1407 1028 1458 1082 in
1489 1036 1776 1099 perpetuas
1806 1026 2027 1081 aeterni-

433 1137 570 1187 tates
601 1128 836 1194 erudire,
867 1138 919 1182 et
944 1127 1057 1180 suis
1077 1123 1317 1179 dominis
1344 1126 1399 1178 et
1419 1122 1735 1176 auctoribus
1765 1120 2023 1191 Opuscula

431 1238 661 1293 qumque
705 1222 982 1281 tribuere;
1032 1226 1295 1285 perpetuo
1325 1223 1702 1278 tempesmtem
1732 1213 1906 1267 instar
1936 1229 2028 1266 er-

431 1314 665 1370 rantium
696 1312 936 1369 siderum
961 1309 1273 1370 concitant;
1304 1317 1353 1362 et
1384 1317 1562 1360 tamen
1588 1305 1721 1373 ipsis
1747 1304 1880 1359 solis
1905 1320 2028 1372 pro-

431 1409 567 1462 cella
591 1405 939 1461 tenebrarmn
959 1409 1170 1457 servata
1189 1409 1292 1463 est,
1323 1400 1539 1454 caeteris
1560 1396 1614 1452 in
1637 1397 1755 1452 luce
1772 1406 1828 1453 et
1846 1395 2029 1466 quiete

434 1497 902 1570 permanentibus.
952 1497 1025 1550 De
1058 1494 1123 1549 iis
1155 1493 1399 1565 profecto
1439 1491 1567 1570 illud
1602 1488 1917 1562 Hieronymi
1961 1487 2028 1544 ad

434 1593 863 1648 calumniatores
910 1590 993 1644 sui
1046 1587 1301 1643 Chronici
1353 1586 1539 1640 dicere
1591 1600 1856 1654 possem:
1907 1581 2031 1637 Non

432 1687 617 1757 ignoro
649 1683 837 1737 multos
869 1686 982 1750 {ore
1001 1678 1114 1749 qui,
1141 1678 1294 1731 solita
1325 1674 1541 1728 libidine
1580 1673 1887 1727 detrahendi
1915 1689 2030 1726 om-

2108 487 2359 529 mortem
2401 490 2508 529 non
2540 475 2832 531 interfuere
2862 483 2941 530 tot
2968 476 3129 545 anni,
3164 487 3220 531 ut
3254 476 3720 543 tnirahilefuerit,

2099 562 2319 622 librum
2354 568 2405 621 in
2437 567 2689 637 lliSpnnia
2724 567 3019 638 scriptum,
3045 569 3110 623 ad
3139 568 3520 642 Hieronymum
3547 571 3600 626 in
3624 569 3726 627 Be-

2126 659 2325 717 thleem
2366 670 2794 715 conunorantem
2844 660 2971 715 dum
3015 659 3191 715 adhuc
3231 662 3467 731 viveret,
3518 659 3724 720 remitti

2131 769 2238 808 non
2285 752 2559 824 potuisse;
2607 751 2907 821 prmsertim
2953 753 3059 819 illis
3103 753 3434 810 calamitosis
3468 754 3724 824 tempori-

2125 845 2259 909 bus,
2308 843 2504 912 quibus
2541 854 2682 899 totus
2726 842 2843 900 fere
2880 844 3053 920 orbis.
3103 846 3300 901 nedum
3348 846 3721 917 Hispaniarum

2128 954 2319 1009 regna,
2335 937 2647 994 incursione
2660 937 3399 1008 Alauorum,Wandalornm,
3421 941 3721 999 Sucvorum

2129 1042 2182 1087 et
2201 1031 2503 1087 Gothorum
2523 1030 2577 1087 in
2599 1032 2831 1087 maxima
2853 1042 3008 1088 erant
3035 1032 3371 1090 confusione.
3399 1033 3506 1089 Sed
3532 1032 3723 1092 demus

2128 1126 2196 1187 de
2223 1125 2530 1182 Theodosio
2567 1125 2757 1196 Magno
2788 1138 2839 1181 et
2869 1125 3098 1195 Seniore
3123 1127 3266 1198 loqui
3293 1126 3680 1197 Hieronymum
3704 1165 3719 1192 ,

2131 1208 2187 1276 et
2228 1233 2355 1273 vere
2404 1218 2598 1274 librum
2638 1234 2796 1274 suum
2842 1219 2910 1274 de
2938 1220 3139 1300 Seript.
3179 1236 3323 1274 anno
3352 1219 3562 1275 Domini
3592 1219 3721 1288 395,

2131 1308 2456 1385 perfecisse;
2507 1308 2628 1379 quis
2658 1322 2834 1365 tamen
2868 1326 2973 1366 non
3007 1311 3213 1376 videat,
3268 1319 3390 1380 post
3414 1310 3721 1367 absolutum

2131 1403 2300 1457 semel
2327 1403 2630 1473 catalogum
2660 1403 2994 1474 Scriptorum
3032 1403 3554 1470 Ecclesiasucorum,
3585 1404 3722 1461 alios

2133 1492 2366 1547 decursu
2417 1490 2677 1565 temporis
2725 1493 3024 1558 addidisse,
3080 1497 3169 1565 qui
3219 1494 3285 1549 ad
3326 1493 3444 1567 ejus
3475 1494 3720 1551 netitiam

2134 1584 2374 1639 nondum
2420 1586 2722 1641 venerant?
2758 1599 2813 1641 et
2834 1597 2983 1643 certe
3019 1586 3228 1658 aliquos
3264 1587 3315 1641 in
3346 1586 3484 1653 dies,
3516 1586 3724 1657 reliquo

2136 1675 2259 1729 vitae
2303 1690 2416 1729 sua:
2459 1685 2724 1745 tempore,
2774 1689 2901 1733 ante
2936 1678 3157 1734 minime
3186 1686 3364 1744 notos,
3411 1679 3719 1750 agnovisse,

435 1776 584 1831 nibus
622 1772 784 1845 (quod
813 1772 972 1824 vitare
1015 1786 1116 1822 non
1145 1777 1331 1841 potest,
1369 1766 1470 1819 nisi
1511 1765 1601 1835 qui
1644 1764 1854 1818 omnino
1896 1763 2031 1817 nihil
2064 1771 2108 1832 Β
2135 1776 2189 1821 ct
2220 1765 2444 1831 aliorum
2473 1770 2563 1838 qui
2607 1778 2726 1838 post
2761 1786 2961 1825 annum
2995 1770 3145 1824 illum
3180 1772 3580 1828 lueubratiooes
3603 1788 3729 1830 suis

433 1866 655 1937 scribit),
689 1864 807 1917 huic
837 1861 1092 1916 volumini
1120 1858 1387 1933 geminum
1416 1858 1619 1912 dentem
1645 1857 1866 1931 inﬁgunt
1891 1871 1910 1911 :
1937 1873 2027 1909 cn-

434 1958 832 2013 lumniabuntur
873 1963 1127 2022 tempora,
1179 1958 1475 2005 converterit
1525 1948 1774 2012 ordinent,
1824 1965 1905 2001 res
1947 1965 2033 2001 ar-

436 2060 610 2121 guont,
642 2048 872 2121 syllabas
893 2045 1246 2112 reuttlabunt;
1274 2053 1321 2098 et
1345 2042 1482 2108 quod
1513 2042 1750 2097 accidere
1772 2041 2035 2112 plerisque

434 2147 586 2210 solet,
620 2144 990 2219 negligentiam
1037 2140 1368 2195 librariorum
1398 2139 1466 2192 ad
1509 2148 1741 2193 auctores
1788 2142 2029 2209 referent.

441 2240 583 2305 Quos
606 2255 721 2292 cum
751 2252 955 2310 possem
986 2253 1096 2289 meo
1117 2239 1242 2308 jure
1270 2244 1608 2299 repercutere,
1638 2243 1690 2286 ut
1721 2232 1766 2286 si
1794 2230 2034 2300 displicet

438 2348 540 2386 non
585 2328 797 2403 legant;
827 2328 968 2383 malo
1002 2338 1173 2384 tmnen
1217 2326 1431 2381 breviter
1470 2327 1702 2399 placatos
1751 2325 2029 2389 dimittere,

437 2439 628 2481 eorum
655 2423 994 2495 objectiones
1023 2438 1117 2491 per
1138 2421 1320 2493 capita
1349 2421 1558 2487 singula
1586 2419 1958 2473 dissolvendo.

513 2515 696 2570 Primo
726 2515 1009 2584 objicitur,
1032 2529 1169 2584 Opus
1202 2528 1307 2567 non
1336 2511 1772 2579 correSpOndere
1795 2511 2030 2578 auctori,

438 2626 562 2665 nam
605 2610 860 2663 Dextrum
906 2607 1149 2675 eportnit
1193 2603 1505 2660 Chronicon
1534 2619 1688 2659 suum
1733 2603 2033 2659 absolvisse

437 2713 563 2758 ante
586 2699 883 2757 Theodosii
928 2714 1154 2765 annum,
1211 2713 1305 2753 seu
1356 2699 1461 2753 595
1511 2712 1540 2752 a
1592 2710 1719 2753 nato
1770 2696 2030 2764 Domino,

442 2806 625 2867 utpote
652 2809 774 2848 cum
804 2793 975 2862 ipsius
1006 2790 1317 2847 meminerit
1362 2790 1426 2847 D.
1463 2790 1823 2863 Hieronymus
1851 2791 1901 2845 in
1937 2789 2031 2845 lib.

439 2888 508 2944 de
540 2887 805 2958 Scriptor.
844 2886 1053 2941 Eccles.
1100 2901 1167 2940 eo
1209 2899 1354 2940 anno
1383 2884 1687 2946 elaborato,
1717 2894 1773 2939 ut
1819 2899 1885 2939 ex
1917 2884 2033 2951 ipso

438 2987 706 3035 constat:
760 2988 814 3032 et
858 2987 1040 3032 tamen
1090 2976 1261 3031 codex
1317 2992 1457 3031 nunc
1511 2976 1797 3046 evulgatus
1862 2990 2033 3045 usque

437 3071 505 3125 ad
557 3086 757 3124 annum
787 3067 944 3123 Dom.
978 3068 1081 3123 450
1111 3066 1392 3122 hisniriam
1425 3065 1689 3143 protrahit
1718 3082 1733 3132 ;
1782 3066 1949 3121 immo
1979 3067 2030 3120 iu

436 3161 589 3219 calce
633 3160 804 3231 ipsius
861 3158 1063 3215 dicitur
1094 3159 1330 3229 scriptus
1377 3174 1504 3213 ann.
1548 3157 1695 3223 “0,
1739 3156 2029 3228 incipiente
2058 3161 2104 3225 C
2134 3162 2267 3229 Quis
2311 3172 2494 3215 autem
2537 3169 2846 3215 monstrare
2892 3162 3089 3230 poterit
3123 3159 3413 3215 identidem
3450 3160 3503 3214 in
3539 3159 3735 3218 Dertro
3811 3168 3825 3175 “

439 3257 679 3311 auctoris
720 3254 881 3311 mtate
912 3254 1214 3327 decrepita.
1265 3242 1490 3324 Insuper
1523 3251 1839 3307 incredibile
1878 3251 2032 3307 vide—

440 3357 548 3412 tur,
576 3346 780 3402 idcirco
818 3347 1016 3400 Urosio
1044 3348 1305 3407 dicatum,
1337 3346 1462 3414 quia
1495 3343 1561 3397 ad
1610 3359 1799 3398 manus
1842 3343 2033 3399 Hiero--

441 3440 589 3513 nymi
627 3436 907 3507 teri-coire
938 3453 1042 3491 non
1077 3438 1266 3504 potuit,
1297 3434 1440 3509 quod
1472 3434 1656 3490 forsan
1684 3428 2028 3504 desumptum

439 3534 537 3588 fuit
567 3548 635 3588 ex
674 3531 768 3586 illo
794 3530 960 3601 ipsius
990 3529 1047 3582 S.
1101 3527 1370 3596 Doctoris,
1408 3525 1598 3583 Fertur
1641 3527 1709 3582 ad
1750 3544 1830 3583 me
1859 3529 2030 3583 omni-

436 3618 645 3679 ‘modam
689 3618 982 3675 Historiam
1035 3619 1297 3680 texuisse.
1330 3636 1484 3690 quam
1532 3617 1754 3673 necdum
1796 3620 1945 3692 legi:
1979 3629 2034 3675 et

437 3725 616 3772 tamen
662 3714 732 3767 ab
760 3729 904 3768 anno
954 3712 1058 3768 393
1088 3725 1198 3783 quo
1245 3710 1608 3782 Hieronymus
1656 3711 1708 3766 id
1758 3710 1915 3775 dixit,
1960 3712 2030 3766 27

437 3807 614 3861 adhuc
641 3804 947 3872 supervixit
978 3817 1151 3857 annos
1183 3802 1202 3875 (
1232 3817 1329 3857 seu
1357 3804 1521 3857 etiam
1554 3803 1735 3874 plures
1774 3802 2028 3875 aliquot),

435 3913 557 3953 cum
601 3896 803 3951 obierit
853 3898 997 3949 anno
1028 3894 1243 3949 Domini
1272 3893 1403 3957 49.0,
1460 3905 1517 3949 ut
1567 3896 1878 3950 communis
1928 3894 2034 3950 fert

436 3978 647 4059 Opinio,
680 3989 762 4043 vel
793 3986 920 4054 426,
950 3995 1005 4041 ut
1036 3969 1140 4039 hoc
1166 3986 1220 4040 in
1262 3985 1466 4041 Dextro
1498 3998 1869 4041 asseveratur.
1898 3986 2035 4055 Quis

437 4097 571 4137 vero
602 4081 813 4144 credat,
869 4092 945 4135 tet
977 4082 1245 4134 annorum
1294 4080 1471 4148 spatio
1512 4079 1694 4133 Dextri
1738 4079 2032 4135 Historiam

436 4174 504 4229 ad
538 4186 730 4226 manus
763 4170 1080 4242 Hieronymi
1113 4185 1218 4225 non
1250 4170 1598 4239 pervenisse?
1629 4169 1857 4227 Accedit
1886 4173 2034 4241 quod

438 4264 700 4319 asseritur
733 4262 933 4317 Dexter
982 4261 1271 4331 prz‘cfcctus
1304 4260 1470 4315 fuis~e
1512 4263 1791 4331 pr:etorio,
1826 4262 1879 4317 in
1927 4280 2034 4333 quo

438 4366 619 4412 tamen
662 4353 862 4427 (aiunt)
910 4355 1020 4409 duo
1067 4353 1254 4409 Dextri
1300 4352 1708 4408 confunduntur
1750 4350 1845 4408 εἰς
1886 4353 2029 4408 enini

434 4448 525 4521 qui
554 4448 749 4504 librum
780 4444 1022 4516 scripsit,
1055 4462 1121 4503 eo
1150 4463 1375 4502 munere
1408 4446 1620 4503 functus
1645 4461 1750 4500 non
1785 4447 1905 4516 fuit,
1934 4445 2030 4502 sed

2135 1858 2550 1928 etulgaverunt,
2577 1862 2780 1931 scripta
2804 1872 2861 1916 et
2885 1864 3103 1916 nomina
3126 1862 3226 1916 sibi
3251 1862 3575 1919 succedente
3597 1875 3732 1917 tem-

2137 1961 2434 2023 porcnnta,
2459 1954 2645 2022 negari
2671 1972 2775 2010 non
2797 1965 2993 2026 petest.
3016 1936 3134 2022 Quo
3165 1956 3332 2010 semel
3364 1956 3512 2024 dato,
3546 1957 3735 2011 simili-

2138 2052 2220 2098 ter
2245 2046 2393 2099 fateri
2419 2052 2657 2114 Oportet,
2681 2056 2931 2101 aut-tetes
2956 2061 3147 2101 recens
3168 2044 3440 2111 inventos,
3462 2062 3560 2103 seu
3583 2049 3735 2103 evul-

2135 2152 2290 2206 gatus
2320 2137 2570 2209 catalogo
2607 2153 2705 2193 suo
2743 2138 3090 2207 adjunxisse.
3118 2152 3239 2193 cum
3284 2137 3348 2191 ad
3382 2137 3511 2192 illud
3543 2138 3732 2195 eadem

2134 2232 2274 2285 ratio
2317 2245 2558 2301 cogeret,
2603 2248 2724 2303 qua:
2751 2232 2817 2288 ad
2849 2232 3193 2287 scribendum
3226 2232 3530 2303 catalogum
3563 2227 3733 2289 movit

2139 2323 2544 2403 Hieronynmm.
2575 2322 2727 2392 Quod
2756 2339 2935 2380 autem
2965 2325 3228 2396 quosdam
3259 2335 3514 2385 auctores
3541 2325 3608 2381 de
3638 2341 3735 2381 no-

2139 2433 2203 2470 vo
2228 2417 2395 2486 priori
2418 2419 2661 2489 catalogo
2688 2417 2980 2486 addiderit,
3011 2420 3267 2492 exemplo
3295 2420 3582 2477 manifesto
3604 2434 3737 2474 eon-

2136 2510 2367 2566 vincitnr
2409 2510 2465 2564 in
2515 2523 2703 2566 sancto
2750 2504 3013 2580 Gregorio
3059 2509 3423 2580 lliberritano,
3472 2511 3562 2579 qui
3604 2526 3735 2567 sane

2138 2602 2314 2658 eidem
2366 2599 2606 2657 insertus
2648 2603 2939 2673 reperitur,
2987 2611 3041 2658 et
3071 2610 3249 2658 tuneo
3276 2614 3397 2675 post
3425 2602 3733 2669 duodecim,

2138 2708 2191 2752 ut
2219 2699 2520 2761 minimum,
2544 2712 2714 2752 annos
2732 2697 2925 2751 librum
2949 2712 3103 2752 suum
3132 2696 3199 2753 de
3220 2694 3353 2752 Fide
3371 2706 3559 2751 contra
3581 2694 3739 2751 Aria-

2139 2804 2236 2847 nos
2273 2790 2522 2859 scripsit,
2558 2799 2752 2861 utpote
2787 2806 2945 2860 quem
2986 2790 3247 2846 dicaverit
3273 2789 3438 2846 Gallae
3483 2788 3736 2845 [incidite

2138 2882 2396 2954 Augusta:
2439 2883 2594 2937 uxori
2619 2883 2851 2953 primum
2875 2882 3128 2950 Ataulplti
3155 2882 3459 2940 Gothorum
3484 2883 3650 2953 regis,
3680 2890 3737 2939 et

2136 2975 2483 3046 postmodum
2534 2974 2832 3038 Constantii
2865 2972 3129 3043 Ctesaris,
3179 2992 3243 3032 ex
3273 2988 3379 3047 quo
3404 2974 3737 3032 Valentinia-

2140 3082 2265 3122 num
2306 3066 2585 3123 Juniorem
2633 3067 2842 3137 peperit
2878 3067 3126 3136 imperio,
3175 3082 3317 3121 anno
3357 3067 3573 3122 Domini
3602 3067 3729 3122 «H9.

2137 3269 2242 3307 non
2281 3249 2581 3308 accidisse?
2623 3252 2791 3307 semel
2823 3267 2952 3307 vero
3002 3252 3363 3320 possibilitate
3410 3263 3732 3319 monstrata,

2135 3345 2333 3402 factum
2366 3345 2540 3414 ipsum
2564 3358 2630 3399 es
2665 3344 2912 3414 catalogo
2939 3343 3278 3417 Hieronymi,
3307 3336 3362 3399 et
3386 3358 3529 3398 anno
3557 3344 3734 3414 scrip-
3784 3382 3804 3409 η

2138 3448 2271 3490 tura:
2319 3435 2508 3491 Dextri
2557 3434 2922 3490 convincitur.
2962 3435 3332 3503 Praeterquam
3363 3435 3506 3507 quod
3546 3436 3736 3491 Hiero-

2136 3542 2330 3599 nymus
2354 3541 2460 3581 non
2493 3523 2730 3581 afﬁrmat
2757 3542 2823 3581 ex
2855 3537 3000 3581 certa
3029 3525 3257 3582 scientia
3290 3526 3554 3583 Dextrum
3582 3526 3647 3582 ad
3676 3542 3737 3580 se
3824 3566 3827 3567 ν

2134 3618 2421 3687 scripsisse
2465 3618 2832 3675 omnimodant
2880 3617 3198 3686 Historiam,
3250 3618 3348 3674 sed
3388 3633 3455 3674 ex
3504 3618 3735 3674 aliorum

2135 3714 2401 3791 relatione
2432 3732 2445 3767 :
2471 3729 2595 3770 nam
2627 3714 2730 3770 ait:
2778 3713 2977 3770 Fertur
3022 3715 3087 3769 ad
3121 3733 3206 3772 me
3233 3714 3603 3772 ontnimodam
3646 3715 3739 3771 Hi-

2141 3806 2367 3861 storiam
2420 3805 2679 3875 texuisse,
2728 3822 2887 3874 quam
2926 3807 3153 3861 necdum
3184 3806 3288 3886 legi
3325 3826 3337 3861 :
3368 3804 3530 3865 facile
3558 3819 3735 3863 tamen

2137 3899 2237 3954 fuit
2274 3896 2544 3954 Chronico
2580 3899 2819 3954 nondmn
2866 3899 3145 3971 perfecto,
3184 3917 3250 3956 ex
3282 3902 3549 3957 relatione
3585 3916 3739 3958 asse-

2139 3990 2309 4046 rentis
2348 3989 2609 4047 Dextrum
2642 3991 2884 4048 scribere
2923 3992 2975 4047 in
3021 3993 3246 4064 gratiam
3288 3994 3476 4064 ipsius,
3524 3993 3641 4064 ejus
3675 3992 3739 4050 li-
3771 4037 3775 4040 .

2137 4082 2343 4138 bruma
2375 4082 2703 4157 Hieronymo
2724 4082 2892 4140 fuisse
2922 4094 3275 4152 annotatum;
3304 4096 3360 4142 et
3384 4087 3737 4141 nihilominus

2140 4190 2247 4229 non
2297 4173 2462 4230 fuisse
2501 4176 2681 4230 statim
2711 4176 3040 4232 onmitnodis
3069 4177 3367 4245 perfectum
3388 4219 3402 4243 ,
3443 4194 3541 4233 nec
3573 4177 3624 4233 in
3658 4177 3738 4232 lu-

2136 4280 2253 4321 cem
2290 4267 2513 4321 missum
2545 4267 2614 4321 ab
2639 4278 2882 4334 auctore,
2916 4269 3009 4323 sed
3044 4280 3163 4340 post
3193 4269 3395 4324 multos
3430 4284 3622 4325 annos.

2216 4357 2407 4415 Adhuc
2448 4359 2492 4414 si
2517 4360 2638 4431 quis
2658 4362 2972 4427 reluctatur,
3005 4377 3108 4415 non
3135 4363 3364 4434 amplius
3387 4360 3730 4427 contendam,

2138 4461 2260 4523 post
2304 4450 2470 4507 semel
2520 4451 2819 4523 perfectum
2876 4453 3202 4526 catalogum,
3250 4454 3511 4510 Dextrum
3567 4454 3736 4511 fuisse

436 4544 523 4620 cui
574 4542 713 4598 liber
758 4541 826 4598 de
856 4540 1062 4611 Script.
1116 4540 1331 4595 Eccles.
1371 4538 1582 4596 dicatus
1631 4549 1746 4609 est;
1795 4552 1849 4597 et
1894 4543 2031 4597 alter
2058 4546 2112 4607 D
2139 4545 2420 4601 insertum.
2460 4543 2565 4601 Sed
2594 4545 2723 4616 quid
2750 4547 2795 4601 si
2829 4545 3027 4602 librum
3056 4563 3214 4603 suum
3250 4548 3451 4604 Dexter
3475 4549 3740 4620 inceperit

436 4614 710 4707 Hispanus
741 4636 862 4697 fuit,
891 4633 1409 4707 mpeteBarcinone
1440 4645 1621 4700 natus,
1653 4636 1794 4691 alter
1830 4634 2029 4691 Roma-

438 4718 564 4798 nos,
584 4729 850 4800 utpotead
866 4734 1026 4800 quem
1055 4731 1418 4804 Hieronymus
1446 4730 1499 4784 in
1534 4730 1805 4800 prooemio
1828 4729 2031 4800 inquit:

441 4818 628 4890 Itaque
676 4816 969 4887 Dominum
1009 4816 1190 4872 Iesum
1237 4819 1503 4873 Christum
1549 4836 1750 4893 precor,
1799 4830 1853 4875 ut
1898 4823 2034 4891 quod

438 4909 619 4966 Cicero
640 4916 781 4977 tuus,
813 4910 902 4979 qui
932 4909 987 4963 in
1010 4926 1130 4964 arce
1152 4910 1401 4965 Romana:
1423 4911 1562 4965 stetit
1582 4913 1908 4983 eloquentiae,
1934 4930 2034 4967 non

438 5012 511 5057 est
540 5006 709 5073 facere
752 5002 1056 5072 dedignatus
1089 5002 1141 5056 in
1175 5001 1360 5071 Bruto,
1404 5013 1672 5058 oratorum
1702 5003 1901 5059 Latinis
1931 5005 2035 5059 lin-

438 5109 554 5165 gute
578 5103 754 5148 texens
774 5095 1069 5167 catalogum
1091 5135 1107 5160 ,
1142 5094 1197 5148 id
1227 5112 1321 5170 ego
1346 5096 1398 5151 in
1440 5094 1689 5151 Ecclesia:
1715 5097 1863 5152 illius
1892 5097 2036 5154 Scri-

439 5184 670 5260 ptoribus
702 5186 1058 5241 enumerandis
1078 5187 1236 5256 digne
1255 5189 1612 5244 cohortatione
1641 5199 1729 5244 tua
1769 5184 2028 5263 impleam.

441 5277 522 5332 Eo
549 5277 816 5346 siquidem
844 5277 1048 5334 Dextro
1072 5279 1272 5336 dicitur
1302 5281 1498 5339 Cicero
1521 5296 1674 5352 suus,
1707 5282 1849 5355 quod
1872 5284 2034 5341 ambo

445 5369 676 5424 “putaui
706 5379 914 5425 essent.

516 5464 583 5515 At
608 5461 722 5516 haec
753 5460 960 5516 facilem
991 5460 1188 5517 habent
1216 5462 1561 5538 solutionem.
1591 5463 1663 5519 Pl.
1685 5478 1769 5521 cet
1799 5466 2039 5523 nonnul-

446 5553 511 5609 lis
531 5595 545 5617 ,
577 5551 718 5624 quod
749 5552 1106 5624 Hieronymus
1135 5557 1239 5619 ait,
1281 5570 1340 5610 se
1370 5556 1437 5611 Η
1471 5553 1757 5613 Theodosii
1785 5559 2038 5628 principis

447 5659 588 5701 anno
619 5646 813 5700 librum
844 5645 991 5700 illum
1022 5645 1321 5703 absolvisse
1345 5688 1361 5714 ,
1391 5648 1792 5720 intelligendum
1821 5666 1940 5705 esse
1971 5652 2037 5706 de

444 5734 753 5795 Theodosio
790 5736 1048 5809 iuniore,
1092 5738 1247 5811 cujus
1276 5754 1450 5797 anuus
1492 5739 1708 5812 impetii
1747 5741 1812 5799 M
1852 5743 2040 5804 incidit

2134 4638 2368 4710 juvenis,
2406 4653 2531 4693 cum
2560 4637 2633 4692 22
2662 4639 2854 4710 agebat
2883 4656 3083 4695 annum
3113 4641 3257 4711 (ejus
3284 4641 3463 4695 mtatis
3492 4651 3611 4698 erat
3636 4658 3736 4696 an-

2139 4745 2210 4786 no
2237 4732 2303 4787 14
2332 4730 2621 4786 Theodosii
2650 4730 2939 4804 Senioris),
2973 4743 3027 4788 et
3063 4733 3319 4803 paulatim
3351 4750 3452 4806 pro
3476 4736 3738 4809 temporis

2146 4822 2528 4878 commoditate
2551 4831 2870 4895 prosecutus
2906 4823 3087 4890 fuerit,
3120 4841 3183 4882 ac
3210 4826 3427 4883 tandem
3453 4843 3621 4884 senex
3646 4844 3738 4883 an-

2136 4906 2210 4972 no
2230 4914 2426 4971 Christi
2460 4917 2567 4971 450
2597 4914 2926 4972 absolverit?
2953 4917 3288 4991 Augustinus
3319 4930 3469 4976 certe
3498 4920 3736 4976 Trinita~

2144 5007 2210 5064 tis
2240 5007 2408 5063 libros
2437 5021 2606 5061 senex
2635 5006 2900 5073 absolvit,
2929 5009 3023 5065 sed
3040 5008 3259 5078 juvenis
3289 5011 3454 5081 coepit
3489 5029 3503 5066 :
3534 5021 3588 5066 et
3616 5010 3735 5083 qui-

2140 5097 2265 5153 dam
2307 5113 2371 5151 ex
2403 5096 2891 5159 recentioribusio
2925 5100 3123 5170 exiguo
3156 5101 3448 5157 admodum
3476 5100 3739 5173 Aphoris-

2140 5205 2352 5246 morum
2401 5189 2686 5244 muralium
2739 5190 3010 5247 volumine
3053 5192 3123 5247 '50
3165 5197 3504 5265 consumpsit
3543 5208 3735 5253 annos.

2140 5278 2197 5337 Id
2246 5282 2387 5352 quo-l
2430 5287 2481 5335 in
2521 5282 2719 5337 Dextro
2750 5282 3087 5354 probabilius
3120 5287 3276 5353 facit,
3306 5287 3559 5355 militare,
3592 5285 3736 5357 quod

2138 5374 2385 5446 'gerebat,
2412 5389 2628 5443 munus,
2660 5388 2711 5430 et
2738 5376 2952 5447 negotia
2978 5378 3254 5433 saecularia
3279 5378 3475 5451 quibus
3494 5395 3522 5433 a
3544 5376 3738 5450 juven-

2151 5479 2263 5523 tute
2314 5466 2565 5522 addictus
2614 5467 2806 5524 fuerat.
2848 5469 2961 5525 Nec
2984 5471 3128 5525 enim
3168 5471 3461 5543 Scriptoris
3498 5470 3736 5526 cilicium

2156 5560 2357 5629 primas
2406 5560 2458 5616 iu
2508 5561 2714 5616 DeXtro
2766 5572 2944 5631 partes
2986 5561 3296 5626 vindicavit,
3340 5562 3433 5620 sed
3466 5562 3651 5618 militia
3684 5573 3737 5617 et

2148 5652 2470 5726 prmfectura
2506 5670 2521 5710 :
2569 5653 2762 5721 quibus
2813 5654 3081 5722 pracipue
3122 5656 3402 5725 intentus,
3456 5655 3736 5713 recreandi

2145 5748 2309 5805 animi
2338 5749 2545 5823 gratia,
2580 5761 2763 5804 rerum
2802 5747 3294 5807 ecclesiasticarum
3337 5749 3531 5808 studiis
3560 5753 3629 5806 ab
3653 5751 3738 5809 itt-
