4166 6178
429 166 505 264 si

1559 199 1882 260 CllRONlCl
1920 177 2177 262 emitr
2216 202 2583 264 APOLOGIA.

3655 208 3728 271 38

434 327 594 377 eunte
611 324 771 376 aetate
790 315 1026 383 deditus,
1046 314 1442 387 nonnihilquod
1462 317 2032 388 snpererattemporis,
2062 321 2120 379 Α
2145 319 2447 375 tnttnimodat
2479 320 2574 387 sit,
2604 318 2844 376 omnium
2873 319 3113 390 gentium
3154 328 3274 376 acta
3297 314 3500 376 referre
3526 319 3683 379 debet
3711 367 3728 392 ,

442 411 554 467 illis
582 409 937 467 concedebat.
970 408 1128 466 [inde
1167 410 1397 478 primum
1433 408 1649 480 quidem
1679 424 1710 463 a
1742 410 1805 464 D.
1839 410 2030 465 lliero—

437 520 601 577 nymo
622 504 809 561 Clarus
837 504 981 574 apud
1026 502 1275 559 secutum
1305 511 1678 574 nuncupatur,
1726 517 1792 559 ac
1834 500 2034 559 deinde

433 597 627 655 Christi
673 598 798 666 ﬁdei
837 598 1079 665 deditus;
1112 598 1412 669 qninimmo
1438 608 1491 653 et
1534 598 1651 667 ipse
1684 596 1750 652 ad
1779 596 2031 653 Orosinm

431 692 642 758 s3rihit,
677 701 737 747 ut
762 706 824 749 ea
851 689 1023 747 studia
1056 698 1483 752 consummaret,
1531 688 1585 743 in
1618 689 1811 758 qLibtts
1837 690 2031 743 bonam

433 785 558 840 vitae
579 792 927 855 suaa‘partem
958 792 1318 853 transegerat,
1339 781 1558 837 domum
1590 780 1845 848 rediisse,
1873 778 2034 836 taedio

434 878 677 931 muniam
727 874 1062 945 publicorum
1106 874 1393 939 allectum,
1443 874 1627 943 ibique
1664 872 2030 927 oninimodam

434 969 731 1025 Historiam
778 966 1094 1037 perfecisse,
1143 979 1315 1037 usque
1341 964 1409 1020 ad
1437 979 1637 1019 annum
1672 962 1873 1019 Christi
1902 962 2031 1031 450,

438 1072 491 1116 et
528 1076 645 1115 eam
694 1060 1022 1130 Hieronymo
1050 1058 1287 1114 dicasse.
1328 1056 1463 1114 Cum
1494 1073 1624 1127 ergo
1669 1068 1795 1113 ante
1837 1056 2036 1129 pracdi-

434 1166 581 1212 ctum
610 1171 811 1210 annum
839 1155 969 1221 395,
1009 1170 1104 1208 seu
1140 1153 1203 1207 Μ
1236 1152 1526 1208 Theodosii
1552 1152 1831 1225 principis,
1863 1152 2034 1207 Chro-

439 1249 597 1303 nicon
636 1262 795 1302 suum
844 1246 899 1301 in
945 1246 1239 1315 juventuto
1284 1246 1565 1315 coepisset,
1617 1258 1676 1300 ut
1708 1246 2035 1317 Hieronymo

437 1340 661 1408 dicaret,
687 1341 843 1397 facile
872 1340 1041 1411 potuit
1068 1355 1134 1396 eo
1164 1341 1280 1411 ipso
1301 1352 1446 1395 anno
1474 1340 1615 1395 illius
1644 1355 1673 1395 a
1703 1340 2036 1413 Hieronymo

438 1437 753 1491 memoriam
798 1435 936 1501 fieri,
977 1435 1170 1490 saltem
1220 1449 1285 1489 ex
1336 1434 1624 1490 relatione.
1674 1433 1857 1504 Neque
1907 1448 2038 1489 vero

438 1530 559 1601 quis
579 1532 854 1586 exiStimet
879 1545 986 1585 non
1009 1529 1177 1583 multo
1208 1528 1507 1599 indiguisse
1530 1538 1776 1595 tempore
1808 1526 1873 1580 ad
1896 1526 2040 1594 ejus-

437 1622 585 1680 modi
625 1622 943 1693 opusculum
975 1618 1397 1691 perliciendum,
1434 1616 1578 1688 quod
1606 1616 1854 1685 exiguum
1887 1616 2038 1670 rolu—
2072 1682 2083 1687 _

2139 413 2280 468 unde
2308 428 2410 468 nec
2436 412 2845 483 imperatorum,
2878 427 2980 467 nec
3007 412 3379 467 Romanorum
3411 413 3727 483 pontiﬁcum

2136 506 2513 561 successiones
2543 520 2695 560 more
2722 502 2979 561 Chronici
3010 503 3290 570 describit,
3311 505 3407 560 sed
3432 507 3731 563 tumultua-

2134 598 2237 663 rie.
2270 606 2324 654 et
2352 597 2684 667 conjunctim
2706 594 2774 653 de
2797 597 2878 652 eis
2909 597 3172 652 meminit.
3203 596 3356 663 Quod
3390 598 3433 653 si
3468 613 3533 653 eo
3563 599 3725 654 etiam

2134 686 2333 742 dicitttr
2354 688 2686 755 omnimodo,
2711 687 2853 756 quod
2885 704 2972 743 res
3005 691 3285 743 universas
3306 732 3320 753 ,
3361 705 3478 758 qum
3502 691 3571 743 ab
3593 690 3728 746 orbe

2135 779 2359 835 condito
2380 780 2446 835 ad
2477 796 2573 836 sua
2602 796 2771 853 usque
2795 788 3042 851 tempora
3066 779 3731 857 decideruntcomplecta-

2136 880 2259 938 tur;
2286 885 2336 926 ut
2370 872 2532 928 etiam
2566 873 2621 928 in
2654 874 2874 944 prologo
2904 874 3059 943 hujus
3088 874 3349 929 asseritur
3377 875 3584 929 Dexter
3610 889 3734 946 per-

2134 964 2353 1030 fecisse,
2383 982 2618 1035 quonam
2651 977 2807 1035 pacto
2845 965 3153 1022 ChrOnicou
3195 969 3506 1037 evulgatum
3540 970 3730 1041 incipit

2136 1072 2165 1112 a
2197 1057 2489 1114 Nativitate
2514 1058 2809 1116 Salvatoris
2834 1059 2857 1114 l
2884 1059 2929 1115 H
2954 1075 3001 1115 te
3026 1060 3232 1117 accedit
3260 1061 3405 1133 quod
3447 1079 3556 1119 non
3584 1080 3694 1121 uno
3715 1105 3731 1129 ,

2135 1151 2438 1222 eodemque
2465 1152 2658 1217 IllOdO,
2689 1162 2981 1221 antequam
3009 1152 3324 1217 ctulcretur,
3356 1156 3729 1211 communit-a-

2139 1244 2299 1300 batur
2326 1244 2394 1300 ab
2424 1244 2832 1299 inventoribus:
2863 1261 2986 1299 nam
3017 1242 3157 1316 apud
3190 1246 3505 1316 episcopum
3536 1247 3733 1318 Segor-

2137 1337 2380 1393 biensem
2407 1345 2525 1393 erat
2553 1337 2727 1393 multo
2754 1340 3102 1406 contractius,
3122 1338 3250 1395 etin
3272 1338 3596 1410 quibusdam
3619 1339 3731 1395 dis-

2136 1426 2339 1486 sonans
2374 1430 2443 1485 ab
2471 1434 2692 1486 e'xcuso.

2213 1524 2409 1579 Parum
2454 1524 2508 1579 itt
2542 1525 2624 1578 his
2654 1524 2942 1580 Chronicis
2994 1524 3122 1597 legit
3154 1566 3166 1589 ,
3224 1527 3314 1596 qui
3366 1523 3736 1582 omnimodam

2140 1615 2429 1670 Historiam
2457 1630 2578 1671 esse
2608 1624 2789 1686 negat,
2823 1632 2944 1671 cum
2971 1616 3024 1671 in
3060 1617 3127 1672 iis
3159 1608 3292 1671 nihil
3342 1618 3459 1673 fere
3512 1629 3736 1686 przeter-

440 1718 588 1771 mine
615 1717 719 1784 sit;
746 1728 833 1769 res
862 1716 1006 1769 cnim
1035 1713 1088 1765 in
1118 1726 1183 1764 eo
1214 1719 1483 1764 contenta:
1513 1709 1758 1773 multam,
1789 1708 2034 1777 longam-
2064 1704 2115 1767 B
2141 1708 2347 1762 miserit
2376 1715 2601 1771 auctor,
2627 1705 2772 1778 quod
2807 1707 2859 1761 ltt
2897 1708 3155 1763 universo
3200 1707 3333 1764 orbe
3372 1707 3438 1762 ad
3479 1707 3741 1764 Ecclesia:

442 1824 551 1878 que
594 1818 811 1862 mtatcnt
856 1807 913 1860 in
954 1812 1175 1858 auttore
1221 1816 1317 1871 pro
1345 1801 1429 1854 sui
1460 1798 1823 1854 t't-rlicatione
1850 1813 2038 1868 posce-

440 1899 606 1962 bant;
636 1907 689 1951 ut
715 1897 1040 1952 rusticorum
1094 1904 1198 1965 esu
1229 1911 1316 1952 res
1347 1894 1713 1965 magnitudine
1748 1893 2037 1949 dumtaxat

447 1991 740 2053 aestimare,
783 2001 833 2043 et
865 2004 971 2044 non
1003 1984 1181 2058 potius
1206 1988 1408 2056 ralore,
1433 1998 1488 2043 et
1509 1988 1725 2043 virtute.
1766 1986 1928 2055 Tute,
1957 1986 2037 2043 le-

438 2090 585 2149 ctor,
614 2082 802 2153 quanti
829 2081 1107 2137 habendus
1128 2082 1340 2137 libellus
1368 2080 1458 2148 sit,
1487 2097 1550 2136 ex
1585 2078 1819 2136 lectione
1833 2094 2038 2150 cogno-

442 2183 581 2227 ερας.

520 2264 654 2320 illud
686 2264 904 2322 tandem
942 2266 1083 2337 quod
1123 2266 1193 2321 de
1236 2264 1686 2334 multiplicatione
1713 2265 2036 2320 Destrorttm

445 2356 725 2422 asseritur,
741 2360 908 2426 gratis
926 2358 1147 2413 Omnino
1170 2356 1372 2413 dictum
1391 2348 1495 2424 est,
1514 2366 1568 2412 et
1588 2356 1705 2412 sine
1727 2355 2042 2411 fundamen-

449 2457 524 2514 to,
567 2461 688 2501 cum
721 2462 820 2503 nec
856 2449 909 2503 in
942 2449 1180 2514 nomine,
1234 2464 1332 2503 nec
1371 2448 1422 2502 in
1454 2458 1718 2517 tempore,
1773 2448 1950 2503 neeiu
1982 2463 2041 2503 te

448 2540 554 2593 alia
584 2538 858 2594 discordia
885 2541 956 2594 sit
984 2558 1000 2595 :
1031 2539 1174 2609 qttnd
1214 2557 1261 2595 et
1286 2539 1359 2595 im
1387 2541 1745 2610 llierony'mus
1774 2540 2036 2596 Dextrum

449 2630 1087 2701 alloquens,Ciceronem
1110 2633 1320 2687 vocarit
1345 2648 1525 2698 suum,
1547 2648 1653 2687 non
1683 2633 1749 2686 ait
1782 2634 2038 2701 patriam,

445 2723 543 2780 sed
571 2723 638 2778 ad
663 2726 1051 2793 professimicnt
1095 2723 1444 2795 eloquentius,
1490 2722 1546 2778 itt
1578 2738 1683 2794 qua
1714 2723 1918 2779 Dexter
1938 2736 2042 2779 ex-

451 2815 708 2882 cellebat,
734 2830 784 2870 et
809 2832 969 2887 quem
1011 2832 1121 2886 pra:
1151 2815 1386 2879 caeteris,
1421 2828 1477 2870 ut
1507 2830 1572 2870 cx
1597 2828 1762 2883 Opere
1791 2824 2038 2885 apparet,

450 2907 781 2974 imitabatur,
817 2921 1125 2978 respectum
1182 2909 1374 2973 habet;
1405 2907 1550 2979 quod
1598 2909 1730 2962 satis
1770 2907 2035 2973 innititur,

447 3014 569 3054 cum
597 2999 898 3069 subjuugit,
924 2998 1103 3057 Cicero
1125 3008 1264 3069 tuus,
1290 3000 1376 3069 qui
1398 3000 1451 3054 in
1478 3015 1598 3053 are:
1627 2999 1879 3055 Romana:
1903 3000 2042 3054 stetit

2139 1800 2485 1871 splendorem
2507 1810 2761 1870 spectans
2789 1799 3068 1864 acciderit,
3090 1809 3143 1854 et
3171 1810 3436 1871 quotquot
3458 1814 3576 1855 eam
3606 1801 3740 1857 scri-

2142 1892 2250 1963 ptis
2277 1890 2362 1945 vel
2394 1890 2725 1946 facinoribus
2753 1891 2987 1963 egregiis
3034 1890 3393 1959 illustrarunt,
3445 1893 3556 1945 suis
3599 1901 3734 1947 tem-

2140 1984 2364 2053 poribus
2393 1981 2704 2036 intexuerit.
2730 1980 2885 2050 Quod
2917 1980 2962 2035 si
2991 1980 3146 2052 plura
3178 1982 3246 2037 de
3271 1982 3435 2038 rebus
3464 1982 3739 2052 Hispanias

2138 2077 2377 2148 scripsit,
2401 2075 2531 2131 vitio
2563 2078 2879 2130 vertendum
2922 2090 3029 2130 non
3077 2083 3163 2131 est
3193 2073 3434 2144 HiSpano
3487 2075 3738 2140 auctori,

2140 2173 2259 2243 quis
2288 2172 2432 2226 enim
2464 2168 2736 2225 Chronica
2769 2180 2977 2237 texens,
3003 2169 3057 2224 in
3082 2170 3247 2224 rebus
3273 2169 3460 2239 patrize
3487 2183 3600 2224 suto
3631 2182 3740 2223 non

2140 2264 2360 2333 Scripsit
2383 2263 2627 2330 uberius,
2657 2262 2709 2316 in
2742 2262 2935 2315 aliena:
2970 2276 3104 2316 vero
3148 2261 3521 2316 contractius?
3566 2261 3739 2316 Ense-

2144 2357 2262 2410 bius
2288 2353 2646 2409 Ctesaricnsis
2676 2355 2899 2411 Graccus
2928 2354 3195 2423 scriptor,
3231 2354 3437 2422 primus
3468 2352 3744 2409 Ecclesia-

2141 2447 2263 2502 stici
2294 2447 2549 2501 Cltrouici
2579 2455 2790 2507 auctor,
2825 2444 2896 2499 de
2920 2443 3127 2501 Cra-ris
3152 2445 3319 2499 rebus
3342 2445 3614 2509 multa,de
3641 2444 3746 2497 La-

2144 2539 2272 2593 tinis
2306 2554 2472 2609 pauca
2505 2538 2750 2596 mzarit:
2779 2537 2917 2592 adeo
2948 2536 3388 2608 utllicronymus
3411 2551 3533 2591 cum
3564 2537 3740 2605 ipsum

2145 2634 2433 2689 Latinitate
2453 2632 2697 2698 donavit,
2730 2632 2896 2687 multa
2932 2631 3245 2687 Latinorum
3280 2630 3591 2695 miscuerit,
3625 2626 3743 2687 lucc

2143 2728 2198 2782 in
2223 2729 2446 2799 prologo
2476 2726 2719 2781 scribens
2749 2741 2765 2782 :
2796 2724 3080 2781 Sciendum
3102 2725 3239 2778 enim
3258 2722 3354 2793 est,
3386 2741 3465 2779 me
3493 2734 3540 2778 et
3575 2720 3747 2779 Inter-

2145 2824 2324 2891 pretis,
2357 2831 2403 2876 et
2433 2820 2720 2892 Scriptoris
2749 2836 2813 2874 ex
2851 2830 2997 2890 parte
3042 2818 3220 2890 ofﬁcio
3278 2835 3431 2872 usum
3457 2862 3471 2886 ,
3530 2817 3653 2889 quia
3698 2827 3745 2872 et

2145 2914 2325 2969 (ἔνατα
2348 2912 2647 2984 ﬁdelissime
2678 2911 2922 2983 expressi,
2951 2920 3001 2965 et
3025 2909 3277 2965 nonnulla
3305 2926 3420 2981 qua:
3440 2910 3567 2964 mihi
3589 2912 3747 2964 inter-

2146 3011 2305 3062 missa
2331 3007 2659 3073 videbantur,
2689 3004 2887 3073 adjeci,
2908 3005 2961 3057 in
2994 3002 3235 3058 Romana
3263 3004 3550 3075 pra'sertim
3585 3003 3749 3057 Itisto-

448 3093 773 3164 eloquentia’.
806 3093 957 3160 Quod
989 3108 1121 3150 vero
1148 3112 1269 3148 eum
1299 3094 1369 3148 de
1393 3102 1620 3149 aut-tore
1645 3091 1904 3149 Cltrouici
1931 3093 2043 3165 egit

2149 3102 2245 3167 ria,
2276 3115 2430 3170 quam
2464 3096 2714 3152 Eusebius
2742 3097 3004 3167 ejusmodi
3024 3098 3266 3151 conditor
3294 3095 3446 3160 libri,
3493 3111 3597 3148 non
3642 3104 3747 3149 tant

452 3198 559 3239 non
595 3186 874 3240 vocarcrit
901 3200 1023 3240 eum
1069 3184 1387 3255 praelectum
1425 3183 1702 3253 praetorio,
1752 3196 1859 3239 non
1889 3184 2040 3238 sulti-

450 3277 543 3345 cit,
593 3288 990 3334 utasserautns
1020 3279 1188 3334 alium
1229 3280 1299 3332 ab
1334 3278 1455 3347 ipso
1481 3276 1797 3348 pra-fectum
1841 3279 2039 3342 fuisse;

453 3384 576 3424 nam
604 3370 768 3426 etiam
799 3385 920 3435 cum
950 3368 1000 3427 ei
1029 3369 1230 3427 dicavit
1265 3367 1585 3439 Opusculmn
1612 3368 1681 3425 de
1713 3368 1910 3439 Scr'pt.
1942 3369 2042 3425 Ec-

451 3462 611 3529 cles.,
638 3477 744 3517 non
770 3463 1019 3532 apposuit
1042 3462 1204 3519 ollicii
1233 3463 1469 3528 titulum,
1502 3461 1597 3518 sed
1619 3461 1938 3532 simpliciter
1962 3462 2044 3517 di-

454 3554 568 3613 xit:
595 3550 947 3624 Hieronymus
984 3552 1198 3608 Dextro.
1243 3552 1516 3616 Hortaris,
1549 3550 1761 3618 Dexter,
1788 3563 1841 3607 ut
1873 3551 2041 3606 Tran-

452 3646 676 3717 quillum
704 3663 951 3716 sequens;
976 3645 1026 3701 id
1057 3662 1088 3701 a
1111 3647 1386 3701 nonnullis
1412 3647 1604 3701 fecisse
1624 3646 1883 3712 creditur,
1913 3645 2043 3700 dum

453 3738 610 3804 dixit,
646 3740 794 3809 quod
823 3748 943 3795 erat
969 3736 1160 3794 Clarus
1200 3738 1342 3808 apud
1383 3739 1634 3793 siccatum
1665 3753 1687 3791 :
1714 3747 1773 3792 ttt
1805 3753 1907 3808 ego
1933 3738 2047 3793 exi-

454 3833 638 3896 stimo,
684 3830 809 3897 quia
860 3828 1099 3886 nondum
1140 3844 1207 3884 eo
1238 3828 1413 3884 fuerat
1448 3827 1631 3884 ollicio
1657 3828 2048 3884 coltoocstatus

457 3937 489 3976 a
518 3921 782 3991 principe,
824 3921 921 3977 sed
962 3924 1014 3976 itt
1043 3922 1168 3978 aliis
1193 3920 1402 3977 militia:
1440 3920 1633 3976 olliciis
1670 3920 2045 3976 exercebatur.

462 4014 591 4070 Post
608 4014 933 4071 decennium
960 4022 1142 4070 autem
1173 4028 1296 4069 cum
1330 4013 1623 4070 secundam
1649 4013 1916 4068 adversus
1943 4013 2051 4068 litt-

459 4107 626 4163 liuum
655 4108 974 4178 Apologiam
1005 4108 1335 4178 composuit,
1384 4107 1599 4163 titulum
1635 4111 1871 4163 nominis
1895 4109 2049 4178 adje-

460 4199 556 4266 cit,
597 4198 847 4269 inquiens
877 4215 893 4256 :
921 4200 1053 4253 Ante
1080 4215 1247 4257 mutos
1288 4200 1446 4269 ferme
1476 4200 1671 4265 decem,
1709 4215 1829 4267 cum
1861 4199 2054 4254 Dexter

460 4289 662 4344 amicus
687 4306 848 4358 meus,
871 4291 961 4362 qui
988 4290 1350 4360 praefecturam
1378 4291 1760 4347 administravit
1787 4291 2047 4363 prunorii,

459 4396 541 4436 me
580 4391 832 4454 rogasset,
876 4389 934 4436 ut
974 4392 1246 4438 auctorum
1289 4395 1481 4451 nostris
1522 4382 1787 4454 religionis
1832 4382 2051 4438 indicem
2090 4444 2101 4449 ι

2142 3191 2431 3262 ignorasse,
2459 3191 2635 3259 utpote
2663 3189 2929 3253 eruditas;
2953 3203 3105 3256 quam
3155 3197 3209 3240 ut
3244 3184 3426 3241 Gra’ce
3470 3186 3701 3241 scribens
3730 3232 3745 3257 ,

2143 3301 2328 3353 parum
2348 3283 2457 3338 suis
2479 3280 2768 3336 necessaria
2798 3281 3164 3352 perstrinxisse
3188 3278 3313 3333 mihi
3343 3279 3566 3334 ridetur.
3602 3281 3749 3335 Con-

2143 3374 2374 3431 tinttavit
2400 3389 2620 3445 quoque
2640 3372 2952 3428 Chronicon
3003 3369 3176 3443 ipsum
3218 3369 3579 3444 Hieronymus
3608 3387 3635 3425 a
3662 3372 3735 3429 20

2144 3465 2481 3523 Constantini
2507 3480 2651 3520 anno
2678 3477 2853 3534 usque
2898 3461 2966 3517 ad
3013 3461 3358 3517 consulatum
3405 3461 3649 3519 Valentis
3679 3462 3748 3519 Vl

2145 3570 2198 3615 et
2230 3555 2589 3614 Valentiniani
2619 3555 2838 3619 iterum,
2868 3551 2965 3610 sed
3000 3561 3169 3609 totum
3207 3568 3348 3623 pene
3388 3552 3456 3609 de
3502 3551 3748 3609 Romana

2147 3650 2396 3718 historia,
2429 3650 2574 3704 velut
2601 3655 2795 3723 auctor
2835 3645 3115 3702 Romanus
3172 3646 3414 3715 scripsit.
3470 3646 3743 3716 Hierony-

2148 3758 2292 3797 mum
2320 3741 2493 3797 secuti
2521 3747 2650 3794 sunt
2674 3739 2727 3792 in
2763 3737 3173 3792 continuatione
3211 3738 3468 3793 Cltrouici
3513 3736 3749 3809 Prosper

2150 3832 2528 3902 Aquitanicus,
2558 3837 2613 3885 et
2646 3828 2833 3884 Victor
2859 3827 3190 3893 Tunneusis,
3210 3828 3300 3897 qtti
3322 3827 3389 3883 de
3411 3830 3574 3884 rebus
3604 3829 3749 3886 Alri-

2148 3939 2229 3980 cm
2257 3934 2348 3979 aut
2377 3921 2716 3989 Aquitaniae,
2747 3918 2801 3974 itt
2836 3920 3033 3991 quibus
3063 3920 3174 3974 nati
3208 3929 3300 3977 aut
3325 3920 3535 3977 educati
3574 3929 3749 3989 erant,

2152 4017 2398 4088 paginam
2427 4014 2811 4084 impleverunt.
2844 4011 2987 4067 Idem
3017 4026 3230 4082 quoque
3277 4010 3594 4067 auctoribus
3630 4013 3754 4069 llis-

2150 4108 2306 4178 pauis
2335 4104 2595 4176 contigit:
2620 4103 2819 4159 ldatius
2852 4102 3205 4159 Lamacensis
3242 4100 3555 4177 Cli'ronicon
3589 4104 3758 4160 Ense-

2154 4201 2227 4257 bii
2253 4200 2588 4256 continuavit
2618 4198 2670 4253 in
2703 4211 2771 4253 co
2800 4196 2921 4252 loco
2956 4198 3007 4250 in
3032 4211 3142 4267 quo
3167 4197 3230 4253 Ι).
3266 4196 3632 4268 Hieronymus
3658 4197 3756 4253 de-

2152 4295 2283 4351 siit:
2313 4304 2368 4350 et
2410 4304 2591 4349 tamen
2640 4300 2749 4346 tam
2793 4290 2960 4345 multa
2987 4290 3055 4344 de
3084 4291 3247 4346 rebus
3303 4288 3757 4358 Hispaniensibus

2158 4387 2400 4458 scripsit,
2427 4384 2570 4455 quod
2604 4383 2672 4438 de
2699 4398 2765 4438 co
2791 4381 2849 4439 S.
2894 4380 3135 4436 Isidorus
3167 4379 3367 4436 dixerit
3396 4380 3492 4437 lib.
3520 4382 3587 4437 de
3615 4380 3757 4438 Viris

460 4481 680 4528 morem
694 4491 714 4540 ;
741 4473 992 4529 videlicet
1012 4471 1141 4543 quia
1160 4473 1270 4543 iam
1303 4490 1369 4530 eo
1394 4474 1577 4530 ofﬁcio
1602 4475 1820 4530 functus
1841 4475 2013 4530 fuerat
2038 4492 2052 4529 :
2084 4465 2138 4529 D
2162 4482 2387 4549 illustr.,
2405 4494 2524 4549 cap.
2550 4478 2613 4532 te
2642 4495 2654 4530 :
2686 4474 2893 4531 ldatius
2916 4477 3199 4549 provincia:
3216 4473 3443 4531 Galatia:
3462 4479 3757 4549 episCOpus,

461 4567 915 4635 quemadmodum
949 4565 1112 4622 etiam
1137 4580 1167 4620 a
1188 4564 1496 4635 Sophronia
1524 4567 1712 4624 titulus
1738 4569 1940 4624 nomini
1962 4569 2057 4624 ad-

456 4656 678 4726 junctus
704 4667 811 4724 est,
852 4673 975 4712 cum
1002 4657 1197 4713 librum
1228 4656 1297 4712 de
1322 4655 1521 4726 Script.
1556 4659 1609 4714 in
1648 4659 1896 4715 Graecum
1929 4677 2051 4718 ver-

464 4758 623 4817 teret,
675 4759 735 4804 ut
773 4748 1033 4805 Erasmus
1072 4750 1125 4804 in
1151 4749 1296 4805 notis
1321 4748 1596 4816 advertit;
1644 4752 1786 4809 unde
1813 4763 2055 4825 postmo-

463 4838 590 4894 dum
623 4839 818 4896 iterum
849 4855 880 4896 c
905 4839 1099 4896 Graeco
1126 4839 1416 4898 Latinitate
1444 4840 1675 4896 donatus
1699 4852 1803 4910 est,
1847 4856 1900 4901 et
1930 4861 2052 4902 cum

467 4930 686 4986 nomine
705 4932 891 4987 titulus
919 4941 1252 5001 perseverat,
1283 4932 1367 4988 his
1395 4934 1595 5001 verbis,
1627 4932 1937 5007 Hieronymi
1959 4942 2068 5007 cpi.

462 5024 599 5077 stola
624 5023 695 5076 ad
718 5022 969 5079 Dextrum
990 5024 1234 5096 prwtorio
1262 5027 1583 5097 profectum,
1617 5042 1645 5081 e
1671 5026 1857 5083 Latina
1890 5031 2068 5102 lingua

473 5114 530 5168 in
559 5112 798 5169 Gra'cam
832 5117 1105 5172 translata.
1148 5115 1257 5172 Sed
1288 5115 1356 5173 ad
1395 5114 1503 5172 alia
1534 5125 1889 5175 transeamus.

539 5204 719 5261 Codex
752 5204 1005 5263 Chronici
1029 5207 1261 5278 evulgati
1297 5208 1592 5281 (inquiunt)
1611 5224 1717 5265 non
1744 5227 2068 5285 correspon-

470 5295 561 5352 det
585 5298 742 5353 titulo
768 5299 911 5354 illius
939 5298 1082 5368 quod
1109 5298 1303 5355 dexter
1340 5301 1688 5369 composuit;
1745 5303 1875 5359 illud
1920 5309 2063 5364 enim

468 5398 610 5455 erat,
642 5389 969 5446 Oamimoda:
993 5390 1267 5458 Historice,
1298 5401 1358 5447 ut
1379 5408 1446 5448 ex
1496 5393 1831 5469 Hieronymo
1860 5398 2065 5470 liquet;

467 5479 570 5538 boc
592 5497 729 5540 vero
754 5499 860 5539 non
905 5484 1151 5540 continet
1178 5483 1470 5541 Historiam
1517 5487 1921 5560 omnimodam,
1967 5492 2079 5550 sed

471 5576 736 5651 preciqu
763 5593 950 5635 rerum
974 5578 1381 5649 Hispanicarum
1413 5596 1426 5635 :
1467 5594 1638 5651 quare
1687 5584 1912 5641 alterius
1964 5601 2064 5643 cu-

461 5664 645 5740 jusvis
662 5686 787 5732 esse
810 5680 1047 5745 oportet,
1079 5687 1242 5748 quam
1263 5672 1469 5745 Dextri,
1492 5670 1652 5746 cujus
1669 5672 1927 5749 Historia,
1947 5693 2073 5742 cum

2161 4583 2369 4628 secutus
2393 4569 2706 4626 Chronicam
2733 4566 2944 4623 Eusebii
2973 4566 3307 4622 Cwsariensis
3338 4569 3567 4640 episcopi
3599 4611 3613 4635 ,
3671 4583 3762 4623 seu

2164 4664 2475 4735 Hieronymi
2502 4661 2807 4733 presbyteri,
2839 4660 2906 4713 ab
2935 4654 3076 4712 anno
3106 4673 3125 4713 ι
3167 4657 3453 4715 Theodosii
3504 4659 3758 4735 Augusti,
3848 4648 3855 4655 ”

2163 4774 2322 4828 usque
2345 4755 2400 4809 in
2426 4767 2624 4808 annum
2648 4750 2848 4823 imperii
2875 4748 3067 4804 Leonis
3105 4748 3255 4805 VIII
3301 4752 3631 4822 subjnuctam
3677 4769 3758 4807 se-

2162 4851 2338 4922 quitur
2361 4845 2634 4901 historiam
2678 4858 2698 4897 :
2740 4843 2796 4897 in
2829 4858 2933 4913 qua
2979 4843 3147 4913 magis
3170 4840 3511 4896 barbararum
3532 4842 3762 4912 gentiam

2173 4943 2306 5000 bella
2360 4937 2594 4996 crudelia
2640 4944 2849 4999 narrat,
2893 4949 3012 5006 quia
3063 4935 3365 5006 premebant
3427 4933 3760 5008 Hispaniam.

2172 5035 2311 5105 Quid
2343 5032 2412 5088 de
2440 5032 2651 5087 Joanne
2674 5025 2972 5083 Viclarensi
3001 5025 3200 5091 dicant,
3226 5036 3412 5095 postea
3443 5025 3764 5082 Getuntlené-

2172 5129 2216 5183 si
2249 5124 2508 5193 episcopo
2532 5160 2547 5187 ,
2577 5117 2669 5189 qui
2701 5128 3022 5188 prosperum
3070 5123 3126 5170 et
3175 5113 3452 5171 Victorem
3511 5114 3762 5186 pra-latos

2171 5215 2493 5274 continuare
2522 5208 2789 5279 promittit
2816 5248 2829 5269 ,
2862 5215 2917 5261 et
2936 5205 3201 5277 quidquid
3231 5206 3573 5275 postmodum
3624 5206 3761 5262 scri-

2175 5310 2272 5373 bit,
2299 5306 2365 5361 ad
2394 5295 2774 5371 lliSpaniarum
2806 5299 3014 5356 Gmhos
3058 5300 3217 5370 reges
3259 5306 3513 5369 spectat,
3564 5297 3763 5356 Liuba-

2171 5417 2319 5468 nem,
2352 5392 2751 5466 Leovigildum,
2786 5400 2839 5446 ct
2877 5389 3250 5456 Becaredum;
3282 5401 3336 5447 et
3378 5390 3647 5462 praecipue
3694 5386 3762 5444 ad

2173 5491 2542 5563 Leovigvldum
2576 5529 2593 5556 ,
2654 5486 2809 5557 cujus
2859 5500 2998 5555 pene
3048 5493 3239 5540 cuncta
3292 5495 3443 5555 gesta
3498 5484 3763 5541 brevitate

2172 5570 2565 5655 Chronologica
2597 5577 2955 5652 perstringit?
2983 5576 3087 5633 Sed
3118 5585 3172 5632 et
3201 5575 3545 5634 Marcellinus
3578 5588 3764 5631 comes

2175 5677 2492 5739 Chronicon
2521 5671 2835 5749 Hieronymi
2866 5669 3300 5738 continuaturus,
3334 5662 3626 5728 Orientalis
3657 5668 3767 5727 lm-
