  <div class='ocr_page' id='page_1' title='image "/cluster/home/n/w/nwhite01/storage/ocr_20150623/31/hvd.32044096580543/025.png"; bbox 0 0 4166 6178; ppageno 0'>
   <div class='ocr_carea' id='block_1_1' title="bbox 460 138 3760 222">
    <p class='ocr_par' dir='ltr' id='par_1_1' title="bbox 460 138 3760 222">
     <span class='ocr_line' id='line_1_1' title="bbox 460 138 3760 222; baseline -0.006 -2"><span class='ocrx_word' id='word_1_1' title='bbox 460 160 531 222; x_wconf 75' lang='grc'><strong>39</strong></span> <span class='ocrx_word' id='word_1_2' title='bbox 1356 154 1657 216; x_wconf 67' lang='grc' dir='ltr'><strong>ἙἹΑἫΟΒ</strong></span> <span class='ocrx_word' id='word_1_3' title='bbox 1696 154 1945 214; x_wconf 84' lang='lat' dir='ltr'><strong>LUCIUS</strong></span> <span class='ocrx_word' id='word_1_4' title='bbox 1984 150 2274 210; x_wconf 74' lang='lat' dir='ltr'><strong>DEXTER</strong></span> <span class='ocrx_word' id='word_1_5' title='bbox 2311 146 2844 207; x_wconf 69' lang='lat' dir='ltr'><strong>CHRONOLOGUS.</strong></span> <span class='ocrx_word' id='word_1_6' title='bbox 3690 138 3760 199; x_wconf 67' lang='lat'><strong>40</strong></span> 
     </span>
    </p>
   </div>
   <div class='ocr_carea' id='block_1_2' title="bbox 458 255 3763 351">
    <p class='ocr_par' dir='ltr' id='par_1_2' title="bbox 458 255 3763 351">
     <span class='ocr_line' id='line_1_2' title="bbox 458 255 3763 351; baseline -0.005 -14"><span class='ocrx_word' id='word_1_7' title='bbox 458 279 593 351; x_wconf 88' lang='lat' dir='ltr'><strong>perii</strong></span> <span class='ocrx_word' id='word_1_8' title='bbox 618 277 875 335; x_wconf 81' lang='lat' dir='ltr'><strong>historias</strong></span> <span class='ocrx_word' id='word_1_9' title='bbox 897 274 1090 346; x_wconf 81' lang='lat' dir='ltr'><strong>majori</strong></span> <span class='ocrx_word' id='word_1_10' title='bbox 1119 289 1188 332; x_wconf 80' lang='lat' dir='ltr'><strong>ex</strong></span> <span class='ocrx_word' id='word_1_11' title='bbox 1217 283 1373 346; x_wconf 85' lang='lat' dir='ltr'><strong>parte</strong></span> <span class='ocrx_word' id='word_1_12' title='bbox 1399 316 1414 340; x_wconf 91' lang='lat'><strong>,</strong></span> <span class='ocrx_word' id='word_1_13' title='bbox 1446 283 1505 329; x_wconf 92' lang='lat' dir='ltr'><strong>ut</strong></span> <span class='ocrx_word' id='word_1_14' title='bbox 1539 284 1668 343; x_wconf 92' lang='lat' dir='ltr'><strong>pote</strong></span> <span class='ocrx_word' id='word_1_15' title='bbox 1719 271 2056 345; x_wconf 86' lang='lat' dir='ltr'><strong>Illyriciauus</strong></span> <span class='ocrx_word' id='word_1_16' title='bbox 2083 273 2130 332; x_wconf 83' lang='lat' dir='ltr'><strong>A</strong></span> <span class='ocrx_word' id='word_1_17' title='bbox 2161 283 2274 324; x_wconf 89' lang='lat' dir='ltr'><strong>sem</strong></span> <span class='ocrx_word' id='word_1_18' title='bbox 2333 277 2634 323; x_wconf 84' lang='lat' dir='ltr'><strong>extractum</strong></span> <span class='ocrx_word' id='word_1_19' title='bbox 2690 265 2877 323; x_wconf 87' lang='lat' dir='ltr'><strong>Dextri</strong></span> <span class='ocrx_word' id='word_1_20' title='bbox 2934 264 3347 338; x_wconf 89' lang='lat' dir='ltr'><strong>reperiebatur,</strong></span> <span class='ocrx_word' id='word_1_21' title='bbox 3392 255 3763 337; x_wconf 81' lang='lat' dir='ltr'><strong>magnitudine</strong></span> 
     </span>
    </p>
   </div>
   <div class='ocr_carea' id='block_1_3' title="bbox 459 365 2062 445">
    <p class='ocr_par' dir='ltr' id='par_1_3' title="bbox 459 365 2062 445">
     <span class='ocr_line' id='line_1_3' title="bbox 459 365 2062 445; baseline -0.006 -16"><span class='ocrx_word' id='word_1_22' title='bbox 459 374 842 445; x_wconf 77' lang='lat' dir='ltr'><strong>prosequitur;</strong></span> <span class='ocrx_word' id='word_1_23' title='bbox 866 371 1011 442; x_wconf 90' lang='lat' dir='ltr'><strong>quod</strong></span> <span class='ocrx_word' id='word_1_24' title='bbox 1044 370 1144 425; x_wconf 87' lang='lat' dir='ltr'><strong>l‘uit</strong></span> <span class='ocrx_word' id='word_1_25' title='bbox 1175 371 1226 426; x_wconf 91' lang='lat' dir='ltr'><strong>in</strong></span> <span class='ocrx_word' id='word_1_26' title='bbox 1256 384 1423 424; x_wconf 87' lang='lat' dir='ltr'><strong>causa</strong></span> <span class='ocrx_word' id='word_1_27' title='bbox 1449 378 1508 424; x_wconf 92' lang='lat' dir='ltr'><strong>ut</strong></span> <span class='ocrx_word' id='word_1_28' title='bbox 1539 367 1593 422; x_wconf 93' lang='lat' dir='ltr'><strong>in</strong></span> <span class='ocrx_word' id='word_1_29' title='bbox 1625 367 1892 438; x_wconf 75' lang='lat' dir='ltr'><strong>prommio</strong></span> <span class='ocrx_word' id='word_1_30' title='bbox 1915 365 2062 420; x_wconf 91' lang='lat' dir='ltr'><strong>dice-</strong></span> 
     </span>
    </p>
   </div>
   <div class='ocr_carea' id='block_1_4' title="bbox 469 457 2066 536">
    <p class='ocr_par' dir='ltr' id='par_1_4' title="bbox 469 457 2066 536">
     <span class='ocr_line' id='line_1_4' title="bbox 469 457 2066 536; baseline -0.006 -15"><span class='ocrx_word' id='word_1_31' title='bbox 469 474 554 521; x_wconf 89' lang='lat' dir='ltr'><strong>ret</strong></span> <span class='ocrx_word' id='word_1_32' title='bbox 579 483 593 520; x_wconf 90' lang='lat'><strong>:</strong></span> <span class='ocrx_word' id='word_1_33' title='bbox 628 463 743 536; x_wconf 86' lang='lat' dir='ltr'><strong>Ego</strong></span> <span class='ocrx_word' id='word_1_34' title='bbox 767 481 886 519; x_wconf 75' lang='lat' dir='ltr'><strong>vero</strong></span> <span class='ocrx_word' id='word_1_35' title='bbox 917 463 1137 535; x_wconf 80' lang='lat' dir='ltr'><strong>simplici</strong></span> <span class='ocrx_word' id='word_1_36' title='bbox 1161 462 1433 517; x_wconf 75' lang='lat' dir='ltr'><strong>dumtaxat</strong></span> <span class='ocrx_word' id='word_1_37' title='bbox 1460 461 1860 531; x_wconf 85' lang='lat' dir='ltr'><strong>computatione,</strong></span> <span class='ocrx_word' id='word_1_38' title='bbox 1880 457 2066 513; x_wconf 81' lang='lat' dir='ltr'><strong>Oricu-</strong></span> 
     </span>
    </p>
   </div>
   <div class='ocr_carea' id='block_1_5' title="bbox 464 553 2064 627">
    <p class='ocr_par' dir='ltr' id='par_1_5' title="bbox 464 553 2064 627">
     <span class='ocr_line' id='line_1_5' title="bbox 464 553 2064 627; baseline -0.004 -16"><span class='ocrx_word' id='word_1_39' title='bbox 464 555 568 611; x_wconf 88' lang='lat' dir='ltr'><strong>tale</strong></span> <span class='ocrx_word' id='word_1_40' title='bbox 591 565 795 610; x_wconf 83' lang='lat' dir='ltr'><strong>tantum</strong></span> <span class='ocrx_word' id='word_1_41' title='bbox 824 565 1034 611; x_wconf 85' lang='lat' dir='ltr'><strong>secutus</strong></span> <span class='ocrx_word' id='word_1_42' title='bbox 1065 553 1374 627; x_wconf 84' lang='lat' dir='ltr'><strong>Imperium.</strong></span> <span class='ocrx_word' id='word_1_43' title='bbox 1408 553 1630 624; x_wconf 90' lang='lat' dir='ltr'><strong>Indigne</strong></span> <span class='ocrx_word' id='word_1_44' title='bbox 1666 554 1829 622; x_wconf 80' lang='lat' dir='ltr'><strong>igitur</strong></span> <span class='ocrx_word' id='word_1_45' title='bbox 1862 554 2064 607; x_wconf 79' lang='lat' dir='ltr'><strong>Dextro</strong></span> 
     </span>
    </p>
   </div>
   <div class='ocr_carea' id='block_1_6' title="bbox 461 645 2065 720">
    <p class='ocr_par' dir='ltr' id='par_1_6' title="bbox 461 645 2065 720">
     <span class='ocr_line' id='line_1_6' title="bbox 461 645 2065 720; baseline -0.002 -17"><span class='ocrx_word' id='word_1_46' title='bbox 461 648 742 718; x_wconf 77' lang='lat' dir='ltr'><strong>obiicitur,</strong></span> <span class='ocrx_word' id='word_1_47' title='bbox 775 648 921 720; x_wconf 88' lang='lat' dir='ltr'><strong>quod</strong></span> <span class='ocrx_word' id='word_1_48' title='bbox 953 650 1006 703; x_wconf 92' lang='lat' dir='ltr'><strong>in</strong></span> <span class='ocrx_word' id='word_1_49' title='bbox 1031 648 1195 704; x_wconf 88' lang='lat' dir='ltr'><strong>rebus</strong></span> <span class='ocrx_word' id='word_1_50' title='bbox 1225 663 1341 704; x_wconf 71' lang='lat' dir='ltr'><strong>sua:</strong></span> <span class='ocrx_word' id='word_1_51' title='bbox 1372 650 1561 718; x_wconf 74' lang='lat' dir='ltr'><strong>patria:</strong></span> <span class='ocrx_word' id='word_1_52' title='bbox 1590 645 1916 701; x_wconf 90' lang='lat' dir='ltr'><strong>annotandis</strong></span> <span class='ocrx_word' id='word_1_53' title='bbox 1939 660 2065 714; x_wconf 83' lang='lat' dir='ltr'><strong>spe-</strong></span> 
     </span>
    </p>
   </div>
   <div class='ocr_carea' id='block_1_7' title="bbox 465 739 2067 810">
    <p class='ocr_par' dir='ltr' id='par_1_7' title="bbox 465 739 2067 810">
     <span class='ocr_line' id='line_1_7' title="bbox 465 739 2067 810; baseline -0.004 -11"><span class='ocrx_word' id='word_1_54' title='bbox 465 743 588 799; x_wconf 90' lang='lat' dir='ltr'><strong>ciali</strong></span> <span class='ocrx_word' id='word_1_55' title='bbox 623 743 926 799; x_wconf 90' lang='lat' dir='ltr'><strong>intentione</strong></span> <span class='ocrx_word' id='word_1_56' title='bbox 947 757 1008 799; x_wconf 90' lang='lat' dir='ltr'><strong>se</strong></span> <span class='ocrx_word' id='word_1_57' title='bbox 1035 741 1331 810; x_wconf 69' lang='lat' dir='ltr'><strong>diffuderit,</strong></span> <span class='ocrx_word' id='word_1_58' title='bbox 1364 756 1486 797; x_wconf 90' lang='lat' dir='ltr'><strong>eum</strong></span> <span class='ocrx_word' id='word_1_59' title='bbox 1534 741 1749 797; x_wconf 73' lang='lat' dir='ltr'><strong>cmteris</strong></span> <span class='ocrx_word' id='word_1_60' title='bbox 1797 739 1937 796; x_wconf 91' lang='lat' dir='ltr'><strong>idem</strong></span> <span class='ocrx_word' id='word_1_61' title='bbox 1991 739 2067 793; x_wconf 58' lang='lat' dir='ltr'><strong>iac</strong></span> 
     </span>
    </p>
   </div>
   <div class='ocr_carea' id='block_1_8' title="bbox 465 833 2069 905">
    <p class='ocr_par' dir='ltr' id='par_1_8' title="bbox 465 833 2069 905">
     <span class='ocr_line' id='line_1_8' title="bbox 465 833 2069 905; baseline -0.002 -13"><span class='ocrx_word' id='word_1_62' title='bbox 465 835 733 892; x_wconf 87' lang='lat' dir='ltr'><strong>cientibus</strong></span> <span class='ocrx_word' id='word_1_63' title='bbox 762 837 895 894; x_wconf 91' lang='lat' dir='ltr'><strong>vitio</strong></span> <span class='ocrx_word' id='word_1_64' title='bbox 927 851 1036 892; x_wconf 89' lang='lat' dir='ltr'><strong>non</strong></span> <span class='ocrx_word' id='word_1_65' title='bbox 1063 846 1330 893; x_wconf 79' lang='lat' dir='ltr'><strong>vertatur.</strong></span> <span class='ocrx_word' id='word_1_66' title='bbox 1375 834 1690 903; x_wconf 85' lang='lat' dir='ltr'><strong>Quinimmo</strong></span> <span class='ocrx_word' id='word_1_67' title='bbox 1731 833 1948 905; x_wconf 87' lang='lat' dir='ltr'><strong>plurimi</strong></span> <span class='ocrx_word' id='word_1_68' title='bbox 1989 834 2069 889; x_wconf 82' lang='lat' dir='ltr'><strong>fa-</strong></span> 
     </span>
    </p>
   </div>
   <div class='ocr_carea' id='block_1_9' title="bbox 465 929 2067 998">
    <p class='ocr_par' dir='ltr' id='par_1_9' title="bbox 465 929 2067 998">
     <span class='ocr_line' id='line_1_9' title="bbox 465 929 2067 998; baseline -0.001 -12"><span class='ocrx_word' id='word_1_69' title='bbox 465 930 720 987; x_wconf 89' lang='lat' dir='ltr'><strong>ciendum</strong></span> <span class='ocrx_word' id='word_1_70' title='bbox 752 940 942 998; x_wconf 90' lang='lat' dir='ltr'><strong>esset,</strong></span> <span class='ocrx_word' id='word_1_71' title='bbox 967 941 1020 987; x_wconf 93' lang='lat' dir='ltr'><strong>et</strong></span> <span class='ocrx_word' id='word_1_72' title='bbox 1061 947 1167 987; x_wconf 88' lang='lat' dir='ltr'><strong>non</strong></span> <span class='ocrx_word' id='word_1_73' title='bbox 1196 931 1390 987; x_wconf 82' lang='lat' dir='ltr'><strong>leviter</strong></span> <span class='ocrx_word' id='word_1_74' title='bbox 1442 930 1551 985; x_wconf 86' lang='lat' dir='ltr'><strong>illis</strong></span> <span class='ocrx_word' id='word_1_75' title='bbox 1597 929 1741 985; x_wconf 87' lang='lat' dir='ltr'><strong>laudi</strong></span> <span class='ocrx_word' id='word_1_76' title='bbox 1790 929 2023 984; x_wconf 91' lang='lat' dir='ltr'><strong>dandum</strong></span> <span class='ocrx_word' id='word_1_77' title='bbox 2051 968 2067 995; x_wconf 91' lang='lat'><strong>,</strong></span> 
     </span>
    </p>
   </div>
   <div class='ocr_carea' id='block_1_10' title="bbox 469 1023 2067 1096">
    <p class='ocr_par' dir='ltr' id='par_1_10' title="bbox 469 1023 2067 1096">
     <span class='ocr_line' id='line_1_10' title="bbox 469 1023 2067 1096; baseline 0 -18"><span class='ocrx_word' id='word_1_78' title='bbox 469 1023 613 1096; x_wconf 91' lang='lat' dir='ltr'><strong>quod</strong></span> <span class='ocrx_word' id='word_1_79' title='bbox 646 1026 1013 1096; x_wconf 80' lang='lat' dir='ltr'><strong>unusquisque</strong></span> <span class='ocrx_word' id='word_1_80' title='bbox 1041 1040 1221 1080; x_wconf 89' lang='lat' dir='ltr'><strong>rerum</strong></span> <span class='ocrx_word' id='word_1_81' title='bbox 1252 1039 1473 1079; x_wconf 90' lang='lat' dir='ltr'><strong>suarum</strong></span> <span class='ocrx_word' id='word_1_82' title='bbox 1503 1024 1749 1079; x_wconf 80' lang='lat' dir='ltr'><strong>notitiam</strong></span> <span class='ocrx_word' id='word_1_83' title='bbox 1775 1024 2067 1094; x_wconf 89' lang='lat' dir='ltr'><strong>specialem</strong></span> 
     </span>
    </p>
   </div>
   <div class='ocr_carea' id='block_1_11' title="bbox 472 1115 2070 1188">
    <p class='ocr_par' dir='ltr' id='par_1_11' title="bbox 472 1115 2070 1188">
     <span class='ocr_line' id='line_1_11' title="bbox 472 1115 2070 1188; baseline -0.001 -16"><span class='ocrx_word' id='word_1_84' title='bbox 472 1115 630 1172; x_wconf 90' lang='lat' dir='ltr'><strong>nobis</strong></span> <span class='ocrx_word' id='word_1_85' title='bbox 651 1116 934 1183; x_wconf 88' lang='lat' dir='ltr'><strong>donarint;</strong></span> <span class='ocrx_word' id='word_1_86' title='bbox 972 1127 1029 1172; x_wconf 90' lang='lat' dir='ltr'><strong>et</strong></span> <span class='ocrx_word' id='word_1_87' title='bbox 1056 1116 1198 1186; x_wconf 90' lang='lat' dir='ltr'><strong>quod</strong></span> <span class='ocrx_word' id='word_1_88' title='bbox 1232 1117 1285 1171; x_wconf 93' lang='lat' dir='ltr'><strong>in</strong></span> <span class='ocrx_word' id='word_1_89' title='bbox 1325 1116 1391 1171; x_wconf 92' lang='lat' dir='ltr'><strong>iis</strong></span> <span class='ocrx_word' id='word_1_90' title='bbox 1433 1131 1493 1171; x_wconf 92' lang='lat' dir='ltr'><strong>se</strong></span> <span class='ocrx_word' id='word_1_91' title='bbox 1541 1115 1864 1172; x_wconf 83' lang='lat' dir='ltr'><strong>dilTuderint</strong></span> <span class='ocrx_word' id='word_1_92' title='bbox 1895 1157 1910 1184; x_wconf 95' lang='lat'><strong>,</strong></span> <span class='ocrx_word' id='word_1_93' title='bbox 1948 1131 2070 1188; x_wconf 66' lang='lat' dir='ltr'><strong>quae</strong></span> 
     </span>
    </p>
   </div>
   <div class='ocr_carea' id='block_1_12' title="bbox 470 1209 2074 1281">
    <p class='ocr_par' dir='ltr' id='par_1_12' title="bbox 470 1209 2074 1281">
     <span class='ocr_line' id='line_1_12' title="bbox 470 1209 2074 1281; baseline 0 -15"><span class='ocrx_word' id='word_1_94' title='bbox 470 1210 645 1280; x_wconf 90' lang='lat' dir='ltr'><strong>magis</strong></span> <span class='ocrx_word' id='word_1_95' title='bbox 674 1222 950 1281; x_wconf 89' lang='lat' dir='ltr'><strong>comperta</strong></span> <span class='ocrx_word' id='word_1_96' title='bbox 981 1209 1258 1266; x_wconf 86' lang='lat' dir='ltr'><strong>habebant</strong></span> <span class='ocrx_word' id='word_1_97' title='bbox 1283 1252 1300 1276; x_wconf 96' lang='lat'><strong>,</strong></span> <span class='ocrx_word' id='word_1_98' title='bbox 1351 1218 1408 1265; x_wconf 87' lang='lat' dir='ltr'><strong>et</strong></span> <span class='ocrx_word' id='word_1_99' title='bbox 1445 1209 1500 1265; x_wconf 92' lang='lat' dir='ltr'><strong>in</strong></span> <span class='ocrx_word' id='word_1_100' title='bbox 1529 1210 1726 1281; x_wconf 89' lang='lat' dir='ltr'><strong>quibus</strong></span> <span class='ocrx_word' id='word_1_101' title='bbox 1748 1211 1927 1266; x_wconf 91' lang='lat' dir='ltr'><strong>minus</strong></span> <span class='ocrx_word' id='word_1_102' title='bbox 1955 1221 2074 1266; x_wconf 90' lang='lat' dir='ltr'><strong>erat</strong></span> 
     </span>
    </p>
   </div>
   <div class='ocr_carea' id='block_1_13' title="bbox 471 1304 2070 1376">
    <p class='ocr_par' dir='ltr' id='par_1_13' title="bbox 471 1304 2070 1376">
     <span class='ocr_line' id='line_1_13' title="bbox 471 1304 2070 1376; baseline 0 -16"><span class='ocrx_word' id='word_1_103' title='bbox 471 1304 689 1360; x_wconf 87' lang='lat' dir='ltr'><strong>errandi</strong></span> <span class='ocrx_word' id='word_1_104' title='bbox 717 1304 1040 1376; x_wconf 86' lang='lat' dir='ltr'><strong>periculum,</strong></span> <span class='ocrx_word' id='word_1_105' title='bbox 1083 1304 1355 1375; x_wconf 89' lang='lat' dir='ltr'><strong>simulque</strong></span> <span class='ocrx_word' id='word_1_106' title='bbox 1387 1319 1500 1360; x_wconf 82' lang='lat' dir='ltr'><strong>rem</strong></span> <span class='ocrx_word' id='word_1_107' title='bbox 1527 1305 1643 1360; x_wconf 91' lang='lat' dir='ltr'><strong>suis</strong></span> <span class='ocrx_word' id='word_1_108' title='bbox 1673 1304 1841 1376; x_wconf 86' lang='lat' dir='ltr'><strong>magis</strong></span> <span class='ocrx_word' id='word_1_109' title='bbox 1862 1313 2070 1376; x_wconf 89' lang='lat' dir='ltr'><strong>gratam</strong></span> 
     </span>
    </p>
   </div>
   <div class='ocr_carea' id='block_1_14' title="bbox 476 1398 2076 1470">
    <p class='ocr_par' dir='ltr' id='par_1_14' title="bbox 476 1398 2076 1470">
     <span class='ocr_line' id='line_1_14' title="bbox 476 1398 2076 1470; baseline -0.001 -17"><span class='ocrx_word' id='word_1_110' title='bbox 476 1407 532 1453; x_wconf 88' lang='lat' dir='ltr'><strong>et</strong></span> <span class='ocrx_word' id='word_1_111' title='bbox 563 1400 926 1454; x_wconf 88' lang='lat' dir='ltr'><strong>necessariam</strong></span> <span class='ocrx_word' id='word_1_112' title='bbox 961 1399 1294 1468; x_wconf 73' lang='lat' dir='ltr'><strong>prtcstabant</strong></span> <span class='ocrx_word' id='word_1_113' title='bbox 1319 1439 1334 1464; x_wconf 94' lang='lat'><strong>,</strong></span> <span class='ocrx_word' id='word_1_114' title='bbox 1365 1407 1424 1451; x_wconf 90' lang='lat' dir='ltr'><strong>ut</strong></span> <span class='ocrx_word' id='word_1_115' title='bbox 1462 1398 1828 1470; x_wconf 85' lang='lat' dir='ltr'><strong>Hieronymus</strong></span> <span class='ocrx_word' id='word_1_116' title='bbox 1865 1400 1934 1452; x_wconf 90' lang='lat' dir='ltr'><strong>de</strong></span> <span class='ocrx_word' id='word_1_117' title='bbox 1966 1399 2076 1452; x_wconf 88' lang='lat' dir='ltr'><strong>Eu-</strong></span> 
     </span>
    </p>
   </div>
   <div class='ocr_carea' id='block_1_15' title="bbox 476 1489 2074 1562">
    <p class='ocr_par' dir='ltr' id='par_1_15' title="bbox 476 1489 2074 1562">
     <span class='ocr_line' id='line_1_15' title="bbox 476 1489 2074 1562; baseline -0.001 -17"><span class='ocrx_word' id='word_1_118' title='bbox 476 1489 629 1546; x_wconf 85' lang='lat' dir='ltr'><strong>sebio</strong></span> <span class='ocrx_word' id='word_1_119' title='bbox 650 1490 806 1546; x_wconf 84' lang='lat' dir='ltr'><strong>dixit.</strong></span> <span class='ocrx_word' id='word_1_120' title='bbox 843 1490 978 1545; x_wconf 91' lang='lat' dir='ltr'><strong>Hinc</strong></span> <span class='ocrx_word' id='word_1_121' title='bbox 1001 1493 1197 1545; x_wconf 82' lang='lat' dir='ltr'><strong>factum</strong></span> <span class='ocrx_word' id='word_1_122' title='bbox 1230 1499 1333 1558; x_wconf 86' lang='lat' dir='ltr'><strong>est,</strong></span> <span class='ocrx_word' id='word_1_123' title='bbox 1361 1499 1418 1545; x_wconf 88' lang='lat' dir='ltr'><strong>ut</strong></span> <span class='ocrx_word' id='word_1_124' title='bbox 1457 1489 1638 1562; x_wconf 90' lang='lat' dir='ltr'><strong>(quod</strong></span> <span class='ocrx_word' id='word_1_125' title='bbox 1669 1492 1721 1544; x_wconf 91' lang='lat' dir='ltr'><strong>in</strong></span> <span class='ocrx_word' id='word_1_126' title='bbox 1752 1489 1939 1546; x_wconf 86' lang='lat' dir='ltr'><strong>codice</strong></span> <span class='ocrx_word' id='word_1_127' title='bbox 1971 1491 2074 1544; x_wconf 92' lang='lat' dir='ltr'><strong>isto</strong></span> 
     </span>
    </p>
   </div>
   <div class='ocr_carea' id='block_1_16' title="bbox 474 1581 2078 1655">
    <p class='ocr_par' dir='ltr' id='par_1_16' title="bbox 474 1581 2078 1655">
     <span class='ocr_line' id='line_1_16' title="bbox 474 1581 2078 1655; baseline -0.003 -15"><span class='ocrx_word' id='word_1_128' title='bbox 474 1583 745 1655; x_wconf 75' lang='lat' dir='ltr'><strong>ridemus)</strong></span> <span class='ocrx_word' id='word_1_129' title='bbox 781 1583 986 1639; x_wconf 80' lang='lat' dir='ltr'><strong>Dexter</strong></span> <span class='ocrx_word' id='word_1_130' title='bbox 1010 1584 1254 1638; x_wconf 91' lang='lat' dir='ltr'><strong>omnium</strong></span> <span class='ocrx_word' id='word_1_131' title='bbox 1287 1583 1400 1635; x_wconf 80' lang='lat' dir='ltr'><strong>fere</strong></span> <span class='ocrx_word' id='word_1_132' title='bbox 1426 1581 1912 1636; x_wconf 88' lang='lat' dir='ltr'><strong>Barcinonensium</strong></span> <span class='ocrx_word' id='word_1_133' title='bbox 1956 1582 2078 1652; x_wconf 82' lang='lat' dir='ltr'><strong>epi-</strong></span> 
     </span>
    </p>
   </div>
   <div class='ocr_carea' id='block_1_17' title="bbox 2171 358 3766 432">
    <p class='ocr_par' dir='ltr' id='par_1_17' title="bbox 2171 358 3766 432">
     <span class='ocr_line' id='line_1_17' title="bbox 2171 358 3766 432; baseline 0.001 -18"><span class='ocrx_word' id='word_1_134' title='bbox 2171 361 2485 430; x_wconf 85' lang='lat' dir='ltr'><strong>voluminis,</strong></span> <span class='ocrx_word' id='word_1_135' title='bbox 2511 361 2942 432; x_wconf 89' lang='lat' dir='ltr'><strong>etquarumdam</strong></span> <span class='ocrx_word' id='word_1_136' title='bbox 2990 375 3171 414; x_wconf 87' lang='lat' dir='ltr'><strong>rerum</strong></span> <span class='ocrx_word' id='word_1_137' title='bbox 3209 358 3476 415; x_wconf 88' lang='lat' dir='ltr'><strong>relatione</strong></span> <span class='ocrx_word' id='word_1_138' title='bbox 3515 359 3766 415; x_wconf 86' lang='lat' dir='ltr'><strong>nonnihil</strong></span> 
     </span>
    </p>
   </div>
   <div class='ocr_carea' id='block_1_18' title="bbox 2167 450 3764 524">
    <p class='ocr_par' dir='ltr' id='par_1_18' title="bbox 2167 450 3764 524">
     <span class='ocr_line' id='line_1_18' title="bbox 2167 450 3764 524; baseline -0.002 -15"><span class='ocrx_word' id='word_1_139' title='bbox 2167 453 2494 523; x_wconf 82' lang='lat' dir='ltr'><strong>discrepans</strong></span> <span class='ocrx_word' id='word_1_140' title='bbox 2519 453 2588 508; x_wconf 90' lang='lat' dir='ltr'><strong>ab</strong></span> <span class='ocrx_word' id='word_1_141' title='bbox 2618 469 2683 508; x_wconf 91' lang='lat' dir='ltr'><strong>eo</strong></span> <span class='ocrx_word' id='word_1_142' title='bbox 2709 453 2856 524; x_wconf 89' lang='lat' dir='ltr'><strong>quod</strong></span> <span class='ocrx_word' id='word_1_143' title='bbox 2883 453 3310 523; x_wconf 66' lang='lat' dir='ltr'><strong>Caesaraugustae</strong></span> <span class='ocrx_word' id='word_1_144' title='bbox 3337 465 3596 507; x_wconf 90' lang='lat' dir='ltr'><strong>excusum</strong></span> <span class='ocrx_word' id='word_1_145' title='bbox 3625 450 3724 506; x_wconf 79' lang='lat' dir='ltr'><strong>fuit</strong></span> <span class='ocrx_word' id='word_1_146' title='bbox 3748 468 3764 518; x_wconf 87' lang='lat'><strong>;</strong></span> 
     </span>
    </p>
   </div>
   <div class='ocr_carea' id='block_1_19' title="bbox 2166 545 3769 618">
    <p class='ocr_par' dir='ltr' id='par_1_19' title="bbox 2166 545 3769 618">
     <span class='ocr_line' id='line_1_19' title="bbox 2166 545 3769 618; baseline 0 -18"><span class='ocrx_word' id='word_1_147' title='bbox 2166 547 2605 618; x_wconf 87' lang='lat' dir='ltr'><strong>quandoquidem</strong></span> <span class='ocrx_word' id='word_1_148' title='bbox 2635 547 2950 617; x_wconf 90' lang='lat' dir='ltr'><strong>priusquam</strong></span> <span class='ocrx_word' id='word_1_149' title='bbox 2979 545 3276 602; x_wconf 89' lang='lat' dir='ltr'><strong>cuderetur</strong></span> <span class='ocrx_word' id='word_1_150' title='bbox 3299 587 3314 610; x_wconf 94' lang='lat'><strong>,</strong></span> <span class='ocrx_word' id='word_1_151' title='bbox 3365 561 3474 600; x_wconf 92' lang='lat' dir='ltr'><strong>non</strong></span> <span class='ocrx_word' id='word_1_152' title='bbox 3517 545 3769 601; x_wconf 89' lang='lat' dir='ltr'><strong>omnibus</strong></span> 
     </span>
    </p>
   </div>
   <div class='ocr_carea' id='block_1_20' title="bbox 2168 637 3770 710">
    <p class='ocr_par' dir='ltr' id='par_1_20' title="bbox 2168 637 3770 710">
     <span class='ocr_line' id='line_1_20' title="bbox 2168 637 3770 710; baseline -0.002 -14"><span class='ocrx_word' id='word_1_153' title='bbox 2168 649 2342 708; x_wconf 86' lang='lat' dir='ltr'><strong>totus,</strong></span> <span class='ocrx_word' id='word_1_154' title='bbox 2373 649 2430 696; x_wconf 92' lang='lat' dir='ltr'><strong>et</strong></span> <span class='ocrx_word' id='word_1_155' title='bbox 2480 641 2693 710; x_wconf 81' lang='lat' dir='ltr'><strong>integer</strong></span> <span class='ocrx_word' id='word_1_156' title='bbox 2739 639 2909 695; x_wconf 82' lang='lat' dir='ltr'><strong>codex</strong></span> <span class='ocrx_word' id='word_1_157' title='bbox 2950 637 3490 704; x_wconf 90' lang='lat' dir='ltr'><strong>communicabatur,</strong></span> <span class='ocrx_word' id='word_1_158' title='bbox 3530 637 3625 693; x_wconf 90' lang='lat' dir='ltr'><strong>sed</strong></span> <span class='ocrx_word' id='word_1_159' title='bbox 3672 653 3770 706; x_wconf 89' lang='lat' dir='ltr'><strong>per</strong></span> 
     </span>
    </p>
   </div>
   <div class='ocr_carea' id='block_1_21' title="bbox 2167 732 3768 806">
    <p class='ocr_par' dir='ltr' id='par_1_21' title="bbox 2167 732 3768 806">
     <span class='ocr_line' id='line_1_21' title="bbox 2167 732 3768 806; baseline -0.002 -16"><span class='ocrx_word' id='word_1_160' title='bbox 2167 746 2374 806; x_wconf 82' lang='lat' dir='ltr'><strong>partes,</strong></span> <span class='ocrx_word' id='word_1_161' title='bbox 2399 735 2554 806; x_wconf 89' lang='lat' dir='ltr'><strong>juxta</strong></span> <span class='ocrx_word' id='word_1_162' title='bbox 2579 734 2820 805; x_wconf 87' lang='lat' dir='ltr'><strong>cujusvis</strong></span> <span class='ocrx_word' id='word_1_163' title='bbox 2847 734 3182 789; x_wconf 73' lang='lat' dir='ltr'><strong>voluntatem</strong></span> <span class='ocrx_word' id='word_1_164' title='bbox 3212 745 3268 789; x_wconf 90' lang='lat' dir='ltr'><strong>et</strong></span> <span class='ocrx_word' id='word_1_165' title='bbox 3293 732 3639 788; x_wconf 86' lang='lat' dir='ltr'><strong>devotionem</strong></span> <span class='ocrx_word' id='word_1_166' title='bbox 3665 747 3680 799; x_wconf 92' lang='lat'><strong>;</strong></span> <span class='ocrx_word' id='word_1_167' title='bbox 3714 742 3768 788; x_wconf 91' lang='lat' dir='ltr'><strong>ct</strong></span> 
     </span>
    </p>
   </div>
   <div class='ocr_carea' id='block_1_22' title="bbox 2169 825 3768 898">
    <p class='ocr_par' dir='ltr' id='par_1_22' title="bbox 2169 825 3768 898">
     <span class='ocr_line' id='line_1_22' title="bbox 2169 825 3768 898; baseline -0.001 -16"><span class='ocrx_word' id='word_1_168' title='bbox 2169 827 2417 883; x_wconf 89' lang='lat' dir='ltr'><strong>nonnulli</strong></span> <span class='ocrx_word' id='word_1_169' title='bbox 2448 842 2549 898; x_wconf 92' lang='lat' dir='ltr'><strong>pro</strong></span> <span class='ocrx_word' id='word_1_170' title='bbox 2579 828 2732 882; x_wconf 91' lang='lat' dir='ltr'><strong>Iibito</strong></span> <span class='ocrx_word' id='word_1_171' title='bbox 2757 841 2854 884; x_wconf 88' lang='lat' dir='ltr'><strong>suo</strong></span> <span class='ocrx_word' id='word_1_172' title='bbox 2883 826 3196 882; x_wconf 88' lang='lat' dir='ltr'><strong>Chronicon</strong></span> <span class='ocrx_word' id='word_1_173' title='bbox 3219 825 3595 894; x_wconf 86' lang='lat' dir='ltr'><strong>dimidiabant,</strong></span> <span class='ocrx_word' id='word_1_174' title='bbox 3625 826 3768 898; x_wconf 91' lang='lat' dir='ltr'><strong>quod</strong></span> 
     </span>
    </p>
   </div>
   <div class='ocr_carea' id='block_1_23' title="bbox 2171 920 3768 978">
    <p class='ocr_par' dir='ltr' id='par_1_23' title="bbox 2171 920 3768 978">
     <span class='ocr_line' id='line_1_23' title="bbox 2171 920 3768 978; baseline 0 -2"><span class='ocrx_word' id='word_1_175' title='bbox 2171 935 2277 976; x_wconf 92' lang='lat' dir='ltr'><strong>non</strong></span> <span class='ocrx_word' id='word_1_176' title='bbox 2328 921 2509 976; x_wconf 89' lang='lat' dir='ltr'><strong>omnia</strong></span> <span class='ocrx_word' id='word_1_177' title='bbox 2565 921 2618 976; x_wconf 93' lang='lat' dir='ltr'><strong>iu</strong></span> <span class='ocrx_word' id='word_1_178' title='bbox 2663 937 2732 977; x_wconf 92' lang='lat' dir='ltr'><strong>eo</strong></span> <span class='ocrx_word' id='word_1_179' title='bbox 2788 932 3047 978; x_wconf 87' lang='lat' dir='ltr'><strong>contenta</strong></span> <span class='ocrx_word' id='word_1_180' title='bbox 3096 920 3163 976; x_wconf 91' lang='lat' dir='ltr'><strong>ad</strong></span> <span class='ocrx_word' id='word_1_181' title='bbox 3213 936 3332 978; x_wconf 90' lang='lat' dir='ltr'><strong>rem</strong></span> <span class='ocrx_word' id='word_1_182' title='bbox 3382 935 3537 976; x_wconf 89' lang='lat' dir='ltr'><strong>suam</strong></span> <span class='ocrx_word' id='word_1_183' title='bbox 3590 920 3768 976; x_wconf 80' lang='lat' dir='ltr'><strong>facere</strong></span> 
     </span>
    </p>
   </div>
   <div class='ocr_carea' id='block_1_24' title="bbox 2171 1011 3771 1085">
    <p class='ocr_par' dir='ltr' id='par_1_24' title="bbox 2171 1011 3771 1085">
     <span class='ocr_line' id='line_1_24' title="bbox 2171 1011 3771 1085; baseline -0.001 -18"><span class='ocrx_word' id='word_1_184' title='bbox 2171 1013 2418 1068; x_wconf 83' lang='lat' dir='ltr'><strong>viderant</strong></span> <span class='ocrx_word' id='word_1_185' title='bbox 2451 1031 2464 1067; x_wconf 88' lang='lat'><strong>:</strong></span> <span class='ocrx_word' id='word_1_186' title='bbox 2498 1023 2554 1068; x_wconf 91' lang='lat' dir='ltr'><strong>et</strong></span> <span class='ocrx_word' id='word_1_187' title='bbox 2582 1011 2685 1067; x_wconf 90' lang='lat' dir='ltr'><strong>hoc</strong></span> <span class='ocrx_word' id='word_1_188' title='bbox 2715 1023 2874 1084; x_wconf 90' lang='lat' dir='ltr'><strong>pacto</strong></span> <span class='ocrx_word' id='word_1_189' title='bbox 2895 1029 3003 1069; x_wconf 93' lang='lat' dir='ltr'><strong>non</strong></span> <span class='ocrx_word' id='word_1_190' title='bbox 3034 1027 3240 1085; x_wconf 90' lang='lat' dir='ltr'><strong>paucos</strong></span> <span class='ocrx_word' id='word_1_191' title='bbox 3274 1027 3495 1069; x_wconf 90' lang='lat' dir='ltr'><strong>errores</strong></span> <span class='ocrx_word' id='word_1_192' title='bbox 3525 1012 3771 1067; x_wconf 85' lang='lat' dir='ltr'><strong>involve-</strong></span> 
     </span>
    </p>
   </div>
   <div class='ocr_carea' id='block_1_25' title="bbox 2173 1103 3769 1176">
    <p class='ocr_par' dir='ltr' id='par_1_25' title="bbox 2173 1103 3769 1176">
     <span class='ocr_line' id='line_1_25' title="bbox 2173 1103 3769 1176; baseline 0 -16"><span class='ocrx_word' id='word_1_193' title='bbox 2173 1105 2324 1173; x_wconf 89' lang='lat' dir='ltr'><strong>bant,</strong></span> <span class='ocrx_word' id='word_1_194' title='bbox 2347 1105 2438 1176; x_wconf 92' lang='lat' dir='ltr'><strong>qui</strong></span> <span class='ocrx_word' id='word_1_195' title='bbox 2463 1103 2668 1161; x_wconf 78' lang='lat' dir='ltr'><strong>Dextro</strong></span> <span class='ocrx_word' id='word_1_196' title='bbox 2689 1105 2756 1160; x_wconf 88' lang='lat' dir='ltr'><strong>ab</strong></span> <span class='ocrx_word' id='word_1_197' title='bbox 2774 1106 2894 1162; x_wconf 90' lang='lat' dir='ltr'><strong>aliis</strong></span> <span class='ocrx_word' id='word_1_198' title='bbox 2922 1106 3282 1176; x_wconf 88' lang='lat' dir='ltr'><strong>imputantur.</strong></span> <span class='ocrx_word' id='word_1_199' title='bbox 3306 1106 3512 1161; x_wconf 89' lang='lat' dir='ltr'><strong>Horum</strong></span> <span class='ocrx_word' id='word_1_200' title='bbox 3540 1105 3769 1161; x_wconf 89' lang='lat' dir='ltr'><strong>alterum</strong></span> 
     </span>
    </p>
   </div>
   <div class='ocr_carea' id='block_1_26' title="bbox 2172 1196 3773 1269">
    <p class='ocr_par' dir='ltr' id='par_1_26' title="bbox 2172 1196 3773 1269">
     <span class='ocr_line' id='line_1_26' title="bbox 2172 1196 3773 1269; baseline 0 -17"><span class='ocrx_word' id='word_1_201' title='bbox 2172 1196 2277 1254; x_wconf 86' lang='lat' dir='ltr'><strong>fuit</strong></span> <span class='ocrx_word' id='word_1_202' title='bbox 2305 1206 2618 1254; x_wconf 79' lang='lat' dir='ltr'><strong>extractum</strong></span> <span class='ocrx_word' id='word_1_203' title='bbox 2643 1199 2776 1253; x_wconf 93' lang='lat' dir='ltr'><strong>illud</strong></span> <span class='ocrx_word' id='word_1_204' title='bbox 2807 1214 2836 1251; x_wconf 91' lang='lat' dir='ltr'><strong>a</strong></span> <span class='ocrx_word' id='word_1_205' title='bbox 2877 1198 3224 1269; x_wconf 80' lang='lat' dir='ltr'><strong>Segorbiensi</strong></span> <span class='ocrx_word' id='word_1_206' title='bbox 3261 1198 3521 1268; x_wconf 85' lang='lat' dir='ltr'><strong>episcopo</strong></span> <span class='ocrx_word' id='word_1_207' title='bbox 3563 1198 3773 1269; x_wconf 83' lang='lat' dir='ltr'><strong>exscri-</strong></span> 
     </span>
    </p>
   </div>
   <div class='ocr_carea' id='block_1_27' title="bbox 2173 1289 3767 1363">
    <p class='ocr_par' dir='ltr' id='par_1_27' title="bbox 2173 1289 3767 1363">
     <span class='ocr_line' id='line_1_27' title="bbox 2173 1289 3767 1363; baseline -0.002 -17"><span class='ocrx_word' id='word_1_208' title='bbox 2173 1303 2372 1363; x_wconf 88' lang='lat' dir='ltr'><strong>ptum:</strong></span> <span class='ocrx_word' id='word_1_209' title='bbox 2417 1293 2470 1347; x_wconf 91' lang='lat' dir='ltr'><strong>in</strong></span> <span class='ocrx_word' id='word_1_210' title='bbox 2510 1308 2620 1363; x_wconf 89' lang='lat' dir='ltr'><strong>qtto</strong></span> <span class='ocrx_word' id='word_1_211' title='bbox 2648 1291 3004 1348; x_wconf 83' lang='lat' dir='ltr'><strong>vehementer</strong></span> <span class='ocrx_word' id='word_1_212' title='bbox 3053 1290 3377 1363; x_wconf 87' lang='lat' dir='ltr'><strong>quihusdam</strong></span> <span class='ocrx_word' id='word_1_213' title='bbox 3424 1289 3767 1360; x_wconf 84' lang='lat' dir='ltr'><strong>displicebat,</strong></span> 
     </span>
    </p>
   </div>
   <div class='ocr_carea' id='block_1_28' title="bbox 2174 1383 3777 1457">
    <p class='ocr_par' dir='ltr' id='par_1_28' title="bbox 2174 1383 3777 1457">
     <span class='ocr_line' id='line_1_28' title="bbox 2174 1383 3777 1457; baseline -0.001 -17"><span class='ocrx_word' id='word_1_214' title='bbox 2174 1387 2318 1457; x_wconf 91' lang='lat' dir='ltr'><strong>quod</strong></span> <span class='ocrx_word' id='word_1_215' title='bbox 2349 1387 2406 1443; x_wconf 92' lang='grc'><strong>8.</strong></span> <span class='ocrx_word' id='word_1_216' title='bbox 2441 1387 2732 1444; x_wconf 88' lang='lat' dir='ltr'><strong>Paciauum</strong></span> <span class='ocrx_word' id='word_1_217' title='bbox 2783 1385 2970 1442; x_wconf 80' lang='lat' dir='ltr'><strong>Dextri</strong></span> <span class='ocrx_word' id='word_1_218' title='bbox 3012 1394 3294 1457; x_wconf 67' lang='lat' dir='ltr'><strong>parentem</strong></span> <span class='ocrx_word' id='word_1_219' title='bbox 3326 1385 3658 1442; x_wconf 80' lang='lat' dir='ltr'><strong>successisse</strong></span> <span class='ocrx_word' id='word_1_220' title='bbox 3690 1383 3777 1440; x_wconf 89' lang='lat' dir='ltr'><strong>di-</strong></span> 
     </span>
    </p>
   </div>
   <div class='ocr_carea' id='block_1_29' title="bbox 2175 1477 3773 1550">
    <p class='ocr_par' dir='ltr' id='par_1_29' title="bbox 2175 1477 3773 1550">
     <span class='ocr_line' id='line_1_29' title="bbox 2175 1477 3773 1550; baseline -0.001 -16"><span class='ocrx_word' id='word_1_221' title='bbox 2175 1487 2322 1534; x_wconf 88' lang='lat' dir='ltr'><strong>ceret</strong></span> <span class='ocrx_word' id='word_1_222' title='bbox 2365 1477 2422 1535; x_wconf 90' lang='lat' dir='ltr'><strong>S.</strong></span> <span class='ocrx_word' id='word_1_223' title='bbox 2457 1478 2663 1534; x_wconf 89' lang='lat' dir='ltr'><strong>Severo</strong></span> <span class='ocrx_word' id='word_1_224' title='bbox 2689 1481 2948 1550; x_wconf 88' lang='lat' dir='ltr'><strong>episcopo</strong></span> <span class='ocrx_word' id='word_1_225' title='bbox 2979 1478 3394 1543; x_wconf 86' lang='lat' dir='ltr'><strong>Barcinonensi,</strong></span> <span class='ocrx_word' id='word_1_226' title='bbox 3429 1487 3484 1535; x_wconf 90' lang='lat' dir='ltr'><strong>et</strong></span> <span class='ocrx_word' id='word_1_227' title='bbox 3517 1477 3773 1550; x_wconf 87' lang='lat' dir='ltr'><strong>martyri,</strong></span> 
     </span>
    </p>
   </div>
   <div class='ocr_carea' id='block_1_30' title="bbox 2176 1572 3780 1645">
    <p class='ocr_par' dir='ltr' id='par_1_30' title="bbox 2176 1572 3780 1645">
     <span class='ocr_line' id='line_1_30' title="bbox 2176 1572 3780 1645; baseline 0.002 -21"><span class='ocrx_word' id='word_1_228' title='bbox 2176 1572 2268 1637; x_wconf 89' lang='lat' dir='ltr'><strong>qui</strong></span> <span class='ocrx_word' id='word_1_229' title='bbox 2311 1581 2488 1627; x_wconf 92' lang='lat' dir='ltr'><strong>tamen</strong></span> <span class='ocrx_word' id='word_1_230' title='bbox 2538 1587 2682 1627; x_wconf 91' lang='lat' dir='ltr'><strong>anno</strong></span> <span class='ocrx_word' id='word_1_231' title='bbox 2738 1572 2955 1627; x_wconf 88' lang='lat' dir='ltr'><strong>Domini</strong></span> <span class='ocrx_word' id='word_1_232' title='bbox 3006 1573 3114 1629; x_wconf 72' lang='lat'><strong>285</strong></span> <span class='ocrx_word' id='word_1_233' title='bbox 3168 1573 3324 1628; x_wconf 91' lang='lat' dir='ltr'><strong>initio</strong></span> <span class='ocrx_word' id='word_1_234' title='bbox 3381 1573 3780 1645; x_wconf 88' lang='lat' dir='ltr'><strong>persecutionis</strong></span> 
     </span>
    </p>
   </div>
   <div class='ocr_carea' id='block_1_31' title="bbox 479 1656 3779 1748">
    <p class='ocr_par' dir='ltr' id='par_1_31' title="bbox 479 1656 3779 1748">
     <span class='ocr_line' id='line_1_31' title="bbox 479 1656 3779 1748; baseline -0.002 -24"><span class='ocrx_word' id='word_1_235' title='bbox 479 1691 771 1748; x_wconf 72' lang='lat' dir='ltr'><strong>scaporum</strong></span> <span class='ocrx_word' id='word_1_236' title='bbox 797 1677 996 1732; x_wconf 71' lang='lat' dir='ltr'><strong>seriem</strong></span> <span class='ocrx_word' id='word_1_237' title='bbox 1022 1684 1344 1745; x_wconf 72' lang='lat' dir='ltr'><strong>prosecutus</strong></span> <span class='ocrx_word' id='word_1_238' title='bbox 1379 1675 1452 1729; x_wconf 67' lang='lat' dir='ltr'><strong>sit</strong></span> <span class='ocrx_word' id='word_1_239' title='bbox 1477 1716 1492 1740; x_wconf 73' lang='grc'><em>,</em></span> <span class='ocrx_word' id='word_1_240' title='bbox 1524 1683 1713 1744; x_wconf 61' lang='lat' dir='ltr'><strong>utpote</strong></span> <span class='ocrx_word' id='word_1_241' title='bbox 1740 1690 1876 1745; x_wconf 66' lang='lat' dir='ltr'><strong>quos</strong></span> <span class='ocrx_word' id='word_1_242' title='bbox 1904 1677 2075 1747; x_wconf 63' lang='lat' dir='ltr'><strong>magis</strong></span> <span class='ocrx_word' id='word_1_243' title='bbox 2105 1656 2151 1716; x_wconf 84' lang='grc' dir='ltr'>Β</span> <span class='ocrx_word' id='word_1_244' title='bbox 2180 1660 2496 1716; x_wconf 86' lang='lat' dir='ltr'><strong>Diocletiani</strong></span> <span class='ocrx_word' id='word_1_245' title='bbox 2521 1675 2815 1718; x_wconf 89' lang='lat' dir='ltr'><strong>coronatus</strong></span> <span class='ocrx_word' id='word_1_246' title='bbox 2837 1672 2923 1718; x_wconf 89' lang='lat' dir='ltr'><strong>est</strong></span> <span class='ocrx_word' id='word_1_247' title='bbox 2948 1680 2963 1718; x_wconf 86' lang='lat'><strong>:</strong></span> <span class='ocrx_word' id='word_1_248' title='bbox 2986 1663 3252 1719; x_wconf 81' lang='lat' dir='ltr'><strong>Paciauus</strong></span> <span class='ocrx_word' id='word_1_249' title='bbox 3281 1679 3412 1720; x_wconf 91' lang='lat' dir='ltr'><strong>vero</strong></span> <span class='ocrx_word' id='word_1_250' title='bbox 3440 1663 3625 1719; x_wconf 90' lang='lat' dir='ltr'><strong>floruit</strong></span> <span class='ocrx_word' id='word_1_251' title='bbox 3651 1671 3779 1734; x_wconf 85' lang='lat' dir='ltr'><strong>post</strong></span> 
     </span>
    </p>
   </div>
   <div class='ocr_carea' id='block_1_32' title="bbox 478 1765 2075 1838">
    <p class='ocr_par' dir='ltr' id='par_1_32' title="bbox 478 1765 2075 1838">
     <span class='ocr_line' id='line_1_32' title="bbox 478 1765 2075 1838; baseline -0.003 -12"><span class='ocrx_word' id='word_1_252' title='bbox 478 1779 644 1826; x_wconf 90' lang='lat' dir='ltr'><strong>notos</strong></span> <span class='ocrx_word' id='word_1_253' title='bbox 669 1768 931 1832; x_wconf 86' lang='lat' dir='ltr'><strong>habebat,</strong></span> <span class='ocrx_word' id='word_1_254' title='bbox 964 1767 1156 1838; x_wconf 66' lang='lat' dir='ltr'><strong>patria:</strong></span> <span class='ocrx_word' id='word_1_255' title='bbox 1181 1780 1295 1822; x_wconf 64' lang='lat' dir='ltr'><strong>suae</strong></span> <span class='ocrx_word' id='word_1_256' title='bbox 1321 1765 1597 1822; x_wconf 87' lang='lat' dir='ltr'><strong>antistites</strong></span> <span class='ocrx_word' id='word_1_257' title='bbox 1621 1809 1635 1828; x_wconf 85' lang='lat'><em>.</em></span> <span class='ocrx_word' id='word_1_258' title='bbox 1662 1774 1719 1821; x_wconf 93' lang='lat' dir='ltr'><strong>et</strong></span> <span class='ocrx_word' id='word_1_259' title='bbox 1746 1767 1860 1822; x_wconf 93' lang='lat' dir='ltr'><strong>suis</strong></span> <span class='ocrx_word' id='word_1_260' title='bbox 1883 1781 2075 1823; x_wconf 90' lang='lat' dir='ltr'><strong>eorum</strong></span> 
     </span>
    </p>
   </div>
   <div class='ocr_carea' id='block_1_33' title="bbox 481 1858 2078 1933">
    <p class='ocr_par' dir='ltr' id='par_1_33' title="bbox 481 1858 2078 1933">
     <span class='ocr_line' id='line_1_33' title="bbox 481 1858 2078 1933; baseline -0.003 -15"><span class='ocrx_word' id='word_1_261' title='bbox 481 1863 716 1933; x_wconf 85' lang='lat' dir='ltr'><strong>propriis</strong></span> <span class='ocrx_word' id='word_1_262' title='bbox 741 1861 901 1916; x_wconf 92' lang='lat' dir='ltr'><strong>annis</strong></span> <span class='ocrx_word' id='word_1_263' title='bbox 930 1859 1180 1916; x_wconf 90' lang='lat' dir='ltr'><strong>meminit</strong></span> <span class='ocrx_word' id='word_1_264' title='bbox 1205 1900 1220 1923; x_wconf 92' lang='lat'><strong>,</strong></span> <span class='ocrx_word' id='word_1_265' title='bbox 1252 1858 1305 1913; x_wconf 88' lang='lat' dir='ltr'><strong>id</strong></span> <span class='ocrx_word' id='word_1_266' title='bbox 1337 1868 1420 1915; x_wconf 89' lang='lat' dir='ltr'><strong>est</strong></span> <span class='ocrx_word' id='word_1_267' title='bbox 1440 1901 1456 1925; x_wconf 90' lang='lat'><strong>,</strong></span> <span class='ocrx_word' id='word_1_268' title='bbox 1485 1859 1544 1916; x_wconf 90' lang='lat' dir='ltr'><strong>S.</strong></span> <span class='ocrx_word' id='word_1_269' title='bbox 1582 1859 1800 1915; x_wconf 87' lang='lat' dir='ltr'><strong>Eusebii</strong></span> <span class='ocrx_word' id='word_1_270' title='bbox 1828 1859 2078 1930; x_wconf 81' lang='lat' dir='ltr'><strong>discipuli</strong></span> 
     </span>
    </p>
   </div>
   <div class='ocr_carea' id='block_1_34' title="bbox 479 1949 2080 2021">
    <p class='ocr_par' dir='ltr' id='par_1_34' title="bbox 479 1949 2080 2021">
     <span class='ocr_line' id='line_1_34' title="bbox 479 1949 2080 2021; baseline -0.002 -11"><span class='ocrx_word' id='word_1_271' title='bbox 479 1952 538 2010; x_wconf 96' lang='grc'><strong>8.</strong></span> <span class='ocrx_word' id='word_1_272' title='bbox 567 1951 756 2009; x_wconf 87' lang='lat' dir='ltr'><strong>Jacobi</strong></span> <span class='ocrx_word' id='word_1_273' title='bbox 782 1952 1040 2021; x_wconf 86' lang='lat' dir='ltr'><strong>apostoli,</strong></span> <span class='ocrx_word' id='word_1_274' title='bbox 1073 1959 1122 2006; x_wconf 91' lang='lat' dir='ltr'><strong>et</strong></span> <span class='ocrx_word' id='word_1_275' title='bbox 1155 1949 1305 2006; x_wconf 87' lang='lat' dir='ltr'><strong>sedis</strong></span> <span class='ocrx_word' id='word_1_276' title='bbox 1331 1951 1478 2005; x_wconf 85' lang='lat' dir='ltr'><strong>illius</strong></span> <span class='ocrx_word' id='word_1_277' title='bbox 1507 1952 1791 2014; x_wconf 86' lang='lat' dir='ltr'><strong>erectoris,</strong></span> <span class='ocrx_word' id='word_1_278' title='bbox 1814 1951 1875 2007; x_wconf 92' lang='grc'><strong>8.</strong></span> <span class='ocrx_word' id='word_1_279' title='bbox 1903 1951 2080 2007; x_wconf 85' lang='lat' dir='ltr'><strong>Theo-</strong></span> 
     </span>
    </p>
   </div>
   <div class='ocr_carea' id='block_1_35' title="bbox 477 2041 2079 2113">
    <p class='ocr_par' dir='ltr' id='par_1_35' title="bbox 477 2041 2079 2113">
     <span class='ocr_line' id='line_1_35' title="bbox 477 2041 2079 2113; baseline -0.001 -13"><span class='ocrx_word' id='word_1_280' title='bbox 477 2044 640 2112; x_wconf 90' lang='lat' dir='ltr'><strong>dosii,</strong></span> <span class='ocrx_word' id='word_1_281' title='bbox 664 2043 788 2100; x_wconf 82' lang='lat' dir='ltr'><strong>Atili</strong></span> <span class='ocrx_word' id='word_1_282' title='bbox 821 2043 1081 2110; x_wconf 75' lang='lat' dir='ltr'><strong>Victoris,</strong></span> <span class='ocrx_word' id='word_1_283' title='bbox 1110 2042 1263 2098; x_wconf 93' lang='lat' dir='ltr'><strong>Lucii</strong></span> <span class='ocrx_word' id='word_1_284' title='bbox 1291 2085 1306 2108; x_wconf 93' lang='lat'><strong>,</strong></span> <span class='ocrx_word' id='word_1_285' title='bbox 1334 2041 1508 2097; x_wconf 73' lang='lat' dir='ltr'><strong>Fulttc</strong></span> <span class='ocrx_word' id='word_1_286' title='bbox 1531 2082 1548 2106; x_wconf 90' lang='lat'><strong>,</strong></span> <span class='ocrx_word' id='word_1_287' title='bbox 1579 2043 1861 2113; x_wconf 91' lang='lat' dir='ltr'><strong>utriusque</strong></span> <span class='ocrx_word' id='word_1_288' title='bbox 1891 2043 2079 2100; x_wconf 88' lang='lat' dir='ltr'><strong>Severi</strong></span> 
     </span>
    </p>
   </div>
   <div class='ocr_carea' id='block_1_36' title="bbox 481 2133 2080 2209">
    <p class='ocr_par' dir='ltr' id='par_1_36' title="bbox 481 2133 2080 2209">
     <span class='ocr_line' id='line_1_36' title="bbox 481 2133 2080 2209; baseline -0.001 -17"><span class='ocrx_word' id='word_1_289' title='bbox 481 2137 758 2209; x_wconf 84' lang='lat' dir='ltr'><strong>martyris,</strong></span> <span class='ocrx_word' id='word_1_290' title='bbox 787 2136 952 2204; x_wconf 79' lang='lat' dir='ltr'><strong>Aviti,</strong></span> <span class='ocrx_word' id='word_1_291' title='bbox 985 2133 1340 2201; x_wconf 78' lang='lat' dir='ltr'><strong>Mademarii,</strong></span> <span class='ocrx_word' id='word_1_292' title='bbox 1367 2133 1428 2189; x_wconf 91' lang='grc'><strong>8.</strong></span> <span class='ocrx_word' id='word_1_293' title='bbox 1465 2133 1716 2202; x_wconf 90' lang='lat' dir='ltr'><strong>Paciani,</strong></span> <span class='ocrx_word' id='word_1_294' title='bbox 1759 2134 1984 2205; x_wconf 74' lang='lat' dir='ltr'><strong>Emilze,</strong></span> <span class='ocrx_word' id='word_1_295' title='bbox 2026 2145 2080 2192; x_wconf 90' lang='lat' dir='ltr'><strong>et</strong></span> 
     </span>
    </p>
   </div>
   <div class='ocr_carea' id='block_1_37' title="bbox 481 2231 2079 2305">
    <p class='ocr_par' dir='ltr' id='par_1_37' title="bbox 481 2231 2079 2305">
     <span class='ocr_line' id='line_1_37' title="bbox 481 2231 2079 2305; baseline -0.003 -15"><span class='ocrx_word' id='word_1_296' title='bbox 481 2232 787 2305; x_wconf 87' lang='lat' dir='ltr'><strong>Lampadii,</strong></span> <span class='ocrx_word' id='word_1_297' title='bbox 810 2234 902 2303; x_wconf 92' lang='lat' dir='ltr'><strong>qui</strong></span> <span class='ocrx_word' id='word_1_298' title='bbox 932 2249 1032 2288; x_wconf 93' lang='lat' dir='ltr'><strong>suo</strong></span> <span class='ocrx_word' id='word_1_299' title='bbox 1067 2233 1297 2290; x_wconf 83' lang='lat' dir='ltr'><strong>ﬂorebat</strong></span> <span class='ocrx_word' id='word_1_300' title='bbox 1319 2243 1566 2305; x_wconf 83' lang='lat' dir='ltr'><strong>tempore</strong></span> <span class='ocrx_word' id='word_1_301' title='bbox 1601 2249 1614 2287; x_wconf 88' lang='lat'><strong>:</strong></span> <span class='ocrx_word' id='word_1_302' title='bbox 1659 2248 1785 2288; x_wconf 89' lang='lat' dir='ltr'><strong>eum</strong></span> <span class='ocrx_word' id='word_1_303' title='bbox 1815 2241 1997 2288; x_wconf 85' lang='lat' dir='ltr'><strong>tamen</strong></span> <span class='ocrx_word' id='word_1_304' title='bbox 2026 2231 2079 2286; x_wconf 92' lang='lat' dir='ltr'><strong>in</strong></span> 
     </span>
    </p>
   </div>
   <div class='ocr_carea' id='block_1_38' title="bbox 483 2325 2084 2396">
    <p class='ocr_par' dir='ltr' id='par_1_38' title="bbox 483 2325 2084 2396">
     <span class='ocr_line' id='line_1_38' title="bbox 483 2325 2084 2396; baseline -0.001 -15"><span class='ocrx_word' id='word_1_305' title='bbox 483 2326 605 2381; x_wconf 88' lang='lat' dir='ltr'><strong>aliis</strong></span> <span class='ocrx_word' id='word_1_306' title='bbox 630 2325 852 2382; x_wconf 89' lang='lat' dir='ltr'><strong>sedibus</strong></span> <span class='ocrx_word' id='word_1_307' title='bbox 884 2327 1111 2383; x_wconf 90' lang='lat' dir='ltr'><strong>minime</strong></span> <span class='ocrx_word' id='word_1_308' title='bbox 1138 2327 1188 2382; x_wconf 92' lang='lat' dir='ltr'><strong>id</strong></span> <span class='ocrx_word' id='word_1_309' title='bbox 1219 2327 1510 2383; x_wconf 84' lang='lat' dir='ltr'><strong>observet:</strong></span> <span class='ocrx_word' id='word_1_310' title='bbox 1541 2340 1648 2381; x_wconf 90' lang='lat' dir='ltr'><strong>una</strong></span> <span class='ocrx_word' id='word_1_311' title='bbox 1675 2335 1899 2396; x_wconf 88' lang='lat' dir='ltr'><strong>excepta</strong></span> <span class='ocrx_word' id='word_1_312' title='bbox 1924 2325 2084 2380; x_wconf 88' lang='lat' dir='ltr'><strong>Tole-</strong></span> 
     </span>
    </p>
   </div>
   <div class='ocr_carea' id='block_1_39' title="bbox 482 2416 2082 2491">
    <p class='ocr_par' dir='ltr' id='par_1_39' title="bbox 482 2416 2082 2491">
     <span class='ocr_line' id='line_1_39' title="bbox 482 2416 2082 2491; baseline -0.001 -17"><span class='ocrx_word' id='word_1_313' title='bbox 482 2427 631 2485; x_wconf 88' lang='lat' dir='ltr'><strong>tana,</strong></span> <span class='ocrx_word' id='word_1_314' title='bbox 663 2421 818 2489; x_wconf 92' lang='lat' dir='ltr'><strong>cujus</strong></span> <span class='ocrx_word' id='word_1_315' title='bbox 849 2433 1072 2491; x_wconf 86' lang='lat' dir='ltr'><strong>propter</strong></span> <span class='ocrx_word' id='word_1_316' title='bbox 1097 2419 1364 2490; x_wconf 86' lang='lat' dir='ltr'><strong>primatus</strong></span> <span class='ocrx_word' id='word_1_317' title='bbox 1409 2417 1828 2490; x_wconf 66' lang='lat' dir='ltr'><strong>prmrogativam</strong></span> <span class='ocrx_word' id='word_1_318' title='bbox 1871 2416 2082 2488; x_wconf 84' lang='lat' dir='ltr'><strong>episco—</strong></span> 
     </span>
    </p>
   </div>
   <div class='ocr_carea' id='block_1_40' title="bbox 483 2511 2083 2586">
    <p class='ocr_par' dir='ltr' id='par_1_40' title="bbox 483 2511 2083 2586">
     <span class='ocr_line' id='line_1_40' title="bbox 483 2511 2083 2586; baseline -0.004 -17"><span class='ocrx_word' id='word_1_319' title='bbox 483 2527 585 2586; x_wconf 92' lang='lat' dir='ltr'><strong>pos</strong></span> <span class='ocrx_word' id='word_1_320' title='bbox 605 2529 794 2568; x_wconf 89' lang='lat' dir='ltr'><strong>omnes</strong></span> <span class='ocrx_word' id='word_1_321' title='bbox 824 2523 1131 2569; x_wconf 87' lang='lat' dir='ltr'><strong>enumerat.</strong></span> <span class='ocrx_word' id='word_1_322' title='bbox 1171 2512 1227 2567; x_wconf 85' lang='lat' dir='ltr'><strong>In</strong></span> <span class='ocrx_word' id='word_1_323' title='bbox 1267 2513 1412 2568; x_wconf 85' lang='lat' dir='ltr'><strong>serie</strong></span> <span class='ocrx_word' id='word_1_324' title='bbox 1446 2512 1816 2566; x_wconf 81' lang='lat' dir='ltr'><strong>Romanorum</strong></span> <span class='ocrx_word' id='word_1_325' title='bbox 1867 2511 2083 2580; x_wconf 88' lang='lat' dir='ltr'><strong>pontifi-</strong></span> 
     </span>
    </p>
   </div>
   <div class='ocr_carea' id='block_1_41' title="bbox 485 2603 2082 2676">
    <p class='ocr_par' dir='ltr' id='par_1_41' title="bbox 485 2603 2082 2676">
     <span class='ocr_line' id='line_1_41' title="bbox 485 2603 2082 2676; baseline -0.003 -15"><span class='ocrx_word' id='word_1_326' title='bbox 485 2619 633 2668; x_wconf 88' lang='lat' dir='ltr'><strong>cum,</strong></span> <span class='ocrx_word' id='word_1_327' title='bbox 657 2615 712 2660; x_wconf 92' lang='lat' dir='ltr'><strong>et</strong></span> <span class='ocrx_word' id='word_1_328' title='bbox 744 2605 1136 2674; x_wconf 88' lang='lat' dir='ltr'><strong>imperatorum</strong></span> <span class='ocrx_word' id='word_1_329' title='bbox 1161 2605 1444 2676; x_wconf 89' lang='lat' dir='ltr'><strong>signanter</strong></span> <span class='ocrx_word' id='word_1_330' title='bbox 1471 2606 1596 2676; x_wconf 90' lang='lat' dir='ltr'><strong>(hoc</strong></span> <span class='ocrx_word' id='word_1_331' title='bbox 1625 2619 1841 2675; x_wconf 89' lang='lat' dir='ltr'><strong>quoque</strong></span> <span class='ocrx_word' id='word_1_332' title='bbox 1868 2604 1915 2658; x_wconf 90' lang='lat' dir='ltr'><strong>ei</strong></span> <span class='ocrx_word' id='word_1_333' title='bbox 1938 2603 2082 2673; x_wconf 89' lang='lat' dir='ltr'><strong>obji-</strong></span> 
     </span>
    </p>
   </div>
   <div class='ocr_carea' id='block_1_42' title="bbox 487 2695 2085 2768">
    <p class='ocr_par' dir='ltr' id='par_1_42' title="bbox 487 2695 2085 2768">
     <span class='ocr_line' id='line_1_42' title="bbox 487 2695 2085 2768; baseline -0.004 -14"><span class='ocrx_word' id='word_1_334' title='bbox 487 2697 779 2767; x_wconf 86' lang='lat' dir='ltr'><strong>ciebatur)</strong></span> <span class='ocrx_word' id='word_1_335' title='bbox 835 2697 907 2752; x_wconf 89' lang='lat' dir='ltr'><strong>ita</strong></span> <span class='ocrx_word' id='word_1_336' title='bbox 963 2711 1022 2753; x_wconf 89' lang='lat' dir='ltr'><strong>se</strong></span> <span class='ocrx_word' id='word_1_337' title='bbox 1049 2698 1237 2768; x_wconf 86' lang='lat' dir='ltr'><strong>gerit,</strong></span> <span class='ocrx_word' id='word_1_338' title='bbox 1293 2705 1354 2752; x_wconf 91' lang='lat' dir='ltr'><strong>ut</strong></span> <span class='ocrx_word' id='word_1_339' title='bbox 1399 2713 1507 2752; x_wconf 90' lang='lat' dir='ltr'><strong>non</strong></span> <span class='ocrx_word' id='word_1_340' title='bbox 1558 2711 1747 2752; x_wconf 87' lang='lat' dir='ltr'><strong>omnes</strong></span> <span class='ocrx_word' id='word_1_341' title='bbox 1779 2696 1886 2750; x_wconf 89' lang='lat' dir='ltr'><strong>illis</strong></span> <span class='ocrx_word' id='word_1_342' title='bbox 1928 2695 2085 2749; x_wconf 89' lang='lat' dir='ltr'><strong>annis</strong></span> 
     </span>
    </p>
   </div>
   <div class='ocr_carea' id='block_1_43' title="bbox 487 2785 2084 2858">
    <p class='ocr_par' dir='ltr' id='par_1_43' title="bbox 487 2785 2084 2858">
     <span class='ocr_line' id='line_1_43' title="bbox 487 2785 2084 2858; baseline -0.001 -14"><span class='ocrx_word' id='word_1_343' title='bbox 487 2788 748 2857; x_wconf 86' lang='lat' dir='ltr'><strong>ascribat,</strong></span> <span class='ocrx_word' id='word_1_344' title='bbox 781 2788 977 2858; x_wconf 92' lang='lat' dir='ltr'><strong>quibus</strong></span> <span class='ocrx_word' id='word_1_345' title='bbox 1001 2788 1140 2843; x_wconf 89' lang='lat' dir='ltr'><strong>inire</strong></span> <span class='ocrx_word' id='word_1_346' title='bbox 1170 2796 1456 2858; x_wconf 61' lang='lat' dir='ltr'><strong>coeperunt</strong></span> <span class='ocrx_word' id='word_1_347' title='bbox 1477 2786 1770 2857; x_wconf 73' lang='lat' dir='ltr'><strong>dignitates</strong></span> <span class='ocrx_word' id='word_1_348' title='bbox 1807 2802 1956 2854; x_wconf 89' lang='lat' dir='ltr'><strong>suas,</strong></span> <span class='ocrx_word' id='word_1_349' title='bbox 1989 2785 2084 2842; x_wconf 88' lang='lat' dir='ltr'><strong>sed</strong></span> 
     </span>
    </p>
   </div>
   <div class='ocr_carea' id='block_1_44' title="bbox 489 2878 2082 2950">
    <p class='ocr_par' dir='ltr' id='par_1_44' title="bbox 489 2878 2082 2950">
     <span class='ocr_line' id='line_1_44' title="bbox 489 2878 2082 2950; baseline -0.003 -14"><span class='ocrx_word' id='word_1_350' title='bbox 489 2880 782 2936; x_wconf 91' lang='lat' dir='ltr'><strong>multorum</strong></span> <span class='ocrx_word' id='word_1_351' title='bbox 823 2880 984 2934; x_wconf 92' lang='lat' dir='ltr'><strong>simul</strong></span> <span class='ocrx_word' id='word_1_352' title='bbox 1036 2882 1419 2936; x_wconf 84' lang='lat' dir='ltr'><strong>successiones</strong></span> <span class='ocrx_word' id='word_1_353' title='bbox 1467 2879 1750 2950; x_wconf 86' lang='lat' dir='ltr'><strong>assignet,</strong></span> <span class='ocrx_word' id='word_1_354' title='bbox 1798 2878 2082 2948; x_wconf 79' lang='lat' dir='ltr'><strong>inquiens,</strong></span> 
     </span>
    </p>
   </div>
   <div class='ocr_carea' id='block_1_45' title="bbox 490 2967 2086 3046">
    <p class='ocr_par' dir='ltr' id='par_1_45' title="bbox 490 2967 2086 3046">
     <span class='ocr_line' id='line_1_45' title="bbox 490 2967 2086 3046; baseline -0.004 -17"><span class='ocrx_word' id='word_1_355' title='bbox 490 2973 725 3046; x_wconf 80' lang='lat' dir='ltr'><strong>Augusto</strong></span> <span class='ocrx_word' id='word_1_356' title='bbox 746 2970 1002 3042; x_wconf 74' lang='lat' dir='ltr'><strong>Tiberius,</strong></span> <span class='ocrx_word' id='word_1_357' title='bbox 1031 2971 1240 3026; x_wconf 77' lang='lat' dir='ltr'><strong>Tiberio</strong></span> <span class='ocrx_word' id='word_1_358' title='bbox 1271 2970 1450 3040; x_wconf 85' lang='lat' dir='ltr'><strong>Cuius,</strong></span> <span class='ocrx_word' id='word_1_359' title='bbox 1476 2968 1603 3025; x_wconf 89' lang='lat' dir='ltr'><strong>Caio</strong></span> <span class='ocrx_word' id='word_1_360' title='bbox 1626 2969 1898 3033; x_wconf 87' lang='lat' dir='ltr'><strong>Claudius,</strong></span> <span class='ocrx_word' id='word_1_361' title='bbox 1930 2967 2086 3023; x_wconf 86' lang='lat' dir='ltr'><strong>Clau-</strong></span> 
     </span>
    </p>
   </div>
   <div class='ocr_carea' id='block_1_46' title="bbox 2179 1754 3774 1827">
    <p class='ocr_par' dir='ltr' id='par_1_46' title="bbox 2179 1754 3774 1827">
     <span class='ocr_line' id='line_1_46' title="bbox 2179 1754 3774 1827; baseline 0.002 -20"><span class='ocrx_word' id='word_1_362' title='bbox 2179 1760 2398 1808; x_wconf 91' lang='lat' dir='ltr'><strong>centum</strong></span> <span class='ocrx_word' id='word_1_363' title='bbox 2430 1767 2625 1818; x_wconf 90' lang='lat' dir='ltr'><strong>annos,</strong></span> <span class='ocrx_word' id='word_1_364' title='bbox 2653 1754 2863 1808; x_wconf 83' lang='lat' dir='ltr'><strong>scilicet</strong></span> <span class='ocrx_word' id='word_1_365' title='bbox 2887 1770 3031 1810; x_wconf 88' lang='lat' dir='ltr'><strong>anno</strong></span> <span class='ocrx_word' id='word_1_366' title='bbox 3060 1755 3170 1812; x_wconf 78' lang='grc'><strong>584</strong></span> <span class='ocrx_word' id='word_1_367' title='bbox 3195 1771 3211 1815; x_wconf 84' lang='lat'><strong>:</strong></span> <span class='ocrx_word' id='word_1_368' title='bbox 3236 1755 3382 1827; x_wconf 90' lang='lat' dir='ltr'><strong>quod</strong></span> <span class='ocrx_word' id='word_1_369' title='bbox 3407 1756 3450 1810; x_wconf 89' lang='lat' dir='ltr'><strong>si</strong></span> <span class='ocrx_word' id='word_1_370' title='bbox 3473 1770 3659 1811; x_wconf 89' lang='lat' dir='ltr'><strong>verum</strong></span> <span class='ocrx_word' id='word_1_371' title='bbox 3685 1770 3774 1810; x_wconf 87' lang='lat' dir='ltr'><strong>es-</strong></span> 
     </span>
    </p>
   </div>
   <div class='ocr_carea' id='block_1_47' title="bbox 2179 1844 3778 1918">
    <p class='ocr_par' dir='ltr' id='par_1_47' title="bbox 2179 1844 3778 1918">
     <span class='ocr_line' id='line_1_47' title="bbox 2179 1844 3778 1918; baseline 0.001 -18"><span class='ocrx_word' id='word_1_372' title='bbox 2179 1855 2285 1912; x_wconf 85' lang='lat' dir='ltr'><strong>set,</strong></span> <span class='ocrx_word' id='word_1_373' title='bbox 2313 1844 2484 1914; x_wconf 88' lang='lat' dir='ltr'><strong>aiunt,</strong></span> <span class='ocrx_word' id='word_1_374' title='bbox 2521 1845 2625 1900; x_wconf 87' lang='lat' dir='ltr'><strong>iste</strong></span> <span class='ocrx_word' id='word_1_375' title='bbox 2669 1861 2841 1902; x_wconf 92' lang='lat' dir='ltr'><strong>novus</strong></span> <span class='ocrx_word' id='word_1_376' title='bbox 2887 1846 3096 1904; x_wconf 81' lang='lat' dir='ltr'><strong>Dexter</strong></span> <span class='ocrx_word' id='word_1_377' title='bbox 3138 1847 3432 1918; x_wconf 91' lang='lat' dir='ltr'><strong>ipsummet</strong></span> <span class='ocrx_word' id='word_1_378' title='bbox 3476 1847 3778 1918; x_wconf 78' lang='lat' dir='ltr'><strong>genitorem</strong></span> 
     </span>
    </p>
   </div>
   <div class='ocr_carea' id='block_1_48' title="bbox 2179 1941 3780 2016">
    <p class='ocr_par' dir='ltr' id='par_1_48' title="bbox 2179 1941 3780 2016">
     <span class='ocr_line' id='line_1_48' title="bbox 2179 1941 3780 2016; baseline 0.002 -21"><span class='ocrx_word' id='word_1_379' title='bbox 2179 1954 2336 1996; x_wconf 93' lang='lat' dir='ltr'><strong>suum</strong></span> <span class='ocrx_word' id='word_1_380' title='bbox 2369 1956 2474 1995; x_wconf 92' lang='lat' dir='ltr'><strong>non</strong></span> <span class='ocrx_word' id='word_1_381' title='bbox 2503 1951 2843 2010; x_wconf 87' lang='lat' dir='ltr'><strong>agnosceret.</strong></span> <span class='ocrx_word' id='word_1_382' title='bbox 2889 1941 2996 1999; x_wconf 88' lang='lat' dir='ltr'><strong>Sed</strong></span> <span class='ocrx_word' id='word_1_383' title='bbox 3029 1941 3322 2001; x_wconf 81' lang='lat' dir='ltr'><strong>manifesta</strong></span> <span class='ocrx_word' id='word_1_384' title='bbox 3346 1943 3780 2016; x_wconf 80' lang='lat' dir='ltr'><strong>:equivocatione</strong></span> 
     </span>
    </p>
   </div>
   <div class='ocr_carea' id='block_1_49' title="bbox 2182 2035 3780 2107">
    <p class='ocr_par' dir='ltr' id='par_1_49' title="bbox 2182 2035 3780 2107">
     <span class='ocr_line' id='line_1_49' title="bbox 2182 2035 3780 2107; baseline 0.003 -17"><span class='ocrx_word' id='word_1_385' title='bbox 2182 2035 2435 2090; x_wconf 89' lang='lat' dir='ltr'><strong>laborant</strong></span> <span class='ocrx_word' id='word_1_386' title='bbox 2463 2036 2520 2092; x_wconf 91' lang='grc'><strong>8.</strong></span> <span class='ocrx_word' id='word_1_387' title='bbox 2553 2035 2779 2103; x_wconf 91' lang='lat' dir='ltr'><strong>Severi;</strong></span> <span class='ocrx_word' id='word_1_388' title='bbox 2815 2036 2933 2107; x_wconf 87' lang='lat' dir='ltr'><strong>ejus</strong></span> <span class='ocrx_word' id='word_1_389' title='bbox 2975 2040 3176 2094; x_wconf 92' lang='lat' dir='ltr'><strong>etenim</strong></span> <span class='ocrx_word' id='word_1_390' title='bbox 3224 2040 3462 2095; x_wconf 89' lang='lat' dir='ltr'><strong>nominis</strong></span> <span class='ocrx_word' id='word_1_391' title='bbox 3491 2039 3600 2094; x_wconf 93' lang='lat' dir='ltr'><strong>duo</strong></span> <span class='ocrx_word' id='word_1_392' title='bbox 3630 2038 3780 2095; x_wconf 87' lang='lat' dir='ltr'><strong>fuere</strong></span> 
     </span>
    </p>
   </div>
   <div class='ocr_carea' id='block_1_50' title="bbox 2181 2128 3776 2205">
    <p class='ocr_par' dir='ltr' id='par_1_50' title="bbox 2181 2128 3776 2205">
     <span class='ocr_line' id='line_1_50' title="bbox 2181 2128 3776 2205; baseline 0.003 -22"><span class='ocrx_word' id='word_1_393' title='bbox 2181 2128 2616 2186; x_wconf 89' lang='lat' dir='ltr'><strong>Barcinonenses</strong></span> <span class='ocrx_word' id='word_1_394' title='bbox 2638 2130 2905 2200; x_wconf 78' lang='lat' dir='ltr'><strong>episcopi,</strong></span> <span class='ocrx_word' id='word_1_395' title='bbox 2951 2131 3112 2186; x_wconf 89' lang='lat' dir='ltr'><strong>ambo</strong></span> <span class='ocrx_word' id='word_1_396' title='bbox 3155 2143 3447 2205; x_wconf 84' lang='lat' dir='ltr'><strong>martyres,</strong></span> <span class='ocrx_word' id='word_1_397' title='bbox 3482 2131 3578 2188; x_wconf 91' lang='lat' dir='ltr'><strong>sed</strong></span> <span class='ocrx_word' id='word_1_398' title='bbox 3612 2133 3704 2188; x_wconf 90' lang='lat' dir='ltr'><strong>ille</strong></span> <span class='ocrx_word' id='word_1_399' title='bbox 3747 2148 3776 2187; x_wconf 92' lang='lat' dir='ltr'><strong>a</strong></span> 
     </span>
    </p>
   </div>
   <div class='ocr_carea' id='block_1_51' title="bbox 2179 2224 3784 2295">
    <p class='ocr_par' dir='ltr' id='par_1_51' title="bbox 2179 2224 3784 2295">
     <span class='ocr_line' id='line_1_51' title="bbox 2179 2224 3784 2295; baseline 0.001 -16"><span class='ocrx_word' id='word_1_400' title='bbox 2179 2224 2496 2295; x_wconf 87' lang='lat' dir='ltr'><strong>gentilibus,</strong></span> <span class='ocrx_word' id='word_1_401' title='bbox 2529 2224 2630 2280; x_wconf 89' lang='lat' dir='ltr'><strong>sub</strong></span> <span class='ocrx_word' id='word_1_402' title='bbox 2661 2225 2995 2280; x_wconf 87' lang='lat' dir='ltr'><strong>Diocletiano</strong></span> <span class='ocrx_word' id='word_1_403' title='bbox 3037 2241 3183 2282; x_wconf 91' lang='lat' dir='ltr'><strong>anno</strong></span> <span class='ocrx_word' id='word_1_404' title='bbox 3229 2227 3442 2283; x_wconf 92' lang='lat' dir='ltr'><strong>Domini</strong></span> <span class='ocrx_word' id='word_1_405' title='bbox 3489 2226 3600 2282; x_wconf 76' lang='lat'><strong>285</strong></span> <span class='ocrx_word' id='word_1_406' title='bbox 3631 2267 3647 2290; x_wconf 92' lang='lat'><strong>,</strong></span> <span class='ocrx_word' id='word_1_407' title='bbox 3694 2226 3784 2281; x_wconf 93' lang='lat' dir='ltr'><strong>hic</strong></span> 
     </span>
    </p>
   </div>
   <div class='ocr_carea' id='block_1_52' title="bbox 2171 2311 3780 2392">
    <p class='ocr_par' dir='ltr' id='par_1_52' title="bbox 2171 2311 3780 2392">
     <span class='ocr_line' id='line_1_52' title="bbox 2171 2311 3780 2392; baseline 0 -15"><span class='ocrx_word' id='word_1_408' title='bbox 2171 2311 2316 2377; x_wconf 64' lang='lat' dir='ltr'><strong>.vero</strong></span> <span class='ocrx_word' id='word_1_409' title='bbox 2346 2319 2415 2374; x_wconf 91' lang='lat' dir='ltr'><strong>ab</strong></span> <span class='ocrx_word' id='word_1_410' title='bbox 2446 2319 2662 2374; x_wconf 86' lang='lat' dir='ltr'><strong>Ariauis</strong></span> <span class='ocrx_word' id='word_1_411' title='bbox 2690 2335 2880 2391; x_wconf 90' lang='lat' dir='ltr'><strong>passus</strong></span> <span class='ocrx_word' id='word_1_412' title='bbox 2926 2321 3024 2376; x_wconf 82' lang='lat' dir='ltr'><strong>fuit</strong></span> <span class='ocrx_word' id='word_1_413' title='bbox 3052 2336 3199 2377; x_wconf 92' lang='lat' dir='ltr'><strong>anno</strong></span> <span class='ocrx_word' id='word_1_414' title='bbox 3225 2321 3354 2387; x_wconf 74' lang='lat'><strong>552,</strong></span> <span class='ocrx_word' id='word_1_415' title='bbox 3385 2330 3441 2377; x_wconf 89' lang='lat' dir='ltr'><strong>et</strong></span> <span class='ocrx_word' id='word_1_416' title='bbox 3494 2323 3780 2392; x_wconf 90' lang='lat' dir='ltr'><strong>utriusque</strong></span> 
     </span>
    </p>
   </div>
   <div class='ocr_carea' id='block_1_53' title="bbox 2184 2411 3782 2484">
    <p class='ocr_par' dir='ltr' id='par_1_53' title="bbox 2184 2411 3782 2484">
     <span class='ocr_line' id='line_1_53' title="bbox 2184 2411 3782 2484; baseline 0.002 -18"><span class='ocrx_word' id='word_1_417' title='bbox 2184 2411 2432 2466; x_wconf 86' lang='lat' dir='ltr'><strong>meminit</strong></span> <span class='ocrx_word' id='word_1_418' title='bbox 2462 2414 2577 2482; x_wconf 91' lang='lat' dir='ltr'><strong>ipse</strong></span> <span class='ocrx_word' id='word_1_419' title='bbox 2601 2413 2800 2468; x_wconf 84' lang='lat' dir='ltr'><strong>Dexter</strong></span> <span class='ocrx_word' id='word_1_420' title='bbox 2831 2431 2845 2467; x_wconf 88' lang='lat'><strong>:</strong></span> <span class='ocrx_word' id='word_1_421' title='bbox 2879 2414 3036 2483; x_wconf 90' lang='lat' dir='ltr'><strong>cujus</strong></span> <span class='ocrx_word' id='word_1_422' title='bbox 3068 2422 3225 2484; x_wconf 91' lang='lat' dir='ltr'><strong>pater</strong></span> <span class='ocrx_word' id='word_1_423' title='bbox 3254 2415 3398 2470; x_wconf 91' lang='lat' dir='ltr'><strong>hunc</strong></span> <span class='ocrx_word' id='word_1_424' title='bbox 3422 2415 3782 2484; x_wconf 87' lang='lat' dir='ltr'><strong>posteriorem</strong></span> 
     </span>
    </p>
   </div>
   <div class='ocr_carea' id='block_1_54' title="bbox 2184 2504 3788 2573">
    <p class='ocr_par' dir='ltr' id='par_1_54' title="bbox 2184 2504 3788 2573">
     <span class='ocr_line' id='line_1_54' title="bbox 2184 2504 3788 2573; baseline 0.001 -15"><span class='ocrx_word' id='word_1_425' title='bbox 2184 2513 2407 2559; x_wconf 90' lang='lat' dir='ltr'><strong>secutus</strong></span> <span class='ocrx_word' id='word_1_426' title='bbox 2432 2512 2516 2558; x_wconf 87' lang='lat' dir='ltr'><strong>est</strong></span> <span class='ocrx_word' id='word_1_427' title='bbox 2545 2504 2595 2558; x_wconf 91' lang='lat' dir='ltr'><strong>in</strong></span> <span class='ocrx_word' id='word_1_428' title='bbox 2627 2504 2789 2573; x_wconf 87' lang='lat' dir='ltr'><strong>Seue,</strong></span> <span class='ocrx_word' id='word_1_429' title='bbox 2821 2513 2877 2561; x_wconf 88' lang='lat' dir='ltr'><strong>et</strong></span> <span class='ocrx_word' id='word_1_430' title='bbox 2905 2504 3089 2560; x_wconf 78' lang='lat' dir='ltr'><strong>forsan</strong></span> <span class='ocrx_word' id='word_1_431' title='bbox 3125 2521 3233 2561; x_wconf 89' lang='lat' dir='ltr'><strong>non</strong></span> <span class='ocrx_word' id='word_1_432' title='bbox 3273 2505 3604 2562; x_wconf 84' lang='lat' dir='ltr'><strong>immediate.</strong></span> <span class='ocrx_word' id='word_1_433' title='bbox 3653 2506 3788 2561; x_wconf 84' lang='lat' dir='ltr'><strong>Mul-</strong></span> 
     </span>
    </p>
   </div>
   <div class='ocr_carea' id='block_1_55' title="bbox 2187 2597 3787 2666">
    <p class='ocr_par' dir='ltr' id='par_1_55' title="bbox 2187 2597 3787 2666">
     <span class='ocr_line' id='line_1_55' title="bbox 2187 2597 3787 2666; baseline 0.002 -15"><span class='ocrx_word' id='word_1_434' title='bbox 2187 2598 2256 2651; x_wconf 92' lang='lat' dir='ltr'><strong>tis</strong></span> <span class='ocrx_word' id='word_1_435' title='bbox 2313 2597 2670 2652; x_wconf 91' lang='lat' dir='ltr'><strong>nihilominus</strong></span> <span class='ocrx_word' id='word_1_436' title='bbox 2717 2599 3228 2655; x_wconf 81' lang='lat' dir='ltr'><strong>iuconvenienlibus</strong></span> <span class='ocrx_word' id='word_1_437' title='bbox 3275 2598 3590 2666; x_wconf 89' lang='lat' dir='ltr'><strong>suhjacebat</strong></span> <span class='ocrx_word' id='word_1_438' title='bbox 3637 2608 3787 2655; x_wconf 78' lang='lat' dir='ltr'><strong>trun-</strong></span> 
     </span>
    </p>
   </div>
   <div class='ocr_carea' id='block_1_56' title="bbox 2185 2688 3788 2760">
    <p class='ocr_par' dir='ltr' id='par_1_56' title="bbox 2185 2688 3788 2760">
     <span class='ocr_line' id='line_1_56' title="bbox 2185 2688 3788 2760; baseline 0.001 -16"><span class='ocrx_word' id='word_1_439' title='bbox 2185 2698 2308 2744; x_wconf 89' lang='lat' dir='ltr'><strong>cata</strong></span> <span class='ocrx_word' id='word_1_440' title='bbox 2341 2688 2432 2743; x_wconf 92' lang='lat' dir='ltr'><strong>illa</strong></span> <span class='ocrx_word' id='word_1_441' title='bbox 2463 2689 2667 2744; x_wconf 74' lang='lat' dir='ltr'><strong>codicis</strong></span> <span class='ocrx_word' id='word_1_442' title='bbox 2709 2690 2892 2745; x_wconf 78' lang='lat' dir='ltr'><strong>Dextri</strong></span> <span class='ocrx_word' id='word_1_443' title='bbox 2942 2689 3324 2760; x_wconf 90' lang='lat' dir='ltr'><strong>transumptio,</strong></span> <span class='ocrx_word' id='word_1_444' title='bbox 3355 2703 3476 2760; x_wconf 72' lang='lat' dir='ltr'><strong>qua:</strong></span> <span class='ocrx_word' id='word_1_445' title='bbox 3523 2691 3575 2745; x_wconf 92' lang='lat' dir='ltr'><strong>in</strong></span> <span class='ocrx_word' id='word_1_446' title='bbox 3625 2704 3788 2746; x_wconf 88' lang='lat' dir='ltr'><strong>excu-</strong></span> 
     </span>
    </p>
   </div>
   <div class='ocr_carea' id='block_1_57' title="bbox 2187 2782 3251 2853">
    <p class='ocr_par' dir='ltr' id='par_1_57' title="bbox 2187 2782 3251 2853">
     <span class='ocr_line' id='line_1_57' title="bbox 2187 2782 3251 2853; baseline 0 -15"><span class='ocrx_word' id='word_1_447' title='bbox 2187 2782 2339 2839; x_wconf 88' lang='lat' dir='ltr'><strong>sione</strong></span> <span class='ocrx_word' id='word_1_448' title='bbox 2365 2782 2560 2853; x_wconf 89' lang='lat' dir='ltr'><strong>integri</strong></span> <span class='ocrx_word' id='word_1_449' title='bbox 2591 2783 2844 2838; x_wconf 68' lang='lat' dir='ltr'><strong>(ibrouiei</strong></span> <span class='ocrx_word' id='word_1_450' title='bbox 2875 2795 3251 2838; x_wconf 85' lang='lat' dir='ltr'><strong>cessaverunt.</strong></span> 
     </span>
    </p>
   </div>
   <div class='ocr_carea' id='block_1_58' title="bbox 2259 2876 3782 2950">
    <p class='ocr_par' dir='ltr' id='par_1_58' title="bbox 2259 2876 3782 2950">
     <span class='ocr_line' id='line_1_58' title="bbox 2259 2876 3782 2950; baseline 0.002 -18"><span class='ocrx_word' id='word_1_451' title='bbox 2259 2876 2341 2932; x_wconf 82' lang='lat' dir='ltr'><strong>Ad</strong></span> <span class='ocrx_word' id='word_1_452' title='bbox 2369 2878 2590 2932; x_wconf 89' lang='lat' dir='ltr'><strong>tertium</strong></span> <span class='ocrx_word' id='word_1_453' title='bbox 2641 2877 2982 2946; x_wconf 90' lang='lat' dir='ltr'><strong>ohjectorum</strong></span> <span class='ocrx_word' id='word_1_454' title='bbox 3016 2887 3178 2948; x_wconf 92' lang='lat' dir='ltr'><strong>caput</strong></span> <span class='ocrx_word' id='word_1_455' title='bbox 3201 2878 3532 2934; x_wconf 90' lang='lat' dir='ltr'><strong>reducuntur</strong></span> <span class='ocrx_word' id='word_1_456' title='bbox 3568 2893 3629 2934; x_wconf 89' lang='lat' dir='ltr'><strong>ea</strong></span> <span class='ocrx_word' id='word_1_457' title='bbox 3661 2893 3782 2950; x_wconf 79' lang='lat' dir='ltr'><strong>qua:</strong></span> 
     </span>
    </p>
   </div>
   <div class='ocr_carea' id='block_1_59' title="bbox 2191 2968 3781 3041">
    <p class='ocr_par' dir='ltr' id='par_1_59' title="bbox 2191 2968 3781 3041">
     <span class='ocr_line' id='line_1_59' title="bbox 2191 2968 3781 3041; baseline 0.001 -18"><span class='ocrx_word' id='word_1_458' title='bbox 2191 2969 2477 3024; x_wconf 87' lang='lat' dir='ltr'><strong>historiam</strong></span> <span class='ocrx_word' id='word_1_459' title='bbox 2505 2968 2676 3039; x_wconf 88' lang='lat' dir='ltr'><strong>ipsam</strong></span> <span class='ocrx_word' id='word_1_460' title='bbox 2696 2979 3054 3036; x_wconf 89' lang='lat' dir='ltr'><strong>concernunt,</strong></span> <span class='ocrx_word' id='word_1_461' title='bbox 3089 2970 3256 3024; x_wconf 86' lang='lat' dir='ltr'><strong>multa</strong></span> <span class='ocrx_word' id='word_1_462' title='bbox 3283 2968 3551 3040; x_wconf 90' lang='lat' dir='ltr'><strong>siquidem</strong></span> <span class='ocrx_word' id='word_1_463' title='bbox 3581 2969 3781 3041; x_wconf 88' lang='lat' dir='ltr'><strong>(aiunt)</strong></span> 
     </span>
    </p>
   </div>
   <div class='ocr_carea' id='block_1_60' title="bbox 490 3037 3782 3135">
    <p class='ocr_par' dir='ltr' id='par_1_60' title="bbox 490 3037 3782 3135">
     <span class='ocr_line' id='line_1_60' title="bbox 490 3037 3782 3135; baseline 0.001 -17"><span class='ocrx_word' id='word_1_464' title='bbox 490 3066 578 3120; x_wconf 85' lang='lat' dir='ltr'><strong>dio</strong></span> <span class='ocrx_word' id='word_1_465' title='bbox 610 3063 754 3119; x_wconf 87' lang='lat' dir='ltr'><strong>Nero</strong></span> <span class='ocrx_word' id='word_1_466' title='bbox 776 3065 1006 3119; x_wconf 86' lang='lat' dir='ltr'><strong>succedit</strong></span> <span class='ocrx_word' id='word_1_467' title='bbox 1036 3079 1054 3116; x_wconf 90' lang='lat'><strong><em>:</em></strong></span> <span class='ocrx_word' id='word_1_468' title='bbox 1085 3078 1203 3129; x_wconf 90' lang='lat' dir='ltr'><strong>seu,</strong></span> <span class='ocrx_word' id='word_1_469' title='bbox 1234 3064 1286 3118; x_wconf 86' lang='lat' dir='ltr'><strong>in</strong></span> <span class='ocrx_word' id='word_1_470' title='bbox 1315 3063 1437 3119; x_wconf 84' lang='lat' dir='ltr'><strong>sede</strong></span> <span class='ocrx_word' id='word_1_471' title='bbox 1462 3061 1608 3117; x_wconf 83' lang='lat' dir='ltr'><strong>Petri</strong></span> <span class='ocrx_word' id='word_1_472' title='bbox 1636 3063 1864 3116; x_wconf 80' lang='lat' dir='ltr'><strong>succedit</strong></span> <span class='ocrx_word' id='word_1_473' title='bbox 1887 3061 2086 3131; x_wconf 80' lang='lat' dir='ltr'><strong>Zephe-</strong></span> <span class='ocrx_word' id='word_1_474' title='bbox 2114 3037 2161 3101; x_wconf 61' lang='grc' dir='ltr'><strong>(ἶ</strong></span> <span class='ocrx_word' id='word_1_475' title='bbox 2193 3078 2224 3118; x_wconf 91' lang='lat' dir='ltr'><strong>a</strong></span> <span class='ocrx_word' id='word_1_476' title='bbox 2263 3064 2492 3119; x_wconf 89' lang='lat' dir='ltr'><strong>veritate</strong></span> <span class='ocrx_word' id='word_1_477' title='bbox 2519 3065 2696 3120; x_wconf 92' lang='lat' dir='ltr'><strong>aliena</strong></span> <span class='ocrx_word' id='word_1_478' title='bbox 2728 3064 2780 3119; x_wconf 91' lang='lat' dir='ltr'><strong>in</strong></span> <span class='ocrx_word' id='word_1_479' title='bbox 2809 3079 2871 3120; x_wconf 89' lang='lat' dir='ltr'><strong>ea</strong></span> <span class='ocrx_word' id='word_1_480' title='bbox 2897 3075 3057 3132; x_wconf 86' lang='lat' dir='ltr'><strong>sunt,</strong></span> <span class='ocrx_word' id='word_1_481' title='bbox 3103 3081 3210 3120; x_wconf 91' lang='lat' dir='ltr'><strong>non</strong></span> <span class='ocrx_word' id='word_1_482' title='bbox 3267 3080 3436 3135; x_wconf 86' lang='lat' dir='ltr'><strong>pauca</strong></span> <span class='ocrx_word' id='word_1_483' title='bbox 3477 3065 3782 3122; x_wconf 87' lang='lat' dir='ltr'><strong>incredibi-</strong></span> 
     </span>
    </p>
   </div>
   <div class='ocr_carea' id='block_1_61' title="bbox 488 3153 2089 3224">
    <p class='ocr_par' dir='ltr' id='par_1_61' title="bbox 488 3153 2089 3224">
     <span class='ocr_line' id='line_1_61' title="bbox 488 3153 2089 3224; baseline -0.001 -13"><span class='ocrx_word' id='word_1_484' title='bbox 488 3158 606 3212; x_wconf 85' lang='lat' dir='ltr'><strong>rino</strong></span> <span class='ocrx_word' id='word_1_485' title='bbox 637 3156 896 3223; x_wconf 74' lang='lat' dir='ltr'><strong>Calixtus,</strong></span> <span class='ocrx_word' id='word_1_486' title='bbox 928 3155 1134 3213; x_wconf 71' lang='lat' dir='ltr'><strong>Calixto</strong></span> <span class='ocrx_word' id='word_1_487' title='bbox 1160 3168 1329 3211; x_wconf 88' lang='lat' dir='ltr'><strong>autem</strong></span> <span class='ocrx_word' id='word_1_488' title='bbox 1360 3154 1634 3224; x_wconf 76' lang='lat' dir='ltr'><strong>Urbanus,</strong></span> <span class='ocrx_word' id='word_1_489' title='bbox 1681 3154 1890 3211; x_wconf 87' lang='lat' dir='ltr'><strong>Urbano</strong></span> <span class='ocrx_word' id='word_1_490' title='bbox 1939 3153 2089 3210; x_wconf 82' lang='lat' dir='ltr'><strong>Pon-</strong></span> 
     </span>
    </p>
   </div>
   <div class='ocr_carea' id='block_1_62' title="bbox 491 3247 2091 3321">
    <p class='ocr_par' dir='ltr' id='par_1_62' title="bbox 491 3247 2091 3321">
     <span class='ocr_line' id='line_1_62' title="bbox 491 3247 2091 3321; baseline 0 -19"><span class='ocrx_word' id='word_1_491' title='bbox 491 3251 693 3319; x_wconf 83' lang='lat' dir='ltr'><strong>tianus,</strong></span> <span class='ocrx_word' id='word_1_492' title='bbox 740 3251 794 3304; x_wconf 88' lang='lat' dir='ltr'><strong>id</strong></span> <span class='ocrx_word' id='word_1_493' title='bbox 823 3262 1002 3307; x_wconf 89' lang='lat' dir='ltr'><strong>tamen</strong></span> <span class='ocrx_word' id='word_1_494' title='bbox 1035 3250 1102 3306; x_wconf 88' lang='lat' dir='ltr'><strong>ad</strong></span> <span class='ocrx_word' id='word_1_495' title='bbox 1155 3250 1286 3308; x_wconf 91' lang='lat' dir='ltr'><strong>illud</strong></span> <span class='ocrx_word' id='word_1_496' title='bbox 1332 3265 1502 3321; x_wconf 90' lang='lat' dir='ltr'><strong>usque</strong></span> <span class='ocrx_word' id='word_1_497' title='bbox 1551 3261 1761 3317; x_wconf 88' lang='lat' dir='ltr'><strong>tempus</strong></span> <span class='ocrx_word' id='word_1_498' title='bbox 1805 3247 1969 3313; x_wconf 85' lang='lat' dir='ltr'><strong>fecit,</strong></span> <span class='ocrx_word' id='word_1_499' title='bbox 2023 3263 2091 3302; x_wconf 89' lang='lat' dir='ltr'><strong>ne</strong></span> 
     </span>
    </p>
   </div>
   <div class='ocr_carea' id='block_1_63' title="bbox 491 3337 2087 3412">
    <p class='ocr_par' dir='ltr' id='par_1_63' title="bbox 491 3337 2087 3412">
     <span class='ocr_line' id='line_1_63' title="bbox 491 3337 2087 3412; baseline -0.003 -15"><span class='ocrx_word' id='word_1_500' title='bbox 491 3351 672 3398; x_wconf 89' lang='lat' dir='ltr'><strong>actum</strong></span> <span class='ocrx_word' id='word_1_501' title='bbox 701 3351 914 3412; x_wconf 85' lang='lat' dir='ltr'><strong>ageret,</strong></span> <span class='ocrx_word' id='word_1_502' title='bbox 945 3356 1054 3412; x_wconf 89' lang='lat' dir='ltr'><strong>quo</strong></span> <span class='ocrx_word' id='word_1_503' title='bbox 1079 3341 1321 3406; x_wconf 86' lang='lat' dir='ltr'><strong>Eusebii,</strong></span> <span class='ocrx_word' id='word_1_504' title='bbox 1355 3351 1411 3395; x_wconf 92' lang='lat' dir='ltr'><strong>et</strong></span> <span class='ocrx_word' id='word_1_505' title='bbox 1439 3339 1750 3410; x_wconf 83' lang='lat' dir='ltr'><strong>Hieronymi</strong></span> <span class='ocrx_word' id='word_1_506' title='bbox 1781 3337 2087 3394; x_wconf 89' lang='lat' dir='ltr'><strong>Chronicon</strong></span> 
     </span>
    </p>
   </div>
   <div class='ocr_carea' id='block_1_64' title="bbox 495 3428 2092 3505">
    <p class='ocr_par' dir='ltr' id='par_1_64' title="bbox 495 3428 2092 3505">
     <span class='ocr_line' id='line_1_64' title="bbox 495 3428 2092 3505; baseline -0.001 -21"><span class='ocrx_word' id='word_1_507' title='bbox 495 3433 773 3505; x_wconf 84' lang='lat' dir='ltr'><strong>pertingit,</strong></span> <span class='ocrx_word' id='word_1_508' title='bbox 801 3431 851 3487; x_wconf 92' lang='lat' dir='ltr'><strong>id</strong></span> <span class='ocrx_word' id='word_1_509' title='bbox 879 3441 987 3499; x_wconf 87' lang='lat' dir='ltr'><strong>est,</strong></span> <span class='ocrx_word' id='word_1_510' title='bbox 1010 3431 1079 3486; x_wconf 88' lang='lat' dir='ltr'><strong>ad</strong></span> <span class='ocrx_word' id='word_1_511' title='bbox 1101 3446 1303 3485; x_wconf 89' lang='lat' dir='ltr'><strong>annum</strong></span> <span class='ocrx_word' id='word_1_512' title='bbox 1330 3431 1544 3485; x_wconf 91' lang='lat' dir='ltr'><strong>Domini</strong></span> <span class='ocrx_word' id='word_1_513' title='bbox 1577 3431 1686 3485; x_wconf 78' lang='lat'><strong>580</strong></span> <span class='ocrx_word' id='word_1_514' title='bbox 1704 3470 1720 3496; x_wconf 91' lang='lat'><strong>,</strong></span> <span class='ocrx_word' id='word_1_515' title='bbox 1761 3428 1905 3499; x_wconf 86' lang='lat' dir='ltr'><strong>quod</strong></span> <span class='ocrx_word' id='word_1_516' title='bbox 1942 3429 2092 3483; x_wconf 86' lang='lat' dir='ltr'><strong>vide-</strong></span> 
     </span>
    </p>
   </div>
   <div class='ocr_carea' id='block_1_65' title="bbox 492 3521 2090 3591">
    <p class='ocr_par' dir='ltr' id='par_1_65' title="bbox 492 3521 2090 3591">
     <span class='ocr_line' id='line_1_65' title="bbox 492 3521 2090 3591; baseline -0.004 -9"><span class='ocrx_word' id='word_1_517' title='bbox 492 3527 622 3582; x_wconf 91' lang='lat' dir='ltr'><strong>licet</strong></span> <span class='ocrx_word' id='word_1_518' title='bbox 649 3523 720 3578; x_wconf 89' lang='lat' dir='ltr'><strong>ab</strong></span> <span class='ocrx_word' id='word_1_519' title='bbox 747 3524 847 3591; x_wconf 92' lang='lat' dir='ltr'><strong>eis,</strong></span> <span class='ocrx_word' id='word_1_520' title='bbox 879 3524 993 3580; x_wconf 88' lang='lat' dir='ltr'><strong>suis</strong></span> <span class='ocrx_word' id='word_1_521' title='bbox 1017 3523 1151 3579; x_wconf 90' lang='lat' dir='ltr'><strong>locis</strong></span> <span class='ocrx_word' id='word_1_522' title='bbox 1180 3531 1360 3578; x_wconf 88' lang='lat' dir='ltr'><strong>actum</strong></span> <span class='ocrx_word' id='word_1_523' title='bbox 1385 3522 1438 3577; x_wconf 88' lang='lat' dir='ltr'><strong>id</strong></span> <span class='ocrx_word' id='word_1_524' title='bbox 1470 3521 1676 3586; x_wconf 88' lang='lat' dir='ltr'><strong>fuerat;</strong></span> <span class='ocrx_word' id='word_1_525' title='bbox 1720 3521 1771 3574; x_wconf 90' lang='lat' dir='ltr'><strong>in</strong></span> <span class='ocrx_word' id='word_1_526' title='bbox 1806 3525 2090 3591; x_wconf 83' lang='lat' dir='ltr'><strong>sequenti-</strong></span> 
     </span>
    </p>
   </div>
   <div class='ocr_carea' id='block_1_66' title="bbox 494 3615 2088 3691">
    <p class='ocr_par' dir='ltr' id='par_1_66' title="bbox 494 3615 2088 3691">
     <span class='ocr_line' id='line_1_66' title="bbox 494 3615 2088 3691; baseline -0.003 -15"><span class='ocrx_word' id='word_1_527' title='bbox 494 3621 594 3676; x_wconf 90' lang='lat' dir='ltr'><strong>bus</strong></span> <span class='ocrx_word' id='word_1_528' title='bbox 607 3629 788 3676; x_wconf 87' lang='lat' dir='ltr'><strong>autem</strong></span> <span class='ocrx_word' id='word_1_529' title='bbox 805 3619 1078 3691; x_wconf 85' lang='lat' dir='ltr'><strong>sigillatim</strong></span> <span class='ocrx_word' id='word_1_530' title='bbox 1098 3619 1482 3690; x_wconf 87' lang='lat' dir='ltr'><strong>imperatorum</strong></span> <span class='ocrx_word' id='word_1_531' title='bbox 1498 3624 1554 3672; x_wconf 91' lang='lat' dir='ltr'><strong>et</strong></span> <span class='ocrx_word' id='word_1_532' title='bbox 1573 3617 1883 3687; x_wconf 86' lang='lat' dir='ltr'><strong>pontificum</strong></span> <span class='ocrx_word' id='word_1_533' title='bbox 1928 3615 2088 3672; x_wconf 81' lang='lat' dir='ltr'><strong>Rom.</strong></span> 
     </span>
    </p>
   </div>
   <div class='ocr_carea' id='block_1_67' title="bbox 494 3709 1876 3776">
    <p class='ocr_par' dir='ltr' id='par_1_67' title="bbox 494 3709 1876 3776">
     <span class='ocr_line' id='line_1_67' title="bbox 494 3709 1876 3776; baseline -0.005 -7"><span class='ocrx_word' id='word_1_534' title='bbox 494 3711 628 3769; x_wconf 90' lang='lat' dir='ltr'><strong>locis</strong></span> <span class='ocrx_word' id='word_1_535' title='bbox 654 3711 855 3769; x_wconf 87' lang='lat' dir='ltr'><strong>debitis</strong></span> <span class='ocrx_word' id='word_1_536' title='bbox 878 3711 1144 3776; x_wconf 88' lang='lat' dir='ltr'><strong>meminit,</strong></span> <span class='ocrx_word' id='word_1_537' title='bbox 1177 3720 1238 3766; x_wconf 91' lang='lat' dir='ltr'><strong>ut</strong></span> <span class='ocrx_word' id='word_1_538' title='bbox 1263 3710 1315 3765; x_wconf 92' lang='lat' dir='ltr'><strong>iu</strong></span> <span class='ocrx_word' id='word_1_539' title='bbox 1344 3710 1532 3768; x_wconf 90' lang='lat' dir='ltr'><strong>codice</strong></span> <span class='ocrx_word' id='word_1_540' title='bbox 1559 3709 1744 3765; x_wconf 88' lang='lat' dir='ltr'><strong>videre</strong></span> <span class='ocrx_word' id='word_1_541' title='bbox 1770 3716 1876 3764; x_wconf 88' lang='lat' dir='ltr'><strong>est.</strong></span> 
     </span>
    </p>
   </div>
   <div class='ocr_carea' id='block_1_68' title="bbox 567 3798 2088 3874">
    <p class='ocr_par' dir='ltr' id='par_1_68' title="bbox 567 3798 2088 3874">
     <span class='ocr_line' id='line_1_68' title="bbox 567 3798 2088 3874; baseline -0.001 -18"><span class='ocrx_word' id='word_1_542' title='bbox 567 3805 736 3873; x_wconf 83' lang='lat' dir='ltr'><strong>Quale</strong></span> <span class='ocrx_word' id='word_1_543' title='bbox 779 3811 960 3859; x_wconf 90' lang='lat' dir='ltr'><strong>autem</strong></span> <span class='ocrx_word' id='word_1_544' title='bbox 1008 3809 1384 3874; x_wconf 83' lang='lat' dir='ltr'><strong>argumentum</strong></span> <span class='ocrx_word' id='word_1_545' title='bbox 1432 3800 1582 3865; x_wconf 89' lang='lat' dir='ltr'><strong>illud</strong></span> <span class='ocrx_word' id='word_1_546' title='bbox 1615 3810 1735 3867; x_wconf 90' lang='lat' dir='ltr'><strong>est,</strong></span> <span class='ocrx_word' id='word_1_547' title='bbox 1785 3798 2088 3856; x_wconf 74' lang='lat' dir='ltr'><strong>Chronicon</strong></span> 
     </span>
    </p>
   </div>
   <div class='ocr_carea' id='block_1_69' title="bbox 496 3891 2092 3966">
    <p class='ocr_par' dir='ltr' id='par_1_69' title="bbox 496 3891 2092 3966">
     <span class='ocr_line' id='line_1_69' title="bbox 496 3891 2092 3966; baseline -0.004 -15"><span class='ocrx_word' id='word_1_548' title='bbox 496 3895 636 3952; x_wconf 84' lang='lat' dir='ltr'><strong>istud</strong></span> <span class='ocrx_word' id='word_1_549' title='bbox 663 3895 808 3966; x_wconf 89' lang='lat' dir='ltr'><strong>quod</strong></span> <span class='ocrx_word' id='word_1_550' title='bbox 837 3902 1014 3950; x_wconf 82' lang='lat' dir='ltr'><strong>exstat</strong></span> <span class='ocrx_word' id='word_1_551' title='bbox 1043 3895 1233 3965; x_wconf 90' lang='lat' dir='ltr'><strong>incipit</strong></span> <span class='ocrx_word' id='word_1_552' title='bbox 1252 3909 1282 3948; x_wconf 89' lang='lat' dir='ltr'><strong>a</strong></span> <span class='ocrx_word' id='word_1_553' title='bbox 1309 3891 1526 3948; x_wconf 89' lang='lat' dir='ltr'><strong>Christo</strong></span> <span class='ocrx_word' id='word_1_554' title='bbox 1548 3892 1798 3959; x_wconf 91' lang='lat' dir='ltr'><strong>Domino,</strong></span> <span class='ocrx_word' id='word_1_555' title='bbox 1817 3900 1996 3946; x_wconf 87' lang='lat' dir='ltr'><strong>etnon</strong></span> <span class='ocrx_word' id='word_1_556' title='bbox 2023 3891 2092 3945; x_wconf 88' lang='lat' dir='ltr'><strong>ab</strong></span> 
     </span>
    </p>
   </div>
   <div class='ocr_carea' id='block_1_70' title="bbox 496 3983 2091 4056">
    <p class='ocr_par' dir='ltr' id='par_1_70' title="bbox 496 3983 2091 4056">
     <span class='ocr_line' id='line_1_70' title="bbox 496 3983 2091 4056; baseline -0.003 -13"><span class='ocrx_word' id='word_1_557' title='bbox 496 3987 632 4044; x_wconf 89' lang='lat' dir='ltr'><strong>orbe</strong></span> <span class='ocrx_word' id='word_1_558' title='bbox 661 3985 880 4042; x_wconf 85' lang='lat' dir='ltr'><strong>condito</strong></span> <span class='ocrx_word' id='word_1_559' title='bbox 910 4026 926 4051; x_wconf 95' lang='lat'><strong>,</strong></span> <span class='ocrx_word' id='word_1_560' title='bbox 973 4000 1104 4056; x_wconf 89' lang='lat' dir='ltr'><strong>ergo</strong></span> <span class='ocrx_word' id='word_1_561' title='bbox 1154 4001 1263 4039; x_wconf 89' lang='lat' dir='ltr'><strong>non</strong></span> <span class='ocrx_word' id='word_1_562' title='bbox 1289 3995 1371 4040; x_wconf 90' lang='lat' dir='ltr'><strong>est</strong></span> <span class='ocrx_word' id='word_1_563' title='bbox 1423 3985 1748 4038; x_wconf 78' lang='lat' dir='ltr'><strong>omnimoda:</strong></span> <span class='ocrx_word' id='word_1_564' title='bbox 1801 3983 2091 4038; x_wconf 60' lang='lat' dir='ltr'><strong>Historia}?</strong></span> 
     </span>
    </p>
   </div>
   <div class='ocr_carea' id='block_1_71' title="bbox 497 4074 2090 4152">
    <p class='ocr_par' dir='ltr' id='par_1_71' title="bbox 497 4074 2090 4152">
     <span class='ocr_line' id='line_1_71' title="bbox 497 4074 2090 4152; baseline -0.003 -18"><span class='ocrx_word' id='word_1_565' title='bbox 497 4079 651 4152; x_wconf 86' lang='lat' dir='ltr'><strong>quasi</strong></span> <span class='ocrx_word' id='word_1_566' title='bbox 674 4094 744 4134; x_wconf 89' lang='lat' dir='ltr'><strong>ex</strong></span> <span class='ocrx_word' id='word_1_567' title='bbox 791 4076 1009 4134; x_wconf 86' lang='lat' dir='ltr'><strong>defectu</strong></span> <span class='ocrx_word' id='word_1_568' title='bbox 1054 4076 1294 4144; x_wconf 90' lang='lat' dir='ltr'><strong>codicis,</strong></span> <span class='ocrx_word' id='word_1_569' title='bbox 1339 4076 1430 4146; x_wconf 88' lang='lat' dir='ltr'><strong>qui</strong></span> <span class='ocrx_word' id='word_1_570' title='bbox 1475 4074 1812 4130; x_wconf 90' lang='lat' dir='ltr'><strong>dimidiatum</strong></span> <span class='ocrx_word' id='word_1_571' title='bbox 1857 4075 2090 4131; x_wconf 91' lang='lat' dir='ltr'><strong>auctoris</strong></span> 
     </span>
    </p>
   </div>
   <div class='ocr_carea' id='block_1_72' title="bbox 499 4167 2092 4244">
    <p class='ocr_par' dir='ltr' id='par_1_72' title="bbox 499 4167 2092 4244">
     <span class='ocr_line' id='line_1_72' title="bbox 499 4167 2092 4244; baseline -0.005 -14"><span class='ocrx_word' id='word_1_572' title='bbox 499 4187 640 4244; x_wconf 90' lang='lat' dir='ltr'><strong>opus</strong></span> <span class='ocrx_word' id='word_1_573' title='bbox 666 4171 947 4226; x_wconf 89' lang='lat' dir='ltr'><strong>dumtaxat</strong></span> <span class='ocrx_word' id='word_1_574' title='bbox 967 4168 1222 4235; x_wconf 87' lang='lat' dir='ltr'><strong>habebat,</strong></span> <span class='ocrx_word' id='word_1_575' title='bbox 1250 4167 1493 4224; x_wconf 85' lang='lat' dir='ltr'><strong>defectus</strong></span> <span class='ocrx_word' id='word_1_576' title='bbox 1519 4168 1755 4222; x_wconf 89' lang='lat' dir='ltr'><strong>auctoris</strong></span> <span class='ocrx_word' id='word_1_577' title='bbox 1783 4168 1935 4238; x_wconf 85' lang='lat' dir='ltr'><strong>argui</strong></span> <span class='ocrx_word' id='word_1_578' title='bbox 1967 4183 2092 4237; x_wconf 87' lang='lat' dir='ltr'><strong>pos-</strong></span> 
     </span>
    </p>
   </div>
   <div class='ocr_carea' id='block_1_73' title="bbox 499 4260 2092 4333">
    <p class='ocr_par' dir='ltr' id='par_1_73' title="bbox 499 4260 2092 4333">
     <span class='ocr_line' id='line_1_73' title="bbox 499 4260 2092 4333; baseline -0.003 -14"><span class='ocrx_word' id='word_1_579' title='bbox 499 4276 600 4319; x_wconf 88' lang='lat' dir='ltr'><strong>set.</strong></span> <span class='ocrx_word' id='word_1_580' title='bbox 629 4264 773 4319; x_wconf 89' lang='lat' dir='ltr'><strong>Sane</strong></span> <span class='ocrx_word' id='word_1_581' title='bbox 800 4262 845 4316; x_wconf 93' lang='lat' dir='ltr'><strong>si</strong></span> <span class='ocrx_word' id='word_1_582' title='bbox 868 4261 1203 4333; x_wconf 86' lang='lat' dir='ltr'><strong>suppositum</strong></span> <span class='ocrx_word' id='word_1_583' title='bbox 1231 4267 1402 4326; x_wconf 87' lang='lat' dir='ltr'><strong>esset,</strong></span> <span class='ocrx_word' id='word_1_584' title='bbox 1425 4267 1481 4315; x_wconf 92' lang='lat' dir='ltr'><strong>et</strong></span> <span class='ocrx_word' id='word_1_585' title='bbox 1507 4260 1576 4316; x_wconf 92' lang='lat' dir='ltr'><strong>de</strong></span> <span class='ocrx_word' id='word_1_586' title='bbox 1601 4261 1759 4315; x_wconf 89' lang='lat' dir='ltr'><strong>rebus</strong></span> <span class='ocrx_word' id='word_1_587' title='bbox 1780 4271 1906 4314; x_wconf 89' lang='lat' dir='ltr'><strong>ante</strong></span> <span class='ocrx_word' id='word_1_588' title='bbox 1931 4260 2092 4314; x_wconf 87' lang='lat' dir='ltr'><strong>Chri-</strong></span> 
     </span>
    </p>
   </div>
   <div class='ocr_carea' id='block_1_74' title="bbox 497 4351 2088 4423">
    <p class='ocr_par' dir='ltr' id='par_1_74' title="bbox 497 4351 2088 4423">
     <span class='ocr_line' id='line_1_74' title="bbox 497 4351 2088 4423; baseline -0.002 -14"><span class='ocrx_word' id='word_1_589' title='bbox 497 4365 641 4410; x_wconf 86' lang='lat' dir='ltr'><strong>stum</strong></span> <span class='ocrx_word' id='word_1_590' title='bbox 683 4362 867 4408; x_wconf 90' lang='lat' dir='ltr'><strong>natum</strong></span> <span class='ocrx_word' id='word_1_591' title='bbox 899 4351 1032 4407; x_wconf 91' lang='lat' dir='ltr'><strong>nihil</strong></span> <span class='ocrx_word' id='word_1_592' title='bbox 1075 4351 1319 4408; x_wconf 88' lang='lat' dir='ltr'><strong>scribere</strong></span> <span class='ocrx_word' id='word_1_593' title='bbox 1348 4351 1550 4407; x_wconf 88' lang='lat' dir='ltr'><strong>libebat</strong></span> <span class='ocrx_word' id='word_1_594' title='bbox 1583 4392 1599 4418; x_wconf 90' lang='lat'><strong>,</strong></span> <span class='ocrx_word' id='word_1_595' title='bbox 1649 4366 1986 4423; x_wconf 89' lang='lat' dir='ltr'><strong>nequaquam</strong></span> <span class='ocrx_word' id='word_1_596' title='bbox 2036 4353 2088 4406; x_wconf 93' lang='lat' dir='ltr'><strong>in</strong></span> 
     </span>
    </p>
   </div>
   <div class='ocr_carea' id='block_1_75' title="bbox 2194 3158 3784 3230">
    <p class='ocr_par' dir='ltr' id='par_1_75' title="bbox 2194 3158 3784 3230">
     <span class='ocr_line' id='line_1_75' title="bbox 2194 3158 3784 3230; baseline -0.001 -16"><span class='ocrx_word' id='word_1_597' title='bbox 2194 3159 2286 3227; x_wconf 88' lang='lat' dir='ltr'><strong>lia,</strong></span> <span class='ocrx_word' id='word_1_598' title='bbox 2317 3169 2373 3214; x_wconf 92' lang='lat' dir='ltr'><strong>et</strong></span> <span class='ocrx_word' id='word_1_599' title='bbox 2400 3158 2534 3214; x_wconf 88' lang='lat' dir='ltr'><strong>ultra</strong></span> <span class='ocrx_word' id='word_1_600' title='bbox 2565 3174 2781 3215; x_wconf 91' lang='lat' dir='ltr'><strong>omnem</strong></span> <span class='ocrx_word' id='word_1_601' title='bbox 2815 3160 3107 3215; x_wconf 88' lang='lat' dir='ltr'><strong>humanam</strong></span> <span class='ocrx_word' id='word_1_602' title='bbox 3137 3159 3318 3214; x_wconf 90' lang='lat' dir='ltr'><strong>fidem.</strong></span> <span class='ocrx_word' id='word_1_603' title='bbox 3345 3158 3557 3225; x_wconf 85' lang='lat' dir='ltr'><strong>Quibus</strong></span> <span class='ocrx_word' id='word_1_604' title='bbox 3585 3173 3687 3230; x_wconf 90' lang='lat' dir='ltr'><strong>ego</strong></span> <span class='ocrx_word' id='word_1_605' title='bbox 3718 3158 3784 3213; x_wconf 91' lang='lat' dir='ltr'><strong>il-</strong></span> 
     </span>
    </p>
   </div>
   <div class='ocr_carea' id='block_1_76' title="bbox 2193 3250 3785 3324">
    <p class='ocr_par' dir='ltr' id='par_1_76' title="bbox 2193 3250 3785 3324">
     <span class='ocr_line' id='line_1_76' title="bbox 2193 3250 3785 3324; baseline 0 -18"><span class='ocrx_word' id='word_1_606' title='bbox 2193 3251 2282 3307; x_wconf 93' lang='lat' dir='ltr'><strong>lud</strong></span> <span class='ocrx_word' id='word_1_607' title='bbox 2305 3253 2570 3322; x_wconf 89' lang='lat' dir='ltr'><strong>imprimis</strong></span> <span class='ocrx_word' id='word_1_608' title='bbox 2592 3252 2928 3323; x_wconf 88' lang='lat' dir='ltr'><strong>respondere</strong></span> <span class='ocrx_word' id='word_1_609' title='bbox 2950 3267 3194 3324; x_wconf 89' lang='lat' dir='ltr'><strong>possem,</strong></span> <span class='ocrx_word' id='word_1_610' title='bbox 3216 3250 3366 3321; x_wconf 90' lang='lat' dir='ltr'><strong>quod</strong></span> <span class='ocrx_word' id='word_1_611' title='bbox 3387 3250 3785 3306; x_wconf 85' lang='lat' dir='ltr'><strong>detractoribus</strong></span> 
     </span>
    </p>
   </div>
   <div class='ocr_carea' id='block_1_77' title="bbox 2193 3341 3783 3416">
    <p class='ocr_par' dir='ltr' id='par_1_77' title="bbox 2193 3341 3783 3416">
     <span class='ocr_line' id='line_1_77' title="bbox 2193 3341 3783 3416; baseline -0.002 -17"><span class='ocrx_word' id='word_1_612' title='bbox 2193 3345 2484 3400; x_wconf 84' lang='lat' dir='ltr'><strong>Eusebiani</strong></span> <span class='ocrx_word' id='word_1_613' title='bbox 2515 3343 2768 3399; x_wconf 89' lang='lat' dir='ltr'><strong>Chroniei</strong></span> <span class='ocrx_word' id='word_1_614' title='bbox 2800 3344 3186 3416; x_wconf 85' lang='lat' dir='ltr'><strong>Hieronymus,</strong></span> <span class='ocrx_word' id='word_1_615' title='bbox 3215 3341 3490 3398; x_wconf 88' lang='lat' dir='ltr'><strong>Dictorum</strong></span> <span class='ocrx_word' id='word_1_616' title='bbox 3514 3343 3670 3413; x_wconf 78' lang='lat' dir='ltr'><strong>[idem</strong></span> <span class='ocrx_word' id='word_1_617' title='bbox 3691 3359 3783 3398; x_wconf 86' lang='lat' dir='ltr'><strong>suo</strong></span> 
     </span>
    </p>
   </div>
   <div class='ocr_carea' id='block_1_78' title="bbox 2192 3439 3782 3511">
    <p class='ocr_par' dir='ltr' id='par_1_78' title="bbox 2192 3439 3782 3511">
     <span class='ocr_line' id='line_1_78' title="bbox 2192 3439 3782 3511; baseline -0.002 -18"><span class='ocrx_word' id='word_1_618' title='bbox 2192 3439 2393 3493; x_wconf 87' lang='lat' dir='ltr'><strong>auctori</strong></span> <span class='ocrx_word' id='word_1_619' title='bbox 2420 3439 2723 3511; x_wconf 83' lang='lat' dir='ltr'><strong>assignent,</strong></span> <span class='ocrx_word' id='word_1_620' title='bbox 2757 3448 2810 3493; x_wconf 91' lang='lat' dir='ltr'><strong>et</strong></span> <span class='ocrx_word' id='word_1_621' title='bbox 2853 3446 3119 3508; x_wconf 72' lang='lat' dir='ltr'><strong>pratterea</strong></span> <span class='ocrx_word' id='word_1_622' title='bbox 3174 3451 3280 3492; x_wconf 91' lang='lat' dir='ltr'><strong>non</strong></span> <span class='ocrx_word' id='word_1_623' title='bbox 3326 3449 3451 3493; x_wconf 87' lang='lat' dir='ltr'><strong>esse</strong></span> <span class='ocrx_word' id='word_1_624' title='bbox 3500 3445 3782 3492; x_wconf 87' lang='lat' dir='ltr'><strong>auctorem</strong></span> 
     </span>
    </p>
   </div>
   <div class='ocr_carea' id='block_1_79' title="bbox 2193 3525 3783 3601">
    <p class='ocr_par' dir='ltr' id='par_1_79' title="bbox 2193 3525 3783 3601">
     <span class='ocr_line' id='line_1_79' title="bbox 2193 3525 3783 3601; baseline -0.003 -16"><span class='ocrx_word' id='word_1_625' title='bbox 2193 3529 2362 3600; x_wconf 90' lang='lat' dir='ltr'><strong>hunc,</strong></span> <span class='ocrx_word' id='word_1_626' title='bbox 2386 3541 2442 3585; x_wconf 91' lang='lat' dir='ltr'><strong>et</strong></span> <span class='ocrx_word' id='word_1_627' title='bbox 2472 3544 2610 3601; x_wconf 91' lang='lat' dir='ltr'><strong>opus</strong></span> <span class='ocrx_word' id='word_1_628' title='bbox 2638 3530 2693 3584; x_wconf 92' lang='lat' dir='ltr'><strong>in</strong></span> <span class='ocrx_word' id='word_1_629' title='bbox 2730 3529 2993 3599; x_wconf 81' lang='lat' dir='ltr'><strong>Catalogo</strong></span> <span class='ocrx_word' id='word_1_630' title='bbox 3031 3527 3431 3584; x_wconf 87' lang='lat' dir='ltr'><strong>Canonicarum</strong></span> <span class='ocrx_word' id='word_1_631' title='bbox 3474 3525 3783 3599; x_wconf 89' lang='lat' dir='ltr'><strong>Scriptura-</strong></span> 
     </span>
    </p>
   </div>
   <div class='ocr_carea' id='block_1_80' title="bbox 2192 3617 3786 3700">
    <p class='ocr_par' dir='ltr' id='par_1_80' title="bbox 2192 3617 3786 3700">
     <span class='ocr_line' id='line_1_80' title="bbox 2192 3617 3786 3700; baseline -0.004 -22"><span class='ocrx_word' id='word_1_632' title='bbox 2192 3639 2310 3700; x_wconf 85' lang='lat' dir='ltr'><strong>rum</strong></span> <span class='ocrx_word' id='word_1_633' title='bbox 2363 3631 2645 3692; x_wconf 89' lang='lat' dir='ltr'><strong>receptum</strong></span> <span class='ocrx_word' id='word_1_634' title='bbox 2672 3665 2686 3688; x_wconf 93' lang='lat'><strong>,</strong></span> <span class='ocrx_word' id='word_1_635' title='bbox 2743 3629 2800 3677; x_wconf 91' lang='lat' dir='ltr'><strong>et</strong></span> <span class='ocrx_word' id='word_1_636' title='bbox 2839 3621 3045 3676; x_wconf 88' lang='lat' dir='ltr'><strong>ideirco</strong></span> <span class='ocrx_word' id='word_1_637' title='bbox 3094 3621 3289 3675; x_wconf 85' lang='lat' dir='ltr'><strong>mirum</strong></span> <span class='ocrx_word' id='word_1_638' title='bbox 3325 3633 3432 3674; x_wconf 94' lang='lat' dir='ltr'><strong>non</strong></span> <span class='ocrx_word' id='word_1_639' title='bbox 3457 3633 3580 3674; x_wconf 90' lang='lat' dir='ltr'><strong>esse</strong></span> <span class='ocrx_word' id='word_1_640' title='bbox 3608 3619 3653 3673; x_wconf 87' lang='lat' dir='ltr'><strong>si</strong></span> <span class='ocrx_word' id='word_1_641' title='bbox 3686 3617 3786 3672; x_wconf 86' lang='lat' dir='ltr'><strong>ali-</strong></span> 
     </span>
    </p>
   </div>
   <div class='ocr_carea' id='block_1_81' title="bbox 2191 3710 3781 3787">
    <p class='ocr_par' dir='ltr' id='par_1_81' title="bbox 2191 3710 3781 3787">
     <span class='ocr_line' id='line_1_81' title="bbox 2191 3710 3781 3787; baseline -0.004 -17"><span class='ocrx_word' id='word_1_642' title='bbox 2191 3715 2406 3787; x_wconf 83' lang='lat' dir='ltr'><strong>quando</strong></span> <span class='ocrx_word' id='word_1_643' title='bbox 2431 3730 2460 3770; x_wconf 91' lang='lat' dir='ltr'><strong>a</strong></span> <span class='ocrx_word' id='word_1_644' title='bbox 2487 3715 2717 3770; x_wconf 80' lang='lat' dir='ltr'><strong>veritate</strong></span> <span class='ocrx_word' id='word_1_645' title='bbox 2766 3711 3028 3778; x_wconf 84' lang='lat' dir='ltr'><strong>deficiat;</strong></span> <span class='ocrx_word' id='word_1_646' title='bbox 3077 3727 3182 3768; x_wconf 88' lang='lat' dir='ltr'><strong>nec</strong></span> <span class='ocrx_word' id='word_1_647' title='bbox 3229 3710 3554 3767; x_wconf 87' lang='lat' dir='ltr'><strong>modernum</strong></span> <span class='ocrx_word' id='word_1_648' title='bbox 3584 3727 3599 3776; x_wconf 88' lang='lat'><strong>;</strong></span> <span class='ocrx_word' id='word_1_649' title='bbox 3632 3718 3692 3765; x_wconf 92' lang='lat' dir='ltr'><strong>ut</strong></span> <span class='ocrx_word' id='word_1_650' title='bbox 3719 3723 3781 3765; x_wconf 90' lang='lat' dir='ltr'><strong>ea</strong></span> 
     </span>
    </p>
   </div>
   <div class='ocr_carea' id='block_1_82' title="bbox 2193 3805 3785 3878">
    <p class='ocr_par' dir='ltr' id='par_1_82' title="bbox 2193 3805 3785 3878">
     <span class='ocr_line' id='line_1_82' title="bbox 2193 3805 3785 3878; baseline -0.004 -14"><span class='ocrx_word' id='word_1_651' title='bbox 2193 3809 2305 3864; x_wconf 90' lang='lat' dir='ltr'><strong>sola</strong></span> <span class='ocrx_word' id='word_1_652' title='bbox 2330 3808 2620 3874; x_wconf 87' lang='lat' dir='ltr'><strong>scriberet,</strong></span> <span class='ocrx_word' id='word_1_653' title='bbox 2662 3823 2782 3878; x_wconf 83' lang='lat' dir='ltr'><strong>quae</strong></span> <span class='ocrx_word' id='word_1_654' title='bbox 2829 3807 2992 3861; x_wconf 91' lang='lat' dir='ltr'><strong>modo</strong></span> <span class='ocrx_word' id='word_1_655' title='bbox 3039 3805 3187 3861; x_wconf 82' lang='lat' dir='ltr'><strong>inter</strong></span> <span class='ocrx_word' id='word_1_656' title='bbox 3234 3805 3480 3875; x_wconf 88' lang='lat' dir='ltr'><strong>vulgatos</strong></span> <span class='ocrx_word' id='word_1_657' title='bbox 3535 3812 3785 3859; x_wconf 85' lang='lat' dir='ltr'><strong>auctores</strong></span> 
     </span>
    </p>
   </div>
   <div class='ocr_carea' id='block_1_83' title="bbox 2195 3895 3785 3973">
    <p class='ocr_par' dir='ltr' id='par_1_83' title="bbox 2195 3895 3785 3973">
     <span class='ocr_line' id='line_1_83' title="bbox 2195 3895 3785 3973; baseline -0.004 -16"><span class='ocrx_word' id='word_1_658' title='bbox 2195 3911 2409 3973; x_wconf 78' lang='lat' dir='ltr'><strong>recepta</strong></span> <span class='ocrx_word' id='word_1_659' title='bbox 2444 3911 2567 3957; x_wconf 89' lang='lat' dir='ltr'><strong>sunt</strong></span> <span class='ocrx_word' id='word_1_660' title='bbox 2597 3919 2610 3954; x_wconf 91' lang='lat'><strong>:</strong></span> <span class='ocrx_word' id='word_1_661' title='bbox 2635 3902 2766 3972; x_wconf 91' lang='lat' dir='ltr'><strong>quin</strong></span> <span class='ocrx_word' id='word_1_662' title='bbox 2802 3899 2982 3970; x_wconf 88' lang='lat' dir='ltr'><strong>potius</strong></span> <span class='ocrx_word' id='word_1_663' title='bbox 3029 3915 3094 3954; x_wconf 91' lang='lat' dir='ltr'><strong>ex</strong></span> <span class='ocrx_word' id='word_1_664' title='bbox 3123 3914 3188 3955; x_wconf 91' lang='lat' dir='ltr'><strong>co</strong></span> <span class='ocrx_word' id='word_1_665' title='bbox 3215 3898 3513 3969; x_wconf 90' lang='lat' dir='ltr'><strong>antiquitas</strong></span> <span class='ocrx_word' id='word_1_666' title='bbox 3544 3895 3785 3953; x_wconf 88' lang='lat' dir='ltr'><strong>auctoris</strong></span> 
     </span>
    </p>
   </div>
   <div class='ocr_carea' id='block_1_84' title="bbox 2193 3989 3784 4061">
    <p class='ocr_par' dir='ltr' id='par_1_84' title="bbox 2193 3989 3784 4061">
     <span class='ocr_line' id='line_1_84' title="bbox 2193 3989 3784 4061; baseline -0.003 -12"><span class='ocrx_word' id='word_1_667' title='bbox 2193 3992 2483 4049; x_wconf 82' lang='lat' dir='ltr'><strong>manifeste</strong></span> <span class='ocrx_word' id='word_1_668' title='bbox 2523 3993 2889 4059; x_wconf 82' lang='lat' dir='ltr'><strong>convincitur,</strong></span> <span class='ocrx_word' id='word_1_669' title='bbox 2943 3991 3087 4061; x_wconf 91' lang='lat' dir='ltr'><strong>quod</strong></span> <span class='ocrx_word' id='word_1_670' title='bbox 3115 3991 3363 4059; x_wconf 75' lang='lat' dir='ltr'><strong>qutrdam</strong></span> <span class='ocrx_word' id='word_1_671' title='bbox 3415 3989 3572 4045; x_wconf 88' lang='lat' dir='ltr'><strong>aliter</strong></span> <span class='ocrx_word' id='word_1_672' title='bbox 3621 4003 3784 4060; x_wconf 87' lang='lat' dir='ltr'><strong>quam</strong></span> 
     </span>
    </p>
   </div>
   <div class='ocr_carea' id='block_1_85' title="bbox 2194 4080 3784 4152">
    <p class='ocr_par' dir='ltr' id='par_1_85' title="bbox 2194 4080 3784 4152">
     <span class='ocr_line' id='line_1_85' title="bbox 2194 4080 3784 4152; baseline -0.003 -14"><span class='ocrx_word' id='word_1_673' title='bbox 2194 4099 2338 4139; x_wconf 89' lang='lat' dir='ltr'><strong>nunc</strong></span> <span class='ocrx_word' id='word_1_674' title='bbox 2362 4083 2657 4139; x_wconf 86' lang='lat' dir='ltr'><strong>credantur</strong></span> <span class='ocrx_word' id='word_1_675' title='bbox 2693 4083 2916 4138; x_wconf 88' lang='lat' dir='ltr'><strong>scribat.</strong></span> <span class='ocrx_word' id='word_1_676' title='bbox 2946 4081 3022 4136; x_wconf 88' lang='lat' dir='ltr'><strong>Ex</strong></span> <span class='ocrx_word' id='word_1_677' title='bbox 3050 4097 3117 4136; x_wconf 91' lang='lat' dir='ltr'><strong>eo</strong></span> <span class='ocrx_word' id='word_1_678' title='bbox 3155 4081 3320 4152; x_wconf 91' lang='lat' dir='ltr'><strong>igitur</strong></span> <span class='ocrx_word' id='word_1_679' title='bbox 3343 4080 3488 4151; x_wconf 92' lang='lat' dir='ltr'><strong>quod</strong></span> <span class='ocrx_word' id='word_1_680' title='bbox 3534 4081 3589 4135; x_wconf 92' lang='lat' dir='ltr'><strong>in</strong></span> <span class='ocrx_word' id='word_1_681' title='bbox 3644 4094 3784 4134; x_wconf 84' lang='lat' dir='ltr'><strong>non-</strong></span> 
     </span>
    </p>
   </div>
   <div class='ocr_carea' id='block_1_86' title="bbox 2195 4171 3785 4241">
    <p class='ocr_par' dir='ltr' id='par_1_86' title="bbox 2195 4171 3785 4241">
     <span class='ocr_line' id='line_1_86' title="bbox 2195 4171 3785 4241; baseline -0.003 -11"><span class='ocrx_word' id='word_1_682' title='bbox 2195 4176 2358 4231; x_wconf 89' lang='lat' dir='ltr'><strong>nullis</strong></span> <span class='ocrx_word' id='word_1_683' title='bbox 2389 4176 2529 4230; x_wconf 87' lang='lat' dir='ltr'><strong>f&#39;orte</strong></span> <span class='ocrx_word' id='word_1_684' title='bbox 2568 4175 2818 4241; x_wconf 78' lang='lat' dir='ltr'><strong>deficiat,</strong></span> <span class='ocrx_word' id='word_1_685' title='bbox 2879 4188 2983 4228; x_wconf 90' lang='lat' dir='ltr'><strong>non</strong></span> <span class='ocrx_word' id='word_1_686' title='bbox 3034 4181 3184 4228; x_wconf 89' lang='lat' dir='ltr'><strong>recte</strong></span> <span class='ocrx_word' id='word_1_687' title='bbox 3234 4171 3486 4237; x_wconf 77' lang='lat' dir='ltr'><strong>infertur,</strong></span> <span class='ocrx_word' id='word_1_688' title='bbox 3542 4171 3706 4226; x_wconf 88' lang='lat' dir='ltr'><strong>aliutn</strong></span> <span class='ocrx_word' id='word_1_689' title='bbox 3754 4185 3785 4226; x_wconf 89' lang='lat' dir='ltr'><strong>a</strong></span> 
     </span>
    </p>
   </div>
   <div class='ocr_carea' id='block_1_87' title="bbox 2197 4261 3783 4333">
    <p class='ocr_par' dir='ltr' id='par_1_87' title="bbox 2197 4261 3783 4333">
     <span class='ocr_line' id='line_1_87' title="bbox 2197 4261 3783 4333; baseline -0.006 -10"><span class='ocrx_word' id='word_1_690' title='bbox 2197 4269 2398 4324; x_wconf 89' lang='lat' dir='ltr'><strong>Dextro</strong></span> <span class='ocrx_word' id='word_1_691' title='bbox 2427 4266 2680 4322; x_wconf 82' lang='lat' dir='ltr'><strong>Chronici</strong></span> <span class='ocrx_word' id='word_1_692' title='bbox 2707 4266 2866 4333; x_wconf 89' lang='lat' dir='ltr'><strong>hujus</strong></span> <span class='ocrx_word' id='word_1_693' title='bbox 2908 4275 3187 4320; x_wconf 91' lang='lat' dir='ltr'><strong>auctorem</strong></span> <span class='ocrx_word' id='word_1_694' title='bbox 3235 4261 3406 4320; x_wconf 86' lang='lat' dir='ltr'><strong>fuisse</strong></span> <span class='ocrx_word' id='word_1_695' title='bbox 3434 4309 3448 4333; x_wconf 90' lang='lat'><strong>,</strong></span> <span class='ocrx_word' id='word_1_696' title='bbox 3505 4263 3600 4318; x_wconf 89' lang='lat' dir='ltr'><strong>sed</strong></span> <span class='ocrx_word' id='word_1_697' title='bbox 3627 4262 3783 4316; x_wconf 73' lang='lat' dir='ltr'><strong>dum.</strong></span> 
     </span>
    </p>
   </div>
   <div class='ocr_carea' id='block_1_88' title="bbox 2196 4351 3783 4428">
    <p class='ocr_par' dir='ltr' id='par_1_88' title="bbox 2196 4351 3783 4428">
     <span class='ocr_line' id='line_1_88' title="bbox 2196 4351 3783 4428; baseline -0.005 -13"><span class='ocrx_word' id='word_1_698' title='bbox 2196 4371 2366 4428; x_wconf 88' lang='lat' dir='ltr'><strong>taxat,</strong></span> <span class='ocrx_word' id='word_1_699' title='bbox 2393 4375 2499 4415; x_wconf 90' lang='lat' dir='ltr'><strong>non</strong></span> <span class='ocrx_word' id='word_1_700' title='bbox 2523 4375 2648 4414; x_wconf 79' lang='lat' dir='ltr'><strong>esse</strong></span> <span class='ocrx_word' id='word_1_701' title='bbox 2675 4359 2868 4413; x_wconf 88' lang='lat' dir='ltr'><strong>librum</strong></span> <span class='ocrx_word' id='word_1_702' title='bbox 2915 4356 3293 4420; x_wconf 86' lang='lat' dir='ltr'><strong>Canonicum,</strong></span> <span class='ocrx_word' id='word_1_703' title='bbox 3339 4365 3398 4409; x_wconf 90' lang='lat' dir='ltr'><strong>ut</strong></span> <span class='ocrx_word' id='word_1_704' title='bbox 3443 4353 3580 4406; x_wconf 76' lang='lat' dir='ltr'><strong>dixi.</strong></span> <span class='ocrx_word' id='word_1_705' title='bbox 3641 4351 3783 4408; x_wconf 79' lang='lat' dir='ltr'><strong>Vere</strong></span> 
     </span>
    </p>
   </div>
   <div class='ocr_carea' id='block_1_89' title="bbox 501 4419 3784 4520">
    <p class='ocr_par' dir='ltr' id='par_1_89' title="bbox 501 4419 3784 4520">
     <span class='ocr_line' id='line_1_89' title="bbox 501 4419 3784 4520; baseline -0.003 -12"><span class='ocrx_word' id='word_1_706' title='bbox 501 4447 1016 4520; x_wconf 75' lang='lat' dir='ltr'><strong>prologmlicet&#39;elur</strong></span> <span class='ocrx_word' id='word_1_707' title='bbox 1038 4445 1239 4501; x_wconf 70' lang='lat' dir='ltr'><strong>Dexter</strong></span> <span class='ocrx_word' id='word_1_708' title='bbox 1264 4443 1332 4499; x_wconf 72' lang='lat' dir='ltr'><strong>ab</strong></span> <span class='ocrx_word' id='word_1_709' title='bbox 1353 4445 1486 4500; x_wconf 79' lang='lat' dir='ltr'><strong>Orbe</strong></span> <span class='ocrx_word' id='word_1_710' title='bbox 1539 4419 1760 4500; x_wconf 63' lang='grc' dir='ltr'><strong>(εοηίίίιέ)</strong></span> <span class='ocrx_word' id='word_1_711' title='bbox 1810 4419 1978 4515; x_wconf 45' lang='lat' dir='ltr'><strong>usque</strong></span> <span class='ocrx_word' id='word_1_712' title='bbox 2022 4444 2088 4498; x_wconf 76' lang='lat' dir='ltr'><strong>ad</strong></span> <span class='ocrx_word' id='word_1_713' title='bbox 2119 4419 2172 4480; x_wconf 72' lang='grc' dir='ltr'>Β</span> <span class='ocrx_word' id='word_1_714' title='bbox 2199 4419 2382 4508; x_wconf 76' lang='lat' dir='ltr'><strong>tamen</strong></span> <span class='ocrx_word' id='word_1_715' title='bbox 2413 4452 2546 4507; x_wconf 93' lang='lat' dir='ltr'><strong>nihil</strong></span> <span class='ocrx_word' id='word_1_716' title='bbox 2597 4449 2938 4515; x_wconf 90' lang='lat' dir='ltr'><strong>incredibile,</strong></span> <span class='ocrx_word' id='word_1_717' title='bbox 2989 4449 3125 4504; x_wconf 91' lang='lat' dir='ltr'><strong>nihil</strong></span> <span class='ocrx_word' id='word_1_718' title='bbox 3179 4443 3543 4516; x_wconf 85' lang='lat' dir='ltr'><strong>improbabile</strong></span> <span class='ocrx_word' id='word_1_719' title='bbox 3593 4453 3784 4500; x_wconf 68' lang='lat' dir='ltr'><strong>auctor</strong></span> 
     </span>
    </p>
   </div>
   <div class='ocr_carea' id='block_1_90' title="bbox 492 4532 2091 4612">
    <p class='ocr_par' dir='ltr' id='par_1_90' title="bbox 492 4532 2091 4612">
     <span class='ocr_line' id='line_1_90' title="bbox 492 4532 2091 4612; baseline -0.003 -16"><span class='ocrx_word' id='word_1_720' title='bbox 492 4532 595 4596; x_wconf 83' lang='lat' dir='ltr'><strong>sua</strong></span> <span class='ocrx_word' id='word_1_721' title='bbox 620 4551 861 4612; x_wconf 89' lang='lat' dir='ltr'><strong>tempora</strong></span> <span class='ocrx_word' id='word_1_722' title='bbox 885 4537 1166 4594; x_wconf 85' lang='lat' dir='ltr'><strong>historiam</strong></span> <span class='ocrx_word' id='word_1_723' title='bbox 1193 4537 1457 4604; x_wconf 88' lang='lat' dir='ltr'><strong>texuisse,</strong></span> <span class='ocrx_word' id='word_1_724' title='bbox 1487 4537 1580 4592; x_wconf 90' lang='lat' dir='ltr'><strong>sed</strong></span> <span class='ocrx_word' id='word_1_725' title='bbox 1605 4540 1782 4607; x_wconf 88' lang='lat' dir='ltr'><strong>potius</strong></span> <span class='ocrx_word' id='word_1_726' title='bbox 1805 4536 2091 4606; x_wconf 84' lang='lat' dir='ltr'><strong>scripsisse</strong></span> 
     </span>
    </p>
   </div>
   <div class='ocr_carea' id='block_1_91' title="bbox 497 4627 2089 4696">
    <p class='ocr_par' dir='ltr' id='par_1_91' title="bbox 497 4627 2089 4696">
     <span class='ocr_line' id='line_1_91' title="bbox 497 4627 2089 4696; baseline -0.003 -10"><span class='ocrx_word' id='word_1_727' title='bbox 497 4629 776 4686; x_wconf 87' lang='lat' dir='ltr'><strong>historiam</strong></span> <span class='ocrx_word' id='word_1_728' title='bbox 804 4647 833 4686; x_wconf 88' lang='lat' dir='ltr'><strong>a</strong></span> <span class='ocrx_word' id='word_1_729' title='bbox 867 4640 996 4686; x_wconf 80' lang='lat' dir='ltr'><strong>nato</strong></span> <span class='ocrx_word' id='word_1_730' title='bbox 1025 4629 1290 4696; x_wconf 87' lang='lat' dir='ltr'><strong>Domino;</strong></span> <span class='ocrx_word' id='word_1_731' title='bbox 1323 4644 1444 4684; x_wconf 92' lang='lat' dir='ltr'><strong>nam</strong></span> <span class='ocrx_word' id='word_1_732' title='bbox 1471 4627 1536 4683; x_wconf 92' lang='lat' dir='ltr'><strong>ad</strong></span> <span class='ocrx_word' id='word_1_733' title='bbox 1559 4628 1688 4683; x_wconf 89' lang='lat' dir='ltr'><strong>illud</strong></span> <span class='ocrx_word' id='word_1_734' title='bbox 1711 4628 2089 4692; x_wconf 84' lang='lat' dir='ltr'><strong>assereudum,</strong></span> 
     </span>
    </p>
   </div>
   <div class='ocr_carea' id='block_1_92' title="bbox 501 4721 2091 4795">
    <p class='ocr_par' dir='ltr' id='par_1_92' title="bbox 501 4721 2091 4795">
     <span class='ocr_line' id='line_1_92' title="bbox 501 4721 2091 4795; baseline -0.002 -17"><span class='ocrx_word' id='word_1_735' title='bbox 501 4721 812 4795; x_wconf 81' lang='lat' dir='ltr'><strong>lliemuymi</strong></span> <span class='ocrx_word' id='word_1_736' title='bbox 841 4732 932 4775; x_wconf 89' lang='lat' dir='ltr'><strong>aut</strong></span> <span class='ocrx_word' id='word_1_737' title='bbox 957 4721 1186 4775; x_wconf 87' lang='lat' dir='ltr'><strong>alterius</strong></span> <span class='ocrx_word' id='word_1_738' title='bbox 1226 4721 1512 4790; x_wconf 89' lang='lat' dir='ltr'><strong>scriptoris</strong></span> <span class='ocrx_word' id='word_1_739' title='bbox 1551 4721 1772 4775; x_wconf 89' lang='lat' dir='ltr'><strong>minime</strong></span> <span class='ocrx_word' id='word_1_740' title='bbox 1802 4736 1904 4774; x_wconf 90' lang='lat' dir='ltr'><strong>nos</strong></span> <span class='ocrx_word' id='word_1_741' title='bbox 1933 4735 2091 4790; x_wconf 81' lang='lat' dir='ltr'><strong>coge-</strong></span> 
     </span>
    </p>
   </div>
   <div class='ocr_carea' id='block_1_93' title="bbox 497 4809 2092 4884">
    <p class='ocr_par' dir='ltr' id='par_1_93' title="bbox 497 4809 2092 4884">
     <span class='ocr_line' id='line_1_93' title="bbox 497 4809 2092 4884; baseline -0.003 -12"><span class='ocrx_word' id='word_1_742' title='bbox 497 4814 590 4872; x_wconf 75' lang='lat' dir='ltr'><strong>b-it</strong></span> <span class='ocrx_word' id='word_1_743' title='bbox 615 4815 940 4880; x_wconf 89' lang='lat' dir='ltr'><strong>auctoritas;</strong></span> <span class='ocrx_word' id='word_1_744' title='bbox 970 4813 1144 4869; x_wconf 89' lang='lat' dir='ltr'><strong>solum</strong></span> <span class='ocrx_word' id='word_1_745' title='bbox 1178 4813 1445 4884; x_wconf 89' lang='lat' dir='ltr'><strong>siquidem</strong></span> <span class='ocrx_word' id='word_1_746' title='bbox 1470 4812 1545 4865; x_wconf 89' lang='lat' dir='ltr'><strong>ait</strong></span> <span class='ocrx_word' id='word_1_747' title='bbox 1565 4813 1676 4880; x_wconf 88' lang='lat' dir='ltr'><strong>ille,</strong></span> <span class='ocrx_word' id='word_1_748' title='bbox 1703 4809 1894 4867; x_wconf 86' lang='lat' dir='ltr'><strong>Fertur</strong></span> <span class='ocrx_word' id='word_1_749' title='bbox 1921 4814 1990 4866; x_wconf 82' lang='lat' dir='ltr'><strong>ad</strong></span> <span class='ocrx_word' id='word_1_750' title='bbox 2014 4830 2092 4867; x_wconf 87' lang='lat' dir='ltr'><strong>me</strong></span> 
     </span>
    </p>
   </div>
   <div class='ocr_carea' id='block_1_94' title="bbox 498 4902 2089 4974">
    <p class='ocr_par' dir='ltr' id='par_1_94' title="bbox 498 4902 2089 4974">
     <span class='ocr_line' id='line_1_94' title="bbox 498 4902 2089 4974; baseline -0.004 -11"><span class='ocrx_word' id='word_1_751' title='bbox 498 4906 848 4963; x_wconf 81' lang='lat' dir='ltr'><strong>cumimodam</strong></span> <span class='ocrx_word' id='word_1_752' title='bbox 877 4904 1168 4960; x_wconf 76' lang='lat' dir='ltr'><strong>Historiam</strong></span> <span class='ocrx_word' id='word_1_753' title='bbox 1198 4905 1440 4959; x_wconf 73' lang='lat' dir='ltr'><strong>texuisse.</strong></span> <span class='ocrx_word' id='word_1_754' title='bbox 1473 4902 1607 4958; x_wconf 91' lang='lat' dir='ltr'><strong>Cum</strong></span> <span class='ocrx_word' id='word_1_755' title='bbox 1623 4913 1802 4960; x_wconf 88' lang='lat' dir='ltr'><strong>autem</strong></span> <span class='ocrx_word' id='word_1_756' title='bbox 1819 4904 1869 4960; x_wconf 91' lang='lat' dir='ltr'><strong>id</strong></span> <span class='ocrx_word' id='word_1_757' title='bbox 1895 4903 1944 4958; x_wconf 91' lang='lat' dir='ltr'><strong>in</strong></span> <span class='ocrx_word' id='word_1_758' title='bbox 1963 4919 2089 4974; x_wconf 88' lang='lat' dir='ltr'><strong>pro-</strong></span> 
     </span>
    </p>
   </div>
   <div class='ocr_carea' id='block_1_95' title="bbox 498 4987 2090 5068">
    <p class='ocr_par' dir='ltr' id='par_1_95' title="bbox 498 4987 2090 5068">
     <span class='ocr_line' id='line_1_95' title="bbox 498 4987 2090 5068; baseline -0.003 -14"><span class='ocrx_word' id='word_1_759' title='bbox 498 4987 622 5068; x_wconf 77' lang='lat' dir='ltr'><strong>logo</strong></span> <span class='ocrx_word' id='word_1_760' title='bbox 651 5004 953 5064; x_wconf 81' lang='lat' dir='ltr'><strong>asseratur,</strong></span> <span class='ocrx_word' id='word_1_761' title='bbox 978 5005 1033 5053; x_wconf 88' lang='lat' dir='ltr'><strong>et</strong></span> <span class='ocrx_word' id='word_1_762' title='bbox 1061 4999 1115 5052; x_wconf 93' lang='lat' dir='ltr'><strong>in</strong></span> <span class='ocrx_word' id='word_1_763' title='bbox 1157 4997 1264 5052; x_wconf 93' lang='lat' dir='ltr'><strong>isto</strong></span> <span class='ocrx_word' id='word_1_764' title='bbox 1288 4995 1479 5051; x_wconf 90' lang='lat' dir='ltr'><strong>codice</strong></span> <span class='ocrx_word' id='word_1_765' title='bbox 1529 4995 1728 5050; x_wconf 89' lang='lat' dir='ltr'><strong>veteris</strong></span> <span class='ocrx_word' id='word_1_766' title='bbox 1758 4995 2090 5051; x_wconf 83' lang='lat' dir='ltr'><strong>&#39;l‘estamenti</strong></span> 
     </span>
    </p>
   </div>
   <div class='ocr_carea' id='block_1_96' title="bbox 498 5087 2087 5159">
    <p class='ocr_par' dir='ltr' id='par_1_96' title="bbox 498 5087 2087 5159">
     <span class='ocr_line' id='line_1_96' title="bbox 498 5087 2087 5159; baseline -0.004 -8"><span class='ocrx_word' id='word_1_767' title='bbox 498 5093 727 5151; x_wconf 79' lang='lat' dir='ltr'><strong>h&#39;storia</strong></span> <span class='ocrx_word' id='word_1_768' title='bbox 757 5088 1302 5158; x_wconf 85' lang='lat' dir='ltr'><strong>deficiat,manifeste</strong></span> <span class='ocrx_word' id='word_1_769' title='bbox 1348 5087 1592 5143; x_wconf 91' lang='lat' dir='ltr'><strong>innuitur</strong></span> <span class='ocrx_word' id='word_1_770' title='bbox 1640 5089 1874 5159; x_wconf 85' lang='lat' dir='ltr'><strong>priorem</strong></span> <span class='ocrx_word' id='word_1_771' title='bbox 1913 5088 2087 5144; x_wconf 83' lang='lat' dir='ltr'><strong>Chro-</strong></span> 
     </span>
    </p>
   </div>
   <div class='ocr_carea' id='block_1_97' title="bbox 499 5177 2088 5255">
    <p class='ocr_par' dir='ltr' id='par_1_97' title="bbox 499 5177 2088 5255">
     <span class='ocr_line' id='line_1_97' title="bbox 499 5177 2088 5255; baseline -0.004 -13"><span class='ocrx_word' id='word_1_772' title='bbox 499 5185 607 5242; x_wconf 69' lang='lat' dir='ltr'><strong>uiri</strong></span> <span class='ocrx_word' id='word_1_773' title='bbox 641 5193 848 5255; x_wconf 89' lang='lat' dir='ltr'><strong>partem</strong></span> <span class='ocrx_word' id='word_1_774' title='bbox 882 5183 949 5238; x_wconf 86' lang='lat' dir='ltr'><strong>ab</strong></span> <span class='ocrx_word' id='word_1_775' title='bbox 980 5182 1113 5237; x_wconf 90' lang='lat' dir='ltr'><strong>orbe</strong></span> <span class='ocrx_word' id='word_1_776' title='bbox 1137 5179 1360 5236; x_wconf 91' lang='lat' dir='ltr'><strong>condito</strong></span> <span class='ocrx_word' id='word_1_777' title='bbox 1403 5193 1578 5250; x_wconf 90' lang='lat' dir='ltr'><strong>usque</strong></span> <span class='ocrx_word' id='word_1_778' title='bbox 1617 5179 1683 5234; x_wconf 91' lang='lat' dir='ltr'><strong>ad</strong></span> <span class='ocrx_word' id='word_1_779' title='bbox 1713 5177 1956 5238; x_wconf 86' lang='lat' dir='ltr'><strong>Natalem</strong></span> <span class='ocrx_word' id='word_1_780' title='bbox 1989 5181 2088 5236; x_wconf 88' lang='lat' dir='ltr'><strong>Do-</strong></span> 
     </span>
    </p>
   </div>
   <div class='ocr_carea' id='block_1_98' title="bbox 497 5272 2086 5344">
    <p class='ocr_par' dir='ltr' id='par_1_98' title="bbox 497 5272 2086 5344">
     <span class='ocr_line' id='line_1_98' title="bbox 497 5272 2086 5344; baseline -0.003 -10"><span class='ocrx_word' id='word_1_781' title='bbox 497 5278 631 5335; x_wconf 83' lang='lat' dir='ltr'><strong>mini</strong></span> <span class='ocrx_word' id='word_1_782' title='bbox 685 5275 970 5332; x_wconf 88' lang='lat' dir='ltr'><strong>historiam</strong></span> <span class='ocrx_word' id='word_1_783' title='bbox 1019 5273 1389 5329; x_wconf 88' lang='lat' dir='ltr'><strong>continentem</strong></span> <span class='ocrx_word' id='word_1_784' title='bbox 1421 5315 1437 5341; x_wconf 93' lang='lat'><strong>,</strong></span> <span class='ocrx_word' id='word_1_785' title='bbox 1474 5272 1544 5328; x_wconf 88' lang='lat' dir='ltr'><strong>ab</strong></span> <span class='ocrx_word' id='word_1_786' title='bbox 1573 5272 1908 5344; x_wconf 86' lang='lat' dir='ltr'><strong>exscriptore</strong></span> <span class='ocrx_word' id='word_1_787' title='bbox 1941 5273 2086 5329; x_wconf 91' lang='lat' dir='ltr'><strong>illius</strong></span> 
     </span>
    </p>
   </div>
   <div class='ocr_carea' id='block_1_99' title="bbox 496 5363 2087 5437">
    <p class='ocr_par' dir='ltr' id='par_1_99' title="bbox 496 5363 2087 5437">
     <span class='ocr_line' id='line_1_99' title="bbox 496 5363 2087 5437; baseline -0.004 -11"><span class='ocrx_word' id='word_1_788' title='bbox 496 5371 756 5426; x_wconf 87' lang='lat' dir='ltr'><strong>omissam</strong></span> <span class='ocrx_word' id='word_1_789' title='bbox 812 5366 1010 5436; x_wconf 77' lang='lat' dir='ltr'><strong>fuisse,</strong></span> <span class='ocrx_word' id='word_1_790' title='bbox 1044 5381 1165 5437; x_wconf 71' lang='lat' dir='ltr'><strong>qua:</strong></span> <span class='ocrx_word' id='word_1_791' title='bbox 1213 5375 1395 5420; x_wconf 90' lang='lat' dir='ltr'><strong>tamen</strong></span> <span class='ocrx_word' id='word_1_792' title='bbox 1441 5363 1496 5419; x_wconf 90' lang='lat' dir='ltr'><strong>in</strong></span> <span class='ocrx_word' id='word_1_793' title='bbox 1545 5365 1803 5436; x_wconf 91' lang='lat' dir='ltr'><strong>Origiuali</strong></span> <span class='ocrx_word' id='word_1_794' title='bbox 1847 5367 2087 5420; x_wconf 89' lang='lat' dir='ltr'><strong>auctoris</strong></span> 
     </span>
    </p>
   </div>
   <div class='ocr_carea' id='block_1_100' title="bbox 497 5457 2082 5529">
    <p class='ocr_par' dir='ltr' id='par_1_100' title="bbox 497 5457 2082 5529">
     <span class='ocr_line' id='line_1_100' title="bbox 497 5457 2082 5529; baseline -0.005 -9"><span class='ocrx_word' id='word_1_795' title='bbox 497 5472 616 5520; x_wconf 90' lang='lat' dir='ltr'><strong>erat</strong></span> <span class='ocrx_word' id='word_1_796' title='bbox 660 5481 671 5516; x_wconf 90' lang='lat'>:</span> <span class='ocrx_word' id='word_1_797' title='bbox 716 5469 811 5515; x_wconf 92' lang='lat' dir='ltr'><strong>aut</strong></span> <span class='ocrx_word' id='word_1_798' title='bbox 842 5459 1025 5515; x_wconf 76' lang='lat' dir='ltr'><strong>f‘orsan</strong></span> <span class='ocrx_word' id='word_1_799' title='bbox 1070 5459 1122 5514; x_wconf 91' lang='lat' dir='ltr'><strong>in</strong></span> <span class='ocrx_word' id='word_1_800' title='bbox 1151 5457 1260 5514; x_wconf 91' lang='lat' dir='ltr'><strong>alio</strong></span> <span class='ocrx_word' id='word_1_801' title='bbox 1282 5457 1559 5514; x_wconf 88' lang='lat' dir='ltr'><strong>volumine</strong></span> <span class='ocrx_word' id='word_1_802' title='bbox 1589 5459 1916 5529; x_wconf 87' lang='lat' dir='ltr'><strong>transcripta</strong></span> <span class='ocrx_word' id='word_1_803' title='bbox 1947 5459 2041 5513; x_wconf 86' lang='lat' dir='ltr'><strong>fuit</strong></span> <span class='ocrx_word' id='word_1_804' title='bbox 2067 5501 2082 5526; x_wconf 94' lang='lat'><strong>,</strong></span> 
     </span>
    </p>
   </div>
   <div class='ocr_carea' id='block_1_101' title="bbox 496 5551 2086 5629">
    <p class='ocr_par' dir='ltr' id='par_1_101' title="bbox 496 5551 2086 5629">
     <span class='ocr_line' id='line_1_101' title="bbox 496 5551 2086 5629; baseline -0.002 -18"><span class='ocrx_word' id='word_1_805' title='bbox 496 5573 616 5629; x_wconf 64' lang='lat' dir='ltr'><strong>quae</strong></span> <span class='ocrx_word' id='word_1_806' title='bbox 651 5556 911 5613; x_wconf 86' lang='lat' dir='ltr'><strong>hactenus</strong></span> <span class='ocrx_word' id='word_1_807' title='bbox 941 5551 1190 5610; x_wconf 81' lang='lat' dir='ltr'><strong>notitiam</strong></span> <span class='ocrx_word' id='word_1_808' title='bbox 1225 5562 1468 5609; x_wconf 89' lang='lat' dir='ltr'><strong>nostram</strong></span> <span class='ocrx_word' id='word_1_809' title='bbox 1502 5551 1707 5621; x_wconf 72' lang='lat' dir='ltr'><strong>effugit.</strong></span> <span class='ocrx_word' id='word_1_810' title='bbox 1732 5551 1840 5608; x_wconf 87' lang='lat' dir='ltr'><strong>Nec</strong></span> <span class='ocrx_word' id='word_1_811' title='bbox 1867 5566 2086 5608; x_wconf 80' lang='lat' dir='ltr'><strong>movere</strong></span> 
     </span>
    </p>
   </div>
   <div class='ocr_carea' id='block_1_102' title="bbox 496 5645 2085 5728">
    <p class='ocr_par' dir='ltr' id='par_1_102' title="bbox 496 5645 2085 5728">
     <span class='ocr_line' id='line_1_102' title="bbox 496 5645 2085 5728; baseline -0.003 -20"><span class='ocrx_word' id='word_1_812' title='bbox 496 5664 818 5728; x_wconf 85' lang='lat' dir='ltr'><strong>quemquam</strong></span> <span class='ocrx_word' id='word_1_813' title='bbox 849 5649 1044 5719; x_wconf 85' lang='lat' dir='ltr'><strong>debet,</strong></span> <span class='ocrx_word' id='word_1_814' title='bbox 1070 5646 1213 5722; x_wconf 85' lang='lat' dir='ltr'><strong>quod</strong></span> <span class='ocrx_word' id='word_1_815' title='bbox 1245 5647 1382 5722; x_wconf 84' lang='lat' dir='ltr'><strong>apud</strong></span> <span class='ocrx_word' id='word_1_816' title='bbox 1417 5647 1727 5719; x_wconf 88' lang='lat' dir='ltr'><strong>episcopum</strong></span> <span class='ocrx_word' id='word_1_817' title='bbox 1759 5645 2085 5721; x_wconf 85' lang='lat' dir='ltr'><strong>Segorbieu-</strong></span> 
     </span>
    </p>
   </div>
   <div class='ocr_carea' id='block_1_103' title="bbox 2195 4536 3784 4616">
    <p class='ocr_par' dir='ltr' id='par_1_103' title="bbox 2195 4536 3784 4616">
     <span class='ocr_line' id='line_1_103' title="bbox 2195 4536 3784 4616; baseline -0.005 -16"><span class='ocrx_word' id='word_1_818' title='bbox 2195 4548 2410 4612; x_wconf 89' lang='lat' dir='ltr'><strong>asserit,</strong></span> <span class='ocrx_word' id='word_1_819' title='bbox 2443 4553 2936 4616; x_wconf 89' lang='lat' dir='ltr'><strong>quantumcumque</strong></span> <span class='ocrx_word' id='word_1_820' title='bbox 2961 4543 3180 4612; x_wconf 88' lang='lat' dir='ltr'><strong>quidam</strong></span> <span class='ocrx_word' id='word_1_821' title='bbox 3223 4536 3585 4592; x_wconf 85' lang='lat' dir='ltr'><strong>vociferantes</strong></span> <span class='ocrx_word' id='word_1_822' title='bbox 3635 4537 3784 4592; x_wconf 81' lang='lat' dir='ltr'><strong>relu-</strong></span> 
     </span>
    </p>
   </div>
   <div class='ocr_carea' id='block_1_104' title="bbox 2195 4628 3780 4701">
    <p class='ocr_par' dir='ltr' id='par_1_104' title="bbox 2195 4628 3780 4701">
     <span class='ocr_line' id='line_1_104' title="bbox 2195 4628 3780 4701; baseline -0.005 -9"><span class='ocrx_word' id='word_1_823' title='bbox 2195 4647 2458 4692; x_wconf 87' lang='lat' dir='ltr'><strong>ctentur:</strong></span> <span class='ocrx_word' id='word_1_824' title='bbox 2493 4636 2660 4690; x_wconf 89' lang='lat' dir='ltr'><strong>multa</strong></span> <span class='ocrx_word' id='word_1_825' title='bbox 2698 4635 2843 4690; x_wconf 88' lang='lat' dir='ltr'><strong>enim</strong></span> <span class='ocrx_word' id='word_1_826' title='bbox 2889 4632 3196 4701; x_wconf 86' lang='lat' dir='ltr'><strong>objiciunt,</strong></span> <span class='ocrx_word' id='word_1_827' title='bbox 3257 4628 3372 4683; x_wconf 88' lang='lat' dir='ltr'><strong>sive</strong></span> <span class='ocrx_word' id='word_1_828' title='bbox 3417 4628 3486 4684; x_wconf 89' lang='lat' dir='ltr'><strong>de</strong></span> <span class='ocrx_word' id='word_1_829' title='bbox 3533 4629 3780 4699; x_wconf 79' lang='lat' dir='ltr'><strong>epistolis</strong></span> 
     </span>
    </p>
   </div>
   <div class='ocr_carea' id='block_1_105' title="bbox 2193 4721 3783 4796">
    <p class='ocr_par' dir='ltr' id='par_1_105' title="bbox 2193 4721 3783 4796">
     <span class='ocr_line' id='line_1_105' title="bbox 2193 4721 3783 4796; baseline -0.005 -10"><span class='ocrx_word' id='word_1_830' title='bbox 2193 4729 2402 4796; x_wconf 83' lang='lat' dir='ltr'><strong>Jacobi,</strong></span> <span class='ocrx_word' id='word_1_831' title='bbox 2426 4737 2481 4783; x_wconf 89' lang='lat' dir='ltr'><strong>et</strong></span> <span class='ocrx_word' id='word_1_832' title='bbox 2507 4727 2658 4783; x_wconf 79' lang='lat' dir='ltr'><strong>Pauli</strong></span> <span class='ocrx_word' id='word_1_833' title='bbox 2683 4727 2751 4781; x_wconf 90' lang='lat' dir='ltr'><strong>ad</strong></span> <span class='ocrx_word' id='word_1_834' title='bbox 2783 4727 3058 4787; x_wconf 72' lang='lat' dir='ltr'><strong>Hebraeos,</strong></span> <span class='ocrx_word' id='word_1_835' title='bbox 3087 4736 3210 4792; x_wconf 69' lang='lat' dir='ltr'><strong>qua:</strong></span> <span class='ocrx_word' id='word_1_836' title='bbox 3235 4721 3300 4776; x_wconf 90' lang='lat' dir='ltr'><strong>ad</strong></span> <span class='ocrx_word' id='word_1_837' title='bbox 3332 4721 3596 4793; x_wconf 82' lang='lat' dir='ltr'><strong>Hispanos</strong></span> <span class='ocrx_word' id='word_1_838' title='bbox 3625 4721 3783 4778; x_wconf 91' lang='lat' dir='ltr'><strong>dum-</strong></span> 
     </span>
    </p>
   </div>
   <div class='ocr_carea' id='block_1_106' title="bbox 2199 4813 3781 4884">
    <p class='ocr_par' dir='ltr' id='par_1_106' title="bbox 2199 4813 3781 4884">
     <span class='ocr_line' id='line_1_106' title="bbox 2199 4813 3781 4884; baseline -0.006 -7"><span class='ocrx_word' id='word_1_839' title='bbox 2199 4829 2353 4877; x_wconf 81' lang='lat' dir='ltr'><strong>taxat</strong></span> <span class='ocrx_word' id='word_1_840' title='bbox 2383 4821 2434 4874; x_wconf 92' lang='lat' dir='ltr'><strong>in</strong></span> <span class='ocrx_word' id='word_1_841' title='bbox 2465 4821 2569 4875; x_wconf 86' lang='lat' dir='ltr'><strong>hoc</strong></span> <span class='ocrx_word' id='word_1_842' title='bbox 2595 4820 2784 4876; x_wconf 86' lang='lat' dir='ltr'><strong>codice</strong></span> <span class='ocrx_word' id='word_1_843' title='bbox 2810 4818 3030 4884; x_wconf 54' lang='lat' dir='ltr'><strong>scriptas</strong></span> <span class='ocrx_word' id='word_1_844' title='bbox 3061 4813 3348 4880; x_wconf 91' lang='lat' dir='ltr'><strong>dicuntur,</strong></span> <span class='ocrx_word' id='word_1_845' title='bbox 3380 4823 3437 4870; x_wconf 92' lang='lat' dir='ltr'><strong>et</strong></span> <span class='ocrx_word' id='word_1_846' title='bbox 3475 4814 3567 4869; x_wconf 90' lang='lat' dir='ltr'><strong>illa</strong></span> <span class='ocrx_word' id='word_1_847' title='bbox 3613 4828 3642 4867; x_wconf 91' lang='lat' dir='ltr'><strong>a</strong></span> <span class='ocrx_word' id='word_1_848' title='bbox 3691 4814 3781 4869; x_wconf 83' lang='lat' dir='ltr'><strong>Ja-</strong></span> 
     </span>
    </p>
   </div>
   <div class='ocr_carea' id='block_1_107' title="bbox 2194 4907 3779 4981">
    <p class='ocr_par' dir='ltr' id='par_1_107' title="bbox 2194 4907 3779 4981">
     <span class='ocr_line' id='line_1_107' title="bbox 2194 4907 3779 4981; baseline -0.001 -16"><span class='ocrx_word' id='word_1_849' title='bbox 2194 4914 2332 4970; x_wconf 89' lang='lat' dir='ltr'><strong>cobo</strong></span> <span class='ocrx_word' id='word_1_850' title='bbox 2359 4913 2634 4979; x_wconf 71' lang='lat' dir='ltr'><strong>Zebedzci,</strong></span> <span class='ocrx_word' id='word_1_851' title='bbox 2665 4919 2862 4981; x_wconf 68' lang='lat' dir='ltr'><strong>prseter</strong></span> <span class='ocrx_word' id='word_1_852' title='bbox 2884 4923 3226 4964; x_wconf 91' lang='lat' dir='ltr'><strong>communem</strong></span> <span class='ocrx_word' id='word_1_853' title='bbox 3263 4909 3554 4964; x_wconf 90' lang='lat' dir='ltr'><strong>Doctorum</strong></span> <span class='ocrx_word' id='word_1_854' title='bbox 3591 4907 3779 4964; x_wconf 83' lang='lat' dir='ltr'><strong>existi-</strong></span> 
     </span>
    </p>
   </div>
   <div class='ocr_carea' id='block_1_108' title="bbox 2195 4998 3776 5068">
    <p class='ocr_par' dir='ltr' id='par_1_108' title="bbox 2195 4998 3776 5068">
     <span class='ocr_line' id='line_1_108' title="bbox 2195 4998 3776 5068; baseline -0.005 -7"><span class='ocrx_word' id='word_1_855' title='bbox 2195 5006 2485 5062; x_wconf 88' lang='lat' dir='ltr'><strong>mationem</strong></span> <span class='ocrx_word' id='word_1_856' title='bbox 2521 5002 2671 5056; x_wconf 84' lang='lat' dir='ltr'><strong>:sive</strong></span> <span class='ocrx_word' id='word_1_857' title='bbox 2695 5000 2763 5056; x_wconf 85' lang='lat' dir='ltr'><strong>de</strong></span> <span class='ocrx_word' id='word_1_858' title='bbox 2795 4999 3221 5056; x_wconf 83' lang='lat' dir='ltr'><strong>Centurionibus</strong></span> <span class='ocrx_word' id='word_1_859' title='bbox 3246 4999 3594 5068; x_wconf 88' lang='lat' dir='ltr'><strong>Evangelicis</strong></span> <span class='ocrx_word' id='word_1_860' title='bbox 3615 5042 3631 5066; x_wconf 96' lang='lat'><strong>,</strong></span> <span class='ocrx_word' id='word_1_861' title='bbox 3687 4998 3776 5068; x_wconf 93' lang='lat' dir='ltr'><strong>qui</strong></span> 
     </span>
    </p>
   </div>
   <div class='ocr_carea' id='block_1_109' title="bbox 2194 5091 3780 5168">
    <p class='ocr_par' dir='ltr' id='par_1_109' title="bbox 2194 5091 3780 5168">
     <span class='ocr_line' id='line_1_109' title="bbox 2194 5091 3780 5168; baseline -0.005 -14"><span class='ocrx_word' id='word_1_862' title='bbox 2194 5099 2247 5153; x_wconf 90' lang='lat' dir='ltr'><strong>in</strong></span> <span class='ocrx_word' id='word_1_863' title='bbox 2279 5095 2532 5168; x_wconf 81' lang='lat' dir='ltr'><strong>Hispania</strong></span> <span class='ocrx_word' id='word_1_864' title='bbox 2575 5094 2685 5148; x_wconf 89' lang='lat' dir='ltr'><strong>nati</strong></span> <span class='ocrx_word' id='word_1_865' title='bbox 2719 5091 3074 5149; x_wconf 79' lang='lat' dir='ltr'><strong>referuntur:</strong></span> <span class='ocrx_word' id='word_1_866' title='bbox 3109 5094 3222 5149; x_wconf 88' lang='lat' dir='ltr'><strong>sive</strong></span> <span class='ocrx_word' id='word_1_867' title='bbox 3274 5093 3342 5149; x_wconf 92' lang='lat' dir='ltr'><strong>de</strong></span> <span class='ocrx_word' id='word_1_868' title='bbox 3392 5091 3780 5163; x_wconf 59' lang='lat' dir='ltr'><strong>praedicatione</strong></span> 
     </span>
    </p>
   </div>
   <div class='ocr_carea' id='block_1_110' title="bbox 2191 5185 3775 5260">
    <p class='ocr_par' dir='ltr' id='par_1_110' title="bbox 2191 5185 3775 5260">
     <span class='ocr_line' id='line_1_110' title="bbox 2191 5185 3775 5260; baseline -0.006 -12"><span class='ocrx_word' id='word_1_869' title='bbox 2191 5200 2250 5248; x_wconf 91' lang='lat' dir='ltr'><strong>et</strong></span> <span class='ocrx_word' id='word_1_870' title='bbox 2300 5189 2588 5260; x_wconf 89' lang='lat' dir='ltr'><strong>discipulis</strong></span> <span class='ocrx_word' id='word_1_871' title='bbox 2642 5187 2887 5256; x_wconf 87' lang='lat' dir='ltr'><strong>ejusdem</strong></span> <span class='ocrx_word' id='word_1_872' title='bbox 2935 5189 2992 5243; x_wconf 90' lang='grc'><strong>8.</strong></span> <span class='ocrx_word' id='word_1_873' title='bbox 3024 5187 3256 5243; x_wconf 88' lang='lat' dir='ltr'><strong>Jacobi:</strong></span> <span class='ocrx_word' id='word_1_874' title='bbox 3288 5191 3406 5242; x_wconf 86' lang='lat' dir='ltr'><strong>sive</strong></span> <span class='ocrx_word' id='word_1_875' title='bbox 3453 5186 3521 5241; x_wconf 92' lang='lat' dir='ltr'><strong>de</strong></span> <span class='ocrx_word' id='word_1_876' title='bbox 3574 5185 3775 5240; x_wconf 64' lang='lat' dir='ltr'><strong>Judaeis</strong></span> 
     </span>
    </p>
   </div>
   <div class='ocr_carea' id='block_1_111' title="bbox 2195 5279 3779 5352">
    <p class='ocr_par' dir='ltr' id='par_1_111' title="bbox 2195 5279 3779 5352">
     <span class='ocr_line' id='line_1_111' title="bbox 2195 5279 3779 5352; baseline -0.004 -14"><span class='ocrx_word' id='word_1_877' title='bbox 2195 5283 2446 5352; x_wconf 84' lang='lat' dir='ltr'><strong>Hispanis</strong></span> <span class='ocrx_word' id='word_1_878' title='bbox 2474 5279 2694 5336; x_wconf 89' lang='lat' dir='ltr'><strong>minime</strong></span> <span class='ocrx_word' id='word_1_879' title='bbox 2725 5282 2776 5335; x_wconf 93' lang='lat' dir='ltr'><strong>in</strong></span> <span class='ocrx_word' id='word_1_880' title='bbox 2805 5279 3007 5336; x_wconf 85' lang='lat' dir='ltr'><strong>Christi</strong></span> <span class='ocrx_word' id='word_1_881' title='bbox 3031 5289 3262 5336; x_wconf 92' lang='lat' dir='ltr'><strong>mortem</strong></span> <span class='ocrx_word' id='word_1_882' title='bbox 3311 5291 3592 5333; x_wconf 91' lang='lat' dir='ltr'><strong>assensum</strong></span> <span class='ocrx_word' id='word_1_883' title='bbox 3641 5291 3779 5348; x_wconf 75' lang='lat' dir='ltr'><strong>prte-</strong></span> 
     </span>
    </p>
   </div>
   <div class='ocr_carea' id='block_1_112' title="bbox 2194 5369 3772 5442">
    <p class='ocr_par' dir='ltr' id='par_1_112' title="bbox 2194 5369 3772 5442">
     <span class='ocr_line' id='line_1_112' title="bbox 2194 5369 3772 5442; baseline -0.005 -13"><span class='ocrx_word' id='word_1_884' title='bbox 2194 5372 2636 5429; x_wconf 80' lang='lat' dir='ltr'><strong>bentibuszsive</strong></span> <span class='ocrx_word' id='word_1_885' title='bbox 2691 5369 2926 5442; x_wconf 86' lang='lat' dir='ltr'><strong>denique</strong></span> <span class='ocrx_word' id='word_1_886' title='bbox 2983 5371 3050 5426; x_wconf 92' lang='lat' dir='ltr'><strong>de</strong></span> <span class='ocrx_word' id='word_1_887' title='bbox 3078 5370 3202 5425; x_wconf 90' lang='lat' dir='ltr'><strong>aliis</strong></span> <span class='ocrx_word' id='word_1_888' title='bbox 3260 5369 3534 5424; x_wconf 87' lang='lat' dir='ltr'><strong>sexcentis</strong></span> <span class='ocrx_word' id='word_1_889' title='bbox 3590 5370 3772 5434; x_wconf 87' lang='lat' dir='ltr'><strong>rebus,</strong></span> 
     </span>
    </p>
   </div>
   <div class='ocr_carea' id='block_1_113' title="bbox 2193 5461 3779 5539">
    <p class='ocr_par' dir='ltr' id='par_1_113' title="bbox 2193 5461 3779 5539">
     <span class='ocr_line' id='line_1_113' title="bbox 2193 5461 3779 5539; baseline -0.001 -21"><span class='ocrx_word' id='word_1_890' title='bbox 2193 5482 2314 5539; x_wconf 74' lang='lat' dir='ltr'><strong>qua:</strong></span> <span class='ocrx_word' id='word_1_891' title='bbox 2364 5475 2459 5520; x_wconf 87' lang='lat' dir='ltr'><strong>aut</strong></span> <span class='ocrx_word' id='word_1_892' title='bbox 2513 5464 2662 5520; x_wconf 75' lang='lat' dir='ltr'><strong>falsa:</strong></span> <span class='ocrx_word' id='word_1_893' title='bbox 2691 5507 2706 5530; x_wconf 93' lang='lat'><strong>,</strong></span> <span class='ocrx_word' id='word_1_894' title='bbox 2757 5475 2847 5518; x_wconf 89' lang='lat' dir='ltr'><strong>aut</strong></span> <span class='ocrx_word' id='word_1_895' title='bbox 2904 5462 3254 5518; x_wconf 89' lang='lat' dir='ltr'><strong>incredibiles</strong></span> <span class='ocrx_word' id='word_1_896' title='bbox 3300 5468 3624 5530; x_wconf 88' lang='lat' dir='ltr'><strong>reputantur</strong></span> <span class='ocrx_word' id='word_1_897' title='bbox 3653 5477 3667 5514; x_wconf 89' lang='lat'><strong>:</strong></span> <span class='ocrx_word' id='word_1_898' title='bbox 3699 5461 3779 5516; x_wconf 84' lang='lat' dir='ltr'><strong>eis</strong></span> 
     </span>
    </p>
   </div>
   <div class='ocr_carea' id='block_1_114' title="bbox 2191 5552 3782 5629">
    <p class='ocr_par' dir='ltr' id='par_1_114' title="bbox 2191 5552 3782 5629">
     <span class='ocr_line' id='line_1_114' title="bbox 2191 5552 3782 5629; baseline -0.004 -15"><span class='ocrx_word' id='word_1_899' title='bbox 2191 5573 2320 5614; x_wconf 86' lang='lat' dir='ltr'><strong>vero</strong></span> <span class='ocrx_word' id='word_1_900' title='bbox 2364 5558 2429 5613; x_wconf 90' lang='lat' dir='ltr'><strong>ad</strong></span> <span class='ocrx_word' id='word_1_901' title='bbox 2459 5559 2676 5629; x_wconf 92' lang='lat' dir='ltr'><strong>plenum</strong></span> <span class='ocrx_word' id='word_1_902' title='bbox 2701 5554 2984 5626; x_wconf 83' lang='lat' dir='ltr'><strong>speciatim</strong></span> <span class='ocrx_word' id='word_1_903' title='bbox 3012 5554 3323 5609; x_wconf 82' lang='lat' dir='ltr'><strong>satisfacere</strong></span> <span class='ocrx_word' id='word_1_904' title='bbox 3345 5552 3411 5608; x_wconf 92' lang='lat' dir='ltr'><strong>ad</strong></span> <span class='ocrx_word' id='word_1_905' title='bbox 3434 5553 3782 5610; x_wconf 83' lang='lat' dir='ltr'><strong>Commenta-</strong></span> 
     </span>
    </p>
   </div>
   <div class='ocr_carea' id='block_1_115' title="bbox 2196 5645 3779 5724">
    <p class='ocr_par' dir='ltr' id='par_1_115' title="bbox 2196 5645 3779 5724">
     <span class='ocr_line' id='line_1_115' title="bbox 2196 5645 3779 5724; baseline -0.003 -16"><span class='ocrx_word' id='word_1_906' title='bbox 2196 5651 2308 5708; x_wconf 90' lang='lat' dir='ltr'><strong>rios</strong></span> <span class='ocrx_word' id='word_1_907' title='bbox 2337 5658 2552 5708; x_wconf 87' lang='lat' dir='ltr'><strong>nostros</strong></span> <span class='ocrx_word' id='word_1_908' title='bbox 2581 5648 2838 5724; x_wconf 82' lang='lat' dir='ltr'><strong>pertinet,</strong></span> <span class='ocrx_word' id='word_1_909' title='bbox 2868 5645 2956 5702; x_wconf 91' lang='lat' dir='ltr'><strong>ubi</strong></span> <span class='ocrx_word' id='word_1_910' title='bbox 2990 5646 3413 5723; x_wconf 88' lang='lat' dir='ltr'><strong>uniuscujusque</strong></span> <span class='ocrx_word' id='word_1_911' title='bbox 3436 5647 3629 5706; x_wconf 84' lang='lat' dir='ltr'><strong>asserti</strong></span> <span class='ocrx_word' id='word_1_912' title='bbox 3661 5647 3779 5705; x_wconf 83' lang='lat' dir='ltr'><strong>fun-</strong></span> 
     </span>
    </p>
   </div>
  </div>
