4166 6178
338 247 404 308 ιι
1475 242 1796 306 CHRONICI
1833 241 2096 304 DEXTRI
2131 245 2495 306 APOLOGIA.
3565 244 3636 308 62

339 367 590 422 damenta
613 360 813 422 diffuse
837 363 966 420 satis
995 360 1367 434 esplicantur,
1392 369 1447 418 et
1473 376 1594 433 quae
1621 363 1678 417 in
1709 371 1929 418 contra-
1961 364 2012 423 Α
2038 364 2421 432 apostolicum,
2450 361 2610 434 quale
2638 370 2722 418 est
2743 358 2898 428 illud,
2946 360 3013 418 de
3038 376 3146 434 quo
3173 377 3238 419 eo
3281 358 3387 420 loci
3428 361 3637 423 Dextro

339 459 480 516 rium
510 458 737 526 faciunt,
774 455 1162 514 retunduntur.

413 551 627 607 Instant
657 549 1015 606 nihilominus
1042 547 1376 614 adversarii,
1437 547 1686 617 quaedam
1738 545 1793 600 in
1849 543 1938 600 his

342 644 630 701 Cbronicis
672 642 906 712 reperiri
941 641 1143 697 Dextro
1179 640 1482 696 recentiora
1509 680 1526 706 ,
1584 648 1645 693 ut
1681 637 1826 708 quod
1869 636 1938 693 de

342 737 483 793 festo
516 736 878 792 immaculata:
906 732 1293 804 Conceptionis
1317 732 1648 788 mentionem
1680 729 1843 785 faciat
1869 728 1936 784 ad

345 848 550 888 annum
583 829 796 885 Domini
819 829 947 894 508,
982 843 1105 885 cum
1140 838 1321 884 tamen
1356 827 1517 897 lippis
1547 833 1604 882 et
1627 823 1937 881 tonsoribus

343 931 576 986 constet,
610 932 734 977 ante
763 936 965 976 annum
998 920 1139 975 H00
1185 934 1449 989 nusquam
1495 918 1734 989 gentium
1791 916 1942 987 ejus-

344 1014 492 1071 modi
521 1014 871 1070 festivitatem
915 1013 1246 1068 celebratam
1289 1011 1496 1067 fuisse:
1532 1020 1587 1066 et
1616 1011 1760 1081 quod
1805 1009 1940 1064 inibi

344 1105 413 1160 de
441 1105 633 1162 ordine
676 1104 1072 1176 Angustiniano
1116 1102 1377 1157 memoria
1423 1100 1544 1163 fiat.
1591 1116 1714 1156 cum
1759 1110 1940 1155 tamen

344 1215 516 1268 usque
547 1198 615 1254 ad
643 1198 849 1254 dictum
880 1198 994 1253 fere
1022 1197 1280 1252 saeculum
1334 1209 1436 1250 nec
1478 1209 1675 1250 nomen
1706 1192 1938 1256 ordinis,

344 1291 542 1347 nedum
572 1289 954 1361 Augustiniuui
984 1289 1036 1343 in
1068 1302 1168 1343 usu
1199 1285 1387 1342 fuerit.
1442 1285 1663 1341 Addunt
1723 1282 1940 1338 tandem

344 1384 654 1440 inventoris
683 1381 932 1438 moderni
955 1381 1231 1452 ingenium
1257 1379 1313 1434 in
1353 1394 1419 1433 eo
1451 1393 1559 1433 non
1585 1391 1776 1448 parum
1821 1375 1943 1431 clu-

344 1491 491 1541 cere,
519 1475 663 1547 quod
711 1491 834 1530 cum
882 1473 1180 1530 multorum
1230 1480 1531 1542 martyrum
1584 1469 1810 1525 nomina
1857 1467 1944 1521 his

343 1570 627 1626 Chronicis
682 1569 1010 1639 ingesserit,
1059 1565 1126 1622 de
1180 1565 1447 1621 industria
1498 1564 1622 1618 illos
1665 1563 1948 1617 dumtaxat

344 1661 564 1716 admisit
593 1663 685 1732 qui
716 1661 773 1714 in
800 1659 1076 1715 veteribus
1102 1657 1366 1713 Ecclesia:
1397 1654 1604 1710 tabulis
1665 1653 1788 1708 sine
1843 1665 1943 1705 no-

2044 470 2228 510 scrmo
2259 460 2366 520 est,
2400 470 2506 509 non
2532 454 2634 509 fuit
2665 453 2734 510 de
2757 453 3127 524 Conceptione
3166 455 3384 524 passiva
3432 457 3636 527 ipsius,

2041 549 2136 605 sed
2169 549 2238 606 de
2258 552 2459 608 activa.
2491 550 2657 605 Multa
2688 549 2794 604 alia
2823 563 2990 620 super
3013 547 3202 604 eadem
3230 565 3290 604 re
3312 549 3552 607 dicemus
3580 552 3634 607 in

2041 642 2458 700 Commentariis
2487 643 2554 698 ad
2582 659 2704 699 eum
2727 643 2936 710 locum,
2967 655 3091 712 qua:
3123 651 3178 698 tu
3219 642 3474 700 consulas
3499 685 3516 712 ,
3563 644 3633 700 ad

2041 751 2242 791 annum
2281 736 2497 791 Domini
2531 737 2656 803 508,
2692 745 2986 793 comment.
3022 737 3073 791 1.

2113 827 2292 884 Gratis
2321 829 2486 884 etiam
2518 829 2741 883 omnino
2767 829 3052 893 asseritur,
3076 827 3145 882 de
3175 828 3443 884 industria
3469 828 3520 883 in
3553 827 3637 884 bis

2041 919 2330 975 Chronicis
2379 919 2727 974 intermixtos
2776 918 2947 974 fuisse
2991 928 3261 991 quotquot
3311 936 3380 975 ex
3433 920 3636 975 sanctis

2044 1012 2374 1084 Martyribus
2408 1012 2613 1082 absque
2642 1012 2878 1067 civitatis
2905 1015 3090 1081 patrial:
3116 1014 3338 1069 nomine
3359 1014 3412 1067 in
3436 1021 3638 1084 marty-

2043 1107 2253 1176 t'ologio
2273 1107 2431 1161 Rom.
2454 1107 2835 1177 reperiuntur;
2859 1105 3301 1178 quandoquidem
3330 1109 3499 1162 multo
3523 1107 3642 1174 pht-

2045 1199 2211 1254 resin
2243 1199 2450 1256 eisdem
2483 1199 2678 1254 tabulis
2694 1209 2931 1259 exStant.
2956 1199 3022 1254 de
3043 1200 3240 1270 quibus
3272 1200 3323 1254 in
3349 1200 3453 1256 hoc
3473 1215 3642 1272 opere

2045 1291 2192 1347 nulla
2223 1291 2283 1347 fit
2313 1293 2542 1360 mentio,
2568 1301 2626 1347 ut
2662 1291 2820 1347 facile
2843 1291 3024 1363 quivis
3055 1292 3456 1363 deprehendet,
3489 1293 3533 1347 si
3559 1293 3640 1347 le-

2046 1386 2469 1456 gatcatalogum
2502 1395 2812 1441 sanctorum
2847 1386 2937 1454 qui
2981 1387 3305 1456 supponitur
3356 1383 3524 1440 iudici
3561 1394 3644 1440 to-

2046 1478 2383 1548 pographico
2413 1479 2568 1531 Rom.
2599 1477 2998 1549 martyrulogii,
3027 1478 3131 1534 sub
3181 1477 3358 1542 titulo,
3409 1476 3643 1531 Nomina

2052 1578 2372 1638 sanctorum,
2404 1587 2621 1638 quorum
2653 1572 2794 1625 locus
2825 1588 2856 1623 a
2887 1569 3259 1641 man’yrologio
3284 1587 3387 1624 non
3433 1572 3643 1625 indica.

2049 1673 2134 1717 tur
2157 1680 2176 1718 :
2203 1673 2258 1719 et
2287 1678 2381 1719 eos
2413 1662 2658 1718 conferat
2689 1677 2812 1716 cum
2839 1663 3042 1716 sanctis
3071 1663 3161 1728 qui
3195 1664 3246 1716 in
3283 1663 3368 1716 his
3416 1662 3646 1718 Chroni-

346 1756 492 1811 mine
514 1754 665 1808 urbis
693 1762 783 1806 aut
813 1751 1108 1820 provinciae
1137 1753 1454 1805 referuntur
1485 1765 1496 1798 :
1531 1760 1737 1814 eosque
1773 1743 1940 1798 certis
1972 1743 2020 1804 B
2049 1757 2128 1810 cis
2145 1755 2519 1810 cominemur,
2557 1753 2626 1809 Ει
2648 1755 2768 1825 quis
2797 1753 3020 1820 credat,
3050 1753 3289 1823 aliquem
3333 1753 3403 1809 de
3445 1769 3647 1826 appro-

345 1847 619 1917 Hispaniae
643 1847 866 1902 urbibus
892 1842 1325 1901 accommodavit
1356 1857 1372 1895 :
1406 1849 1462 1896 et
1496 1838 1783 1895 nonnullos
1805 1851 1942 1907 quo-

346 1957 455 2012 que
482 1940 576 2009 qui
596 1939 920 2010 Carthagine
946 1951 1182 1992 coronas
1206 1941 1558 2005 acceperunt,
1595 1947 1662 1987 ex
1692 1930 1943 1986 Africana

345 2034 414 2090 ad
445 2032 735 2102 Hispanam
791 2030 1048 2086 traduxit.

417 2127 683 2182 Neutrum
715 2135 895 2180 tamen
922 2130 1305 2193 argumentum
1334 2119 1614 2177 convincit
1638 2118 1941 2182 intentum;

347 2220 492 2290 quod
532 2217 675 2274 enim
709 2215 967 2272 nonnulla
1000 2216 1054 2268 in
1083 2213 1169 2268 his
1210 2212 1553 2282 reperiantur
1595 2211 1826 2263 fortasse
1857 2222 1945 2262 re-

347 2313 613 2376 centiora,
650 2325 811 2381 quam
858 2309 1056 2363 Dexter
1078 2307 1189 2373 sit,
1243 2319 1350 2359 non
1380 2304 1530 2358 illico
1577 2311 1744 2357 totum
1806 2315 1944 2370 Opus

349 2402 722 2477 apocryphum
755 2416 879 2458 esse
911 2400 1283 2462 convincitur;
1328 2412 1455 2452 cum
1483 2395 1629 2450 enim
1674 2409 1770 2464 per
1799 2392 1946 2448 mul-

353 2507 434 2551 tas
461 2495 804 2550 diversorum
829 2491 1157 2546 seculorum
1189 2505 1381 2543 manus
1405 2495 1636 2542 tractum
1693 2487 1793 2552 sit,
1830 2484 1947 2539 fieri

351 2603 460 2645 non
491 2595 689 2658 potest,
725 2587 860 2657 quin
892 2584 960 2640 ab
985 2584 1168 2654 aliquo
1201 2581 1264 2638 ad
1306 2581 1604 2651 marginem
1629 2579 1870 2633 additum
1898 2578 1948 2632 ei

355 2679 537 2746 fuerit,
568 2678 794 2748 majoris
831 2675 1214 2745 explicationis
1265 2671 1474 2742 gratia;
1523 2670 1669 2742 quod
1705 2679 1949 2741 postmo-

349 2770 480 2827 dum
534 2771 591 2825 in
637 2756 842 2824 textum
898 2768 1073 2835 ipsum
1114 2765 1183 2819 ab
1225 2765 1345 2820 aliis
1374 2762 1652 2818 inductum
1704 2759 1947 2815 nonnihil

351 2861 694 2919 confusionis
740 2859 955 2930 pariat:
988 2871 1312 2928 quamquam
1351 2856 1402 2910 id
1453 2870 1674 2926 quoque
1704 2868 1733 2907 a
1765 2852 1950 2907 multis

349 2963 503 3010 retro
525 2952 681 3006 annis
697 2949 941 3005 additum
964 2963 1085 3003 esse
1115 2947 1184 3002 ab
1215 2945 1560 3009 Euthrando,
1586 2943 1674 2999 vel
1703 2943 1945 3009 Juliano,

352 3055 412 3101 ut
438 3036 748 3111 minim'um,
776 3042 1022 3112 aliquove
1065 3039 1326 3111 perducto
1366 3037 1623 3093 Fuldensi
1652 3036 1949 3100 monacho,

361 3138 486 3195 inde
510 3137 793 3202 suadetur,
825 3135 970 3204 quod
1003 3135 1059 3188 P.
1096 3131 1392 3200 Torralba,
1423 3138 1481 3186 et
1515 3129 1840 3200 P.11iguera
1873 3137 1952 3181 te-

356 3232 480 3287 stati
508 3241 657 3296 sunt,
683 3227 1077 3299 autographum
1107 3241 1169 3282 ea
1196 3226 1402 3291 omnia,
1437 3233 1494 3278 ut
1532 3223 1750 3292 jacent,
1787 3220 1956 3275 babe-

357 3338 444 3390 re;
475 3324 565 3394 qui
595 3337 659 3376 eo
690 3321 992 3390 praesertim
1021 3317 1276 3372 audiendi
1299 3326 1426 3371 sunt
1454 3317 1508 3370 in
1540 3315 1676 3380 hoc,
1699 3315 1842 3384 quod
1874 3313 1956 3368 ni-

357 3414 432 3470 hil
458 3414 650 3469 horum
672 3428 792 3484 qua:
814 3411 994 3467 addita
1016 3410 1386 3481 suspicantur,
1437 3407 1616 3464 ordini
1646 3423 1745 3462 suo
1795 3407 1955 3471 proli-

359 3521 520 3563 cuum
565 3504 929 3576 conspiciatur
970 3519 984 3558 :
1029 3517 1137 3557 non
1179 3501 1325 3556 enim
1376 3500 1478 3569 ipsi
1527 3498 1816 3570 Augustini
1861 3505 1954 3551 aut

361 3597 638 3655 Benedicti
659 3595 961 3666 disciplinis
989 3593 1188 3650 subditi
1212 3603 1361 3662 sunt,
1389 3590 1487 3648 sed
1515 3591 1586 3647 de
1613 3605 1674 3646 re
1703 3589 1820 3660 ipsa
1843 3588 1957 3643 suis

363 3690 501 3746 locis
529 3688 706 3744 fusius
733 3685 1004 3758 agendum
1035 3685 1194 3740 nobis
1222 3694 1327 3740 est.
1360 3683 1516 3752 Quod
1545 3697 1680 3740 vero
1710 3682 1778 3737 de
1817 3679 1958 3736 fe'sto

365 3781 727 3838 immaculata:
780 3779 1170 3851 Conceptionis
1229 3777 1518 3846 asseritur,
1579 3777 1739 3846 longe
1790 3774 1957 3829 alium

367 3873 535 3929 habet
557 3888 803 3941 sensum,
836 3888 998 3942 quam
1021 3871 1182 3941 vulgo
1213 3879 1456 3942 putatur,
1487 3869 1748 3924 nimirum
1777 3868 1833 3924 S.
1868 3867 1960 3921 Ja-

371 3966 566 4020 cobum
589 3964 896 4034 apostolum
924 3965 978 4018 in
1011 3963 1286 4034 Hispaniis
1313 3961 1515 4017 festum
1562 3957 1961 4016 lnearnationis

373 4055 667 4112 Dominicae
697 4056 1154 4126 inStituisse,qu:e
1186 4063 1242 4110 et
1280 4053 1668 4125 Conceptionis
1713 4053 1960 4123 Deiparae

372 4150 568 4205 merito
598 4158 962 4220 nuncupatur,
992 4162 1102 4220 qua
1132 4146 1386 4203 videlicet
1417 4147 1584 4201 Deum
1611 4154 1666 4200 et
1686 4129 1959 4200 hominem

373 4241 648 4298 Christum
678 4241 843 4298 castis
866 4243 1123 4312 concepit
1150 4241 1454 4297 visceribus
1486 4258 1498 4293 :
1530 4255 1638 4294 non
1684 4252 1813 4294 vero
1858 4253 1963 4308 qua

375 4337 528 4407 virgo
557 4335 668 4401 ipsa
696 4346 956 4403 concepta
987 4335 1112 4390 fuit.
1141 4334 1423 4389 Movemur
1439 4345 1617 4388 autem
1643 4331 1710 4387 ad
1740 4331 1791 4386 id
1815 4344 1967 4386 asse-

375 4427 626 4494 rendum,
659 4436 772 4481 tum
827 4441 895 4482 ex
945 4440 1032 4491 eo,
1063 4425 1205 4494 quod
1261 4425 1365 4482 etsi
1411 4425 1734 4496 mysterium
1782 4423 1962 4492 ipsum

2051 1847 2296 1918 priandis
2351 1863 2466 1902 sua:
2516 1846 2706 1918 patriae
2755 1847 2956 1902 sanctis
2988 1845 3190 1900 nullius
3244 1845 3422 1914 (utita
3443 1847 3644 1918 dicam)

2048 1941 2325 2007 dimcesis,
2354 1951 2462 1995 tam
2490 1941 2710 1996 anxium
2740 1950 2796 1996 et
2822 1940 3118 1995 sollicitum
3154 1939 3357 2006 fuisse;
3382 1956 3542 2011 quem
3571 1949 3649 1995 ta-

2049 2051 2173 2091 men
2226 2043 2442 2089 constat
2493 2035 2545 2088 in
2618 2033 3011 2089 enumerandis
3060 2033 3293 2103 vulgatis
3337 2033 3651 2090 defecisse?

2049 2127 2324 2194 Profecto,
2383 2127 2427 2182 si
2471 2126 2592 2196 quis
2643 2127 2747 2181 hoc
2807 2141 2924 2182 mvo
2975 2125 3286 2181 Chronicon
3338 2140 3652 2195 supponere

2050 2221 2255 2276 Dextro
2283 2219 2574 2284 quivisset,
2610 2219 2766 2288 prius
2792 2217 3039 2287 inunum
3088 2219 3347 2290 quaesitos
3379 2218 3652 2288 Hispania:

2051 2315 2335 2384 evulgatos
2364 2322 2588 2367 sanctos
2620 2313 2886 2382 Martyres
2915 2313 2968 2366 in
2994 2313 3079 2367 his
3122 2313 3462 2380 inservisset,
3487 2328 3649 2383 quam

2051 2408 2258 2462 alienos
2279 2415 2332 2458 et
2363 2405 2578 2475 ignotos
2607 2404 2953 2473 perquireret
2986 2421 2998 2457 :
3028 2404 3173 2474 quod
3225 2414 3404 2458 tamen
3437 2412 3654 2458 constat

2054 2497 2255 2554 factum
2288 2515 2396 2552 non
2425 2511 2568 2551 esse.
2603 2495 2713 2551 Sed
2743 2511 2872 2550 vero
2899 2495 3063 2566 (quod
3106 2495 3162 2550 in
3212 2495 3314 2550 hac
3359 2511 3416 2550 re
3463 2496 3655 2565 prmei-

2054 2605 2220 2661 puum
2249 2590 2353 2658 est)
2386 2587 2542 2643 multi
2565 2588 2781 2642 illorum
2811 2602 3040 2658 quorum
3077 2586 3164 2641 hic
3189 2586 3248 2642 fit
3279 2588 3503 2653 mentio,
3528 2597 3654 2642 ante

2053 2699 2255 2738 annum
2289 2681 2503 2736 Domini
2549 2681 2726 2748 1584,
2763 2697 2870 2750 quo
2897 2681 3146 2750 Gregorii
3171 2679 3291 2735 XIII
3331 2681 3487 2749 jussu
3537 2681 3650 2736 Ro-

2055 2791 2278 2832 manum
2315 2774 2772 2846 martyrolngium
2818 2775 3159 2844 recognitum
3201 2783 3256 2829 et
3288 2783 3504 2831 auctum
3543 2783 3648 2838 est,

2055 2883 2164 2924 non
2197 2867 2416 2923 fuerant
2444 2865 2497 2922 in
2521 2866 2639 2936 ejus
2674 2866 2907 2929 tabulis;
2949 2881 3044 2922 eos
3085 2875 3263 2922 tamen
3312 2875 3653 2922 correctores

2054 2977 2087 3016 e
2113 2961 2427 3015 Graecorum
2455 2959 2766 3030 menologio
2794 2969 3134 3026 mutuarunt,
3157 2960 3248 3015 ubi
3268 2961 3431 3015 etiam
3450 2959 3659 3030 absque

2058 3052 2206 3106 urbis
2238 3053 2471 3120 proprius
2499 3051 2721 3105 nomine
2752 3052 3130 3120 reperiuntur.
3165 3049 3298 3106 Inde
3331 3061 3511 3105 tamen
3544 3065 3656 3104 non

1980 3125 2026 3188 (ἶ
2058 3143 2179 3198 leve
2205 3151 2590 3211 argumentum
2637 3141 2944 3195 desumitur
2986 3143 3040 3195 in
3084 3141 3329 3196 favorem
3370 3140 3659 3209 praesentis

2063 3233 2270 3303 operis.
2298 3232 2513 3286 Etenim
2546 3231 2593 3286 si
2625 3232 2800 3286 sancti
2830 3231 2913 3285 illi
2942 3232 3031 3301 qui
3067 3231 3135 3286 de
3166 3230 3359 3286 Graeco
3408 3231 3656 3286 menolo-

2059 3326 2150 3397 gio
2183 3326 2235 3380 in
2263 3325 2516 3378 Latinum
2552 3323 3006 3393 martyrologium
3040 3321 3287 3378 translati
3306 3333 3458 3386 sunt.
3479 3323 3658 3378 Graeci

2060 3415 2323 3485 fuissent,
2351 3413 2486 3469 etin
2517 3411 2758 3468 Orientis
2780 3413 3011 3469 urbibus
3044 3412 3329 3480 coronati,
3364 3413 3510 3469 haud
3559 3414 3661 3470 du-

2061 3509 2212 3565 bium
2244 3508 2376 3578 quin
2399 3507 2619 3562 nomina
2649 3506 2893 3562 civitatis
2926 3507 3352 3577 uniuscujusque
3390 3521 3421 3562 a
3449 3507 3660 3563 Graecis

2062 3602 2522 3670 designarentur;
2553 3597 2696 3668 quod
2730 3607 2912 3654 tamen
2945 3614 3070 3653 cum
3113 3613 3222 3653 non
3268 3599 3398 3665 fiat,
3431 3597 3661 3654 creden-

2063 3692 2190 3746 dum
2216 3699 2304 3746 est
2329 3690 2394 3744 ad
2426 3706 2614 3746 eorum
2649 3689 2898 3745 notitiam
2941 3705 3005 3746 ea
3037 3705 3146 3746 non
3194 3691 3518 3756 pervenisse
3541 3734 3556 3757 ,
3603 3702 3661 3747 et

2062 3797 2158 3838 eos
2183 3793 2455 3853 martyres
2486 3781 2539 3836 in
2581 3781 2974 3836 remetissimis
3009 3781 3285 3851 (respectu
3315 3781 3659 3853 Graecorum)

2063 3874 2380 3946 regionibus
2401 3886 2634 3928 coronas
2661 3871 2996 3942 suscepisse.
3043 3871 3179 3939 Quae
3231 3879 3418 3927 autem
3447 3887 3476 3928 a
3506 3871 3661 3928 Grai-

2064 3968 2144 4022 cis
2175 3966 2527 4029 remotiores,
2561 3978 2772 4034 quaeso,
2804 3977 2966 4034 quam
2995 3961 3270 4032 Hispaniae
3297 3964 3500 4018 urbes?
3533 3963 3664 4020 Pro-

2065 4058 2297 4114 babilius
2321 4056 2492 4111 multo
2524 4062 2630 4122 εει,
2682 4055 2908 4111 Graecos
2966 4055 3116 4124 ipsos
3159 4069 3190 4110 e
3239 4069 3504 4110 converso
3551 4071 3662 4112 non

2069 4149 2295 4206 aliunde
2347 4149 2400 4203 in
2446 4149 2638 4204 borum
2680 4158 2987 4219 martyrum
3041 4147 3290 4202 notitiam
3342 4147 3664 4212 devenisse,

2067 4259 2229 4314 quam
2253 4258 2321 4298 ex
2344 4241 2531 4296 Dextri
2551 4240 2836 4296 Chronicis
2862 4257 2874 4293 :
2897 4241 2965 4296 ab
2990 4240 3177 4310 eisque
3199 4240 3416 4296 illorum
3443 4241 3663 4297 nomina

2069 4344 2374 4400 mutnasse,
2429 4333 2576 4388 etin
2616 4332 2728 4386 suis
2781 4331 3002 4387 Tabulis
3056 4331 3449 4388 Ecclesiasticis
3501 4348 3662 4403 repo-

2069 4429 2276 4492 suisse;
2316 4424 2530 4479 urbium
2557 4437 2688 4478 vero
2719 4424 2773 4477 in
2795 4423 2991 4492 quibus
3031 4437 3063 4478 a
3100 4423 3303 4480 Dextro
3331 4424 3477 4493 passi
3517 4424 3662 4481 refe-

381 4516 818 4587 prteservationis
858 4516 921 4570 D.
969 4514 1204 4586 Virginis
1243 4517 1310 4571 ab
1363 4515 1618 4586 originali
1673 4514 1923 4584 contagio
1948 4553 1965 4580 ,
1993 4505 2048 4567 D
2073 4529 2289 4582 runtur,
2315 4517 2532 4572 nomina
2556 4515 2884 4586 neglexisse,
2917 4515 3035 4570 sive
3081 4517 3228 4588 quod
3280 4517 3510 4572 barbara
3559 4517 3663 4572 sibi

378 4611 450 4666 ab
473 4611 604 4681 ipsis
625 4624 703 4665 ss.
735 4609 1030 4679 apostolis,
1055 4609 1482 4680 doctoribusque
1529 4609 1810 4665 veteribus
1859 4607 1973 4662 for-

380 4717 476 4758 san
509 4701 754 4774 agnitum
777 4703 868 4770 sit,
899 4710 960 4756 ut
987 4701 1210 4771 speciali
1239 4714 1406 4770 opere
1428 4701 1494 4754 de
1519 4699 1763 4756 Pati-ibus
1803 4699 1975 4752 vindi-

381 4799 512 4852 catis
536 4796 910 4867 probavimus,
937 4805 1176 4850 attamen
1220 4806 1486 4863 nusquam
1538 4792 1607 4848 de
1660 4808 1726 4849 eo
1773 4791 1973 4848 festum

383 4891 584 4947 factum
610 4888 714 4944 fuit
741 4903 908 4959 usque
933 4888 1001 4942 ad
1038 4899 1282 4958 tempora
1333 4887 1393 4944 S.
1421 4884 1669 4941 Anselmi
1692 4902 1706 4940 :
1732 4885 1819 4941 hic
1843 4900 1975 4941 vero

385 4999 496 5039 non
529 4992 638 5036 tam
668 4980 736 5036 de
767 4980 1030 5051 mysterio
1053 4978 1442 5049 Conceptionis
1463 5021 1477 5047 ,
1512 4991 1674 5047 quam
1722 4975 1790 5030 de
1836 4977 1977 5032 festo

386 5073 583 5144 agitur.
619 5069 759 5126 Tum
797 5069 995 5124 deinde
1039 5069 1296 5140 quoniam
1342 5065 1730 5137 Conceptionis
1781 5079 1981 5121 nomen

385 5181 563 5238 usque
599 5165 667 5220 ad
704 5165 853 5220 Scoti
885 5163 1157 5218 Dunensis
1199 5169 1453 5230 tempora
1493 5161 1667 5215 solam
1707 5158 1980 5215 carnalem

389 5257 770 5330 generantium
800 5256 1078 5328 copulam,
1102 5263 1159 5310 et
1182 5269 1304 5325 quae
1330 5250 1384 5308 in
1406 5267 1469 5309 ea
1495 5261 1762 5324 geruntur
1807 5249 1981 5322 signi-

395 5351 582 5407 ﬁcavit
611 5351 688 5418 (id
717 5350 862 5422 quod
895 5349 1155 5421 praedicto
1188 5348 1244 5402 in
1274 5361 1440 5416 Opere
1463 5348 1748 5402 manifeste
1776 5345 1982 5417 proba-

395 5452 510 5497 tum
531 5457 560 5497 a
589 5442 742 5498 nobis
763 5439 872 5514 est)
907 5459 920 5496 :
951 5454 1114 5495 nemo
1135 5449 1317 5495 autem
1353 5439 1696 5507 antiquorum
1719 5434 1985 5508 ejusmodi

401 5534 810 5604 conceptionem
841 5533 1068 5602 virginis
1093 5546 1217 5601 qua:
1266 5547 1331 5586 ex
1384 5538 1672 5601 parentum
1723 5529 1987 5583 commix.

401 5627 546 5682 tione
574 5627 695 5691 fuit,
715 5625 928 5681 vocavit
951 5623 1376 5687 immaculatum,
1398 5622 1492 5678 sed
1521 5622 1694 5692 ipsam
1725 5620 1988 5690 virginem

405 5721 462 5778 in
487 5719 609 5794 ejus
654 5720 1003 5774 animatione.
1030 5717 1168 5773 Tum
1213 5717 1446 5789 denique
1491 5713 1748 5787 quoniam
1793 5711 1990 5772 festum

684 5815 960 5879 Panos.
1043 5812 1287 5875 XXXI.

2077 4610 2427 4675 videbantur,
2468 4608 2662 4677 quales
2709 4616 2862 4661 certe
2903 4606 3101 4675 priscis
3138 4607 3471 4674 temporibus
3506 4615 3667 4660 erant

2077 4701 2492 4772 Hispanicarnm
2541 4697 2820 4752 civitatum
2862 4695 3318 4760 nomenelaturm;
3363 4698 3478 4752 sive
3520 4697 3667 4768 quod

2079 4810 2274 4867 parum
2316 4792 2449 4864 ipsis
2492 4788 2812 4861 proficiebat
2862 4787 3077 4843 illarum
3123 4787 3335 4842 urbium
3387 4789 3529 4845 scire
3576 4799 3671 4844 aut

2081 4889 2292 4945 nescire
2323 4885 2577 4949 nomina;
2602 4896 2758 4954 quas,
2793 4889 2986 4951 utpote
3025 4880 3424 4936 remotissimas
3448 4897 3517 4937 ex
3547 4883 3667 4939 solo

2082 4981 2306 5038 nomine
2363 4988 2698 5046 cognoscere
2757 4979 3028 5042 poterant.
3082 4970 3341 5027 Videmus
3383 4982 3570 5029 autem
3614 4975 3671 5029 in

2083 5069 2416 5143 martyribus
2448 5069 2562 5124 suis
2603 5064 3024 5135 diligentissime
3062 5062 3418 5134 observasse,
3467 5075 3528 5121 ut
3567 5082 3669 5124 no-

2085 5167 2229 5222 mina
2263 5162 2542 5233 regionum
2563 5167 2618 5214 et
2643 5157 2861 5213 urbium
2889 5169 3028 5226 quas
3061 5156 3412 5226 passionibus
3441 5159 3554 5214 suis
3578 5175 3670 5215 no-

2087 5255 2394 5321 bilitarunt,
2420 5252 2476 5306 in
2503 5249 2816 5318 menologio
2860 5257 3206 5303 notarentur.

2163 5347 2273 5404 Sed
2303 5344 2650 5417 quamobrem
2680 5339 2974 5410 (requires)
3027 5339 3074 5394 si
3117 5341 3171 5394 in
3199 5338 3490 5396 Occidente
3534 5339 3680 5409 passi

2095 5442 2270 5505 fuere,
2296 5438 2538 5508 ipsorum
2571 5433 2787 5488 nomina
2810 5474 2826 5500 ,
2853 5440 2907 5486 et
2937 5431 3147 5486 urbium
3177 5432 3440 5502 sanguine
3467 5446 3565 5487 suo
3591 5447 3683 5485 ru-

2100 5533 2419 5589 bricatarum
2450 5573 2465 5597 ,
2507 5528 2559 5582 in
2608 5525 2811 5581 Latinis
2851 5523 3254 5595 martyrologiis
3293 5540 3398 5579 non
3445 5523 3687 5592 reperie-

2100 5625 2296 5679 bantur
2317 5631 2600 5691 antequam
2627 5635 2654 5670 a
2688 5616 3002 5672 Graecorum
3044 5617 3243 5671 tabulis
3273 5615 3483 5687 quarsiti
3513 5623 3568 5667 et
3595 5629 3688 5669 ac~

2102 5714 2248 5790 cepti
2289 5713 2526 5772 fuerint?
2579 5709 2637 5769 In
2679 5717 2931 5780 promptu
2984 5717 3069 5766 est
3115 5721 3333 5763 causam
3387 5705 3688 5776 assignare,
