4166 6178
465 154 540 212 43

1279 191 1294 197 -
1375 142 1673 203 FLAVIUS
1708 137 1956 207 LUCIUS
1996 136 2281 197 DEXTER
2319 136 2852 197 CHRONOLOGUS.

3689 131 3766 191 Μ

466 269 726 341 nimirum
771 266 959 326 Dextri
999 263 1272 330 latebras,
1296 261 1454 330 cuius
1491 273 1635 330 opus
1682 271 1794 311 non
1843 254 1974 310 satis
2010 252 2064 307 in
2094 253 2144 318 Α
2174 250 2203 325 §
2228 251 2317 309 ΙΙΙ.
2380 252 2787 341 Quautoft‘adio
2815 248 3678 341 elaborauduufuitetucidatori,
3704 256 3761 309 ut

468 363 663 431 vulgus
693 360 876 416 datum
925 364 1064 423 erat,
1093 352 1311 427 quando
1348 350 1508 413 Bedaa
1527 390 1544 418 ,
1567 346 1832 414 Usuardi,
1858 354 1914 401 et
1938 344 2069 401 reli-

468 468 700 526 quorum
735 445 1354 523 martyrologia,quihus
1388 457 1534 499 nunc
1560 440 1809 502 fruimur,
1831 436 2070 493 edeban-

2383 322 2465 378 his
2493 339 2607 393 qua
2632 322 2829 380 Dexter
2858 327 3097 394 asseruit,
3124 322 3334 396 afférret
3356 324 3544 379 lucem.

2234 447 2374 503 Cum
2425 447 2657 518 primum
2702 447 2764 505 L.
2823 449 3016 509 Dextri
3057 448 3377 505 Chronieon
3435 444 3767 502 omnimodae

471 556 561 603 tur
592 562 608 631 ξ
640 545 783 601 unde
805 544 939 600 nihil
966 542 1034 599 ab
1065 556 1131 597 eo
1161 538 1280 611 ipso
1310 546 1558 631 mutuare
1590 535 1891 631 valuerunt.
2163 541 2426 601 Ηίειοι-εω
2457 542 2524 599 ad
2556 532 2751 599 manus
2780 544 3036 614 pervenit
3066 557 3215 600 mea;
3243 540 3502 615 (cndida
3520 538 3766 611 ιθαωι),

472 621 607 694 vero
636 651 797 694 nemo
823 634 1237 691 Neotericorum
1258 646 1297 697 pa
1323 627 1529 686 Graecis
1563 625 1649 682 vel
1675 623 1905 696 vulgatis
1928 621 2074 676 Lati-

473 732 557 788 nis
587 727 990 802 martyrologiis
1018 733 1237 780 sanctos
1269 723 1337 778 de
1366 720 1565 792 quibus
1607 719 1658 774 in
1683 716 1766 772 his
1787 713 2087 773 ChrOnicis'

477 823 686 880 mentio
708 821 972 887 habetur,
1013 815 1317 888 acceperit,
1348 829 1419 869 ex
1451 828 1516 867 eo
1546 809 1681 875 satis
1708 807 2073 879 convincitur,

476 916 621 987 quod
637 913 691 969 in
716 913 802 968 bis
825 911 1108 967 nonnullos
1123 915 1413 978 martyrum
1435 900 1665 975 reperiri
1686 894 2072 971 conspicimus,

476 1007 678 1078 quibus
710 1006 869 1078 longe
899 1002 1019 1059 alia:
1049 1000 1210 1056 urbes
1241 998 1619 1069 designantur,
1661 1009 1820 1064 quam
1858 994 1910 1047 in
1942 990 2071 1045 illis.

476 1099 642 1168 Verbi
664 1072 859 1170 gratia,
891 1103 1112 1150 sanctus
1144 1093 1253 1149 Aza
1282 1107 1402 1171 cum
1435 1087 1600 1145 sociis
1627 1086 1890 1158 martyrio
1920 1098 2079 1140 coro-

477 1200 639 1248 natus
678 1192 878 1245 dicitur
917 1202 946 1241 a
987 1185 1226 1250 Graecis,
1256 1191 1310 1238 et
1347 1181 1553 1236 Latinis
1594 1179 1647 1234 in
1689 1177 1896 1234 Isauria
1934 1175 2077 1231 Asiae

477 1283 782 1357 provincia,
828 1296 857 1335 a
907 1279 1113 1334 Dextro
1143 1285 1322 1330 autem
1365 1274 1418 1327 in
1457 1271 1754 1328 Callaecia:
1788 1284 1977 1324 rursus
2018 1258 2076 1323 S‘.

480 1375 755 1431 Antonina
798 1386 919 1428 cum
965 1368 1279 1427 Alexandro
1313 1365 1483 1420 milite
1522 1364 1666 1435 passi
1706 1360 2017 1418 referuntur
2048 1373 2078 1414 a

479 1468 684 1523 Graecis
727 1474 783 1520 et
826 1463 985 1518 Ro‘m.
1040 1458 1433 1532 martyrologio
1478 1452 1996 1525 Constantinopoli,
2049 1464 2079 1505 a

478 1560 680 1617 Dextro
710 1572 838 1613 vero
862 1554 1158 1612 Olcadibus
1184 1554 1236 1606 in
1263 1551 1584 1620 Carpetania
1609 1566 1623 1614 ;
1655 1546 1843 1604 Sancti
1865 1560 2082 1617 quoque

2170 628 2640 691 inteStimabilium
2687 636 3000 693 divitiarum
3052 637 3371 709 thesaurum
3408 635 3464 689 in
3494 648 3563 690 eo
3600 634 3772 689 latere

2172 726 2644 793 animadvertam,
2671 726 2725 782 in
2758 742 2876 782 eam
2900 735 3121 786 erectus
3160 741 3313 796 spem
3342 723 3442 792 fui,
3469 733 3530 780 ut
3556 723 3601 778 si
3629 723 3772 779 vires

2176 833 2388 888 omnes,
2418 833 2485 875 ac
2524 819 2702 881 studia
2748 818 2803 874 in
2837 819 3009 889 ipsum
3066 817 3377 875 eﬂ‘odiendo
3414 815 3769 888 applicarem,

2172 927 2287 975 non
2315 911 2538 966 omnino
2580 928 2608 964 a
2647 911 2848 971 laboris
2877 910 3131 969 mercede
3176 909 3474 966 frustratus
3508 906 3773 964 abscede-

2172 1018 2315 1061 rem.
2341 1003 2581 1074 Agebam
2610 1017 2677 1061 eo
2702 1002 2966 1072 temporis
2982 1002 3208 1069 Matriti,
3230 1000 3377 1071 regis
3392 998 3658 1056 Catholici
3678 1012 3773 1055 cu-

2176 1098 2280 1171 riae
2322 1108 2397 1157 et
2427 1095 2615 1166 patriae
2656 1111 2812 1157 meae.
2849 1095 2939 1155 tibi
2966 1094 3102 1151 inibi
3149 1108 3471 1163 magnorum
3506 1092 3773 1157 virorum,

2178 1189 2490 1246 eruditione
2518 1188 2812 1258 insignium
2831 1231 2845 1256 ,
2877 1187 3283 1257 multarumque
3315 1178 3776 1242 bibliothecarum

2182 1283 2337 1350 capia
2369 1281 2508 1341 haud
2539 1279 2760 1336 difﬁcile
2783 1280 2927 1339 facta
2969 1280 3088 1345 fuit.
3121 1294 3244 1336 cum
3271 1279 3493 1348 quibus,
3524 1285 3583 1332 et
3605 1290 3637 1331 a
3661 1274 3781 1346 qui-

2184 1376 2285 1431 bus
2310 1382 2601 1435 conatuum
2642 1388 2890 1431 meorum
2925 1375 3133 1442 pondus
3161 1371 3384 1441 levigari
3416 1386 3573 1440 posse
3609 1366 3783 1426 conti-

2182 1464 2395 1523 derem.
2446 1465 2558 1525 Sed
2597 1481 2720 1521 cum
2769 1466 2822 1525 in
2857 1465 3047 1523 limine
3077 1465 3260 1536 operis
3304 1462 3481 1521 adhuc
3510 1474 3780 1526 versarer,

2189 1571 2309 1627 quae
2336 1572 2448 1615 non
2485 1555 2852 1624 difficultates,
2880 1573 3001 1627 quae
3038 1571 3147 1614 non
3181 1554 3439 1611 chimcrae
3466 1549 3784 1623 superanda:

479 1652 731 1722 Quiricus
759 1659 815 1705 et
842 1647 1009 1704 Julita
1038 1645 1285 1701 coronati
1314 1644 1383 1697 ab
1409 1642 1532 1697 aliis
1554 1644 1808 1713 leguntur
1837 1637 1993 1694 Tarsi
2026 1639 2078 1693 in

2197 1664 2310 1706 sese
2331 1650 2461 1705 mihi
2483 1649 3065 1707 obtttlereinrcessum
3092 1649 3207 1713 fuit,
3232 1657 3326 1702 aut
3354 1645 3626 1703 defessum
3657 1656 3783 1698 suco

481 1741 693 1803 Cilicia.
725 1755 755 1794 a
781 1739 975 1794 dextro
1006 1745 1188 1792 tamen
1229 1733 1478 1803 Hippone
1506 1733 1563 1785 in
1615 1728 1943 1800 Carpetania
1977 1744 1990 1779 :
2026 1736 2085 1783 ut

480 1834 701 1890 interim
727 1831 796 1887 de
821 1831 943 1885 aliis
972 1839 1201 1895 taceam,
1225 1842 1454 1899 quorum
1484 1824 1650 1880 urbes
1675 1838 1705 1878 a
1730 1821 1935 1879 Graecis
1965 1820 2087 1891 qui-

482 1926 610 1989 dem
641 1925 866 1981 silentio
901 1921 1196 1987 involutas,
1230 1934 1295 1974 ex
1323 1917 1458 1975 actis
1490 1927 1669 1973 tamen
1692 1927 1745 1972 et
1770 1913 2083 1971 vetustissi-

484 2019 587 2074 mis
613 2014 984 2070 monurnentis
1010 2027 1119 2066 non
1149 2008 1287 2064 alias
1314 2023 1472 2079 quam
1502 2007 1802 2076 assignatas
1823 2020 1853 2059 a
1879 2003 2087 2063 Dextro

487 2108 769 2165 multoties
802 2108 853 2161 in
894 2105 980 2160 his
1008 2101 1431 2159 Commentariis
1474 2098 1922 2170 comprobamus.
1956 2094 2089 2162 Quis

483 2213 664 2257 autem
693 2212 799 2255 tam
831 2210 1024 2254 excors
1054 2206 1222 2262 eSSet,
1254 2205 1311 2250 ut
1341 2195 1505 2249 urbes
1540 2203 1840 2263 martyrum
1869 2187 2091 2244 notissi-

482 2304 602 2352 mas
644 2300 897 2349 recenter
938 2297 1177 2346 mutaret
1215 2287 1240 2342 ‘l
1298 2285 1409 2343 Sed
1460 2284 1627 2341 redeo
1680 2280 2087 2352 Carthaginem.

489 2387 654 2444 Certe
678 2385 956 2455 Carthago
999 2379 1289 2451 Hispanica
1322 2394 1429 2435 non
1461 2390 1569 2433 tam
1591 2374 1850 2447 ignobilis
1881 2374 2001 2437 fuit,
2035 2378 2092 2428 ut

486 2475 855 2532 Romanorum
882 2483 938 2529 et
966 2470 1269 2529 Gmhorum
1311 2469 1648 2540 temporibus
1668 2467 1768 2522 toti
1800 2465 2093 2536 provinciae

492 2563 914 2640 Carthaginensi
964 2574 1160 2618 nomen
1194 2577 1301 2617 non
1327 2560 1576 2616 dederit:
1609 2567 1664 2616 et
1692 2559 1746 2613 in
1778 2555 2093 2628 antiquissi.

502 2658 607 2715 mis
630 2656 878 2713 conciliis
904 2698 919 2723 ,
954 2654 1253 2726 praesertim
1286 2650 1588 2718 Toletanis,
1620 2660 1669 2707 et
1709 2649 2091 2706 Braccarensi-

497 2753 630 2818 bus,
663 2747 928 2820 frequens
967 2747 1035 2804 de
1080 2745 1498 2815 Carthaginensi
1558 2744 1838 2815 provincia
1894 2741 2094 2813 mentio

493 2843 575 2910 tit,
605 2850 727 2913 quae
756 2839 885 2895 olim
906 2838 1227 2895 Toletanam
1259 2851 1478 2908 quoque
1506 2844 1562 2891 ct
1590 2835 1949 2903 Carpetanam
1990 2831 2094 2888 sub

489 2947 552 2988 se
574 2928 1063 3002 complectebatur.
1087 2927 1209 2995 Quo
1242 2942 1350 2983 uno
1391 2927 1540 2994 dato,
1561 2925 1857 2980 verisimile
1886 2933 1971 2980 est
1996 2923 2099 2979 ali-

493 3034 627 3095 quot
669 3039 864 3080 eorum
909 3035 1211 3095 martyrum
1252 3020 1346 3092 qui
1377 3020 1430 3075 in
1471 3016 1857 3076 ecclesiasticis
1894 3017 2092 3073 tabulis
2119 3004 2164 3068 C

494 3119 827 3190 Carthagine
856 3119 1104 3175 coronati
1131 3116 1405 3190 leguntur,
1436 3116 1492 3171 in
1520 3116 1862 3186 lliSpaniensi
1892 3125 2094 3188 marty-

422 3283 429 3287 .
490 3212 576 3267 rio
597 3211 825 3267 affectos
854 3210 1044 3278 fuisse,
1080 3221 1136 3268 et
1174 3226 1281 3267 non
1317 3223 1509 3266 omnes
1557 3210 1609 3263 in
1669 3209 1941 3264 Africana.
1992 3208 2095 3276 Qui

495 3304 641 3360 enim
681 3302 803 3357 fieri
844 3305 1051 3371 potuit,
1102 3313 1159 3356 ut
1200 3317 1322 3356 cum
1358 3311 1469 3357 tota
1509 3299 1768 3373 Hispania
1824 3297 2095 3355 innumeri

497 3397 931 3454 Christianorum
958 3395 1334 3468 ago‘nizarint,
1362 3395 1438 3453 ita
1470 3404 1529 3449 ut
1564 3408 1759 3450 omnes
1783 3393 1901 3464 ejus
1934 3392 2097 3467 urbes

498 3497 556 3545 et
577 3490 772 3559 oppida
813 3488 1077 3561 Sanguine
1120 3485 1458 3561 sacraverint
1507 3502 1607 3541 suo
1629 3527 1644 3552 ,
1675 3486 1791 3555 sola
1826 3484 2096 3556 Carthago

502 3581 745 3637 omnium
799 3595 936 3651 pene
990 3578 1327 3635 nobilissima
1387 3575 1537 3631 nullo
1586 3584 1825 3648 martyre
1871 3574 2095 3646 gloriari

500 3674 709 3745 possit?
744 3673 993 3729 Revolve
1023 3671 1311 3741 diligenter
1335 3665 1568 3725 Romani
1600 3668 1974 3741 martyrologii
2004 3684 2093 3723 se-

503 3766 639 3823 riem
666 3766 1003 3833 universam,
1036 3772 1092 3819 et
1139 3762 1283 3818 inter
1330 3771 1601 3832 martyres
1632 3759 1945 3815 innumeros
1966 3757 2098 3815 Car-

502 3857 721 3928 thagine
744 3869 934 3926 passos
957 3896 971 3919 ,
1001 3854 1485 3922 nullum'reperies
1512 3852 1580 3906 de
1606 3868 1711 3919 quo
1741 3849 2096 3926 specificatim

504 3947 716 4004 dicatur
738 3944 884 4017 quod
910 3945 962 4000 in
988 3944 1246 4014 llispania
1273 3958 1468 4015 passus
1488 3943 1580 3998 sit.
1616 3942 1686 3997 Et
1715 3951 1919 4011 tamen,
1950 3952 2009 3997 .ut
2030 3941 2100 3997 de

508 4039 734 4111 reliquis
764 4036 1209 4109 persecutionum
1235 4036 1287 4090 in
1324 4034 1584 4104 HiSpania
1607 4033 2098 4107 ministrisinterim

504 4130 732 4197 sileam,
761 4138 1099 4200 compertum
1140 4135 1259 4194 est,
1286 4127 1514 4184 Galbam
1546 4125 1876 4197 Carthagine
1908 4124 2101 4198 Hispa-

511 4223 630 4279 nica
674 4222 1035 4277 acclamatum
1086 4219 1262 4275 fuisse
1291 4218 1359 4274 ad
1387 4219 1674 4290 imperium
1707 4229 1896 4274 contra
1924 4217 2098 4274 Nero-

516 4330 664 4383 nem,
692 4330 814 4372 cum
849 4316 996 4383 prius
1036 4313 1380 4369 severissime
1414 4313 1466 4367 in
1493 4311 1832 4369 Christianos
1860 4312 2104 4368 animad-

506 4408 785 4472 vertisset,
803 4405 939 4461 adeo
964 4413 1022 4460 ut
1045 4405 1099 4459 in
1113 4404 1360 4459 columna
1380 4402 1580 4459 Neroni
1600 4412 1779 4458 erecta
1806 4414 2102 4470 assereret,

516 4499 571 4555 id
596 4502 793 4556 factum
836 4496 897 4552 ob
927 4496 1243 4568 provinciam
1282 4494 1596 4562 latronibus,
1630 4503 1679 4549 et
1712 4496 1777 4551 iis
1796 4497 1887 4569 qui
1923 4504 2110 4553 norant

507 4600 681 4669 generi
702 4598 930 4653 humano
959 4595 1375 4669 superstitionem
1404 4594 1764 4664 inculcabant,
1797 4608 2103 4673 purgatam.

510 4696 708 4752 Multos
728 4695 957 4765 proinde
977 4710 1165 4751 eorum
1189 4695 1282 4767 qui
1310 4694 1640 4765 Carthagine
1670 4695 1986 4757 referuntur
2013 4713 2105 4759 oc-

505 4795 627 4860 cisi,
658 4796 710 4850 in
743 4794 999 4866 Hispania
1033 4793 1598 4877 coronatoscredene
1626 4805 1887 4867 oportet:
1933 4801 2011 4855 uti
2044 4799 2102 4857 in

506 4896 882 4964 Dextro,nunc
912 4876 1237 4963 videbimus.
1261 4896 1335 4952 Ex
1350 4893 1438 4961 bis
1471 4910 1599 4955 vero
1623 4911 1744 4967 qua:
1769 4897 1886 4954 fuse
1914 4898 2107 4959 admo-

504 5000 634 5055 dum
657 5015 686 5053 a
710 4998 866 5057 nobis
891 5005 1120 5055 tractata
1134 5005 1279 5064 sunt,
1316 4997 1447 5053 illud
1480 4997 1699 5055 tandem
1723 4998 1913 5057 inferri
1944 5018 2107 5074 opor-

504 5106 607 5165 tet,
640 5098 885 5159 codicem
912 5096 1061 5153 bunc
1074 5111 1237 5168 quem
1262 5096 1728 5168 interpretandum
1756 5104 2102 5175 suscipimus,

502 5214 821 5269 germanum
862 5197 1057 5253 Dextri
1072 5197 1498 5255 Barcinouensis
1524 5200 1692 5255 letum
1720 5216 1861 5270 esse,
1881 5213 1937 5260 et
1969 5205 2102 5263 nihil

501 5315 691 5358 eorum
714 5314 843 5371 qua:
869 5298 923 5353 in
946 5298 1121 5368 ipsum
1145 5298 1346 5368 iactata
1367 5308 1494 5356 sunt
1511 5301 1804 5373 quidquam
1838 5308 2099 5362 momenti

500 5402 724 5458 habere.
755 5398 935 5466 Quare
956 5412 1047 5465 ne,
1071 5412 1277 5468 quaso,
1304 5398 1498 5456 Lector
1515 5401 1767 5470 candide,
1794 5404 1880 5459 vel
1905 5406 2099 5462 leviter

498 5501 721 5560 haesitas
740 5502 795 5558 in
821 5499 938 5572 ejus
964 5499 1216 5570 lectione,
1237 5500 1334 5559 sed
1357 5514 1480 5560 eam
1501 5501 1771 5562 inoﬂ'enso
1804 5504 1942 5577 pede
1968 5521 2096 5579 per-

494 5615 671 5664 curre.

2182 1743 2446 1799 cumbcre
2466 1782 2481 1808 ,
2512 1752 2607 1799 aut
2633 1758 2729 1812 pro
2766 1742 2916 1797 virili
2949 1758 3042 1798 eas
3084 1750 3473 1812 superaturum
3501 1738 3785 1794 dimicare.

2188 1834 2284 1899 Vis
2307 1836 2454 1897 scire
2480 1842 2618 1905 quot
2649 1843 2702 1890 et
2736 1835 2895 1905 quas?
2927 1834 3177 1891 Varietas
3203 1846 3384 1891 rerum
3413 1830 3470 1889 in
3498 1829 3588 1887 his
3612 1828 3787 1883 Chro—

2188 1926 2335 1983 nicis
2370 1936 2750 1981 contentarum
2785 1926 3191 1997 ingentissima,
3214 1922 3284 1981 ad
3315 1937 3453 1994 quas
3474 1919 3789 1979 enodandas

2190 2020 2483 2089 Oportebat
2507 2033 2726 2077 omnem
2748 2016 3091 2087 antiquitatis
3118 2014 3423 2081 hiatoriam,
3445 2013 3579 2073 sive
3594 2013 3789 2070 ltuma~

2190 2127 2318 2170 nam
2351 2153 2366 2179 ,
2395 2111 2513 2166 sive
2543 2109 2779 2173 divinam
2809 2109 3087 2174 evolvere,
3119 2117 3175 2163 et
3204 2107 3274 2167 de
3299 2105 3619 2166 auctoribus
3648 2105 3792 2174 ipsa-

2193 2218 2335 2270 rum,
2363 2202 2640 2273 rebusque
2658 2202 2802 2272 ipsis
2822 2200 3002 2273 ,(inter
3034 2214 3098 2255 se
3119 2199 3351 2270 primum
3392 2195 3628 2268 collatis)
3649 2195 3794 2265 judi,

2194 2297 2335 2352 cium
2388 2293 2566 2361 ferre;
2618 2294 2739 2364 quis
2780 2291 3169 2363 inquibusve,
3198 2306 3312 2360 prae
3352 2289 3571 2349 casteria
3596 2287 3790 2365 ,potius

2194 2386 2530 2453 audiendus;
2553 2401 2674 2456 quae
2703 2383 3113 2450 verisimiliora,
3137 2379 3679 2454 quatalumeudauln
3708 2378 3794 2433 his

2193 2496 2328 2552 vero
2370 2477 2693 2543 consulendi
2740 2485 2899 2541 erant
2934 2474 3158 2540 Livius,
3184 2473 3523 2539 Suetonius,
3559 2482 3790 2539 uterque

2194 2571 2423 2636 Plinius,
2456 2569 2804 2635 Plutarchus,
2836 2567 2958 2630 Diu,
2991 2565 3211 2625 Tacitus
3232 2604 3248 2631 ,
3276 2562 3659 2625 Philostratus,
3686 2560 3790 2619 Ca-

2198 2663 2465 2737 pitolinus
2487 2703 2503 2727 ,
2536 2659 2912 2731 Lampridius,
2949 2657 3248 2727 Eutropius
3270 2696 3285 2721 ,
3316 2654 3655 2722 Trebellius,
3694 2652 3797 2707 νο.

2202 2758 2384 2828 piscus
2403 2796 2417 2821 ,
2441 2753 2704 2810 Martialis
2720 2796 2736 2821 ,
2761 2761 2993 2822 uterque
3020 2749 3229 2807 Seneca
3248 2788 3265 2815 ,
3294 2746 3487 2813 Silius,
3508 2746 3791 2812 Lucanus,

2198 2848 2516 2916 Iuvenalis,
2530 2854 2587 2903 et
2612 2846 2705 2901 alii
2731 2844 2986 2900 humanae
3008 2842 3254 2899 historiae
3274 2828 3638 2912 professores,
3659 2852 3796 2909 quos

2202 2943 2421 3012 longum
2470 2949 2622 2995 esset
2657 2952 2947 2995 recensere
2991 2953 3006 2991 :
3062 2951 3171 3006 quo
3201 2935 3424 2990 tandem
3454 2933 3793 2999 vitas,acta,

2197 3033 2601 3096 successiones,
2622 3040 2678 3089 et
2697 3027 3566 3100 chronographiasRomanorum
3598 3020 3799 3093 princi-

2198 3122 2805 3198 pum,etBarbararum
2836 3122 3081 3192 gentium
3112 3133 3236 3175 cum
3270 3118 3407 3188 ipsis
3435 3114 3793 3187 pugnantium

2198 3219 2264 3274 ad
2293 3215 2480 3274 Dextri
2511 3216 2714 3284 scripta
2747 3212 3142 3275 conferremus.
3166 3213 3386 3273 ,Przeter
3413 3211 3530 3277 ham
3558 3224 3591 3264 e
3626 3209 3797 3264 veteri

2200 3311 2552 3367 Testamento
2582 3309 2748 3369 multa
2773 3322 2840 3362 ex
2870 3305 3119 3375 profctsso
3146 3303 3647 3365 tractanduerant;
3670 3301 3798 3356 sive

2200 3404 2269 3460 de
2299 3404 2454 3460 libris
2485 3402 2696 3474 Regum
2718 3412 2777 3459 et
2806 3400 3288 3470 Paralipomenon,
3320 3395 3538 3463 sivede
3565 3394 3798 3465 praedic-

2205 3496 2445 3553 tionibus
2476 3497 2871 3569 propbetsrum
2892 3512 2911 3549 ει
2929 3493 3343 3551 Testamentum
3360 3501 3543 3546 autem
3571 3502 3796 3554 novum,

2201 3600 2302 3661 pro
2332 3591 2453 3660 ejus
2482 3587 2832 3659 cbronologia
2848 3585 3201 3650 elucidauda,
3217 3594 3388 3639 totum
3404 3579 3797 3645 evolvendum;

2206 3679 2532 3751 Evangelia,
2562 3678 2698 3737 Acta
2730 3678 3059 3748 apostolica,
3104 3674 3559 3746 Apostolorumve
3598 3672 3803 3740 episto-

2208 3776 2334 3831 tolre
2366 3782 2423 3832 et
2451 3775 2688 3845 scripta;
2719 3772 2857 3837 nihil
2888 3771 3091 3829 etenim
3134 3783 3247 3826 mu
3280 3775 3484 3825 tactum
3519 3780 3550 3820 a
3598 3765 3801 3820 Dextro

2206 3870 2325 3927 fuit.
2369 3868 2476 3926 Sed
2518 3879 2575 3925 et
2613 3880 2805 3923 omnes
2836 3864 3166 3939 (praesertim
3208 3858 3571 3933 antiquiores)
3606 3857 3802 3914 Patres

2203 3961 2392 4017 audire
2416 3961 2731 4031 oportebat,
2763 3959 2878 4015 sive
2897 3973 2997 4029 pro
3018 3973 3188 4013 sensu
3219 3969 3351 4010 vero
3370 3967 3655 4009 sacrarum
3674 3965 3797 4021 sen-

2208 4053 2502 4109 tentiarum
2536 4049 2842 4109 hauriendo
2860 4089 2876 4115 ,
2900 4051 3016 4105 sive
3039 4064 3136 4118 pro
3167 4047 3251 4101 his
3273 4062 3395 4115 qua:
3422 4045 3490 4097 ad
3516 4042 3801 4098 historiam

2209 4141 2641 4201 ecclesiasticam.
2655 4146 2909 4212 spectant
2932 4159 2948 4197 :
2970 4140 3307 4197 Clementem
3323 4135 3448 4193 dico
3468 4135 3802 4199 Romanum,

2205 4233 2495 4305 lgnatium,
2523 4232 2861 4303 Dionysium,
2893 4230 3181 4295 lrenwum,
3204 4227 3540 4287 Clementem
3570 4225 3801 4283 alterum

2218 4324 2669 4391 Alexandrinum,
2697 4323 3014 4388 Eusebium,
3038 4321 3353 4392 Origenem.
3378 4316 3801 4383 Tertulliauum,

2214 4414 2545 4487 Cyprianum
2566 4455 2580 4482 ,
2607 4416 2868 4471 Basiliam
2891 4457 2907 4481 ,
2942 4413 3263 4484 Gregorium
3284 4408 3698 4465 Nazianzenum
3748 4414 3805 4465 et

2214 4506 2543 4579 Nyssenum,
2567 4505 3048 4577 Chrysostomum,
3073 4499 3457 4573 Epiphaniam,
3483 4499 3799 4567 Pacianum,

2212 4596 2546 4661 Juvencum,
2574 4595 2965 4661 Ambrosium,
3000 4592 3327 4655 Paulinum,
3374 4588 3801 4660 Hieronymum,

2212 4692 2594 4763 Augustinum,
2623 4701 2678 4749 et
2718 4698 2984 4753 exteros,
3022 4699 3258 4756 quorum
3305 4683 3513 4752 scripta
3556 4689 3802 4739 existant.

2213 4783 2356 4854 Quid
2410 4784 2481 4841 de
2523 4784 2767 4841 conciliis
2805 4782 3004 4843 dicam,
3041 4796 3163 4849 qua:
3189 4778 3376 4837 omnia
3410 4792 3506 4846 pro
3530 4790 3802 4836 annorum

2213 4876 2621 4947 supputatione,
2638 4883 2694 4930 et
2724 4886 2822 4943 pro
2846 4873 3079 4928 veritate
3094 4868 3430 4933 enucleauda
3456 4870 3695 4939 graviter
3722 4866 3802 4922 le-

2212 4982 2341 5040 gere
2370 4965 2671 5024 necessitas
2716 4966 2903 5035 operis
2956 4965 3216 5032 assumpti
3242 4963 3505 5033 cogebat?
3546 4959 3698 5029 (Quid
3736 4959 3805 5016 de

2211 5072 2520 5120 sanctorum
2552 5068 2850 5131 martyrum
2877 5061 3053 5126 actis,
3078 5074 3312 5131 quorum
3347 5073 3458 5115 non
3492 5056 3677 5113 omnia
3704 5068 3804 5112 ne-

2211 5154 2453 5217 cessaria
2485 5155 2543 5209 in
2558 5150 2930 5222 lippomanis,
2954 5151 3155 5218 Suriis,
3175 5147 3801 5217 Hombritiis,rLipelois,

2217 5243 2461 5302 Velseris
2479 5285 2496 5311 ,
2527 5243 2732 5301 llara‘is
2752 5286 2767 5311 ,
2794 5243 3074 5302 Sanctoris
3093 5288 3109 5312 ,
3138 5244 3397 5315 Villegis,
3430 5240 3720 5311 Trugillis,
3749 5248 3808 5296 et

2213 5338 2525 5408 hujusmodi
2565 5339 2794 5408 reperiri
2832 5337 3116 5395 videbam?
3150 5336 3270 5394 Ntm
3300 5335 3479 5395 omnia
3506 5334 3685 5389 adhuc
3707 5348 3805 5387 no—

2211 5430 2360 5491 mina
2373 5446 2433 5486 su
2441 5429 3198 5502 ppeditabautmartyrologia,
3213 5426 3802 5499 imprimisRomauuan

2210 5519 2353 5593 (sive
2375 5523 2655 5594 antiquum
2684 5537 2716 5577 a
2748 5519 3035 5579 llosweido
3062 5518 3265 5576 editum
3284 5562 3300 5589 ,
3333 5518 3451 5575 sive
3478 5518 3799 5574 modernum

2204 5628 2237 5670 a
2267 5612 2418 5674 card.
2435 5614 2666 5677 Baronio
2688 5609 3070 5685 illustratum),
3094 5609 3293 5671 deinde
3320 5610 3503 5686 Beda,
3524 5609 3798 5672 Nothelm-
