4166 6178
357 289 432 348 is
566 352 574 357 _
852 264 868 276 ί
1477 283 1797 359 CHRONICI
1838 283 2100 357 DEXTRI
2140 286 2508 348 APOLGGIA.
3585 288 3656 355 ts

358 405 446 471 ri,
479 403 721 467 Rabliani
747 448 763 477 ,
801 404 1067 477 Usuardi,
1106 408 1349 476 Adonis,
1393 408 1631 475 Molaui,
1670 409 1948 476 Galesini,
1976 415 2026 473 Α
2058 410 2212 467 ﬂocci
2277 411 2509 482 pendat.
2568 407 2660 480 qui
2708 409 2931 467 ofﬁcere
2989 374 3652 493 quoquomoddqueanr.

361 497 644 559 Maurolici
672 510 726 555 et
752 501 1031 556 similium.
1067 500 1384 561 ercorum
1412 501 1716 572 meuologia
1748 518 1776 555 u
1800 502 1954 557 card.

360 591 561 646 Sirleto
591 600 868 649 contracta
900 601 1090 661 erant;
1122 594 1190 649 ad
1234 594 1383 664 ipsos
1416 592 1640 649 Gnaeos
1665 592 1842 650 fontes
1864 610 1954 651 re-

359 700 582 739 currere
614 702 625 738 :
659 700 849 755 parum
890 685 996 743 hoe
1018 728 1034 755 ,
1056 688 1123 741 ad
1164 688 1535 743 vetustissima
1572 699 1802 758 quaeque
1841 702 1959 742 ma-

360 778 640 849 nuscripts
685 787 1000 835 sanctorum
1039 790 1339 853 martyrum
1367 791 1520 846 acta;
1568 780 1635 834 ad
1689 780 1957 836 breviaria

359 886 574 942 quoque
594 872 811 942 antiqua
828 871 1173 928 diversarum
1192 871 1560 928 Ecclesiarum
1585 871 1957 928 necessarium

360 971 497 1027 erat.
550 962 756 1020 Rursus
806 979 906 1036 pro
953 965 1311 1043 chronologia
1348 978 1616 1022 annorum
1665 965 1959 1037 unicuique

358 1059 647 1115 sententiae
675 1058 741 1114 ad
773 1060 1073 1131 marginem
1105 1060 1509 1129 assignatorum
1533 1100 1549 1129 ,
1575 1061 1805 1125 multum
1839 1071 1957 1119 erat

360 1151 495 1207 mihi
526 1150 730 1207 laboris
759 1152 1179 1218 assumendum;
1204 1167 1270 1207 eo
1293 1153 1379 1207 vel
1407 1151 1821 1229 maxime,quod
1848 1168 1955 1212 non

363 1244 543 1301 semel
575 1244 644 1303 ab
671 1245 903 1300 aliorum
934 1247 1321 1317 supputatione
1360 1247 1631 1303 dissidere
1658 1246 1954 1313 videretur.

433 1336 587 1411 Quod
641 1337 687 1392 si
744 1337 864 1393 haec
909 1338 1090 1399 forsan
1125 1348 1364 1403 monstra
1395 1342 1641 1410 superari
1699 1350 1953 1411 possent,

365 1442 603 1503 quatuor
656 1432 1055 1499 antecedebant
1110 1432 1178 1491 de
1250 1449 1423 1509 novo,
1482 1450 1601 1503 quia:
1656 1437 1958 1492 Atlanteos

360 1522 618 1578 humeros
643 1523 713 1581 ad
745 1533 1124 1596 constitutum
1163 1528 1600 1597 supportandum
1624 1528 1953 1595 exigebant:

365 1614 417 1670 ι’
438 1614 664 1671 Novitas
694 1618 983 1673 multarum
1016 1619 1436 1683 sententiarum,
1463 1635 1586 1687 qua:
1617 1620 1835 1691 penitus
1861 1634 1960 1675 au-

357 1708 502 1765 ditus
557 1721 777 1766 nostros
810 1710 1117 1782 elTugeraut
1147 1727 1160 1763 :
1194 1710 1349 1767 verbi
1371 1725 1555 1776 causa,
1587 1711 1729 1781 quod
1761 1724 1953 1769 centu-

2062 504 2250 559 Dextri
2305 504 2616 559 Chronicon
2669 504 2725 558 hi
2779 504 2879 559 soli
2934 501 3366 575 parvipcuduut,
3420 500 3653 581 quisuis

2058 598 2408 669 Opinionibus
2448 614 2645 659 nocere
2664 601 3004 669 existimant,
3032 600 3183 655 multi
3216 616 3246 656 e
3277 614 3541 674 coqyerso
3588 584 3656 663 eo

2058 691 2339 755 dumtaxat
2372 692 2799 764 magnifaciunt,
2826 693 2970 767 quod
3011 693 3257 755 nonnihil
3309 710 3403 763 pro
3435 689 3547 753 suis
3574 693 3655 767 ia-

2057 800 2185 841 cere
2213 785 2497 852 videatur;
2534 787 2713 844 neutri
2751 800 2849 861 pro
2874 786 3103 844 veritate
3140 785 3402 843 Clirouici
3442 780 3659 851 certan-

2057 887 2161 947 tes,
2210 875 2305 935 sed
2347 877 2515 943 trahit
2554 894 2650 934 sua
2693 896 2966 950 quemque
3007 880 3280 939 voluntas.
3315 881 3498 945 Semel
3524 899 3657 943 vero

2059 971 2228 1043 ipsius
2252 973 2554 1035 sententias
2597 971 2976 1029 abOtttittantt-S
3001 1015 3015 1039 ,
3048 973 3249 1035 multas
3278 975 3656 1048 cogitaverunt

2057 1065 2561 1129 contradictiones.
2607 1080 2729 1137 quae
2761 1066 2863 1125 sibi
2903 1082 3012 1122 non
3060 1068 3239 1125 minus
3281 1070 3334 1131 iu
3371 1078 3655 1133 auctorem

2058 1175 2220 1230 quam
2250 1160 2305 1217 in
2337 1176 2473 1230 opus
2502 1160 2714 1219 irruerc
2749 1159 3019 1231 videntur,
3059 1170 3114 1218 et
3144 1161 3385 1232 ipsorum
3415 1164 3657 1225 auctori-

2063 1262 2227 1320 tatem
2251 1268 2539 1313 enervare.

2129 1344 2286 1414 Quis,
2322 1359 2472 1417 rogo,
2506 1353 2584 1400 tot
2635 1353 2897 1414 pertmsus
2944 1344 3317 1414 difﬁcultates,
3346 1362 3453 1403 non
3483 1347 3659 1409 haere-

2059 1449 2179 1509 ret,
2213 1452 2321 1493 non
2366 1436 2677 1503 difﬁderet,
2711 1453 2817 1499 non
2860 1438 3199 1495 desisteret?
3251 1456 3339 1497 me
3367 1456 3498 1498 vero
3549 1458 3657 1501 non

2058 1527 2234 1581 solum
2261 1542 2367 1587 non
2400 1527 2592 1597 pedem
2622 1527 2924 1595 retrahi-re,
2958 1539 3047 1585 aut
3076 1530 3397 1601 desperare,
3433 1532 3529 1590 sed
3556 1550 3653 1590 ue-

2059 1633 2165 1687 que
2196 1618 2408 1673 hmrere
2429 1619 2648 1689 quidem
2687 1622 2801 1674 haec
2830 1631 3077 1675 monstra
3125 1621 3405 1689 fecerunt;
3437 1624 3659 1681 addide-

2056 1719 2185 1766 runt
2212 1709 2387 1779 potius
2418 1710 2663 1765 currenti
2710 1710 2973 1777 ealCaria;
3007 1722 3060 1768 ct
3088 1712 3157 1767 ad
3202 1729 3392 1771 eorum
3424 1730 3660 1785 conspe-

357 1801 540 1857 rioues
593 1802 895 1870 evangelici
949 1801 1177 1859 fuissent
1227 1800 1486 1869 Hispani;
1536 1802 1680 1871 quod
1724 1800 2028 1873 epistolaB
2058 1812 2205 1865 etum
2259 1802 2492 1871 majores
2524 1805 2670 1861 vires
2722 1805 3072 1877 animumque
3118 1823 3216 1877 pro
3264 1807 3455 1865 labore
3507 1820 3657 1865 tanto

354 1890 510 1946 Pauli
539 1893 607 1946 ad
640 1893 916 1959 Hebraeos,
952 1892 1020 1949 ad
1054 1892 1319 1963 HlSpﬂﬂOS
1346 1909 1377 1950 e
1416 1892 1697 1951 Judaismo
1719 1910 1950 1953 conver-

351 2002 449 2043 sos
474 1986 673 2054 scripta
699 1985 918 2051 luisset;
947 1986 1088 2055 quod
1118 1986 1380 2055 Ophiriua
1405 1988 1554 2057 regio
1581 1996 1726 2043 esset
1752 1987 1806 2042 in
1831 1989 1952 2046 His-

355 2076 545 2146 pania;
576 2085 628 2131 et
654 2076 821 2130 multa
855 2074 907 2130 id
936 2092 1265 2148 genus,quae
1290 2079 1444 2134 laeile
1467 2080 1519 2133 in
1545 2089 1804 2136 contextu
1833 2082 1947 2137 cui-

353 2173 434 2226 vis
464 2181 777 2245 occurrent.
802 2168 860 2225 2‘
883 2170 1109 2227 Urbium
1150 2172 1564 2242 liispauicarum
1595 2175 1947 2247 geographia,

353 2280 472 2336 qum
493 2265 792 2321 secundum
822 2266 1265 2322 nomenclaturas
1295 2268 1568 2340 antiquas,
1623 2284 1731 2324 non
1768 2270 1947 2326 solum

353 2373 446 2413 eas
495 2359 761 2429 cognitas,
805 2358 902 2413 sed
936 2359 1100 2415 etiam
1132 2359 1198 2414 ad
1246 2375 1386 2415 nova
1432 2361 1659 2417 collatas
1684 2363 1947 2418 vocabula

351 2449 470 2506 sine
521 2450 882 2522 discrepantia
927 2451 1181 2521 requirit.
1225 2450 1381 2507 Nulla
1424 2462 1604 2508 autem
1646 2454 1795 2513 orbis
1830 2454 1950 2510 uni-

354 2541 500 2598 versi
541 2541 695 2611 regio
737 2544 894 2598 tories
941 2545 1170 2599 mutavit
1211 2545 1428 2603 urbium
1462 2561 1683 2602 suarum
1727 2548 1945 2603 nomina

351 2619 571 2705 quoties
598 2633 889 2702 Hispania;
936 2649 1061 2691 cum
1096 2636 1240 2691 nulla
1275 2637 1432 2693 toties
1457 2636 1823 2695 Barbarorum
1860 2641 1944 2697 in-

349 2729 669 2794 cursiooes,
721 2742 787 2783 ac
845 2728 1084 2785 dominia
1137 2744 1398 2800 perpessa
1429 2729 1633 2789 fuerit:
1680 2747 1803 2787 nam
1836 2735 1942 2804 pri-

346 2834 497 2879 mum
555 2816 722 2892 (quod
764 2819 1026 2892 sciamus)
1078 2821 1302 2881 subacta
1351 2821 1512 2879 luita
1556 2823 1943 2893 Phoenicibus,

347 2910 547 2969 deinde
574 2927 602 2965 a
637 2913 837 2976 Ptenis,
885 2928 1077 2970 rursus
1128 2930 1156 2968 a
1185 2912 1487 2986 Romanis,
1519 2916 1750 2974 subinde
1776 2935 1806 2973 a
1837 2918 1945 2974 Go-

349 3004 479 3067 this,
510 3005 728 3067 demum
758 3020 788 3063 a
818 3006 1041 3074 Mauris,
1070 3020 1301 3077 quorum
1342 3009 1574 3079 quilibet
1600 3013 1684 3066 sui
1715 3011 1942 3071 idioma-

350 3096 417 3153 tis
436 3098 664 3155 urbibus
688 3100 908 3155 nomina
938 3100 1312 3168 imponebaut.
1344 3103 1400 3156 3°
1427 3102 1538 3160 Nec
1569 3104 1796 3161 minoris
1824 3118 1942 3163 erat

2055 1892 2339 1953 fortiorem
2382 1894 2745 1959 indui,otium
2773 1911 2936 1951 omne
2973 1899 3155 1968 respui
3178 1939 3193 1962 ,
3223 1914 3509 1971 quousque
3538 1913 3653 1957 tan-

2053 1987 2175 2045 dem
2201 1987 2385 2047 Destri
2415 1986 2726 2045 Chronicon
2750 1989 3083 2047 elucidarem
3101 2007 3117 2056 ;
3136 1999 3290 2047 ratus
3313 2009 3421 2049 non
3453 1996 3505 2048 in
3526 1994 3653 2052 llis-

2051 2082 2227 2159 pania:
2258 2081 2580 2150 dumtaxat,
2614 2084 2710 2138 sed
2737 2097 2792 2139 et
2830 2084 3099 2141 universa:
3141 2082 3349 2143 Christi
3391 2088 3653 2144 Ecclesiae

2051 2188 2160 2229 non
2188 2173 2645 2231 contemnendam
2684 2175 2912 2247 gloriam
2956 2175 3185 2243 cedere;
3218 2192 3340 2234 cum
3374 2179 3544 2236 multa
3593 2180 3649 2236 in

2051 2266 2426 2325 ecclesiastica
2458 2266 2681 2321 historia
2713 2275 3091 2338 controversa,
3119 2269 3304 2333 Dextri
3334 2270 3651 2329 tesdmonio

2051 2357 2372 2425 iniciantur,
2402 2368 2455 2413 et
2484 2373 2589 2414 non
2623 2374 2795 2431 pauca
2817 2376 2847 2415 a
2872 2363 3091 2418 ceteris
3120 2366 3489 2432 praetermissa
3513 2380 3644 2438 sup-

2050 2453 2383 2524 plementum
2430 2469 2528 2524 per
2568 2469 2691 2510 eum
2721 2455 3010 2525 accipiant.
3065 2460 3243 2528 Atque
3274 2471 3343 2517 ea
3385 2458 3454 2521 de
3483 2475 3647 2523 causa

2048 2545 2315 2619 quidquid
2371 2540 2423 2601 in
2480 2544 2737 2614 llispauia
2791 2544 3012 2605 italiave
3056 2556 3151 2602 aut
3189 2547 3366 2605 Gallia
3414 2544 3484 2605 ad
3525 2566 3642 2607 rem

2050 2654 2226 2693 meam
2258 2642 2437 2695 facere
2464 2637 2769 2704 crederem,
2802 2638 3134 2709 conquisivi,
3163 2640 3282 2696 sive
3310 2657 3432 2713 quae
3453 2642 3523 2699 ad
3546 2642 3648 2699 hu-

2048 2728 2324 2785 maniores
2356 2728 2567 2785 litteras
2599 2728 2742 2800 apud
2776 2729 3070 2799 profanos,
3105 2732 3220 2787 sive
3259 2747 3380 2807 qua:
3419 2734 3485 2793 ad
3514 2735 3646 2793 soli-

2047 2821 2233 2879 diores
2263 2831 2318 2885 et
2344 2820 2559 2877 divinas
2581 2820 2724 2899 appd
2753 2831 2973 2879 Sanctos
3003 2823 3195 2881 Patres
3223 2832 3280 2881 et
3308 2826 3644 2889 ecclesiasti-

2045 2930 2142 2971 cos
2191 2913 2465 2980 doctores,
2519 2915 2784 2982 concilia,
2817 2917 3229 2989 martyrologia,
3283 2919 3639 2985 sanctoralia,

2044 3004 2226 3065 facere
2267 3007 2623 3067 existimarim
2661 3023 2812 3067 :nou
2867 3008 3080 3076 labori,
3131 3024 3240 3064 non
3280 3011 3484 3087 quieti,
3535 3027 3643 3067 non

2044 3102 2285 3168 sumptui
2333 3114 2600 3169 parcens;
2645 3099 2699 3153 id
2746 3115 2855 3173 prie
2900 3100 3075 3159 oculis
3129 3115 3348 3171 seraper
3400 3100 3640 3168 habens,

349 3190 607 3259 ponderis
633 3192 1027 3261 exscriptorum
1051 3204 1227 3247 errata
1262 3207 1525 3264 superare
1549 3237 1563 3255 .
1599 3197 1802 3265 quibus
1833 3207 1943 3253 ter-

2052 3190 2225 3247 lontes
2250 3191 2424 3258 ipsos,
2452 3189 2500 3244 si
2525 3190 2810 3257 darentur,
2833 3191 3008 3257 adire,
3041 3201 3095 3246 et
3119 3192 3450 3249 vetustiores
3472 3194 3643 3249 inter-

353 3283 424 3339 tio
450 3297 667 3354 quoque
698 3298 859 3345 versu
887 3285 1136 3341 scatebat
1155 3285 1374 3352 codex;
1407 3302 1640 3357 quorum
1682 3290 1942 3345 nonnulla

350 3377 677 3435 sententiam
703 3375 877 3447 ipsam
921 3376 1424 3448 interrumpebant,
1458 3394 1867 3450 nonnumquam
1888 3388 1945 3438 et

348 3470 794 3539 corrumpebant.
855 3468 1237 3525 Clausularum
1298 3462 1807 3543 transmutati‘ones,
1845 3473 1946 3529 du-

352 3562 694 3632 plicationes,
718 3562 1148 3631 decurtationes,
1175 3564 1300 3634 quis
1320 3564 1646 3621 conrueret?
1670 3566 1724 3620 in
1747 3566 1945 3637 quibus

361 3655 496 3709 mihi
524 3654 688 3721 modo
717 3655 861 3723 quod
880 3655 1012 3710 olim
1045 3655 1107 3709 D.
1142 3655 1479 3726 llieronymo
1499 3653 1809 3711 Chronieon
1838 3658 1945 3713 Eu-

352 3748 528 3813 sebii,
556 3763 623 3803 eo
656 3747 920 3817 temporis
966 3748 1139 3809 multo
1180 3748 1475 3814 recentius,
1514 3763 1676 3817 quam
1707 3763 1849 3804 nunc
1875 3749 1948 3804 sit

357 3839 545 3897 Dextri
591 3840 896 3910 evolventi,
954 3850 1011 3893 ut
1059 3839 1356 3895 Latinitate
1389 3838 1638 3906 donaret,
1681 3840 1946 3895 accidisse

353 3933 653 4004 comperio,
678 3933 751 3987 ita
779 3943 833 3988 ut
854 3948 978 3992 cum
1004 3947 1071 3988 eo
1102 3933 1306 4003 possim
1348 3932 1569 3987 dicere:
1595 3931 1681 3986 Ad
1711 3949 1943 3987 commu-

354 4040 475 4077 nem
523 4023 908 4093 difﬁcultatem,
936 4040 1091 4094 quam
1125 4026 1181 4077 in
1212 4025 1353 4078 omni
1382 4024 1807 4097 interpretatione
1840 4024 1946 4098 (di-

351 4133 472 4175 cam
501 4133 604 4191 ego
635 4116 999 4190 expositione)
1039 4118 1241 4173 causali
1276 4133 1488 4187 sumus,
1519 4117 1619 4175 hoc
1646 4119 1795 4174 nobis
1824 4136 1943 4190 pro-

353 4212 530 4281 prium
572 4212 815 4266 accedit:
852 4213 992 4281 quod
1041 4211 1261 4267 historia
1286 4208 1563 4280 multiplex
1598 4220 1708 4274 est,
1755 4209 1947 4265 habens

353 4303 579 4358 barbara
599 4305 827 4371 nomina,
845 4321 926 4359 res
939 4305 1250 4377 incognitas,
1279 4320 1517 4359 numeros
1536 4304 1940 4374 inexplicabiles,

350 4397 581 4466 virgulas
610 4398 761 4452 rebus
791 4399 984 4467 pariter
1007 4413 1069 4450 ac
1092 4398 1321 4455 numeris
1348 4399 1689 4464 intertextos;
1723 4409 1779 4452 tu
1820 4414 1947 4469 pene

351 4488 609 4559 didicib'us
631 4490 700 4542 sit
722 4489 925 4559 legendi
953 4487 1190 4543 ordinem
1209 4488 1426 4557 discere,
1461 4505 1615 4561 quam
1654 4489 1721 4544 ad
1762 4489 1944 4544 lectio-

2047 3296 2242 3353 rogare
2288 3280 2531 3346 codices,
2573 3291 2626 3336 et
2670 3295 2848 3351 neque
2880 3281 3006 3338 odio
3032 3323 3048 3348 ,
3088 3297 3265 3354 neque
3293 3298 3485 3341 amore
3524 3300 3646 3342 mo-

2047 3375 2184 3441 veri,
2243 3386 2355 3444 quo
2402 3372 2615 3431 facilius
2659 3373 2946 3431 veritatem
3002 3376 3218 3446 assequi
3279 3390 3519 3447 possem.
3580 3379 3641 3435 ln

2048 3465 2306 3535 llispania
2332 3464 2538 3536 regiam
2565 3463 2875 3525 Excurialis
2904 3466 3292 3529 bibliothecam
3333 3468 3503 3540 adivi,
3533 3469 3645 3526 To-

2046 3558 2285 3615 letanam
2328 3556 2527 3619 deinde
2569 3556 2791 3615 Sancta
2820 3558 3076 3623 Primatis
3125 3559 3419 3627 Ecclesiae;
3449 3577 3638 3619 coeno-

2044 3651 2267 3713 biorum
2305 3665 2436 3707 vero
2483 3650 2827 3707 diversorum
2878 3651 2985 3709 mei
3014 3651 3226 3708 ordinis
3255 3653 3489 3720 multas;
3530 3653 3641 3711 Nu-

2045 3747 2328 3803 calensem
2366 3745 2658 3814 praecipue,
2701 3743 3047 3811 'l‘olctauam,
3080 3743 3358 3816 Spineam,
3401 3746 3640 3802 Horten-

2044 3852 2185 3906 sem,
2234 3836 2629 3894 Salmantinam
2652 3878 2667 3905 ,
2719 3834 3188 3906 Compluteusem,
3221 3845 3276 3892 et
3320 3836 3484 3906 alias,
3520 3853 3642 3907 quas

2045 3939 2359 3987 sanctorum
2390 3927 2755 3998 Hispanorum
2784 3937 2906 3983 acta
2947 3926 3000 3983 in
3050 3926 3225 3983 variis
3253 3927 3638 4001 manuscriptis

2047 4025 2445 4093 ministrarum.
2516 4019 2718 4078 Matriti
2788 4020 3198 4079 Breviariorum
3247 4022 3633 4094 antiquorum,

2045 4132 2167 4188 qua:
2197 4115 2326 4172 olim
2362 4115 2417 4171 in
2448 4113 2683 4171 diversis
2703 4112 2966 4175 Ecclesiis
2986 4124 3145 4173 erant
3170 4115 3223 4169 in
3255 4130 3381 4184 usu,
3416 4130 3520 4186 pro
3538 4130 3637 4170 sua

2046 4212 2101 4271 in
2157 4225 2244 4267 me
2297 4210 2679 4266 benevolentia
2726 4210 2937 4279 comam
2989 4207 3116 4265 fecit
3159 4208 3388 4265 illustris
3416 4208 3635 4267 admod.

2047 4305 2303 4371 magister
2332 4302 2551 4372 Egidius
2590 4300 2906 4365 Gundisalvi
2956 4301 3145 4357 Davila
3174 4303 3353 4373 regius
3384 4300 3638 4361 Castellte

2049 4394 2539 4464 bistoriograpbus,
2564 4394 2867 4463 praesertim
2898 4392 3242 4458 Salmantini,
3272 4392 3634 4462 Conchensis,

2050 4487 2322 4545 Paleutinl
2342 4524 2359 4552 ,
2388 4485 2782 4552 Asturicensis,
2834 4495 2888 4541 et
2920 4485 3165 4542 Toletani
3207 4487 3502 4543 secundum
3532 4487 3642 4543 Ro-

354 4551 435 4636 sci;
465 4583 704 4641 notitiam
731 4551 1013 4651 pervenire.
1040 4581 1099 4636 4⁸
1129 4551 1740 4654 Αεοθάθδδλιίᾱειιίψιθ
1766 4581 1946 4637 diver—
1971 4551 2024 4612 D
2051 4594 2261 4636 manam
2288 4551 2743 4643 consuetudinem
2772 4551 2828 4632 ra
2876 4576 3094 4634 Silicaeo
3122 4577 3403 4633 cardinato
3450 4577 3641 4635 excusi

352 4690 537 4731 sormn
574 4676 854 4731 hominum
885 4674 956 4730 de
1001 4673 1366 4745 germanitate
1406 4675 1565 4744 hujus
1590 4674 1774 4745 operis
1798 4673 1945 4729 varie

353 4765 705 4837 sentientium
758 4750 989 4821 adversa
1035 4763 1265 4835 judicia,
1295 4778 1418 4819 cum
1451 4780 1560 4819 non
1590 4780 1781 4821 crimes
1824 4780 1946 4836 ger-

354 4873 574 4914 manum
615 4856 786 4913 fetum
839 4857 1128 4913 crederent
1166 4857 1396 4926 Dextri,
1447 4856 1545 4914 sed
1574 4860 1942 4927 suppositum;

353 4950 474 5004 sive
503 4951 559 5005 in
585 4950 817 5021 gratiam
866 4950 1227 5005 immaculata:
1260 4949 1636 5021 conceptionis
1666 4948 1941 5019 Deiparaa,

352 5040 498 5112 quod
551 5041 843 5111 aliquando
889 5043 1137 5098 nonnihil
1190 5042 1260 5099 de
1299 5058 1363 5102 ea
1418 5042 1606 5099 dicere
1655 5041 1940 5107 credatur;

354 5137 469 5191 sive
499 5147 603 5202 pro
630 5132 895 5193 elevanda
924 5133 1136 5190 ordinis
1164 5135 1517 5191 eremitarum
1548 5134 1605 5189 S.
1630 5133 1939 5206 Augustini,

356 5223 680 5296 antiquitate
707 5225 1071 5293 compositum
1098 5266 1113 5292 ,
1140 5228 1287 5298 quod
1317 5242 1721 5298 nonnumquam
1754 5241 1942 5283 mona-

357 5315 583 5373 chorum
621 5318 910 5393 Augustini
943 5318 1287 5386 meminerit;
1340 5319 1627 5391 simileque
1658 5320 1731 5375 de
1776 5318 1949 5375 conti-

359 5407 616 5463 nuatione
653 5409 725 5463 Μ.
768 5410 983 5467 Maximi
1011 5410 1182 5468 fertur
1208 5409 1499 5479 judicium,
1525 5410 1673 5481 quod
1693 5408 1951 5467 nimirum

360 5503 530 5553 multa
551 5500 620 5556 de
650 5503 857 5558 eisdem
877 5504 1150 5571 eremitis,
1179 5512 1236 5559 et
1271 5503 1342 5558 de
1371 5501 1739 5558 Benedictinis
1772 5515 1959 5556 mona-

358 5591 482 5646 chis
510 5593 563 5647 in
584 5609 645 5649 ea
679 5596 944 5666 legamus.
973 5596 1050 5652 Ita
1093 5612 1224 5652 sane
1253 5595 1399 5667 apud
1424 5594 1685 5651 mortales
1733 5610 1833 5649 usu
1875 5609 1962 5650 reo

359 5695 598 5755 ceptum,
634 5697 693 5743 ut
721 5688 953 5760 quisque
987 5690 1204 5745 illorum
1247 5689 1635 5745 auctoritatem
1673 5687 1883 5750 elevet,
1908 5694 1964 5740 et

359 5790 688 5851 exaggeret,
742 5781 832 5852 qui
887 5783 1052 5839 rebus
1094 5782 1211 5839 suis
1258 5780 1517 5854 prodesse
1541 5820 1558 5849 ,
1598 5782 1800 5836 "eorum
1834 5793 1965 5837 vero

2048 4676 2201 4743 (nam
2235 4671 2503 4725 vetustius
2549 4667 2848 4724 secundum
2892 4668 3141 4727 ordinem
3170 4668 3227 4723 S.
3272 4668 3489 4735 lsidori,
3520 4668 3640 4726 Ho-

2046 4763 2232 4823 aarabe
2277 4761 2442 4831 vulgo
2474 4768 2839 4830 nuncupatum
2866 4801 2881 4828 ,
2917 4774 3043 4815 cum
3070 4758 3273 4827 Toleti,
3305 4770 3418 4817 tum
3448 4759 3637 4819 Romae

2048 4864 2238 4915 nactus
2289 4855 2460 4924 sum).
2494 4853 2619 4909 Haec
2644 4852 2892 4922 profecto
2922 4853 3145 4909 multam
3177 4852 3311 4909 mihi
3344 4870 3443 4923 pro
3470 4869 3640 4925 opere

2048 4946 2393 5014 instruendo,
2423 4954 2478 5003 et
2502 4945 2752 5001 ornando
2774 4944 3170 5014 supellectilem
3198 4944 3640 5016 suppeditarunt.

2051 5041 2130 5097 Ad
2155 5039 2358 5096 Urbem
2388 5052 2512 5094 cum
2534 5034 2766 5103 accessi,
2790 5035 3172 5095 bibliothecam
3197 5036 3511 5095 Vaticanam
3532 5054 3643 5093 non

2052 5132 2220 5190 semel
2252 5129 2426 5195 adivi,
2473 5126 2702 5198 Collegii
2743 5127 2976 5185 Romani
3025 5128 3349 5199 saepissime,
3392 5131 3649 5189 illustris-

2055 5223 2180 5280 simi
2229 5237 2295 5279 ac
2333 5218 2771 5279 reverendissimi
2828 5218 3041 5277 domini
3080 5222 3190 5279 mei
3240 5222 3535 5281 cardinalis
3576 5224 3644 5279 de

2056 5317 2253 5384 'l‘reio,
2297 5330 2420 5387 quae
2461 5328 2560 5386 pro
2605 5312 2830 5382 eximia,
2884 5313 3286 5387 omuigenaque
3339 5317 3648 5373 eruditione

2062 5409 2196 5465 tanti
2227 5407 2495 5479 principis
2523 5404 2950 5476 locupletissima
2976 5413 3085 5473 est,
3113 5407 3335 5465 multam
3363 5408 3539 5469 lineam
3566 5418 3651 5464 at-

2064 5501 2201 5557 tulit.
2258 5500 2516 5556 Auiciaua
2545 5498 2865 5569 Gregoriani
2910 5496 3182 5569 Collegii,
3225 5515 3327 5570 pro
3373 5501 3651 5556 monachis

2065 5593 2301 5649 universi
2329 5593 2540 5648 ordinis
2580 5591 2639 5649 S.
2665 5588 2843 5645 Patris
2874 5589 3197 5657 Benedicti,
3236 5606 3428 5647 recens
3456 5591 3648 5657 erecti,

2066 5699 2096 5739 ο
2124 5686 2190 5741 R.
2221 5685 2281 5741 P.
2312 5694 2366 5740 et
2389 5686 2567 5742 amico
2587 5679 2913 5738 charissimo
2929 5680 2994 5736 D.
3014 5682 3366 5738 Constantino
3392 5681 3651 5738 Caietano

2068 5778 2180 5836 suis
2202 5778 2416 5836 abunde
2438 5777 2662 5834 laudato
2686 5772 2906 5844 scriptis
2922 5774 3052 5831 satis
3073 5772 3280 5843 adjuvit
3305 5792 3316 5829 :
3348 5774 3659 5848 profuitque
