4166 6178
528 338 600 400 ιγ
755 377 762 385 -
1456 327 1756 394 FLAVIL'S
1799 326 2049 391 LUCIUS
2087 325 2374 388 DEXTER
2409 321 2936 386 CllRONOLOGUS.
3759 313 3830 376 48

536 464 945 526 nonnumquam
977 447 1214 505 invisere
1243 443 1681 503 Vallicellenscm
1707 486 1722 512 ,
1757 443 1909 500 card.
1963 443 2134 497 Baro-
2159 444 2209 505 Α
2238 439 2709 513 patrocinantibus
2749 439 3000 508 ingentes
3037 426 3536 489 misericordiarum
3569 427 3668 486 Dei
3713 429 3833 488 the-

539 547 620 604 nii
658 546 854 604 studiis
903 543 1252 600 illustratum.
1286 541 1352 597 Et
1391 547 1450 596 ut
1490 540 1625 594 alias
1655 536 1907 594 brevitati
1937 551 2136 592 consu-

535 644 682 711 lens,
715 641 960 698 omittam
980 682 997 709 ,
1021 651 1354 712 magnopere
1379 635 1610 694 contulit
1635 636 1692 691 S.
1726 633 1874 689 Petri
1900 632 1953 688 in
1983 632 2136 686 Mon-

536 746 595 795 te
619 736 802 794 Aureo
821 733 1187 801 bibliotheca,
1218 732 1272 786 in
1301 745 1404 803 qua
1439 729 1590 786 velut
1619 728 1673 784 in
1703 726 1867 782 domo
1893 723 2132 797 propria,

537 828 879 900 benignitate
904 827 1147 882 auctoris
1173 823 1366 895 ipsius,
1398 819 1641 892 quotidie
1673 819 1788 874 fere
1811 816 1982 874 labori
2013 830 2137 872 meo

542 919 927 978 incumbebam
953 959 970 984 ,
1000 915 1257 983 consilio,
1306 923 1361 970 et
1401 911 1606 983 judicio
1645 910 1864 980 adjutus
1887 907 1958 963 R.
1987 907 2134 962 adm.

540 1014 721 1074 Patris
748 1014 909 1069 Lucae
935 1009 1230 1080 Waddingi
1253 1053 1268 1078 ,
1302 1007 1485 1063 Sacrae
1509 1005 1823 1075 Tlteologite
1854 1001 2138 1074 praelecto-

541 1107 644 1179 ris,
697 1121 760 1162 ac
801 1104 967 1162 totius
999 1100 1270 1173 serapbici
1301 1099 1512 1156 ordinis
1551 1092 2136 1165 archichronograplti,

542 1201 700 1270 cujus
729 1197 1059 1255 bibliotheca
1091 1197 1204 1264 ipsa
1233 1203 1339 1259 est,
1369 1200 1424 1247 et
1452 1191 1621 1246 multa
1650 1188 1912 1258 variaque
1948 1200 2136 1258 opera,

545 1307 667 1364 quae
695 1291 893 1363 partim
940 1290 1087 1344 edita
1113 1329 1127 1353 ,
1173 1287 1368 1356 partim
1420 1283 1739 1355 quantocius
1772 1278 1982 1338 edenda
2024 1293 2139 1348 prie

543 1386 799 1442 manibus
835 1383 1019 1448 habet,
1050 1382 1324 1452 ingentem
1359 1377 1441 1432 illi
1473 1377 1781 1448 parturiunt
1816 1373 2045 1446 gloriam
2086 1379 2142 1426 et

546 1479 837 1536 honorem.
870 1477 940 1531 Et
971 1475 1089 1530 haec
1137 1473 1317 1528 omnia
1349 1486 1448 1541 pro
1479 1471 1762 1536 varietate,
1796 1465 2137 1536 antiquitate,

546 1580 604 1628 et
634 1571 872 1626 novitate
897 1567 1142 1622 historia:
1170 1564 1360 1619 Dextri
1390 1560 1733 1628 elucidanda,
1758 1566 1818 1616 et
1843 1573 1942 1628 pro
1971 1554 2139 1611 chro-

545 1663 748 1734 noligia
773 1659 1060 1730 aequanda,
1090 1657 1344 1711 evolvere
1367 1668 1473 1708 non
1503 1652 1765 1707 dubitavi.

617 1751 963 1822 Geographia
1002 1748 1291 1818 llispanica
1324 1743 1556 1814 petenda
1607 1742 1708 1796 fuit
1743 1740 1812 1796 ab
1850 1737 2143 1794 Ambrosio

2239 547 2431 588 sauros
2475 544 2724 587 reserare
2766 528 2984 585 dabitur
3027 523 3208 594 nobis,
3245 523 3419 579 multo
3463 537 3626 594 quam
3669 531 3830 579 antea

2240 625 2588 697 locupletius.
3074 610 3078 613 ’

2312 719 2368 775 1η
2415 718 2671 775 lectionis
2705 729 2842 774 vero
2883 723 3064 771 textus
3089 711 3275 770 Dextri
3312 709 3693 769 emendatione
3722 725 3833 766 non

2242 812 2424 868 minus
2453 808 2849 866 elaborandum
2882 805 3041 862 nobis
3072 804 3196 874 fuit,
3236 819 3303 859 eo
3331 802 3658 874 praesertim,
3688 800 3833 872 quod

2241 903 2417 959 codex
2449 902 2564 975 ipse
2586 898 2866 972 originalis
2887 897 3098 954 mendis
3124 894 3540 968 quamplurimis
3565 893 3830 965 scatebat,

2242 1007 2296 1050 et
2325 1007 2687 1049 amanuenses
2716 991 2809 1063 qui
2849 989 2976 1047 inde
3002 1005 3130 1047 suos
3168 995 3554 1052 extraxerant,
3599 985 3833 1042 servatis

2243 1088 2374 1154 illis,
2403 1087 2741 1143 admiserant
2771 1100 2930 1152 nova,
2961 1084 3106 1140 unde
3133 1081 3358 1139 difﬁcile
3391 1080 3562 1152 potuit
3591 1080 3834 1152 pristinae

2243 1178 2466 1250 puritati
2495 1177 2710 1234 restitui
2737 1194 2751 1232 :
2779 1177 2950 1233 multa
2982 1187 3165 1232 tamen
3193 1189 3316 1246 quae
3344 1173 3693 1245 postmodum
3739 1170 3835 1227 ad-

2243 1274 2415 1328 mixta
2446 1279 2594 1339 sunt,
2629 1272 2752 1326 aliis
2781 1270 2954 1341 copiis
2985 1270 3198 1326 collatis
3228 1269 3469 1335 rcsecui;
3501 1276 3556 1324 et
3581 1267 3691 1323 alia
3714 1281 3833 1338 qua:

2245 1378 2314 1420 ex
2345 1363 2581 1419 lectione
2609 1363 2749 1433 ipsa,
2778 1363 3015 1419 evidenti
3045 1364 3384 1418 correctione
3411 1361 3656 1432 indigere
3687 1359 3836 1430 judi-

2244 1463 2362 1513 cata
2396 1463 2544 1523 sunt,
2576 1465 2632 1510 et
2671 1469 2916 1511 errorem
2955 1469 3063 1511 non
3091 1453 3354 1522 auctoris,
3390 1455 3485 1510 sed
3525 1453 3834 1525 exscripto-

2245 1550 2322 1606 ris
2349 1550 2637 1604 manifeste
2665 1552 2989 1620 arguebant,
3026 1549 3337 1606 emendavi.
3370 1548 3618 1620 Exempli
3647 1562 3832 1614 causa,

2249 1659 2392 1698 anno
2433 1641 2648 1697 Domini
2693 1641 2801 1699 500
2829 1653 2946 1698 erat
2995 1643 3078 1698 bis
3128 1641 3331 1711 scripta
3376 1641 3600 1696 totidem
3653 1640 3837 1696 verbis

2247 1736 2519 1792 sententia
2562 1734 2655 1788 illa
2695 1751 2708 1787 :
2748 1734 2995 1790 Mellaria
3037 1735 3159 1791 urbe
3210 1733 3485 1805 Hispania:
3529 1734 3581 1787 in
3613 1733 3833 1802 Bwtica,

547 1848 779 1906 Moralio
803 1889 817 1914 ,
847 1844 1113 1900 Floriano
1155 1841 1223 1896 de
1274 1841 1513 1909 Ocampo
1534 1879 1549 1905 ,
1591 1834 1900 1898 Resendio,
1944 1831 2142 1894 Nonio,
2173 1838 2223 1898 Β
2250 1828 2312 1884 S.
2341 1826 2558 1885 Firmus
2583 1839 2796 1900 martyr,
2830 1839 2962 1897 etc.,
2987 1843 3160 1899 usque
3189 1828 3254 1884 ad
3286 1842 3384 1884 sex
3417 1841 3639 1892 versus;
3665 1841 3840 1897 quare

555 1940 837 2009 Quevedo,
868 1937 1130 2003 Mariana,
1163 1934 1369 1999 Zurita,
1412 1930 1578 1996 Goes,
1608 1930 1836 1994 Blanca,
1871 1923 2147 1981 Beuthero

551 2041 608 2088 et
634 2032 754 2086 aliis
785 2029 904 2098 ejus
935 2025 1242 2097 argumenti
1274 2022 1619 2087 auctoribus;
1667 2020 1946 2089 multoque
1989 2029 2148 2072 exac-

552 2124 662 2179 tius
691 2139 720 2177 a
747 2121 1072 2182 Ptolomazo,
1097 2117 1397 2180 Antonino,
1420 2113 1746 2181 Pomponio,
1776 2111 1974 2172 Plinio,
1998 2107 2149 2164 Stra-

550 2216 718 2282 bone,
750 2210 1002 2282 Appiano
1033 2209 1428 2271 Alexandrino,
1460 2205 1684 2271 Snlino,
1716 2213 1770 2258 et
1801 2206 1882 2258 eis
1924 2198 2151 2272 aequali-

552 2309 688 2373 bus;
722 2319 823 2360 nec
851 2300 1140 2358 omittendi
1169 2299 1324 2354 fuere
1355 2297 1616 2360 Ortelius,
1652 2297 1944 2362 Mercator,
1973 2291 2148 2348 Villa—

551 2414 718 2462 nova,
750 2394 1022 2459 Moletius,
1057 2393 1279 2458 Millius,
1307 2388 1702 2454 Nebrissensis,
1739 2386 1978 2452 Tarall‘a,
2022 2385 2150 2440 Clu-

549 2491 686 2557 sius,
720 2498 775 2543 et
804 2487 1144 2542 diversorum
1177 2499 1470 2552 regnorum
1501 2481 1667 2536 varia:
1694 2479 1959 2547 historiae,
1994 2477 2072 2532 uti
2093 2477 2149 2532 in

554 2583 706 2637 hisce
733 2577 1144 2634 commentariis
1183 2575 1562 2644 experimento
1611 2572 1772 2627 facile
1822 2569 2149 2642 comproba-

549 2673 719 2728 bitur.
751 2671 896 2726 Sane
923 2669 1086 2724 rebus
1121 2668 1312 2735 patria:
1340 2681 1455 2722 suae
1489 2675 1696 2719 tantam
1732 2672 1929 2719 auctor
1961 2670 2151 2716 uoster

554 2765 733 2820 lucem
762 2761 938 2828 affert,
991 2760 1331 2832 singulorum
1383 2766 1682 2829 martyrum
1731 2755 1894 2810 urbes
1935 2753 2153 2824 proprio

559 2865 756 2911 notans
803 2851 1026 2908 nomine
1065 2867 1078 2904 :
1123 2851 1434 2914 Doctorum,
1488 2857 1545 2903 et
1593 2848 2008 2916 episcoporum,
2059 2843 2153 2914 qui

560 2947 756 3019 priscis
782 2945 892 3000 illis
923 2942 1259 3014 temporibus
1289 2953 1398 2998 tota
1447 2942 1706 3011 lliSpania
1733 2939 1970 2994 ﬂoruere
2001 2935 2155 2992 illus-

555 3047 668 3096 tres
698 3039 952 3108 ingerens
981 3035 1296 3100 memorias,
1328 3050 1357 3087 a
1389 3034 1586 3104 quibus
1615 3032 1852 3102 denique
1884 3029 2154 3086 catholica

537 3131 693 3186 ‘tides
725 3127 898 3197 initia,
949 3141 1273 3199 progressus
1313 3136 1370 3181 et
1413 3133 1703 3196 augmenta
1742 3124 1980 3194 ceperit,
2032 3135 2155 3192 qua:

2252 1920 2422 1975 semel
2471 1920 2752 1976 dumtaxat
2789 1919 2954 1976 scribi
3001 1917 3210 1976 debuit.
3268 1919 3495 1988 Insuper
3543 1934 3685 1973 anno
3728 1917 3839 1972 Do-

2251 2015 2383 2069 mini
2416 2015 2508 2080 86,
2547 2027 2662 2069 erat
2710 2015 3022 2069 intermixta
3055 2015 3316 2069 memoria
3355 2012 3417 2070 S.
3445 2011 3681 2068 Narcissi
3710 2011 3843 2066 Bra-

2251 2108 2496 2162 carensis
2519 2106 2781 2177 episcopi,
2818 2105 3092 2162 Gerunda:
3121 2107 3321 2173 occisi,
3363 2107 3453 2174 qui
3503 2116 3682 2161 tamen
3723 2104 3842 2174 ipso

2253 2199 2460 2255 Dextro
2491 2208 2630 2254 teste
2678 2208 2801 2267 post
2846 2199 2955 2256 200
3001 2197 3116 2253 fere
3156 2213 3330 2253 annos
3363 2206 3588 2253 necatus
3631 2197 3759 2262 fuit;
3789 2207 3848 2253 et

2253 2291 2320 2346 de
2351 2291 2469 2361 ejus
2497 2291 2759 2363 martyrio
2789 2289 2980 2345 scribit
3006 2289 3075 2344 ad
3104 2306 3236 2344 ann.
3265 2289 3394 2356 277,
3418 2289 3560 2346 unde
3580 2291 3844 2345 memoria

2254 2386 2344 2442 illa
2385 2388 2538 2457 prior
2582 2387 2814 2457 expungi
2856 2385 3064 2441 debuit.
3112 2387 3268 2440 Anno
3313 2386 3417 2441 HO
3465 2384 3729 2456 agebatur
3775 2384 3844 2440 de

2253 2477 2559 2550 Porphyrio
2611 2479 2974 2548 philosopho,
3045 2486 3100 2531 et
3148 2477 3509 2546 scriptoribus
3553 2491 3681 2531 eum
3736 2474 3844 2530 im-

2257 2568 2648 2638 pugnantibus,
2702 2583 2824 2623 eum
2885 2579 3066 2622 tamen
3123 2565 3176 2621 id
3229 2569 3354 2622 anni
3407 2567 3514 2623 510
3565 2564 3845 2636 proprium

2256 2670 2424 2725 esset,
2456 2669 2511 2715 et
2536 2660 2635 2729 ipsi
2666 2659 2974 2714 necessario
3007 2657 3426 2713 restituendum.
3457 2656 3687 2711 Nomina
3719 2671 3848 2727 pro-

2256 2753 2371 2821 pria
2396 2751 2610 2807 urbium
2644 2760 2699 2807 et
2721 2766 3105 2822 personarum,
3138 2749 3182 2804 si
3212 2763 3331 2820 qu:e
3359 2748 3558 2804 alicubi
3587 2755 3846 2818 corrupta

2255 2853 2431 2904 erant,
2479 2857 2543 2897 ex
2574 2841 2697 2898 aliis
2726 2841 2968 2911 ejusdem
3007 2841 3249 2895 auctoris
3297 2840 3656 2904 testimoniis,
3695 2847 3752 2894 et
3779 2853 3849 2894 ex

2257 2935 2489 2989 lectione
2521 2935 2864 3003 antiquorum
2889 2932 2980 3003 qui
3012 2933 3079 2987 de
3107 2932 3176 2987 iis
3211 2941 3473 3002 tractant,
3519 2933 3716 3001 corrigi
3749 2931 3848 2988 de-

2258 3027 2426 3082 bucre
2455 3044 2466 3080 :
2497 3025 2600 3080 alia
2634 3039 2764 3080 vero
2791 3042 2855 3080 ex
2886 3024 3336 3080 antecedentibus
3365 3034 3421 3079 et
3453 3023 3847 3092 consequenti-

2259 3121 2362 3174 bus
2391 3119 2550 3174 facile
2578 3117 2679 3172 fuit
2707 3117 3032 3183 emendare;
3066 3126 3120 3172 et
3167 3116 3520 3171 nihilominus
3545 3113 3724 3171 adhuc
3747 3127 3848 3168 suo

560 3224 723 3279 urbes
768 3223 1172 3294 praecipuorum
1208 3229 1513 3291 martyrum
1556 3219 1821 3290 sanguine
1865 3217 2156 3273 rubricata:
2184 3219 2229 3282 C
2264 3210 2430 3266 nituri
2472 3211 2667 3265 Dexter
2687 3211 2898 3264 restitui
2927 3224 3034 3263 non
3060 3208 3252 3273 valuit,
3283 3224 3349 3262 eo
3393 3207 3665 3277 praecipue
3702 3205 3846 3276 quod

561 3311 816 3376 fuerunt,
866 3327 1057 3379 quaeve
1088 3311 1340 3365 conciliis
1371 3324 1688 3376 magnorum
1735 3309 1958 3361 Patrum
1989 3305 2154 3360 coho-

562 3412 823 3467 nestatte;
855 3402 947 3471 qui
989 3413 1235 3466 errores,
1267 3409 1323 3455 et
1362 3399 1566 3454 abusus
1593 3399 1646 3454 in
1694 3398 1762 3454 iis
1800 3396 2069 3462 damnati,
2104 3406 2160 3452 et

562 3494 822 3552 eliminati
849 3511 863 3549 :
890 3503 950 3548 ut
973 3493 1099 3563 jure
1124 3492 1330 3562 optimo
1359 3491 1583 3562 Hispani
1611 3504 1807 3546 omnes
1852 3498 2004 3544 tanto
2030 3502 2160 3543 auc-

561 3587 666 3642 tori
692 3583 1022 3658 plaudentes
1043 3596 1354 3653 assurgere,
1387 3589 1442 3636 et
1475 3581 1627 3650 (Deo
1663 3577 1792 3650 Opt.
1835 3579 1979 3634 Max.
2034 3593 2158 3649 gra-

560 3680 755 3734 tiarum
787 3676 1028 3748 primum
1070 3673 1382 3730 actionibus
1421 3672 1728 3729 decantatis
1774 3685 1874 3743 pro
1899 3669 2158 3726 Chronici

565 3768 873 3828 istiusmodi
900 3765 1259 3838 inventione)
1292 3767 1346 3821 in
1377 3765 1496 3837 ejus
1521 3778 1809 3820 occursum
1839 3762 1973 3818 illud
2005 3763 2157 3818 Cice-

565 3863 720 3919 ronis
753 3863 855 3918 sibi
901 3875 1182 3918 assumere
1210 3867 1431 3931 queant,
1463 3858 1559 3914 lib.
1593 3873 1610 3912 ι
1641 3856 1807 3914 Acad.
1850 3866 2044 3928 quasst.
2089 3855 2159 3910 de

566 3955 638 4011 bl.
669 3955 913 4010 Varrone
949 3970 960 4006 :
992 3953 1104 4008 Nos
1150 3955 1202 4006 in
1248 3953 1439 4009 nostris
1486 3951 1698 4006 urbibus
1743 3951 2154 4021 peregrinantes,

561 4054 892 4118 errantesque
920 4055 1180 4116 tamquam
1209 4044 1456 4114 hospites,
1500 4046 1576 4098 tui
1611 4043 1733 4097 libri
1768 4044 1919 4112 quasi
1944 4043 2158 4097 domum

564 4138 927 4194 reduxerunt:
957 4143 1011 4190 ut
1042 4151 1305 4205 possemus
1334 4134 1652 4204 aliquando,
1689 4133 1780 4203 qui
1823 4143 1871 4188 et
1907 4133 1992 4186 ubi
2019 4148 2146 4187 esse-

565 4247 704 4300 mus,
733 4246 1032 4304 agnoscere.
1083 4228 1162 4283 Tu
1204 4239 1404 4284 (etatem
1451 4227 1658 4300 patriar,
1702 4237 1756 4279 tu
1787 4225 2159 4296 descriptiones

563 4332 886 4394 temporum;
919 4331 974 4376 tu
1003 4336 1270 4376 sacrorum
1289 4322 1440 4390 jura,
1475 4330 1530 4373 tu
1559 4317 1924 4383 sacerdotum;
1967 4326 2022 4372 tu
2062 4319 2159 4373 do-

563 4414 848 4481 mesticam,
882 4421 936 4467 tu
959 4410 1200 4466 bellicam
1215 4409 1581 4480 disciplinam;
1598 4416 1653 4462 tu
1669 4409 1843 4463 sedem
1863 4409 2156 4479 regionum,

561 4513 618 4560 tu
650 4505 921 4569 locorum;
961 4512 1017 4556 tu
1063 4503 1292 4558 omnium
1329 4503 1660 4569 diuinarum,
1709 4501 2155 4572 humanarumque

2266 3305 2422 3359 nobis
2463 3312 2675 3358 constet
2700 3301 2959 3356 nonnulla
2990 3301 3042 3354 in
3073 3315 3139 3355 eo
3169 3299 3259 3370 qui
3281 3309 3482 3365 exstat,
3523 3296 3846 3364 desiderari,

2259 3413 2382 3468 qua:
2413 3395 2700 3450 manifesto
2727 3405 3042 3464 argumento
3065 3392 3234 3464 liquet
3257 3409 3289 3449 a
3324 3395 3521 3449 Dextro
3550 3391 3729 3448 omitti
3755 3405 3851 3446 ue-

2261 3491 2528 3560 quivisse.
2552 3487 2684 3554 Quis
2712 3487 2914 3543 etenim
2943 3486 3048 3542 sibi
3079 3486 3433 3556 persuadeat,
3473 3485 3530 3542 S.
3574 3483 3850 3540 Vincentii

2262 3582 2466 3639 Levitae
2518 3580 2993 3651 Cmsaraugustani
3049 3580 3477 3636 illustrissimum
3533 3587 3651 3634 toto
3713 3577 3850 3633 orbe

2263 3677 2581 3748 martyrium
2605 3692 2634 3729 a
2665 3676 2864 3730 Dextro
2890 3675 3111 3730 silentio
3134 3674 3469 3729 involutum?
3490 3673 3623 3740 Quis
3649 3683 3850 3729 sancta:

2260 3771 2512 3840 virginis,
2549 3785 2612 3824 ac
2640 3769 2893 3841 Martyris
2921 3769 3157 3824 Eulalia:
3186 3767 3628 3833 Barcinonensis,
3660 3767 3851 3838 patrias

2261 3863 2430 3932 ipsius
2464 3863 2650 3918 Dextri
2679 3861 3022 3930 protectricis
3052 3861 3369 3916 memoriam
3405 3861 3473 3915 ab
3501 3859 3586 3915 his
3630 3858 3850 3930 scriptis

2261 3954 2630 4010 eliminatum?
2659 3953 2790 4021 Quis
2835 3953 3148 4008 Marcellum
3181 3953 3547 4024 lvgionensem
3578 3953 3850 4009 centurio-

2262 4061 2409 4112 nem,
2439 4057 2493 4100 et
2526 4046 2592 4100 12
2612 4045 2729 4116 ejus
2760 4045 2896 4100 lllios
2928 4053 3042 4100 tota
3074 4044 3330 4114 iliSpania
3373 4045 3710 4111 notissimos,
3740 4060 3850 4100 non

2263 4135 2520 4190 habuisse
2565 4134 2617 4189 in
2669 4136 2751 4189 his
2780 4135 3074 4190 Chronicis
3120 4137 3298 4189 locum
3337 4137 3682 4207 suspicetur?
3715 4152 3852 4206 prac-

2264 4231 2455 4284 sertim
2505 4243 2628 4283 cum
2673 4229 2814 4296 apud
2864 4225 3037 4281 Clem.
3089 4227 3441 4284 Prudentium
3495 4230 3684 4299 legerit
3733 4229 3849 4300 ipse

2264 4322 2523 4393 hymnum
2567 4321 2620 4374 iu
2667 4319 2884 4374 laudem
2931 4319 3028 4375 SS.
3079 4319 3384 4389 Emitherii,
3440 4329 3499 4376 et
3541 4319 3848 4375 Chelidonii

2263 4423 2566 4484 martyrum
2635 4410 3210 4479 Calagurritanorum,
3293 4413 3525 4465 filiorum
3601 4409 3845 4479 ejusdem

2263 4503 2319 4559 S.
2375 4501 2619 4557 Marcelli
2653 4520 2665 4555 :
2709 4510 2768 4556 ut
2797 4501 3011 4556 interim
3045 4507 3112 4558 de
3143 4502 3266 4556 aliis
3309 4500 3582 4556 nonnullis
3613 4510 3843 4570 taceam,

563 4611 740 4650 rerum
767 4597 997 4659 nomina,
1030 4596 1233 4667 ofﬁcia,
1282 4611 1467 4649 causas
1512 4593 1785 4662 aperuisti.
1829 4593 1907 4650 lla
1936 4609 2158 4664 prorsus
2185 4593 2239 4654 D
2265 4604 2324 4650 ttt
2352 4593 2506 4649 Zoilo
2535 4609 2660 4648 cum
2688 4593 2850 4649 sociis
2891 4595 2982 4661 l9,
3030 4593 3288 4649 Gerontio
3335 4591 3534 4649 Italica:
3563 4594 3844 4665 episcopo,

560 4689 720 4745 nobis
766 4689 950 4744 Dextri
1009 4688 1277 4744 beneficio
1326 4687 1594 4744 accidisse
1637 4697 1981 4758 compertum
2028 4697 2157 4746 est:

563 4777 727 4833 urbes
751 4776 896 4832 enim
938 4785 993 4833 et
1041 4779 1243 4846 oppida
1294 4778 1568 4846 Hispaniae
1597 4778 1752 4846 quasi
1810 4778 2055 4848 hospites
2105 4789 2162 4836 et

560 4869 830 4940 peregrini
863 4867 1264 4933 incolebamus,
1291 4867 1419 4937 quid
1457 4867 1584 4922 olim
1613 4867 1826 4938 insigne
1863 4869 1920 4924 in
1954 4871 2034 4925 eis
2063 4885 2156 4926 ae-

554 4959 753 5016 ciderit
785 4961 1136 5028 ignorantes;
1167 4972 1305 5030 quos
1333 4971 1698 5028 praecessores
1730 4958 1861 5014 inibi
1891 4958 2153 5030 insignes,

562 5066 704 5122 quos
736 5061 1030 5123 martyres,
1063 5066 1200 5122 quos
1232 5051 1524 5114 antistites,
1559 5065 1695 5120 quos
1732 5049 1988 5109 doctores
2017 5053 2158 5121 pris-

557 5144 639 5200 cis
670 5143 1006 5213 temporibus
1054 5158 1134 5199 eze
1171 5141 1337 5198 urbes
1385 5142 1737 5213 pepererint,
1773 5157 1872 5199 nos
1905 5143 2152 5199 latebat:

556 5251 700 5290 nunc
727 5250 859 5291 vero
885 5237 1147 5291 tutelares
1170 5251 1418 5306 magnos,
1453 5246 1714 5306 patronos
1741 5237 1995 5307 eximios,
2019 5254 2152 5295 con-

556 5327 708 5382 cives
739 5326 974 5395 nobiles,
1007 5326 1195 5382 dulces
1223 5328 1440 5397 fratres,
1478 5327 1679 5384 Dextro
1699 5329 1862 5399 duce,
1892 5330 2150 5401 deinceps

551 5432 934 5491 agnoscemus,
957 5418 1354 5487 reverebimur,
1391 5420 1902 5491 solemnizabimus,
1942 5432 1995 5479 et
2018 5422 2150 5492 ipsis

2265 4687 2466 4743 Evasio
2491 4687 2818 4755 Cassalensi,
2854 4687 3218 4757 Hermogene,
3251 4695 3307 4741 et
3338 4685 3566 4747 Donato,
3599 4686 3752 4758 Lupo
3795 4697 3849 4741 ct

2263 4781 2507 4845 Aurelia,
2544 4781 2773 4852 Cyriaco
2799 4788 2854 4834 et
2892 4779 3080 4846 Paula,
3106 4779 3366 4835 Sandalio
3405 4780 3766 4844 Cordubensi,
3795 4790 3849 4835 et

2264 4873 2533 4930 Dalmatio
2562 4871 2925 4938 Gcrundensi,
2974 4887 3201 4942 quorum
3249 4875 3494 4928 nonnulli
3546 4874 3726 4929 forsan
3781 4874 3848 4928 ad

2263 4965 2381 5035 ejus
2415 4967 2660 5020 notitiam
2695 4979 2801 5018 non
2832 4979 3158 5034 pervenere.
3187 4965 3254 5020 Et
3283 4965 3411 5035 quid
3443 4967 3583 5022 ultra
3628 4980 3851 5037 progre-

2261 5057 2482 5112 dimur?
2507 5055 2669 5108 Certe
2704 5054 2945 5111 laborem
2987 5057 3039 5111 in
3078 5057 3160 5110 his
3189 5057 3473 5114 Chronicis
3515 5057 3850 5113 illustrandis

2259 5163 2289 5202 a
2321 5145 2482 5201 nobis
2515 5145 2836 5213 prtestitum,
2869 5157 2924 5201 et
2949 5147 3265 5204 eorumdem
3301 5148 3674 5206 incredibilem
3698 5149 3849 5205 utili-

2259 5247 2462 5303 tatem,
2514 5236 2746 5294 lcctione
2791 5238 2902 5294 sola
2949 5239 3184 5295 lectores
3224 5240 3328 5296 mei
3376 5250 3630 5308 poterunt
3656 5239 3852 5310 depre-

2256 5329 2524 5386 hendere.
2559 5329 2784 5400 Legant,
2823 5347 3046 5401 quaeso,
3096 5341 3152 5387 et
3200 5347 3396 5401 magno
3445 5332 3704 5389 Ecclesia:
3754 5334 3848 5389 Dei

2257 5421 2422 5489 bono,
2457 5421 2717 5478 Dextrum
2745 5423 2798 5478 in
2832 5423 3024 5494 vulgus
3051 5423 3202 5479 exire
3227 5433 3581 5495 cognoscant.

1910 5688 2436 5730 ,εἵην-...-
