4166 6178
381 279 449 336 57
1419 271 1648 330 FLAVII
1687 214 1868 331 ίυοιι
1906 268 1960 328 D1

2064 269 2169 328 l‘Rl
2203 266 2618 329 CHRONICON.
3597 266 3669 327 68

377 393 441 453 A.
472 395 536 454 C.
569 398 624 453 1.

1133 389 1333 448 Tribus
1360 390 1693 462 pastoribus,
1724 388 1814 459 qui
1840 385 2061 442 luerunt
2085 387 2290 452 sancti,
2319 388 2551 459 primum
2577 386 2905 444 ostenditur.

571 487 627 542 2.
1214 482 1350 540 Tres
1376 483 1520 539 soles
1547 488 1915 554 apparuerunt
1946 476 2002 532 in
2024 477 2303 549 Hispaniis
2330 479 2384 535 in
2417 496 2582 536 unum
2606 481 2840 538 collecti.

3028 387 3214 475 “"2"
3341 385 3409 442 Δ.
3439 383 3507 440 Β.
3539 379 3669 438 752.

3541 473 3671 534 753.

1584 615 1844 672 BIVARII
1881 611 2458 702 comparamus.

376 724 520 797 disse
559 741 613 796 in
643 753 842 794 annum
871 737 1020 793 urbis
1066 736 1193 792 751.
1220 734 1318 792 llle
1346 749 1476 791 vero
1512 749 1657 790 anno
1684 733 1949 801 sequenti,
1981 731 2037 791 A

378 814 430 868 id
461 822 566 879 est,
597 811 736 875 752;
780 810 874 866 sed
913 807 1182 877 ejusmodi
1206 822 1473 863 annorum
1505 805 1832 879 _supputa_ti_o
1864 821 1972 863 non

382 886 451 939 ita
479 875 738 940 constans
768 890 851 937 est
880 875 1024 950 apud
1054 894 1272 943 omnes,
1318 887 1383 950 ut
1430 877 1571 950 inde
1590 875 1807 950 aliquid
1835 880 1974 936 certi

375 956 644 1010 deducere
671 948 978 1014 valeamus;
1007 967 1131 1008 cum
1155 951 1294 1006 inter
1315 949 1464 1020 ipsos
1488 948 1752 1004 Ethnicos
1780 963 1974 1020 magna

375 1027 445 1081 sit
488 1026 666 1080 adhuc
706 1025 772 1078 Iis
815 1023 886 1077 de
925 1020 1271 1091 assignandis
1314 1017 1471 1075 annis
1511 1021 1748 1076 condita:
1789 1017 1970 1091 Urbis.

373 1097 648 1152 Ausonius
695 1093 861 1166 (quod
890 1093 1008 1166 ipse
1047 1090 1529 1166 Baroniusﬂnotat)
1570 1105 1668 1160 per
1695 1090 1885 1159 viginti
1917 1100 1977 1148 tit

374 1169 659 1222 minimum
705 1163 885 1220 annos
914 1164 1188 1234 discrepat
1239 1180 1268 1217 a
1318 1163 1591 1220 Varrone:
1635 1177 1804 1232 quare
1847 1179 1976 1230 pru-

374 1239 570 1294 denter
619 1238 875 1292 admonet
921 1236 1061 1302 ipse,
1116 1235 1259 1290 haud
1313 1242 1450 1300 tuto,
1501 1243 1556 1289 et
1611 1243 1763 1288 certo
1812 1249 1972 1302 posse

375 1308 714 1364 Christianos
745 1322 776 1361 a
823 1306 1057 1362 condita:
1097 1306 1252 1362 urbis
1290 1316 1535 1373 tempore
1564 1319 1740 1358 annos
1780 1321 1970 1361 nume-

375 1395 518 1434 rare.
549 1381 713 1435 Miror
745 1387 922 1433 tamen
969 1377 1345 1434 doctissimum
1377 1379 1552 1431 virum
1600 1375 1702 1430 hac
1739 1375 1794 1430 in
1832 1391 1894 1431 re
1939 1392 1969 1432 a

377 1452 693 1520 przescripta
737 1450 1030 1505 Catholica:
1059 1463 1122 1504 ac
1151 1447 1411 1504 Romanae
1460 1447 1722 1502 Ecclesiae
1768 1462 1973 1520 suppu-

377 1526 582 1577 tatione
607 1517 938 1578 descivisse:
987 1535 1110 1574 nam
1137 1535 1260 1573 cum
1292 1521 1600 1574 Romanum
1648 1517 1974 1587 martyrolo-

372 1594 516 1656 giuttt
566 1592 656 1647 die
699 1591 771 1646 25
831 1592 1090 1646 Deceml).
1145 1590 1385 1645 dilucide
1452 1596 1701 1652 promat,
1784 1595 1968 1642 natum

371 1664 648 1718 Christum
679 1663 741 1715 ab
773 1662 910 1717 Urbe
937 1660 1149 1714 condita
1178 1677 1318 1712 anno
1358 1659 1486 1718 752.
1534 1657 1652 1720 ipse
1687 1658 1967 1712 contendit

375 1743 561 1788 natum
593 1733 920 1803 praecedenti
942 1733 1068 1803 751.
1089 1730 1277 1803 _Sati_ns
1296 1732 1466 1803 multo
1489 1727 1675 1781 Dextri
1709 1729 1961 1795 placitum

371 1800 689 1874 sequemur,
720 1803 807 1857 cui
833 1802 1038 1874 tabula;
1087 1800 1480 1874 Ecclesiastica:
1526 1807 1866 1874 COHSOllalll,
1907 1806 1963 1853 et

367 1867 466 1930 i-ui'
488 1877 654 1929 etiam
687 1873 914 1928 Orosius
958 1870 1278 1933 subscribit,
1311 1869 1554 1938 ejusdem
1605 1882 1726 1938 cum
1759 1867 1962 1925 Dextro

366 1944 734 2015 antiquitatis,
763 1951 816 1998 et
841 1942 1138 2015 gravitatis.
1166 1941 1232 1994 Et
1261 1937 1411 1994 certe
1437 1937 1486 1992 si
1511 1951 1601 2015 res
1629 1937 1697 2015 ad
1727 1953 1961 2015 unguem

369 2007 773 2084 perpendatur,
837 2007 1534 2084 oppositum__asserentes_
1587 2007 1844 2084 laborare
1906 2012 1958 2065 itt

369 2078 652 2154 a-qtiivoco
697 2078 1110 2154 convincentur.
1151 2079 1308 2136 Unde
1352 2080 1486 2135 hoc?
1518 2078 1648 2133 Inde
1678 2080 1952 2154 videlicet,

369 2151 511 2223 quod
542 2155 666 2208 anni
711 2154 902 2208 Romae
947 2152 1180 2206 condita:
1213 2166 1322 2206 non
1369 2160 1497 2206 sunt
1535 2151 1862 2223 supputandi
1890 2153 1960 2208 ab

371 2219 524 2281 initio
562 2224 828 2289 Januarii,
869 2223 964 2278 sed
1013 2225 1175 2276 abeo
1207 2238 1414 2292 mense,
1464 2229 1519 2276 et
1547 2219 1659 2288 die,
1693 2235 1800 2290 quo
1847 2223 1960 2292 ipsa

371 2297 583 2352 condita
622 2296 738 2360 fuit,
773 2294 1025 2348 videlicet
1068 2295 1358 2349 undecimo
1401 2291 1620 2345 kalend.
1671 2293 1817 2356 Maii,
1861 2291 1960 2348 aeu

371 2369 435 2423 21
487 2368 574 2422 die
621 2366 824 2434 Aprilis
877 2364 1046 2434 (quod
1089 2365 1230 2434 idem
1273 2363 1379 2431 est)
1410 2378 1512 2428 qua
1565 2360 1760 2417 festum
1803 2364 1960 2421 Pales

372 2433 809 2493 Pastorum’Dem
838 2433 1110 2490 celebrari
1153 2435 1373 2490 solitum
1413 2434 1534 2498 fuit,
1576 2442 1634 2487 ut
1675 2450 1742 2489 ex
1773 2445 1958 2490 vetus-

377 2508 601 2563 tissimis
641 2506 950 2561 auctoribus
999 2505 1314 2575 accipimus.
1347 2504 1574 2560 Ovidius
1614 2503 1708 2560 lib.
1743 2521 1798 2561 tv
1827 2505 1960 2562 Fas-

373 2586 576 2648 torum,
599 2578 667 2633 de
695 2593 759 2632 ea
789 2576 1080 2632 festivitate
1105 2591 1301 2646 agens,
1334 2576 1507 2630 dixit:

523 2715 650 2777 Apta
668 2715 776 2764 dies
797 2714 998 2777 legitur,
1025 2726 1119 2775 qua
1144 2713 1321 2777 tnmnia
1344 2713 1508 2775 signet
1533 2717 1727 2775 aratro;

585 2776 732 2826 Sacra
754 2775 900 2826 Pales
925 2776 1114 2838 aderat,
1134 2776 1247 2825 inde
1265 2784 1490 2826 movetur
1512 2788 1652 2839 Opus.

439 2925 528 2983 Sic
573 2927 738 2983 etiam
783 2927 968 2982 docuit
1007 2925 1298 2997 Dionysius
1348 2925 1800 2982 Halicarnasseus
1845 2945 1858 2984 :
1905 2936 1960 2984 et

368 2997 599 3068 Messala
631 2997 899 3052 Corvinus
939 2997 1036 3051 lib.
1087 2997 1155 3051 de
1185 3011 1283 3068 sua
1332 2999 1590 3068 progenie
1635 2997 1700 3053 ad
1745 2998 1956 3068 Augus-

371 3078 508 3133 tum,
549 3066 770 3132 Ferunt,
803 3069 900 3131 ait,
938 3069 1208 3122 undecimo
1248 3066 1496 3121 kalendas
1535 3067 1727 3134 Maias,
1764 3066 1958 3123 lio—mu-

369 3140 473 3192 lum
509 3138 661 3210 Urbis
710 3141 1049 3210 fundamenta
1068 3137 1277 3208 jecisse.
1326 3138 1655 3210 Praesident
1687 3142 1957 3194 sententia

367 3219 558 3266 auctor
580 3208 956 3278 Chl‘OnOillgiJ‘.
987 3209 1040 3263 iit
1074 3210 1364 3263 Historiam
1397 3208 1532 3264 Livii
1569 3209 1619 3261 in
1659 3211 1954 3278 principio,

369 3280 538 3334 refert
574 3281 846 3344 Tullium,
879 3280 1257 3343 Plutarchum,
1301 3291 1353 3333 et
1403 3279 1682 3344 Solinuoi;
1721 3289 1778 3334 et
1816 3282 1956 3334 idem

367 3351 560 3404 asserit
594 3351 886 3406 Marlianns
933 3351 1034 3410 lib.
1079 3352 1146 3404 de
1193 3349 1416 3419 Origine
1463 3350 1615 3404 urbis
1651 3350 1869 3418 nonne,
1903 3359 1960 3406 et

370 3419 622 3475 Velrurio
651 3423 701 3474 in
725 3421 1031 3476 Comment.
1063 3421 1128 3474 ad
1162 3421 1255 3474 lib.
1290 3436 1326 3474 ιι
1357 3421 1458 3476 Titi
1501 3421 1634 3474 Livii
1661 3440 1673 3474 :
1701 3421 1842 3486 Dies,
1875 3422 1956 3476 itt-

365 3493 500 3559 qttit,
537 3491 714 3545 Romae
755 3491 1048 3556 natalitius,
1082 3509 1182 3558 quo
1219 3493 1372 3545 condi
1409 3501 1567 3558 rwpta
1598 3500 1672 3545 est
1697 3533 1710 3553 ,
1742 3483 1952 3547 habetur
1980 3483 2025 3546 C
2063 3499 2159 3559 rezA
2197 3498 2338 3559 tum.
2361 3502 2397 3540 ιι
2430 3487 2480 3540 itt
2515 3490 2631 3559 ὄρ.
2665 3489 2726 3543 D.
2758 3490 2860 3547 Tlt.

365 3564 434 3614 ait
461 3578 499 3617 ιι
527 3561 612 3616 kal
641 3561 834 3618 Maias.
857 3563 1103 3631 Denique
1125 3563 1438 3630 Propertius
1471 3563 1563 3616 Iih.
1602 3578 1651 3616 tv
1686 3563 1805 3618 haec
1843 3563 1953 3618 ait:

522 3695 644 3746 Urbi
669 3693 824 3744 festus
847 3703 974 3756 erat,
994 3695 1174 3745 dixere
1195 3695 1368 3745 Palilia
1402 3696 1576 3745 Patres
1598 3712 1610 3754 ;

644 3756 737 3806 Hic
761 3759 944 3822 primus
963 3760 1111 3822 ctepit
1134 3757 1376 3808 Moenibus
1400 3771 1510 3807 esse
1536 3759 1662 3807 dies.

439 3906 574 3962 iline
613 3908 694 3971 fit,
743 3916 803 3962 ut
845 3909 1166 3962 consulatus
1205 3907 1417 3961 Lentuli
1464 3915 1518 3959 et
1556 3906 1795 3960 Messalte
1833 3923 1956 3974 par-

366 3984 478 4029 tem
529 3979 688 4032 luerit
725 3980 1038 4046 complexus
1088 3979 1213 4032 anni
1260 3979 1418 4033 Urbis
1448 3979 1680 4032 condita:
1720 3979 1843 4042 75l,
1901 3987 1956 4032 et

374 4060 579 4113 partem
627 4051 786 4103 etiam
829 4049 952 4102 anni
985 4050 1108 4104 752.
1158 4048 1385 4116 Quando
1425 4049 1570 4102 enim
1610 4051 1953 4102 coiisnlatttm

368 4119 442 4172 illi
464 4120 703 4174 inierunt
724 4120 811 4173 die
838 4136 852 4173 t
879 4120 1141 4180 Januarii,
1161 4122 1414 4174 enitebat
1435 4135 1608 4173 annus
1636 4119 1792 4174 Urbis
1825 4121 1952 4183 75];

364 4190 463 4242 sed
495 4205 522 4242 a
560 4191 648 4244 die
691 4191 752 4244 21
789 4194 962 4261 April.
1005 4191 1172 4258 erepit
1216 4205 1388 4244 annus
1436 4189 1504 4243 ab
1543 4188 1687 4244 Urbe
1735 4191 1953 4261 condita

365 4261 472 4312 7:32
512 4275 527 4315 :
576 4275 743 4328 quare
787 4259 909 4315 cum
951 4263 1198 4315 Christus
1252 4261 1513 4314 Domitius
1563 4274 1720 4314 natus
1767 4259 1951 4327 fuerit,

364 4347 470 4384 non
501 4331 633 4398 ipsis
672 4329 918 4385 kalendis
962 4331 1224 4394 Januarii,
1259 4332 1412 4384 initio
1455 4333 1771 4384 c0ttsolatus
1819 4347 1955 4400 pra:-

361 4406 652 4468 d.ctmtttn,
703 4403 796 4456 sed
832 4402 897 4455 ad
941 4404 1101 4456 linem
1137 4404 1261 4455 anni
1309 4404 1358 4455 id
1401 4413 1506 4460 est.
1540 4401 1610 4454 25
1641 4401 1956 4456 Decetttbris

362 4473 463 4522 sub
489 4473 698 4527 eisdem
729 4472 1062 4531 consulibus,
1101 4489 1380 4527 llt‘t'eb'sunl
1413 4483 1496 4526 est
1534 4484 1591 4526 ut
1622 4488 1951 4539 ιιιςειειείιιιρυς,

365 4542 416 4594 id
446 4545 713 4597 accidisse
744 4558 888 4598 anno
933 4542 1117 4598 Roma:
1151 4543 1275 4607 752,
1321 4553 1379 4596 ut
1428 4545 1625 4597 Dexter
1655 4555 1950 4596 asseverat.

365 4616 423 4667 ls‘t
460 4626 640 4668 tamen
686 4629 780 4681 per
822 4614 924 4668 hoc
960 4630 1064 4667 non
1097 4614 1301 4668 recedit
1330 4629 1360 4667 a
1403 4613 1788 4683 supputatione
1823 4613 1951 4666 Var-

364 4684 516 4737 ronis
569 4683 767 4737 aientis
823 4685 1163 4738 consulatum
1231 4683 1446 4738 Lentuli
1499 4695 1554 4738 et
1602 4683 1846 4739 MeSsalw
1900 4685 1952 4739 in

361 4769 564 4808 annum
598 4753 760 4809 Urbis
789 4755 883 4812 751
917 4754 1200 4819 incidisse;
1233 4755 1282 4808 id
1316 4755 1459 4808 enim
1486 4753 1553 4809 de
1583 4755 1809 4808 exordio
1835 4755 1955 4824 ejus

365 4824 770 4891 intelligendum
810 4835 913 4890 est,
949 4839 1058 4880 non
1093 4826 1158 4880 de
1191 4826 1318 4892 line,
1353 4825 1438 4879 cui
1467 4825 1578 4894 jatn
1615 4827 1824 4880 luxerat
1857 4841 1950 4880 tto.

367 4911 465 4949 vus
497 4895 657 4950 Urbis
685 4911 882 4950 annus.

435 4966 549 5020 lloc
575 4967 746 5020 semel
779 4967 1055 5021 monuisse
1087 4965 1344 5030 sufficiat,
1377 4981 1475 5022 nec
1503 4965 1778 5036 oportebit
1804 4967 1958 5020 dein-

360 5050 492 5101 ceps
522 5037 802 5091 immorari
842 5040 894 5092 in
927 5038 1310 5107 supputatione
1337 5035 1603 5091 annorum
1637 5035 1797 5090 Urbis
1825 5051 1956 5089 cou-

361 5107 536 5178 dittez
572 5108 792 5176 cognito
823 5108 1090 5178 siquidem
1123 5108 1290 5178 semel
1320 5108 1462 5177 quod
1505 5111 1706 5162 natalis
1740 5107 1953 5161 Dotttitti

362 5177 618 5234 inciderit
647 5181 699 5232 itt
730 5177 930 5233 annum
959 5178 1083 5245 752,
1121 5177 1277 5233 facile
1307 5179 1477 5234 cuivis
1503 5195 1646 5234 anno
1673 5178 1956 5232 Dominico

368 5261 493 5319 suos
524 5264 592 5303 ex
621 5254 790 5304 latere
820 5252 1153 5318 reSpondens
1181 5249 1344 5306 Urbis
1369 5265 1542 5304 annus
1564 5250 1952 5319 assignabitur,

367 5318 567 5374 additis
614 5321 868 5375 nimirum
905 5321 1063 5376 annis
1103 5321 1288 5375 Romae
1331 5321 1420 5390 qui
1463 5318 1696 5376 natalem
1742 5319 1952 5374 Domini

366 5403 779 5456 pra-cesserunt,
812 5393 878 5444 ad
906 5405 1076 5446 annos
1103 5391 1428 5454 Dominicos,
1465 5392 1532 5445 de
1561 5392 1756 5461 quibus
1787 5391 1950 5444 fuerit

365 5461 618 5532 qumstio:
643 5461 793 5516 verbi
815 5470 1010 5532 gratia,
1036 5462 1080 5516 si
1105 5473 1399 5532 quit-ratur,
1426 5463 1547 5531 quis
1568 5477 1743 5516 annus
1765 5462 1951 5516 Roma:

365 5531 861 5610 respondeatanno
891 5531 1238 5610 CltristAiJQQ
1263 5533 1286 5585 ?
1327 5533 1614 5610 dicendum
1646 5533 1949 5610 quintis“,

361 5601 457 5669 qui
488 5601 746 5658 coalescit
776 5619 849 5658 ex
881 5607 1029 5658 dicto
1065 5604 1169 5660 120
1205 5603 1416 5658 Domini
1437 5645 1451 5668 ,
1480 5615 1534 5659 et
1563 5620 1629 5658 ex
1659 5604 1754 5659 751
1791 5603 1950 5659 Urbis

355 5672 448 5751 qui
481 5677 1028 5747 prmeesserunt'ejus
1056 5675 1312 5731 natalem.
1344 5675 1410 5731 Et
1437 5675 1579 5732 idem
1606 5674 1708 5733 erit
1727 5674 1796 5731 de
1824 5674 1949 5730 reli-

354 5756 426 5812 qtt
451 5755 499 5796 s.

1983 4864 2038 4924 Ι)

2130 731 2186 785 9..
2245 730 2427 805 Tribus
2473 735 2782 805 pastoribus,
2829 744 2935 792 etc.
2981 735 3098 791 Duo
3137 735 3224 792 ltie
3281 735 3480 791 Dexter
3520 733 3670 792 affir-

2081 812 2222 878 mat,
2250 804 2502 860 videlicet
2545 816 2816 876 pastores,
2856 807 3049 878 quibus
3091 824 3226 877 puer
3258 807 3402 864 Dens
3432 809 3664 876 primum

2079 876 2319 947 omnium
2352 883 2604 947 ostensus
2633 886 2739 946 est,
2778 876 2945 934 fuisse
2973 876 3266 936 sanetitate
3306 878 3665 947 conspicuos;

2079 945 2275 1020 deinde
2297 946 2440 1016 quod
2461 946 2528 1002 ad
2553 964 2838 1004 numerum
2864 965 3050 1004 eorum
3072 958 3303 1020 spectat,
3337 945 3506 1004 fuisse
3532 959 3664 1010 trcs.

2078 1032 2181 1090 nec
2211 1016 2420 1085 plures,
2467 1033 2569 1090 nec
2598 1023 2906 1090 pauciores.
2953 1016 3151 1075 Horuio
3184 1016 3334 1090 prius
3375 1021 3532 1075 facile
3562 1020 3665 1076 sibi

2078 1086 2714 1163 quisquepersuadebit,
2747 1091 3071 1161 pra-clarum
3103 1102 3157 1148 et
3185 1086 3458 1163 singulare
3500 1091 3666 1146 bene-

2078 1160 2256 1234 ficium
2289 1159 2368 1234 ob_
2393 1161 2579 1234 oculos
2609 1159 2853 1234 versans,
2883 1163 3027 1232 quod
3071 1163 3201 1234 ipsis
3231 1159 3464 1218 contulit
3495 1163 3662 1226 Deus,

2074 1229 2524 1302 dumparticipes
2554 1247 2650 1287 eos
2691 1231 2833 1294 fecit.
2882 1229 2992 1302 prec
3027 1229 3242 1289 caneris
3271 1234 3434 1296 tomis
3477 1233 3663 1288 mttndi

2075 1301 2412 1368 hominibus,
2437 1303 2758 1372 gaudiorum
2789 1301 2903 1358 sua:
2936 1305 3274 1369 nativitatis;
3312 1304 3469 1373 cnjus
3503 1304 3665 1357 nimi-

2072 1382 2280 1443 rumget
2319 1373 2421 1438 ipsi
2453 1389 2562 1428 non
2593 1373 2810 1430 fuerunt
2836 1375 3053 1443 ingrati,
3087 1376 3252 1431 immo
3292 1390 3422 1430 vero
3450 1375 3661 1430 reversi

2072 1441 2532 1515 gloriﬁcaverunt,
2556 1454 2620 1515 et
2650 1441 2935 1500 laudarunt
2957 1446 3124 1502 Deum
3157 1448 3208 1502 itt
3237 1446 3515 1510 omnibus,
3541 1461 3662 1515 qua:

2073 1510 2379 1575 audierant,
2415 1524 2470 1567 ct
2515 1513 2782 1580 viderant,
2825 1518 2966 1571 sicut
3009 1517 3210 1572 dictum
3249 1527 3335 1571 est
3377 1517 3442 1571 ad
3488 1510 3659 1571 illos:

2074 1582 2289 1649 quando
2335 1581 2404 1636 ab
2438 1585 2634 1654 angelo
2680 1586 2926 1640 claritate
2975 1587 3068 1641 Dei
3119 1588 3422 1654 refulgente
3471 1587 3661 1641 audire

2073 1659 2392 1728 meruerunt
2418 1673 2428 1704 ;
2461 1653 2780 1728 Euangelizo
2804 1659 2942 1709 vobis
2963 1658 3214 1728 gaudium
3233 1673 3498 1725 magnum.
3523 1659 3662 1727 quod

2069 1722 2167 1794 erit
2190 1721 2337 1794 armti
2357 1726 2572 1794 populo,
2597 1721 2718 1792 quia
2745 1738 2896 1779 natus
2927 1721 3000 1780 est
3031 1727 3189 1782 Vanis
3212 1721 3364 1781 hodie
3391 1721 3658 1790 Salvator,

2067 1791 2158 1859 qui
2179 1801 2250 1846 est
2269 1790 2511 1868 Christus
2537 1790 2810 1868 Dominus.
2840 1797 2972 1851 Nam
2997 1800 3140 1867 quod
3160 1798 3476 1868 specialiter
3502 1797 3661 1852 VOBIS

2066 1869 2228 1942 natus
2252 1861 2432 1942 dictus
2462 1874 2564 1928 est,
2602 1865 2744 1942 idem
2769 1868 2982 1922 videtur
3007 1861 3070 1923 ac
3099 1871 3143 1924 si
3175 1861 3398 1942 angelus
3418 1869 3659 1942 apertius

2065 1931 2296 1998 diceret,
2341 1935 2575 2003 primum
2612 1936 2752 1992 inter
2793 1953 2982 1994 omnes
3024 1931 3287 1994 mortale's
3318 1931 3472 1994 vobis
3501 1951 3660 1994 natus

2065 2012 2172 2076 est,
2208 2015 2395 2076 utpote
2421 2022 2582 2076 quem
2614 2013 2850 2075 priorem
2883 2010 3016 2064 estis
3045 2010 3214 2065 visuri
3257 2019 3314 2065 et
3353 2009 3656 2065 adoraturi.

2136 2073 2293 2142 Quod
2335 2073 2528 2132 attinet
2577 2073 2646 2132 ad
2679 2096 2960 2134 numerum
3003 2081 3252 2146 illorum,
3296 2081 3504 2136 diserte
3531 2095 3656 2136 cum

2076 2142 2276 2220 Dextro
2297 2149 2569 2220 conse_ntit
2600 2148 2765 2213 Beda,
2794 2152 2883 2216 qui
2911 2151 3002 2204 lib.
3027 2151 3094 2207 de
3121 2142 3278 2206 Locis
3293 2151 3507 2208 Sanctis
3531 2166 3653 2220 cap.

2065 2215 2121 2280 8,
2157 2215 2271 2290 hinc
2291 2218 2411 2290 ait;
2446 2217 2614 2272 Porro
2641 2221 2710 2274 ad
2734 2215 2998 2276 Orientem
3024 2223 3077 2276 in
3103 2221 3454 2289 Turre-Ader,
3480 2223 3534 2275 id
3555 2215 3652 2290 est,

2063 2288 2269 2366 gregis,
2295 2287 2438 2366 mille
2469 2305 2652 2360 passus
2677 2307 2708 2344 a
2739 2293 2944 2366 civitate
2979 2291 3240 2347 Bethleem
3277 2287 3544 2366 segregata
3583 2287 3657 2347 est

2067 2357 2306 2410 Ecclesia
2331 2357 2488 2412 trium
2510 2371 2780 2428 pastorum
2805 2361 3006 2416 Divina:
3027 2357 3655 2417 nativitatisEonsciorum

2063 2439 2395 2483 monumenta
2422 2431 2691 2485 continens
2709 2474 2723 2496 ,
2747 2433 2947 2502 quibus
2977 2446 3031 2488 et
3057 2434 3352 2489 ternarium
3379 2444 3431 2487 et
3457 2435 3656 2489 sancti-

2065 2505 2228 2553 tatem
2258 2508 2534 2572 pastornm
2567 2503 2876 2570 profitetur,
2911 2503 2963 2558 itt
3002 2520 3233 2572 quorum
3265 2504 3518 2557 nimirum
3551 2503 3655 2557 ho-

2063 2583 2250 2644 ttorem
2281 2570 2524 2644 Ecclesia
2555 2581 2670 2626 erat
2700 2571 2988 2630 aediﬁcata.
3023 2570 3342 2644 Utrumque
3375 2590 3506 2629 vero
3534 2575 3654 2630 sine

2063 2638 2402 2713 litesitatione
2434 2653 2742 2710 asseverat,
2777 2656 2962 2712 utpote
3007 2645 3078 2701 de
3119 2638 3318 2713 quibus
3361 2655 3653 2713 utrumque

2062 2723 2128 2763 eo
2161 2711 2262 2786 loci
2295 2723 2348 2766 et
2397 2714 2690 2786 temporis,
2744 2711 2846 2785 per
2891 2711 3157 2785 majorum
3189 2730 3380 2772 manus
3428 2711 3652 2786 accepta

2063 2779 2285 2855 traditio
2344 2779 2759 2855 pronuntiabat:
2809 2786 2941 2855 Ejus
2977 2779 3122 2843 'sine
3185 2787 3351 2842 dubio
3400 2779 3651 2842 conscius

2065 2851 2261 2929 Dexter
2293 2853 2441 2929 velut
2480 2857 2525 2909 is
2555 2857 2658 2929 qui
2704 2859 2756 2910 in
2797 2851 3023 2913 oriente
3062 2859 3322 2928 praetorio
3360 2858 3654 2929 ptmfectus

2061 2919 2254 2998 fuerat,
2289 2935 2391 2998 tres
2413 2924 2522 2998 hoc
2545 2919 2673 2998 loco
2705 2936 2752 2981 rt
2796 2940 3001 2982 sanctos
3029 2919 3272 2998 pastores
3303 2919 3652 2996 ev'atigelicos

2061 2991 2230 3048 fuisse
2257 2993 2473 3071 scribit,
2505 2991 3080 3071 videbaturqtie‘valde
3101 3015 3398 3071 congruum
3422 2991 3649 3071 rationi,

2063 3075 2118 3116 ut
2150 3072 2260 3138 tres
2294 3067 2574 3121 dumtaxat
2604 3067 2846 3134 pastores
2876 3069 3112 3125 Verbum
3156 3067 3332 3125 Patris
3353 3111 3369 3136 ,
3413 3069 3648 3138 Spiritus

2060 3134 2236 3188 sancti
2265 3150 2368 3208 ope
2401 3152 2528 3188 caro
2560 3138 2758 3192 factum
2807 3139 2971 3208 primi
3009 3140 3289 3194 hominum
3329 3134 3646 3204 adorarent,

2059 3217 2169 3271 quo
2223 3206 2539 3260 adOratores
2595 3206 2898 3262 existerent
2952 3211 3308 3264 sanctissima:
3369 3209 3650 3263 Trinitatis

2061 3275 2670 3350 mysterii,sieutctin
2707 3279 2879 3350 tribus
2911 3279 3077 3350 Magis
3116 3279 3456 3350 postmodum
3487 3278 3651 3333 effec-

2063 3352 2173 3418 tum
2204 3361 2302 3418 suo
2335 3347 2453 3398 loco
2481 3347 2800 3418 videbimus.
2836 3347 3092 3404 Porro’de
3115 3347 3389 3418 pastorum
3421 3365 3648 3403 numero

2062 3415 2281 3470 videndi
2309 3429 2436 3469 sunt
2462 3417 2615 3471 card.
2649 3419 2914 3473 thrnnius
2951 3435 3095 3473 anno
3118 3415 3336 3475 Domini
3369 3435 3382 3472 ι
3413 3428 3470 3473 et
3508 3418 3646 3474 Sua-

2898 3506 2952 3558 q.
2985 3491 3074 3554 56,
3109 3492 3249 3558 disp.
3287 3490 3375 3554 14,
3417 3498 3554 3546 sect.
3588 3491 3644 3546 2.

2134 3556 2200 3631 A.
2226 3557 2290 3631 C.
2314 3558 2464 3631 2.-
2491 3561 2542 3612 1.
2562 3557 2690 3612 Tres
2711 3560 2862 3625 soles,
2895 3556 3002 3616 etc.
3039 3556 3236 3616 Trinos
3266 3563 3413 3616 soles
3441 3560 3646 3631 saepius

2060 3630 2262 3700 antiqui
2288 3628 2575 3700 viderunt;
2607 3631 2915 3700 quinquies,
2940 3643 2993 3684 ιιι
3019 3633 3324 3694 minimum,
3351 3631 3419 3684 de
3440 3628 3640 3700 quibus

2061 3697 2382 3771 Pliniusltb.
2412 3714 2449 3771 tt
2477 3700 2613 3771 llist.
2639 3697 2766 3755 Nat.
2784 3717 2883 3771 cap
2923 3703 2985 3756 51
3015 3702 3248 3755 aftirmat
3273 3697 3646 3755 incidissesub

2059 3769 2376 3839 Consulibus
2405 3769 2502 3839 Sp.
2542 3769 2878 3837 Pestlttunio‘,
2906 3781 2961 3824 et
2991 3773 3052 3836 ρ.
3089 3772 3258 3826 Mulio
3290 3789 3300 3822 :
3330 3772 3395 3836 ρ.
3428 3771 3642 3839 Martio,

2060 3848 2114 3892 et
2142 3838 2210 3892 Μ.
2257 3838 2486 3894 Ptit'tiit:
2521 3841 2588 3892 M.
2623 3842 2882 3906 Attlottitt,
2917 3851 2971 3893 et
3003 3845 3060 3895 I’.
3091 3840 3371 3895 Dolabella
3399 3856 3412 3892 :
3444 3838 3514 3893 M.
3544 3839 3650 3893 Le-

2063 3908 2208 3975 pido.
2239 3917 2294 3963 et
2322 3907 2382 3962 [ι.
2417 3908 2619 3962 Planco
2649 3928 2660 3962 :
2691 3910 2888 3979 quibus
2919 3911 3102 3965 subdit
3123 3919 3336 3965 sextam
3365 3912 3489 3979 trini
3513 3910 3648 3965 solis

2061 3979 2476 4046 apparitiont-m,
2510 3979 2580 4034 Et
2602 3978 2800 4045 nostra,
2825 3983 2923 4042 ait,
2953 3991 3080 4035 tetas
3110 3983 3234 4035 vidit
3265 3979 3394 4034 Dira
3422 3978 3646 4036 Claudio

2058 4051 2310 4119 principe,
2343 4053 2614 4104 consulatu
2643 4055 2775 4121 ejus,
2812 4051 3050 4107 Cornelio
3083 4051 3249 4120 Orﬁto
3271 4053 3489 4120 collega.
3521 4051 3648 4106 llaec

2062 4122 2244 4191 ultima
2285 4123 2470 4174 incidit
2518 4122 2571 4176 iit
2603 4120 2802 4176 annum
2837 4123 3049 4177 Domitii
3087 4121 3180 4188 52,
3228 4121 3320 4191 qui
3359 4120 3644 4177 Claudium

2059 4203 2114 4245 et
2134 4189 2362 4245 Orfitum
2393 4192 2647 4246 consules
2678 4192 2883 4247 habuit.
2917 4195 3047 4260 Qua:
3075 4189 3256 4247 autent
3282 4191 3540 4262 Lepidum
3585 4201 3643 4245 et

2061 4262 2337 4315 Plancium
2366 4264 2504 4316 vidit
2524 4267 2807 4327 consules,
2834 4265 3043 4318 ittittttttt
3073 4263 3467 4318 Triumvitatus
3490 4277 3649 4315 ortia-

2061 4335 2162 4395 vit,
2205 4335 2424 4402 quando
2455 4335 2709 4387 videlicet
2748 4337 2928 4388 Cassar
2967 4336 3068 4387 sibi
3106 4335 3352 4402 adjunxit
3381 4333 3448 4386 Μ.
3485 4331 3649 4399 Lepi-

2059 4403 2208 4466 dum,
2260 4413 2315 4456 et
2370 4404 2439 4457 M.
2500 4405 2796 4458 Antonium
2847 4405 3177 4470 licipublica:
3227 4404 3646 4459 constituenda).

2060 4473 2299 4539 Contigit
2321 4489 2449 4528 vero
2471 4475 2825 4545 quadraginta
2858 4477 3013 4530 annis
3045 4488 3170 4530 ante
3199 4473 3402 4529 Christi
3431 4474 3646 4527 D..mitti

2060 4545 2319 4606 natalem,
2373 4553 2426 4598 et
2470 4544 2630 4600 Urbis
2674 4544 2905 4600 conditae
2955 4546 3082 4611 712,
3133 4557 3190 4599 ιιι
3240 4545 3294 4599 in
3340 4547 3647 4599 Commi-nt.

2062 4614 2341 4667 Fastorum
2392 4617 2583 4681 prohat
2611 4615 2925 4682 Onuphrius
2973 4616 3068 4668 lib.
3114 4631 3172 4668 ιι.
3223 4615 3329 4667 Sed
3375 4628 3643 4682 quorsum

2061 4685 2226 4737 haec?
2266 4683 2479 4738 scilicet
2519 4696 2575 4739 ttt
2621 4686 2818 4750 discas,
2855 4686 3085 4738 Plinium
3135 4699 3202 4739 eo
3254 4684 3374 4738 lot-o
3424 4682 3650 4738 mittime

2059 4757 2236 4824 egisse
2275 4755 2343 4808 de
2374 4755 2462 4808 illa
2495 4755 2619 4808 trini
2661 4755 2795 4808 solis
2825 4757 3240 4824 comparttione,
3273 4769 3396 4824 qua:
3424 4753 3650 4808 Christo

2061 4841 2250 4880 recens
2279 4836 2407 4880 nato
2453 4827 2505 4879 in
2555 4826 2831 4893 Hispaniis
2885 4825 3017 4880 facta
3062 4838 3180 4893 est;
3212 4826 3650 4896 quandoquidem

2062 4898 2307 4967 quaedam
2337 4912 2402 4951 ex
2448 4898 2734 4968 recensitis
2769 4896 2838 4952 ab
2867 4911 2934 4950 eo
2963 4897 3123 4968 longe
3165 4895 3285 4951 sunt
3320 4895 3646 4968 anteriores,

2059 4966 2182 5021 eum
2221 4983 2280 5021 ea
2321 4982 2440 5036 qua:
2472 4966 2572 5021 sub
2613 4967 2832 5021 Plancio
2864 4977 2917 5021 et
2960 4966 3165 5037 Lepido
3197 4983 3342 5022 coss.
3388 4967 3649 5037 contigit,

2061 5041 2334 5092 recentior
2363 5038 2433 5092 sit
2474 5039 2872 5104 superioribus,
2911 5047 2966 5090 et
3013 5036 3193 5092 tamen
3224 5054 3320 5105 per
3363 5051 3534 5092 annos
3579 5036 3652 5092 40

2060 5109 2124 5162 ad
2136 5125 2232 5208 redit
2240 5123 2356 5208 tutlnI
2376 5107 2596 5208 Dtrlllllilli.
2615 5116 2977 5208 pfazceslsertt;
3001 5125 3120 5208 qua:
3139 5125 3268 5192 vero
3285 5123 3389 5208 ευρ
3405 5120 3651 5208 tempore

2059 5179 2278 5243 accidit,
2300 5178 2524 5232 Claudio
2546 5187 2600 5233 et
2617 5179 2791 5233 Οιιίιο
2805 5176 2988 5242 Coss.,
3014 5176 3082 5234 52
3103 5183 3258 5234 annis
3275 5176 3542 5248 posterior
3558 5180 3649 5235 sit.

2133 5251 2259 5321 Agit,
2288 5248 2644 5321 nihilominus
2665 5250 2733 5321 de
2752 5251 2934 5321 tribus
2956 5249 3165 5305 solibus
3191 5251 3333 5321 apud
3361 5250 3652 5319 lliSpantas

2060 5318 2196 5390 visis
2223 5319 2514 5390 Adventus
2553 5318 2766 5374 Domini
2809 5329 3054 5390 tempore
3099 5318 3274 5376 Julius
3315 5318 3649 5390 Obsequens

2058 5389 2158 5447 lib.
2204 5389 2272 5444 de
2317 5390 2587 5460 Prodigiis
2623 5405 2742 5459 cap.
2793 5391 2921 5458 ηις,
2968 5401 3021 5446 et
3069 5389 3588 5461 ῡιιι-ιῡτιΑιιςιιΙίειιε
3618 5391 3653 5444 5

2059 5477 2199 5529 par.,
2231 5477 2285 5529 q.
2334 5461 2422 5525 56,
2459 5469 2564 5515 art.
2595 5461 2650 5526 '5,
2684 5462 2752 5516 ad
2777 5463 2811 5516 3
2845 5478 2984 5529 arg..
3019 5463 3275 5518 Credibile
3317 5472 3416 5526 est,
3453 5461 3646 5531 inquit,

2056 5534 2210 5604 etiam
2232 5533 2286 5585 in
2310 5533 2427 5586 aliis
2450 5532 2681 5604 partibus
2705 5534 2884 5586 mundi
2907 5536 2976 5604 (et
3007 5548 3111 5589 non
3131 5534 3308 5589 solum
3333 5533 3384 5586 in
3406 5535 3651 5604 Otjiente,

2057 5603 2346 5676 tibigstella
2391 5600 2639 5676 apparuit
2679 5600 3082 5676 Magis)aliqua
3126 5605 3320 5676 indicia
3364 5600 3649 5676 nativitatis

2053 5671 2247 5746 Christi
2272 5671 2606 5746 apparuisse;
2628 5671 2963 5746 sicutvlio'ttta:
2981 5671 3135 5746 ﬂuxit
3163 5674 3331 5728 oleum
3347 5714 3361 5735 ,
3382 5681 3428 5724 et
3447 5672 3499 5725 in
3519 5671 3563 5725 ΙΙ
3573 5672 3644 5726 is-

2053 5744 2208 5816 pania
2231 5744 2566 5817 apparuerint
2591 5755 2692 5803 tres
2728 5745 2860 5803 soles
2890 5745 3143 5818 paulatim
3171 5746 3223 5798 in
3253 5757 3413 5797 unum
3443 5759 3648 5803 coeun-
