4166 6178
571 225 636 288 7|
1612 215 1850 280 FLAVII
1885 213 2066 278 LUCII
2105 209 2362 277 DBXTRI
2399 211 2816 278 CilRONlCON.

3794 209 3870 270 7'2

568 341 635 400 Α.
673 340 734 398 C.
776 336 870 396 54.
945 336 1195 397 Christus
1224 335 1490 395 Dominus
1517 343 1710 392 noster
1739 336 1789 389 in
1835 347 2054 389 crucem
2097 341 2271 403 actus,
2302 349 2395 389 vtu
2443 334 2662 392 kalend.
2707 331 2932 404 Aprilis,
2965 323 3167 388 invidia
3213 327 3528 389 Judaaorttm
3573 330 3638 386 A.
3663 329 3710 387 R
3739 329 3864 386 785.

1033 433 1326 490 cruciﬁxus
1358 446 1456 502 pro
1485 430 1661 487 salute
1694 425 1862 483 totius
1883 424 2101 496 generis
2145 424 2366 481 humani
2398 426 2634 484 libenter
2661 435 2891 485 mortem
2922 424 3152 497 oppetit.

927 524 1070 582 Solis
1091 524 1362 591 defectio;
1389 533 1444 581 et
1475 522 1714 579 tenebrae
1745 528 1917 576 terras
1946 517 2290 589 cooperiuut.

1784 649 2044 708 BIVABII
2083 647 2652 712 COMMENTARIUS.

575 760 715 829 pbrii
747 756 940 827 liquet)
978 753 1216 812 Severus
1254 751 1491 809 Cecinna
1529 750 1862 834 gravissima
1901 749 2162 834 Oratione
2187 748 2239 807 A
2266 763 2389 802 eum
2434 750 2750 834 injicerent,
2790 764 2854 832 ac
2903 749 2972 805 de
3018 749 3201 834 mediq
3241 747 3516 834 tollerem,
3554 763 3662 834 qua
3705 749 3860 834 Pilati

567 820 893 894 censuisset,
923 820 1000 882 'ne
1038 840 1240 882 uxores
1266 833 1490 879 maritos
1528 820 1581 878 in
1613 823 1946 894 provinciam
1973 820 2159 894 proli-

567 906 839 958 cisecmes
880 892 1324 972 comitarentur;
1358 909 1568 972 _verum
1621 893 1756 972 legis
1813 892 2024 964 rogatio
2079 899 2163 972 est

569 975 743 1038 elusa,
778 969 1150 1026 intercedente
1191 966 1410 1038 Valerio
1450 965 1699 1038 Messala,
1731 979 1796 1038 ac
1839 980 1936 1034 per
1978 965 2160 1017 omnia

571 1035 910 1100 commodius
939 1055 1060 1095 esse
1089 1037 1432 1102 ostendente,
1459 1036 1502 1089 si
1536 1035 1644 1090 illae
1668 1036 1890 1091 maritos
1922 1043 2165 1090 assecta-

574 1123 763 1171 rentur
796 1131 808 1166 :
841 1112 984 1182 quod
1012 1110 1082 1164 ita
1113 1111 1322 1182 jussum
1357 1107 1476 1161 fuit.

639 1177 907 1240 Caeterum
934 1181 1026 1252 qui
1060 1177 1358 1252 subsistere
1403 1179 1600 1252 poterit
1630 1177 1871 1252 iddquod
1899 1177 1966 1233 de
1994 1190 2163 1231 uxore

572 1256 734 1312 Pilati
779 1250 974 1308 Dexter
1021 1251 1210 1317 refert,
1244 1250 1576 1304 admonitam
1626 1250 1836 1304 scilicet
1879 1265 1975 1317 per
2020 1262 2163 1302 som-

572 1329 720 1383 nium
751 1327 802 1380 in
827 1323 1102 1378 Cbrismm
1132 1321 1446 1384 credidisse.
1478 1331 1531 1375 et
1563 1321 1788 1374 salutem
1814 1328 2160 1374 conseeutam

573 1399 772 1455 fuisse?
806 1393 1088 1462 Quomodo
1135 1408 1234 1464 per
1265 1391 1533 1446 somnium
1584 1390 1859 1464 admonita
1899 1401 2160 1464 est,__qn:e

573 1485 670 1539 per
697 1460 875 1539 visum
908 1460 1218 1539 latetttrfse
1257 1463 1423 1539 multa
1468 1475 1697 1539 passam
1734 1462 1901 1539 fuisse
1935 1460 2165 1539 :_Mnlta

572 1531 796 1611 (inquit)
825 1553 979 1611 passa
1007 1551 1124 1588 sum
1155 1533 1326 1611 ‘hodie
1362 1549 1451 1611 per
1491 1533 1699 1586 visunt?
1736 1531 1910 1611 Quod
1939 1531 1982 1584 si
2015 1545 2163 1611 per-

573 1601 854 1666 ierr'elai'ta
882 1606 976 1661 fuit
1003 1622 1097 1674 per
1117 1606 1290 1658 visum
1317 1620 1344 1656 a
1363 1601 1650 1664 'Daunone,
1673 1603 1992 1656 undeinlert
2015 1601 2160 1655 illam

573 1684 626 1738 in
657 1679 930 1734 Christum
960 1675 1289 1730 credidisse?
1315 1674 1484 1742 Quam
1520 1689 1655 1728 vero
1701 1675 1928 1728 salutem
1966 1687 2161 1726 conse~

573 1764 696 1808 cnta
727 1749 841 1804 est?
870 1750 1170 1812 Animmne,
1206 1762 1272 1799 au
1306 1747 1590 1814 corporis?
1617 1744 1768 1811 Quod
1801 1744 1866 1798 ad
1898 1743 2159 1798 visionem

576 1828 789 1888 attinet,
835 1835 938 1873 non
986 1827 1068 1872 cst
1114 1817 1255 1888 quod
1290 1831 1630 1882 moveamur,
1678 1831 1771 1885 per
1820 1815 2066 1868 vismnue
2093 1829 2160 1867 an

577 1909 676 1965 per
722 1891 989 1946 somnium
1031 1887 1338 1965 dicendum
1365 1888 1431 1965 sit
1481 1904 1600 1942 eam
1653 1901 1902 1956 passam;
1955 1892 2160 1965 eertum

578 1957 813 2033 namque
843 1969 928 2016 est
954 1968 1113 2033 noctu
1147 1959 1196 2012 id
1230 1957 1514 2033 accidisse,
1541 1973 1664 2014 cum
1693 1970 1943 2033 stiper_ea
1971 1971 2043 2033 re
2062 1957 2162 2009 mi-

577 2027 805 2089 Serit'ad
836 2031 1089 2086 maritum
1138 2044 1296 2083 mane
1324 2028 1605 2084 sedentem
1651 2044 1747 2097 pro
1792 2027 2070 2087 tribunali,
2102 2037 2161 2080 ut

578 2105 853 2182 _Chr_istum
875 2101 1178 2182 iudicaret;
1201 2100 1355 2155 Unde
1382 2100 1525 2182 quod
1557 2101 1769 2170 vulgata
1813 2099 1978 2182 edllio
2027 2097 2156 2178 legit
2185 2121 2233 2182 Β

577 2177 632 2232 iii
664 2169 981 2240 Evange'lio,
1031 2169 1206 2224 Hodie
1251 2187 1341 2240 per
1377 2169 1567 2236 visum,
1613 2169 1832 2225 sanctus
1881 2169 2152 2238 Pagninus

577 2249 765 2309 vertit,
798 2243 972 2299 Hodie
1000 2243 1050 2296 in
1079 2244 1274 2296 somnis
1299 2257 1317 2296 :
1348 2257 1519 2309 quare
1546 2242 1680 2297 illud
1722 2241 1873 2294 hodie
1903 2240 2042 2294 idem
2072 2249 2157 2294 est

581 2327 743 2388 atque
772 2317 870 2388 hac
914 2322 1082 2379 nocte,
1115 2328 1236 2388 cum
1271 2315 1483 2388 somnia
1509 2311 1865 2388 eolempo‘ris
1896 2310 2154 2388 frequen-

582 2382 686 2444 tius
731 2387 1078 2462 contingan
1111 2382 1326 2462 Deinde
1377 2383 1532 2462 multi
1580 2383 1806 2462 (lateor)
1847 2383 2152 2462 credidere,

580 2453 1217 2531 perterrefact'ain_l'ni5se
1243 2462 1400 2531 nocte
1441 2455 1530 2531 illa
1563 2453 1909 2531 salutiferam
1943 2453 2154 2531 Domini

582 2522 794 2594 necem,
818 2525 1179 2580 antecedente
1210 2540 1237 2577 a
1281 2525 1422 2578 malo
1451 2525 1720 2587 daemone,
1751 2525 1839 2592 qui
1885 2522 2008 2577 l‘acti
2043 2537 2156 2588 pm-

579 2600 802 2654 niteutia
841 2597 1056 2660 ductus,
1089 2594 1308 2649 timebat
1341 2594 1451 2663 jam
1502 2610 1571 2650 ne
1609 2594 1750 2648 forte
1800 2595 1964 2662 ipsius
2009 2608 2154 2647 mors

581 2671 844 2740 majorum
873 2665 1268 2740 sibimalor‘um
1295 2679 1454 2740 causa
1487 2664 1839 2740 loret,_quam_
1864 2665 1978 2740 ipsa
2002 2664 2108 2740 vit_a
2137 2681 2150 2714 :

580 2731 722 2810 quod
755 2740 909 2810 inter
925 2736 1062 2810 alios
1095 2734 1607 2810 li:ibanus__lllaurus
1635 2731 1990 2810 'bishedocnit
2022 2731 2156 2787 :In-

582 2803 815 2884 telligens
845 2804 1116 2884 Diabolus.
1138 2822 1194 2884 se
1219 2821 1311 2877 per
1337 2803 1597 2884 Cllrislunt
1623 2805 2152 2884 spolia-amissurum,

579 2875 808 2950 eult'per
834 2877 1100 2933 mulierem
1116 2875 1364 2950 liberare.
1403 2877 1591 2950 liel‘ert
1623 2877 2021 2950 liaﬁrouius_pru
2055 2875 2155 2930 hac

581 2946 853 3008 sententia
899 2950 1078 3004 dirum
1115 2947 1372 3019 lgnatium
1419 2950 1469 3001 in
1513 2949 1735 3019 epistola
1780 2947 1845 3019 ad
1893 2946 2158 3019 Polycar—

582 3039 733 3094 pum,
761 3031 815 3077 et
848 3031 1037 3094 tamen
1070 3017 1242 3090 neque
1270 3017 1337 3094 _in_
1374 3031 1459 3083 ea,
1493 3033 1666 3094 neque
1694 3017 1746 3072 in
1779 3017 1887 3072 alia
1935 3032 2001 3072 ex
2041 3018 2153 3072 suis

579 3089 851 3166 quippiam
884 3093 984 3166 hac
1009 3092 1077 3146 de
1109 3089 1167 3144 re
1198 3089 1339 3143 valui
1369 3090 1625 3158 reperire.

656 3157 852 3220 Vérum
893 3163 1172 3218 enimvero
1210 3157 1532 3230 praestantes
1570 3159 1886 3223 sanctitate,
1932 3173 1996 3230 ac
2023 3157 2152 3214 doc-

581 3237 720 3290 trina
743 3235 930 3289 Patres
961 3229 1225 3287 arbitrati
1253 3239 1380 3286 sunt
1407 3246 1512 3286 non
1554 3230 1950 3286 cacodauuonis
1981 3229 2155 3296 impo-

578 3313 784 3358 stnram
814 3317 1026 3371 passam
1057 3317 1119 3355 ea
1151 3313 1311 3355 nocte
1337 3301 1490 3354 Pilati
1524 3316 1770 3363 uxorem,
1796 3301 1891 3353 sed
1924 3298 2019 3351 Dei
2039 3301 2148 3371 _mi-

580 3369 1098 3430 serantis'vbionem
1127 3378 1183 3424 et
1220 3371 1681 3436 consolationem,
1725 3385 1826 3438 qua
1864 3371 1932 3422 de
1976 3369 2152 3424 salute

580 3461 678 3500 sua
717 3444 1144 3502 admonebatur,
1177 3449 1230 3492 et
1274 3441 1401 3494 Jesu
1449 3439 1654 3494 Christi
1705 3442 1984 3492 divinitate
2018 3455 2030 3493 :
2071 3441 2152 3493 sic

2267 834 2409 874 uxor
2443 823 2610 876 multa
2651 837 2747 890 per
2780 822 2954 875 visum
2989 835 3141 888 passa
3176 821 3300 876 fuit.
3334 821 3491 889 Quod
3521 824 3565 876 si
3596 825 3706 890 jam
3736 826 3860 879 lacti

2265 890 2419 946 illum
2455 892 2784 960 poenitebat,
2827 907 2924 948 cur
2951 891 3258 947 Judacorum
3297 891 3464 948 corda
3512 907 3618 948 non
3650 905 3859 963 tempe-

2266 963 2422 1035 rabat
2457 963 2526 1035 ab
2551 964 2682 1035 podio
2712 965 2785 1035 in
2830 963 3005 1035 ipsum
3040 972 3302 1035 concepto
3332 963 3474 1035 {seu
3522 964 3686 1035 (quod
3725 965 3858 1019 faei-

2267 1031 2370 1104 lius
2421 1034 2728 1104 videbatur)
2784 1031 3044 1090 inéitabat
3091 1033 3302 1089 turbam
3344 1031 3575 1089 Christo
3603 1036 3854 1090 devotam

2267 1103 2354 1176 ad;
2382 1103 2743 1170 seditionem,
2779 1121 2882 1176 qua
2912 1106 3171 1160 innocens
3217 1120 3245 1158 a
3293 1114 3467 1160 morte
3515 1108 3857 1174 eriperetur?

2265 1174 2411 1245 l‘lihil
2445 1176 2637 1232 horum
2670 1174 2816 1245 fecit,
2849 1192 2969 1230 cum
2998 1186 3173 1229 tamen
3206 1176 3412 1230 nullum
3445 1191 3549 1231 non
3597 1177 3855 1233 movisset

2266 1244 2541 1318 lapidem,
2573 1251 2690 1318 ejus
2737 1244 2811 1301 rei
2840 1262 3026 1312 causa,
3073 1249 3118 1301 si
3155 1247 3290 1318 lacti
3335 1248 3504 1302 semel
3537 1248 3854 1315 paenitentia

2265 1316 2576 1388 duceretur.
2606 1316 2964 1388 Quapropter
2997 1333 3119 1372 eum
3153 1317 3359 1372 Destro
3403 1321 3722 1384 asserimus,
3764 1320 3855 1374 Pi-

2265 1387 2358 1442 lati
2386 1393 2674 1460 coniugem
2709 1405 2803 1457 per
2832 1387 3102 1444 somnium
3131 1387 3485 1454 admonitam,
3514 1388 3718 1446 Christi
3740 1391 3851 1444 1))-

2265 1459 2398 1531 mini
2432 1459 2820 1524 innocentiam,
2851 1469 2906 1516 et
2935 1461 3270 1528 maiestatem
3298 1463 3651 1529 cognovisse,
3691 1471 3852 1531 atque

2265 1529 2318 1602 in
2348 1531 2521 1599 ipSum
2554 1531 2870 1586 credidisse.
2896 1531 3032 1598 Quid
3069 1541 3246 1585 autem
3271 1531 3375 1585 sibi
3401 1531 3536 1595 vult,
3569 1533 3710 1602 quod
3743 1529 3851 1588 nou

2264 1601 2589 1670 simpliciter
2613 1602 2816 1657 vidisse
2854 1602 3083 1666 dicitur,
3117 1601 3209 1653 sed
3241 1603 3382 1671 quod
3416 1601 3595 1657 multa
3616 1603 3669 1658 in
3701 1619 3849 1659 som-

2265 1672 2349 1724 nis
2376 1687 2627 1744 perpessa
2674 1673 2798 1744 est?
2826 1672 2967 1727 Nihil
3004 1673 3391 1727 consonantius
3419 1675 3656 1728 occurrit
3683 1691 3848 1744 quam

2263 1743 2405 1809 quod
2441 1744 2640 1796 DeXIet‘
2665 1743 2861 1812 refert,
2910 1745 2973 1798 iis
3018 1761 3138 1810 qum
3185 1757 3337 1812 passa
3387 1753 3468 1798 est
3511 1743 3849 1803 admonitam

2265 1812 2453 1874 fuisse,
2490 1824 2546 1866 ut
2585 1813 2641 1867 in
2681 1811 2957 1868 Christum
2986 1811 3273 1868 crederet:
3311 1829 3431 1869 cum
3457 1815 3598 1870 enim
3624 1817 3844 1873 ethnica

2262 1891 2408 1957 esset
2435 1883 2649 1957 mulier,
2699 1899 2798 1939 nec
2837 1884 3040 1953 quaevis
3085 1883 3381 1957 admonitio
3427 1885 3733 1957 sufﬁceret,
3787 1897 3846 1942 ut

2269 1955 2536 2025 pra-heret
2570 1955 2762 2020 Iidem;
2793 1971 3088 2025 congruum
3125 1955 3257 2021 fuit,
3288 1965 3346 2010 ut
3383 1959 3655 2012 cruciatus
3686 1955 3841 2013 acer-
3880 1972 3884 1976 '

2263 2023 2516 2096 bissimos
2547 2038 2844 2094 pateretur,
2877 2023 3158 2096 quousque
3177 2026 3299 2080 data
3324 2028 3377 2081 in
3401 2025 3673 2083 Christum
3709 2029 3838 2096 lide,

2263 2095 2490 2150 salutem
2522 2100 2770 2166 corporis
2801 2095 2960 2152 simul
2991 2107 3043 2153 et
3072 2095 3268 2151 anima:
3298 2113 3592 2154 consecuta
3620 2101 3708 2153 sit.
3734 2095 3840 2156 Ne?

2259 2180 2365 2235 que
2400 2166 2604 2239 _mil‘lllll
2638 2167 2807 2239 videri
2849 2167 3006 2224 debet
3037 2209 3051 2233 ,
3096 2167 3254 2222 Pilati
3285 2169 3574 2239 coniugem
3621 2170 3841 2226 Christo

2259 2250 2359 2313 per
2389 2237 2548 2313 [idem
2581 2237 2898 2313 adhaesisse,
2921 2254 3051 2313 cum
3075 2239 3216 2313 Luca
3244 2237 3517 2313 referente
3543 2240 3682 2311 (cap.
3717 2241 3836 2313 vtn)

2258 2307 2401 2362 inter
2429 2309 2560 2363 alias
2596 2311 2851 2364 mulieres
2877 2325 2996 2378 qua:
3022 2309 3091 2364 de
3119 2309 3230 2363 suis
3259 2307 3602 2365 facultatibus
3634 2307 3840 2378 prsidi?

2257 2381 2404 2432 canti
2450 2379 2575 2434 .lesu
2615 2379 3036 2448 ministrabant,
3067 2381 3229 2435 etiam
3257 2379 3470 2436 Joanna
3510 2382 3838 2439 luerituxor

2257 2448 2456 2520 Cliuzze
2484 2451 2852 2520 procuratoris
2885 2452 3130 2506 Ilerodis.

2328 2519 2568 2596 Denique
2610 2536 2802 2596 nomen
2835 2524 3017 2596 uxoris
3062 2523 3217 2578 Pilati
3265 2525 3522 2596 multum,
3571 2525 3836 2596 augiequc

2258 2593 2578 2662 perquirens
2603 2635 2617 2658 ,
2659 2594 2704 2646 si
2734 2594 2915 2648 forsan
2945 2594 3084 2647 alius
3116 2605 3311 2662 praeter
3344 2595 3603 2649 Dextrum
3631 2593 3836 2652 Procu-

2258 2661 2361 2732 lum
2403 2665 2715 2728 vocitasset,
2767 2665 3001 2717 tamdent
3048 2661 3210 2718 ineidi
3261 2666 3314 2718 in
3358 2665 3634 2732 Evangelii
3675 2666 3836 2722 Nico-

2257 2731 2403 2785 demi
2433 2734 2752 2803 clausulam,
2781 2752 2882 2802 qua
2919 2735 3003 2788 his
3034 2736 3213 2788 verbis
3246 2737 3476 2803 idipsnm
3510 2731 3836 2801 comproba-

2257 2810 2344 2877 tur
2375 2822 2388 2858 :
2420 2799 2688 2876 Cogitante
2706 2799 2823 2859 vero
2846 2805 3164 2877 Pilotoguid
3194 2799 3363 2877 ageret
3401 2807 3468 2860 de
3493 2799 3651 2872 Iesu,
3699 2809 3837 2865 misit

2255 2875 2324 2926 ad
2350 2890 2466 2948 eum
2489 2875 2618 2948 uxor
2633 2879 2763 2948 ejus,
2784 2878 2991 2948 nomine
3021 2875 3272 2946 Provida,
3301 2879 3511 2948 dicens:
3543 2877 3694 2932 Nihil
3718 2880 3832 2947 libi,

2255 2954 2302 2998 et
2334 2943 2490 2998 Iusto
2530 2947 2606 2999 illi
2626 2943 2836 3018 [multa
2869 2947 3007 3001 enim
3037 2964 3188 3018 passa
3225 2943 3340 3001 sum
3369 2947 3524 3002 hodie
3548 2948 3601 3001 in
3641 2943 3835 3006 somnis

2255 3025 2463 3086 propter
2505 3032 2639 3071 eum.
2678 3017 3060 3085 llespondentes
3096 3018 3271 3073 Judaei
3294 3062 3307 3084 ,
3343 3021 3583 3073 dixerunt
3616 3018 3793 3076 Pilato
3815 3039 3834 3077 :

2258 3085 2527 3159 Numquid
2558 3104 2657 3141 non
2687 3090 2931 3154 diximus,
2957 3091 3078 3159 quia
3103 3091 3368 3152 maleficus
3393 3099 3467 3144 est
3487 3091 3512 3143 .9
3541 3089 3675 3143 Ecce
3694 3109 3833 3146 soni-

2255 3157 2402 3210 nium
2427 3160 2637 3214 immisit
2667 3165 2734 3212 atl
2758 3157 2977 3212 uxorem
3015 3170 3176 3212 tuam.
3211 3161 3336 3214 Haec
3358 3160 3452 3213 ibi.
3484 3159 3597 3214 Non
3627 3160 3835 3216 inlicia-

2255 3243 2380 3300 mur
2422 3229 2564 3282 inter
2604 3229 2912 3300 apocrypha
2960 3230 3232 3284 recenseri
3279 3231 3631 3300 Evangelium
3670 3232 3834 3290 Nico-

2254 3297 2397 3352 demi
2440 3308 2494 3352 ct
2525 3297 2786 3370 Josephi;
2816 3297 2922 3353 hoc
2949 3316 3077 3354 Vt'l'O
3113 3317 3216 3354 non
3263 3297 3456 3366 obest,—
3486 3317 3614 3366 quin
3659 3303 3709 3358 in
3747 3305 3832 3360 his

2253 3384 2373 3437 qum
2431 3370 2635 3445 Divinis
2690 3370 3041 3445 dogmatibus
3074 3387 3214 3445 _non_
3261 3371 3619 3428 adversantur
3666 3374 3832 3445 ret'ipi

2257 3447 2440 3514 queat.
2487 3441 2542 3493 In
2578 3441 2882 3514 bocautem
2911 3441 3052 3514 nihil
3074 3441 3322 3496 Matthmo
3346 3446 3675 3514 contrarium
3709 3441 3834 3514 pro-

581 3514 973 3586 Chysostomus
1005 3528 1019 3564 :
1047 3509 1165 3564 Non
1188 3509 1396 3586 Pilatus
1418 3511 1674 3586 somnium
1705 3510 1856 3586 videt,
1882 3509 1972 3564 sed
1999 3525 2151 3586 uxor,
2181 3501 2226 3561 C
2259 3501 2355 3586 ruit
2383 3527 2404 3586 ε.
2455 3511 2753 3578 praesertim
2811 3513 2863 3586 in
2907 3513 3131 3586 nomine
3181 3515 3366 3586 uxoris
3416 3513 3573 3586 Pilati
3616 3501 3759 3584 quod
3801 3533 3831 3571 a

579 3580 700 3656 quia
724 3585 891 3656 magis
908 3583 1099 3656 digna;
1122 3581 1198 3635 vel
1211 3582 1329 3650 quia
1351 3581 1482 3656 forte
1503 3582 1590 3656 ille
1618 3582 1963 3656 nonldiaisset.
1992 3580 2152 3656 Quasi

581 3651 832 3711 diceret':
872 3651 1090 3724 Dignior
1114 3661 1232 3706 erat
1255 3667 1397 3705 uxor
1423 3651 1756 3724 ejusdivinis
1782 3652 2156 3724 illustrationi-

581 3728 704 3789 bus.
735 3739 788 3782 et
808 3721 1066 3780 idco'non
1093 3737 1184 3776 eas
1209 3737 1400 3792 passus
1427 3721 1521 3776 l'uit
1547 3721 1772 3788 Pilatus,
1805 3724 1899 3776 sed
1930 3721 2150 3790 conjux.

588 3798 822 3854 Volebat
867 3796 1084 3866 quidem
1132 3793 1275 3848 Deus
1317 3792 1410 3866 illo
1438 3794 1762 3866 testimonio
1801 3794 2153 3866 comprobare

581 3881 732 3922 suam
779 3863 1178 3920 innocentiam:
1221 3865 1362 3932 quod
1405 3865 1448 3917 si
1481 3863 1534 3918 in
1577 3865 1782 3918 somnis
1829 3864 2053 3918 Pilatum
2086 3866 2153 3918 de

582 3954 643 3991 ea
687 3938 1026 3991 admoueret.
1077 3935 1246 3987 nollet
1291 3937 1376 3987 ille
1416 3935 1678 3988 visionem
1711 3935 2020 4002 propalare;
2057 3949 2154 4000 per

582 4022 804 4062 uxorem
831 4021 958 4061 vero
987 4004 1234 4059 effectum
1260 4013 1362 4066 est,
1392 4013 1448 4057 ut
1477 4006 1529 4056 in
1559 4005 1728 4058 oeulis
1756 4006 1921 4058 totius
1950 4004 2149 4072 populi,

584 4079 917 4146 sedenteque
962 4076 1155 4146 marito
1197 4089 1292 4142 pro
1339 4074 1625 4146 tribunali,
1669 4076 2036 4146 testimonium
2083 4077 2152 4128 de

584 4143 890 4204 innocentia
915 4144 1126 4216 Domini
1153 4145 1422 4216 prolatum
1446 4144 1535 4198 sit.
1565 4143 1716 4216 Unde
1733 4144 2151 4216 Chrysostomus

583 4221 802 4274 subdit:
840 4217 1061 4286 Propter
1083 4213 1179 4268 hoc
1204 4215 1534 4282 dispensatur
1559 4231 1591 4267 a
1623 4214 1749 4275 Deo,
1790 4213 1926 4284 quod
1964 4217 2152 4269 mulier

579 4291 726 4355 vidit,
763 4301 815 4342 ut
844 4288 1178 4356 manifestum
1212 4285 1446 4356 omnibus
1478 4287 1639 4352 ﬁeret.
1679 4287 1909 4356 Ililarius
1936 4301 2152 4355 quoque

583 4377 704 4416 ean.
736 4361 837 4416 55:
869 4355 1080 4427 Species
1110 4356 1233 4426 (ait)
1262 4355 1314 4409 in
1354 4372 1412 4409 ea
1442 4357 1665 4428 gentium
1703 4355 1862 4424 plebis
1897 4367 1968 4409 est
1988 4397 2001 4418 ,
2039 4374 2152 4428 qua:

571 4449 688 4503 ⁸παρη
703 4430 874 4502 ﬁdelis
895 4445 1032 4494 eum,
1049 4442 1274 4503 cumquo
1297 4427 1704 4503 conversubatur,
1718 4428 2037 4503 incredulum
2059 4444 2152 4503 po-

577 4496 760 4576 pulum
786 4500 853 4553 ad
879 4500 1072 4576 Christi
1103 4499 1255 4576 [idem
1287 4498 1519 4576 adtocat.
1544 4496 1686 4576 Quid
1712 4498 1823 4567 ipsa
1849 4496 2068 4576 multum
2088 4500 2152 4550 sit

546 4577 560 4581 ”
577 4567 730 4639 λιαδδα
755 4589 846 4640 pro
868 4569 1073 4626 Christo
1100 4569 1150 4621 in
1172 4568 1406 4622 eamdem
1423 4569 1637 4640 gloriam
1661 4573 1849 4640 futura:
1873 4570 1980 4639 spei
2001 4567 2151 4620 illum

575 4638 778 4698 invitat.
796 4644 886 4698 Sic
906 4642 1064 4695 ctiam
1089 4639 1416 4695 Ambrosius
1445 4638 1536 4692 lib.
1565 4655 1592 4692 it
1616 4641 1665 4692 in
1689 4638 1952 4706 Luc.cop.
1981 4654 2146 4692 xxnt:

578 4713 816 4767 Manebat
845 4710 1222 4779 uxor7(tuquit)
1242 4750 1256 4770 .
1291 4709 1387 4764 sed
1428 4725 1457 4762 a
1488 4725 1592 4776 quo
1622 4714 1808 4764 mota?
1841 4709 2061 4763 Lucebat
2097 4726 2150 4762 in

578 4794 722 4836 nocte
743 4783 930 4856 gratia,
966 4778 1508 4856 Divinitasneminebat
1535 4818 1563 4856 ,n
1584 4795 1673 4856 nec
1709 4783 1782 4831 sic
1817 4797 1862 4856 a_
1893 4779 2149 4850 sacrilega

2257 3579 2509 3634 Matthmo
2550 3597 2656 3654 non
2688 3582 3029 3654 exprimitur.
3080 3583 3354 3654 liceipitur
3383 3584 3606 3654 proinde
3635 3579 3744 3640 hac
3777 3588 3832 3643 in

2258 3666 2317 3705 re
2351 3666 2454 3704 non
2502 3653 2676 3706 solum
2709 3669 2736 3704 a
2780 3653 3000 3716 Dextro,
3031 3653 3125 3708 sed
3158 3653 3320 3709 etiam
3357 3669 3386 3707 a
3423 3653 3709 3711 Vincentio
3734 3657 3834 3714 Be-

2257 3721 2504 3794 luaeensil
2540 3723 2760 3786 lib.vtt,
2802 3724 3016 3791 Speculi
3057 3723 3184 3778 hist.
3215 3739 3335 3793 cap.
3381 3723 3486 3794 41,
3527 3727 3616 3794 qui
3663 3731 3829 3784 verba

2259 3808 2401 3846 nunc
2433 3793 2624 3857 relata,
2663 3795 2817 3848 nobis
2847 3796 3192 3850 ministravit.
3223 3795 3430 3850 Forsan
3460 3793 3682 3852 Claudia
3714 3799 3831 3856 haec

2263 3863 2490 3918 Procula
2516 3864 2668 3918 Pilati
2704 3879 2859 3928 uxor,
2883 3874 2964 3918 est
3001 3866 3092 3919 illa
3116 3867 3367 3932 Claudia,
3391 3866 3547 3934 cujus
3584 3871 3832 3926 meminit

2261 3934 2459 4010 Paulus
2489 3934 2532 3988 ll
2568 3935 2706 4010 Τίῳ.
2748 3951 2836 4010 tv:
2868 3935 3114 4010 Salutant
3155 3947 3200 3990 te
3225 3935 3481 4010 Eubulus,
3517 3949 3563 4010 et
3594 3937 3824 4010 Pudens,

2254 4015 2302 4058 et
2322 4004 2500 4066 Linus,
2530 4015 2575 4058 et
2603 4003 2842 4060 Claudia.
2874 4006 3216 4061 Conveniunt
3238 4008 3506 4076 siquidem
3530 4009 3582 4063 itt
3616 4025 3702 4075 ca,
3735 4003 3830 4068 uo;

2257 4090 2380 4147 tuen
2407 4117 2421 4139 ,
2452 4085 2504 4130 et
2534 4085 2764 4144 tempus,
2807 4085 2861 4130 et
2901 4077 3111 4147 religio,
3146 4088 3199 4131 et
3230 4078 3412 4132 locus:
3450 4094 3571 4132 nam
3606 4082 3656 4134 in
3692 4083 3826 4140 urbe

2256 4143 2371 4219 haec
2397 4143 2860 4219 Epistolascripta
2885 4155 2969 4219 est
2991 4143 3126 4214 {ubi
3149 4164 3370 4204 uxorem
3396 4147 3578 4214 Pilati,
3603 4154 3826 4219 quando

2255 4215 2372 4284 ipse
2396 4217 2446 4271 iii
2475 4217 2727 4272 exsilium
2767 4217 3086 4286 Lugdunum
3117 4232 3266 4274 actus
3289 4228 3392 4282 est,
3418 4215 3713 4277 verisimile
3742 4236 3827 4280 cst

2256 4292 2617 4360 permansisse
2648 4305 2660 4341 :
2707 4303 2938 4357 eumque
2976 4291 3047 4342 ob
3076 4289 3448 4360 disparitatem
3493 4294 3677 4348 cultus
3717 4311 3825 4351 non

2253 4357 2420 4412 {uisae
2449 4361 2782 4413 comitatam.
3166 4357 3193 4402 ἶ

2324 4430 2375 4483 5.
2403 4428 2635 4484 Christus
2666 4428 2932 4482 Dominus.
2963 4427 3096 4484 Cttm
3127 4430 3243 4485 haec
3263 4430 3443 4485 omnia
3474 4432 3690 4489 abunde
3720 4444 3829 4494 tes-

2258 4508 2366 4553 tata
2416 4503 2528 4553 suis
2578 4503 2794 4578 scriptis
2844 4504 3020 4578 sancti
3071 4501 3429 4578 Evangelista'.
3483 4504 3822 4578 reliquerint,

2256 4585 2362 4645 l_lOl|
2393 4583 2473 4645 est
2497 4585 2597 4645 cur
2625 4574 2975 4645 immorentur
3011 4574 3062 4623 in
3084 4571 3184 4645 eis.
3209 4571 3393 4645 Solum
3423 4571 3660 4629 occurrit
3680 4571 3825 4645 quod

2254 4640 2522 4694 Eusebius
2555 4641 2606 4692 in
2635 4640 2912 4695 Chronico
2946 4643 3182 4703 notavit,
3210 4642 3455 4698 ethnicos
3494 4657 3549 4698 et
3578 4640 3824 4704 auctores

2255 4714 2408 4765 istius
2441 4727 2644 4779 magna:
2676 4714 2895 4778 eclipsis
2921 4712 3050 4764 solis
3083 4714 3413 4768 mentionem
3443 4714 3655 4770 iecisse.
3683 4718 3823 4775 Audi

2259 4781 2546 4852 Eusebium
2575 4783 2905 4852 loquentem.
2933 4779 2997 4833 In
3027 4783 3143 4835 aliis
3165 4783 3485 4838 ethnicorum
3511 4799 3822 4844 commenta~

578 4847 832 4936 sententia
863 4848 1177 4936 temperauit
1209 4847 1316 4936 Nero
1338 4847 1593 4901 di~seutit
1637 4848 1976 4936 Augustinus)
2005 4847 2144 4904 rela-
2171 4875 2226 4936 Β
2255 4852 2346 4904 riis
2367 4850 2475 4936 han:
2499 4855 2567 4905 ad
2589 4847 2790 4906 verbum
2811 4853 3005 4932 scripta
3032 4855 3218 4925 reperi.
3254 4856 3820 4936 Solis‘factadelectio,

577 4935 661 4979 tus
711 4943 740 4976 ει
791 4923 854 4976 D.
907 4917 1110 4974 Τιἰυηιςι
1167 4920 1218 4972 in
1269 4917 1469 4972 Catena
1525 4934 1718 4984 aurea,
1770 4919 1895 4972 dum
1945 4918 2135 4984 docet,

577 5009 863 5061 utrumque
896 4989 1611 5061 conjugem,7ageutelleo,
1645 4991 2011 5061 testimonium
2045 5007 2140 5061 pu-

577 5067 680 5121 lice
731 5059 829 5132 pro
873 5059 1090 5116 Christo
1133 5060 1319 5114 tulisse
1366 5077 1378 5110 :
1414 5059 2138 5132 illetsiquidem_clamavit,

577 5127 742 5191 Nihil
773 5135 898 5187 mali
938 5133 1056 5201 fecit
1081 5149 1100 5198 ,'
1145 5133 1258 5204 ipsa
1286 5145 1438 5195 vero,
1469 5127 1621 5204 Nihil
1648 5132 1738 5204 tibi
1784 5130 1842 5184 et‘
1857 5134 2004 5204 justo
2039 5132 2141 5197 illi;

575 5207 718 5278 quod
770 5205 1097 5284 literoiiymo
1131 5201 1291 5256 etiam
1324 5210 1495 5268 teste,
1543 5201 1667 5257 lldei
1707 5201 1922 5273 gentilis
1962 5206 2143 5274 p0puli

574 5275 891 5348 praesagium
924 5275 1038 5328 luit.

647 5341 776 5402 Mihi
797 5348 983 5400 horum
1010 5344 1282 5412 placitum,
1307 5342 1448 5414 quod
1478 5341 1746 5398 etDexter
1771 5354 1970 5408 tuetur,
2000 5343 2140 5397 mul-

579 5430 632 5474 to
675 5417 843 5488 magis
874 5415 1166 5488 probatur;
1200 5429 1394 5488 nempe
1441 5415 1665 5484 intelligi
1723 5415 1947 5485 nequit,
2000 5414 2141 5483 quod

574 5485 821 5546 diabolus
861 5485 927 5542 eo
971 5486 1090 5556 ipso
1132 5485 1394 5556 temporis
1440 5498 1746 5556 momento,
1775 5502 1881 5553 quo
1911 5497 2140 5539 mortem

571 5560 793 5618 Christo
822 5554 1049 5612 Domitio
1080 5554 1425 5620 moliebatur,
1457 5554 1701 5624 eamdem
1742 5563 2024 5624 tantopere
2051 5571 2143 5609 cu-

570 5643 725 5703 peret
751 5626 1033 5703 impedire,
1064 5626 1319 5703 terrendo
1343 5623 1850 5703 Pilaticonjugem;
1881 5623 1942 5678 ea
1974 5625 2142 5703 siqui-

568 5695 692 5764 δοίη
725 5695 882 5763 nocio
907 5697 1098 5762 ludam
1124 5741 1140 5772 ,
1169 5706 1225 5754 et
1257 5696 1474 5758 Judaios
1500 5695 1752 5770 impulit,
1782 5707 1840 5754 ut
1868 5708 2058 5752 manus
2087 5697 2141 5756 in

2249 4935 2296 4975 et
2343 4924 2562 4978 tenebra:
2607 4937 2762 4990 super
2793 4923 3334 4998 u_niver_sam_'_terrani.
3362 4923 3613 4998 Bithynia
3648 4923 3825 4984 teme;

2251 5005 2390 5047 n.0tu
2419 5008 2698 5068 concussa,
2730 5002 2778 5068 et
2813 4994 2865 5068 in
2891 4996 3019 5068 urbe
3042 4994 3093 5048 Ν
3099 4996 3260 5050 icwna
3289 4997 3422 5051 (edes
3445 4994 3683 5068 plurima:
3710 5017 3826 5055 cor-

2250 5073 2497 5137 ruerunt:
2537 5061 2788 5137 Addtteit_
2820 5064 3014 5118 deinde
3069 5061 3456 5122 testiinoninni'
3487 5069 3820 5137 Plilegontis,

2252 5134 2470 5190 Adriani
2486 5134 2823 5210 imperatorjs
2844 5137 3022 5210 liberti
3045 5149 3095 5191 et
3120 5138 3572 5210 historiographi:
3598 5134 3822 5210 Scripsit

2252 5221 2368 5257 vero
2395 5220 2545 5272 super
2565 5203 2644 5256 his
2673 5215 2725 5281 et
2749 5203 3006 5281 Phlegon,
3037 5209 3127 5281 qui
3148 5203 3559 5281 olympiddarum
3587 5203 3822 5281 egregius

2253 5283 2557 5345 supputator
2587 5284 2680 5340 est,
2708 5277 2762 5328 in
2789 5292 2873 5329 xiv
2903 5276 3034 5330 libro
3070 5277 3143 5330 ita
3185 5276 3394 5331 dicens:
3427 5276 3820 5344 Quarto'au'tem

2252 5344 2388 5418 anno
2425 5344 2539 5418 201Δ
2571 5345 2887 5418 Olympiadis
2908 5347 3018 5415 (qui
3061 5361 3191 5401 Sane
3232 5349 3328 5400 luit
3360 5363 3533 5402 annus
3579 5352 3692 5418 ipse
3734 5369 3818 5407 re-

2247 5415 2574 5484 demptionis
2614 5415 2898 5488 humanm)
2927 5433 3110 5488 magna
3139 5426 3185 5471 et
3211 5417 3459 5488 excellens
3481 5415 3612 5473 inter
3641 5437 3818 5478 omnes

2245 5501 2361 5554 qua:
2379 5498 2498 5540 ante
2524 5503 2635 5540 eam
2670 5486 2964 5558 acciderant
2994 5486 3209 5558 defectio
3231 5487 3356 5541 solis
3394 5501 3465 5542 est
3493 5493 3664 5558 facta;
3697 5491 3817 5548 Dies

2247 5558 2375 5630 hora
2403 5569 2548 5612 sexta
2578 5559 2702 5629 (hac
2729 5556 3009 5622 Christus,
3042 5556 3096 5610 in
3118 5572 3335 5630 erucem
3367 5556 3738 5630 ascenditl'ita
3762 5567 3814 5618 in

2243 5627 2562 5682 tenebrosam
2589 5627 3001 5700 noctemgersus,
3027 5629 3270 5700 ulstellw
3297 5630 3350 5684 in
3378 5631 3504 5686 caelo
3526 5627 3644 5686 visa:
3668 5634 3769 5686 sint
3795 5650 3812 5700 ;

2245 5708 2496 5778 territaque
2517 5708 2684 5755 motus
2708 5697 2762 5753 in
2783 5695 3028 5770 Bithynia
3057 5697 3109 5755 Ν
3115 5701 3291 5758 icwna:
3309 5705 3450 5761 urbis
3471 5703 3658 5761 multas
3680 5695 3816 5766 ardes
