4166 6178
449 208 521 268 87

1489 211 1720 272 FLAVll
1760 210 1939 271 LUC“
1978 207 2241 267 DEXTBI
2277 202 2696 265 CHRONICON.

443 323 514 381 A.
541 321 603 380 C.
635 323 726 383 54.
806 325 1005 385 Ultima
1034 325 1123 383 die
1149 326 1314 396 Junii,
1343 329 1517 385 sancti
1544 328 1641 385 Dei
1669 326 1937 399 Apostoli,
1985 322 2343 397 quadraginta
2371 328 2429 378 et
2454 327 2578 377 octo
2621 318 2814 376 diebus
2846 319 2966 390 plus
3006 318 3274 385 minusve,
3306 320 3430 388 posit
3455 309 3754 371 A.R.785.

875 419 1167 476 adventum
1206 421 1443 492 Spiritus
1473 421 1665 488 sancti,
1697 418 2028 476 conveniunt
2059 417 2115 473 in
2141 414 2428 474 cmnaculo
2452 413 2603 479 Sion,
2634 427 2755 482 qua:
2774 410 2978 477 domus
2998 420 3120 467 erat
3142 410 3325 466 Maria:
3353 423 3468 465 ma-

880 514 980 570 tris
1026 514 1282 584 Joannis,
1317 523 1680 586 cognomento
1731 513 1926 580 Marci,
1977 527 2040 568 ac
2071 511 2261 567 habito
2291 507 2554 572 consilio,
2586 507 2869 565 sortitione
2911 506 3126 570 divina,
3170 502 3478 575 provincias

881 608 1068 665 mundi
1113 608 1527 679 przrdicationis
1547 612 1709 665 causa
1748 607 1892 664 inter
1917 622 1979 663 se
2005 604 2334 677 partiuntur.
2377 600 2721 672 Contigitque
2748 599 2810 657 S.
2852 599 3055 656 Jacobo
3082 597 3332 654 Zebedazi
3364 595 3477 652 filio

884 702 1166 774 llispania,
1196 701 1391 758 Joanni
1416 702 1565 770 Asia,
1595 700 1849 758 Matthazo
1870 698 2170 769 Ethiopia,
2194 697 2418 753 'l‘homa:
2438 694 2609 763 lndia,
2635 694 2888 765 Philippo
2917 693 3136 766 Scythia
3165 701 3219 750 et
3244 692 3471 759 Callia);

883 795 1000 863 Quo
1032 804 1279 866 tempore
1305 810 1544 852 canones
1571 794 1828 861 eduntur,
1859 802 1915 850 et
1935 792 2256 864 apostolicae
2278 786 2694 848 constitutiones
2718 796 3139 861 componuntur,
3172 787 3242 845 ad
3282 788 3480 846 Sacra-

890 896 1196 948 mentorum
1223 897 1278 947 et
1310 889 1478 947 totius
1507 889 1770 947 Ecclesia:
1790 874 2176 945 (econoa'tiam.

1690 1061 1949 1121 BIVARII
1987 1058 2557 1120 COMMENTARIUS.

470 1186 638 1252 ipsius
668 1190 937 1255 spectant,
970 1180 1179 1255 scribit
1224 1179 1422 1238 Heleca
1472 1180 1528 1237 in
1569 1179 1948 1238 additionibus
2000 1176 2069 1234 ad
2095 1179 2150 1240 Α
2173 1179 2462 1255 cundum_a
2484 1177 2692 1255 Christi
2718 1189 2894 1255 morte
2919 1179 3193 1255 incidisse.
3222 1176 3333 1235 Sed
3350 1175 3473 1233 lucc
3498 1176 3770 1234 sententia

474 1253 733 1313 Dextrum
764 1255 850 1309 his
873 1253 1054 1310 verbis
1080 1272 1094 1306 :

551 1327 666 1382 Nec
691 1327 861 1381 minus
896 1326 1181 1379 celebratur
1206 1324 1452 1379 memoria
1483 1324 1544 1380 S.
1569 1322 1684 1380 Caii
1712 1321 1937 1378 Cornelii
1961 1337 2081 1376 cen-

479 1399 700 1453 turionis
751 1396 872 1467 (qui
900 1397 1020 1467 fuit
1064 1396 1152 1450 ille
1198 1396 1464 1467 centurio,
1516 1395 1668 1465 cuius
1714 1394 1965 1462 {amulum
2013 1394 2084 1446 ad

478 1462 844 1539 Capltarnaum
870 1462 1111 1539 Christus
1136 1462 1357 1534 sanavit)
1388 1483 1406 1519 :
1429 1462 1605 1539 postea
1632 1466 1856 1539 sociatus
1873 1473 2079 1539 apostof

484 1533 572 1603 lis,
596 1543 707 1592 neci
763 1538 826 1594 S.
855 1537 1109 1603 Stephani
1133 1533 1399 1604 interitit;
1429 1533 1646 1592 Petrum
1665 1545 1715 1589 et
1757 1533 1985 1588 Paulum
2014 1534 2084 1587 ad

484 1610 778 1677 Hispanias
835 1615 1093 1662 venientes
1142 1608 1417 1677 comitatus
1463 1616 1557 1659 est.
1609 1604 2084 1677 Tandem_pra_t_di-

488 1673 611 1736 cans
630 1676 1094 1750 Scepsiniensibus,
1119 1693 1272 1750 prOpe
1325 1676 1442 1729 dam
1465 1686 1706 1750 ingratus
1719 1685 1810 1729 est.
1828 1673 2089 1750 Prwdicat

485 1754 541 1807 in
590 1745 891 1821 Hispania:
927 1747 1077 1821 longe
1114 1745 1219 1821 hic
1246 1747 1379 1821 alius
1430 1765 1461 1799 a
1501 1745 1753 1821 Cornelio
1794 1745 2092 1821 centurione

489 1816 713 1876 cohortis
749 1818 950 1873 Italiae
978 1833 995 1871 :
1020 1816 1119 1872 hoc
1157 1817 1392 1871 Cornelio
1435 1818 1596 1889 multo
1635 1817 1846 1889 juniare
1880 1816 1967 1889 ille
1994 1831 2092 1889 se-

494 1895 630 1946 nior.
666 1890 906 1945 Pervenit
950 1902 1123 1942 autem
1167 1904 1328 1953 usque
1362 1890 1430 1941 ad
1459 1886 1774 1952 Adrianum,
1817 1886 1900 1940 cui
1935 1887 2092 1939 etiam

499 1964 685 2089 clung;
709 1962 829 2033 fuit,
874 1968 929 2014 ut
955 1957 1100 2015 docet
1129 1958 1323 2014 Dexter
1365 1960 1585 2032 inferius
1613 1960 1681 2012 ad
1716 1974 1913 2012 annum
1940 1956 2095 2012 Chri-

499 2053 516 2087 s
535 2044 571 2088 tt
689 2072 702 2086 .

490 2053 516 2087 δ
535 2035 571 2088 ti
612 2035 702 2088 66.

564 2107 653 2159 11.
672 2103 965 2175 SanctiDei
978 2102 1397 2175 ApostaliNaria
1414 2101 1790 2175 fuithactenus
1801 2100 2093 2175 Doctorum

508 2175 772 2247 sententia
795 2174 861 2229 de
881 2171 1127 2247 tempore
1145 2174 1427 2229 divisionis
1451 2174 1855 2247 Apostolorum;
1877 2171 2098 2247 quidam

507 2247 652 2300 enim
666 2244 853 2299 volunt
873 2240 1066 2303 factam
1085 2247 1265 2300 statim
1286 2261 1315 2298 a
1336 2240 1586 2314 passione
1603 2240 1840 2303 Domini;
1856 2258 1990 2311 quos
2001 2244 2100 2297 du-

510 2315 952 2388 eit'l‘lieophanes
967 2320 1021 2374 in
1036 2316 1365 2388 Symphonia
1378 2314 1579 2388 veteris
1590 2325 1644 2388 et
1656 2317 1779 2368 novi
1793 2314 2102 2388 Testamen-

512 2387 574 2460 t_i;
590 2399 638 2460 et
658 2384 1551 2460 lihenterampleétunturnounulli
1565 2386 1946 2460 Hispanorum,
1963 2385 2101 2460 utita

516 2458 675 2513 facile
696 2465 953 2515 tueantur
974 2456 1359 2530 profeCtionem
1390 2458 1459 2530 D._
1476 2457 1667 2530 Jacobi
1686 2457 1738 2510 in
1765 2456 2100 2525 Hispaniam,

515 2530 814 2599 paulopost
837 2527 1289 2586 resurrectionem
1305 2527 1524 2582 Domini
1547 2528 1762 2589 factam,
1782 2537 2100 2599 cumtamen

520 2598 648 2653 ante
670 2598 1054 2666 Apostolorum
1077 2607 1397 2654 caeterorum
1423 2598 1745 2652 divisionem
1770 2598 1993 2651 minimc
2014 2611 2104 2652 ac-

518 2668 746 2733 ciderit;
765 2678 821 2723 et
841 2668 892 2723 id
912 2687 1018 2727 non
1040 2670 1270 2725 obscure
1288 2668 1502 2724 videtur
1523 2670 1753 2722 innuere
1771 2669 1832 2721 D.
1847 2666 2103 2723 Clemens

521 2738 682 2794 Rom.
710 2740 762 2793 in
787 2739 999 2808 epist.l
1037 2741 1104 2795 ad
1141 2740 1403 2795 Jacohum
1449 2737 1671 2793 fratrem
1708 2737 1943 2793 Domini.
1999 2738 2104 2794 Alii

525 2810 595 2864 ad
618 2809 765 2864 aliud
792 2821 1093 2868 extremum
1121 2810 1455 2866 declinantes
1477 2809 1834 2875 contendunt,
1868 2823 2009 2863 anno
2037 2809 2104 2864 12

522 2880 594 2935 ab
637 2879 828 2935 eadem
860 2885 1117 2951 passione
1154 2880 1481 2951 perfectam;
1527 2878 1930 2951 idiquodiuter
1955 2890 2107 2935 vetu-

524 2951 795 3023 stissimos
832 2950 1018 3009 docuit
1052 2953 1373 3023 Apollonius
1417 2951 1558 3023 apud
1586 2950 1879 3023 Eusebium
1921 2952 2017 3006 lib.
2074 2966 2107 3006 v

525 3021 665 3077 Hist.
693 3036 746 3094 (εἐ
776 3023 842 3078 17
863 3066 878 3091 ,
909 3026 1064 3094 cujus
1085 3020 1147 3081 ea
1170 3033 1294 3078 sunt
1317 3020 1482 3078 verba
1517 3040 1540 3094 :7
1563 3022 1633 3077 Se
1654 3020 1946 3094 traditione
1961 3037 2109 3094 acce-

526 3094 683 3165 pisse,
708 3091 1033 3150 Servatorein
1054 3096 1359 3150 mandatum
1376 3095 1484 3147 suis
1508 3091 2015 3165 dedisse_Apostolis,
2032 3109 2108 3165 _ne

523 3161 594 3216 ad
623 3179 785 3237 annos
808 3165 875 3219 12
903 3164 1285 3237 Hierosolymis
1312 3165 1653 3237 discederent.
1700 3161 1952 3237 Clemens
1982 3162 2110 3220 Ale—

526 3235 828 3291 xandrinus
839 3238 1072 3292 refertin
1103 3234 1241 3290 hanc
1255 3236 1580 3290 sententiam
1601 3235 1855 3304 pratcepti
1880 3234 2109 3290 formam

522 3305 618 3358 lib.
647 3320 701 3357 vt
726 3308 982 3360 Stromat.
1017 3307 1182 3364 :Post
1209 3306 1481 3374 duodecim
1520 3320 1685 3356 annos
1708 3304 2014 3374 egredimini
2056 3306 2111 3359 in

529 3376 815 3440 mundum;
846 3391 909 3428 ne
922 3376 1036 3442 quis
1061 3378 1230 3429 dicat:
1249 3373 1372 3428 Non
1389 3374 1696 3427 audivimus.
1727 3373 1839 3427 Hoc
1866 3373 2110 3443 sequitur

514 3443 678 3516 ’Beda
698 3445 1188 3516 AinMartyrologio
1206 3460 1345 3516 suo,
1390 3459 1624 3514 eumque
1646 3443 1812 3499 refert
1834 3443 2110 3501 Usuardus

529 3515 671 3585 apud
697 3513 965 3569 Molanum
989 3516 1076 3572 die
1103 3513 1169 3571 15
1193 3515 1342 3571 Julii.

606 3585 865 3657 Neutrum
899 3585 1088 3657 horum
1121 3595 1267 3642 stare
1306 3593 1490 3657 potest
1513 3600 1634 3641 cum
1679 3586 1937 3646 veritate:
1987 3601 2110 3642 nam

532 3667 722 3712 contra
754 3655 806 3710 id
849 3656 990 3728 quod
1034 3655 1393 3727 TheOphanes
1422 3658 1636 3723 asserit,
1685 3673 1745 3714 se
1770 3658 1998 3727 apponit
2046 3658 2107 3712 Ι).

532 3728 708 3800 Lucas
733 3729 851 3800 Act.
872 3727 961 3795 vi,
993 3727 1194 3784 docens
1216 3729 1358 3799 quod
1382 3739 1502 3800 post
1534 3744 1724 3785 necem
1754 3736 2113 3800 protomarty-

533 3799 609 3853 ris
630 3799 893 3868 Stephani
911 3809 1096 3855 exorta
1116 3815 1305 3869 magna
1324 3800 1376 3853 in
1399 3799 1690 3855 Ecclesium
1711 3799 2108 3871 persecutione,

537 3884 712 3921 omnes
747 3871 980 3942 dispersi
1026 3882 1144 3925 sunt
1188 3880 1376 3942 praeter
1417 3872 1685 3942 Apostolus
1709 3888 1729 3926 :
1769 3881 2107 3942 comantem

534 3938 791 4011 martyris
819 3953 966 4011 mors
994 3942 1060 3993 ad
1091 3938 1297 3995 calcem
1327 3938 1869 4011 anni'redcmptionis
1911 3941 2103 3995 huma-

537 4024 622 4062 na:
653 4010 794 4062 facta
825 4007 1006 4078 fuerit,
1038 4019 1093 4065 et
1121 4019 1251 4064 tunc
1295 4011 1537 4078 Apostoli
1569 4007 1799 4080 dispersi
1829 4026 1934 4065 non
1966 4014 2103 4079 sint,

531 4092 871 4146 consequens
896 4089 999 4146 est,
1032 4089 1090 4135 ut
1114 4081 1432 4135 corumdem
1479 4080 1676 4135 divisio
1720 4096 1823 4136 non
1856 4083 2111 4137 acciderit

534 4149 716 4221 statim
742 4164 772 4202 a
801 4149 1051 4221 passione
1098 4151 1331 4206 Domini.
1365 4148 1516 4206 Facit
1544 4165 1673 4206 vero
1710 4161 1898 4206 contra
1945 4153 2112 4221 Apol-

532 4218 662 4294 lonii
694 4228 748 4274 et
793 4220 1334 4294 Clementisdictum,
1357 4222 1499 4291 quod
1531 4221 1591 4275 Ι).
1618 4223 1829 4277 Marcus
1860 4218 2109 4294 Evange-

533 4289 664 4343 lium
690 4305 850 4363 suum
867 4291 1125 4363 clauserit
1151 4289 1468 4356 asserenda,
1489 4294 1632 4363 quod
1649 4307 1773 4347 cum
1795 4293 1880 4347 illa
1906 4289 2112 4349 scribe-

541 4369 646 4425 ret,
671 4359 920 4435 apostoli
963 4363 1257 4435 secundum
1298 4359 1599 4431 jussionem
1653 4365 1861 4419 Domini
1893 4364 2111 4435 profecti

540 4431 943 4504 pra’dicaverant
956 4432 1164 4504 ubique,
1181 4433 1401 4488 Domino
1417 4443 1744 4504 cooperante,
1760 4444 1805 4488 et
1827 4431 2111 4490 sermonem

534 4501 873 4571 conﬁrmante
899 4501 1221 4571 sequentibus
1244 4506 1427 4573 signis.
1449 4501 1670 4560 Certum
1699 4501 1878 4561 autem
1902 4516 1955 4560 et
1981 4521 2110 4561 cou-

530 4581 682 4627 stans
709 4580 830 4646 esta
840 4574 945 4645 pud
967 4586 1439 4642 onmeSauctores,
1456 4575 1689 4646 Marcum
1718 4576 2107 4646 evangelistam

529 4658 605 4697 sc:
624 4645 815 4717 ipsisse
836 4644 977 4699 anno
998 4647 1286 4702 undecimo
1307 4661 1335 4699 a
1359 4649 1612 4717 passione
1632 4644 1829 4702 Christi
1857 4644 2066 4703 Domini
2092 4663 2108 4702 :

534 4714 677 4766 unde
705 4715 828 4787 fieri
850 4731 956 4787 non
991 4720 1164 4784 potuit
1192 4729 1250 4771 ut
1277 4714 1664 4787 Apostolorum
1696 4719 1891 4772 divisio
1922 4720 1973 4772 in
2015 4734 2110 4772 an-

531 4798 663 4859 itum
696 4784 761 4836 1’2
784 4784 1065 4859 sitdilata,
1096 4802 1218 4839 cum
1258 4784 1504 4859 inﬁtion
1536 4790 1713 4859 solum
1743 4789 1899 4841 divisi
1955 4804 2110 4859 repe-

529 4852 757 4927 riantur,
813 4856 908 4910 sed
936 4865 991 4910 ct
1042 4864 1154 4911 toto
1194 4858 1326 4911 orbe
1369 4856 1599 4926 dispersi
1652 4852 2112 4927 praedicassefet

528 4924 784 4979 miracula
810 4928 971 4982 inulta
1002 4938 1363 4997 perpetrasse.
1385 4924 1624 4983 'Accedit
1653 4924 1810 4998 quod
1850 4929 2050 4984 Paulus
2075 4930 2111 4985 5

528 5009 672 5050 anno
701 5011 731 5048 a
762 5002 1118 5055 conversione
1145 5013 1262 5065 sua,
1296 5001 1440 5052 venit
1464 4999 1893 5068 Hierosolymam
1918 5000 1985 5053 ad
2015 5016 2112 5054 an-

524 5073 826 5143 teCessores
853 5084 981 5125 suos
1003 5069 1294 5143 Apostolus
1315 5071 1333 5140 (
1358 5080 1416 5126 ut
1446 5072 1565 5143 ipse
1583 5074 1777 5143 fatetur
1805 5070 1872 5126 ad
1893 5069 2012 5143 Gal.
2040 5073 2107 5143 ι),

527 5140 583 5207 et
610 5146 784 5207 tamen
817 5147 941 5194 tunc
967 5140 1071 5195 non
1103 5141 1312 5198 invenit
1338 5143 1435 5207 ibi,
1467 5141 1571 5197 nisi
1594 5142 1812 5197 Petrum
1840 5153 1895 5197 et
1946 5140 2109 5199 Jaco-

524 5203 653 5259 bum
699 5205 931 5285 fratrem
959 5211 1223 5285 _Domini.
1280 5214 1395 5281 Qua
1422 5203 1491 5270 de
1520 5228 1581 5269 re
1607 5212 1834 5271 inferius
1885 5228 2111 5285 agemus

521 5291 666 5331 anno
693 5276 890 5336 Christi
916 5281 1007 5337 58.

599 5346 809 5425 Ut_lnec
837 5353 1020 5407 forsan
1050 5352 1297 5425 fugerent
1316 5354 1772 5422 inconvenientia,
1803 5355 1895 5411 alii
1916 5362 2101 5409 aucto-

522 5431 611 5496 res
636 5417 707 5473 ab
736 5430 961 5496 utroque
989 5417 1234 5482 extreino
1263 5426 1619 5496 declinantes,
1673 5417 1905 5484 mediam
1957 5426 2101 5480 viam

517 5488 834 5560 elegerunt;
967 5498 1161 5568 quibus
1189 5497 1376 5553 Melite
1400 5488 1744 5554 Sardicensis
1788 5499 2098 5568 episcopus,

515 5571 851 5651 ficu-"auctor
881 5565 1046 5651 libelli
1069 5567 1394 5651 detransitu
1422 5568 1683 5651 Eirginis,
1710 5569 1802 5641 qui
1824 5565 2028 5651 creuit
2045 5568 2099 5622 in

516 5628 849 5714 bibliotheca
872 5645 1119 5714 veterum
1148 5639 1390 5714 Patrum,
1423 5628 1705 5714 ΜςιῖιοηίξςΔ
1729 5628 1961 5695 ἰιοιηίιιθ
2017 5638 2099 5691 ἰη-

509 5708 770 5774 signitus;
799 5708 912 5765 vult
937 5708 1257 5768 divisionem
1279 5709 1661 5783 ApOStolorum
1692 5710 1748 5777 in
1773 5724 1971 5775 annum
2009 5721 2098 5766 se-

2184 1258 2391 1306 tantum
2420 1250 2580 1306 Beda:
2611 1250 2905 1320 displicuit.
2941 1260 3003 1305 ut
3032 1251 3346 1307 mendaeem
3404 1264 3524 1304 eam
3570 1262 3770 1305 vocare

2183 1336 2291 1376 non
2320 1320 2650 1376 dubitaverit
2676 1319 2951 1387 :Constat,
2978 1321 3072 1390 ait,
3106 1321 3246 1393 quod
3280 1319 3618 1393 mendacium
3649 1319 3778 1393 scri-

2185 1394 2289 1464 psit
2317 1392 2409 1447 ille
2432 1436 2446 1458 ,
2480 1393 2572 1463 qui
2600 1409 2666 1448 ea:
2689 1410 2919 1464 persona
2946 1390 3223 1464 ,Melitonis
3264 1392 3489 1464 episcopi
3514 1391 3669 1464 Asia:
3713 1390 3779 1464 li-

2186 1460 2619 1537 brumexponens
2649 1460 2879 1537 de_obitn
2914 1462 3177 1537 Virginis,
3209 1460 3359 1537 dicit,
3385 1460 3523 1537 quod
3551 1460 3779 1516 secundo

2188 1543 2302 1605 post
2320 1535 2685 1611 Ascensionem
2707 1533 2918 1611 Domini
2939 1533 3097 1611 anno,
3121 1533 3556 1611 apostolifuerint
3573 1548 3772 1611 omnes.

2190 1604 2298 1677 toto
2330 1606 2469 1677 orbe.
2500 1605 2589 1677 ad,
2614 1606 3010 1677 praedicandum
3037 1609 3088 1661 in
3117 1622 3271 1661 suam
3308 1604 3540 1677 quisque
3567 1606 3781 1677 prouin-

2190 1675 2326 1729 ciam
2364 1674 2716 1743 divisi.Quod
2746 1676 3358 1733 eoulirmatteStimonio
3403 1674 3575 1729 Lucae
3616 1675 3788 1729 Acto-

2194 1760 2315 1819 rum
2339 1761 2437 1800 vm
2470 1745 2705 1819 :Omues
2742 1749 2961 1818 dispersi
3003 1758 3123 1803 sunt
3166 1755 3354 1819 praeter
3391 1744 3665 1819 Apostolus
3687 1760 3708 1797 :
3732 1744 3784 1799 si

2192 1817 2337 1871 enim
2361 1817 2604 1887 Apostoli
2629 1818 2680 1871 in
2696 1818 2784 1871 illa
2811 1816 2982 1887 prima
3006 1816 3381 1887 persecutione
3404 1816 3637 1884 dispersi
3667 1829 3779 1869 nou

2194 1888 2431 1959 fuerunt,
2476 1887 2699 1943 minime
2727 1904 2857 1959 ergo
2899 1890 3055 1946 divisi
3085 1899 3214 1946 sunt
3242 1888 3314 1944 ab
3360 1887 3630 1959 invicem,
3674 1894 3787 1939 toto

2198 1957 2441 2028 ejusdem
2486 1956 2881 2028 persecutionis
2914 1970 3195 2028 tempore,
3228 1975 3348 2029 qua:
3395 1965 3455 2012 ut
3503 1956 3787 2029 minimum

2200 2026 2316 2103 toto
2369 2026 2609 2103 secundo
2653 2046 2796 2085 anno
2842 2042 2964 2103 post
3023 2026 3521 2103 Chris‘ti'muortem
3554 2026 3790 2103 duravit.

2199 2098 2353 2178 Adde
2378 2100 2519 2170 quod
2547 2096 2876 2178 praeceptum
2901 2103 3169 2178 habebant
3197 2097 3523 2178 praedicandi
3550 2096 3788 2178 Judafis,

2200 2168 2513 2241 priusquam
2549 2168 2692 2226 'toto
2726 2168 2876 2229 'orbe
2929 2168 3373 2244 dispergerentur
3428 2171 3494 2244 ad
3549 2168 3791 2244 gentium

2201 2239 2616 2297 conversionem
2657 2259 2671 2297 :
2711 2259 2877 2313 quare
2945 2239 3184 2313 Oportuit
3238 2239 3627 2313 Hierosolymis
3678 2239 3794 2308 pri-

2203 2328 2370 2384 mum,
2418 2326 2474 2368 et
2511 2311 2739 2369 caeteris
2763 2311 2993 2370 urbibus
3023 2314 3230 2369 Judaici
3275 2311 3797 2384 pepuliserio‘prae-

2205 2382 2465 2438 dicationi
2496 2385 2783 2441 institisse.
2819 2386 2953 2441 llinc
2981 2397 3159 2441 ortum
3202 2380 3391 2440 habuit
3441 2381 3585 2437 aliud
3615 2380 3795 2436 Cene-

2208 2453 2393 2526 brardi
2426 2455 2681 2525 placitum
2709 2457 2800 2511 lib.
2832 2457 2866 2511 ὅ
2890 2456 3281 2526 Chronologia:
3304 2470 3431 2526 ann.
3457 2449 3662 2526 Christi
3691 2450 3788 2516 46,

2211 2522 2532 2595 divisionem
2559 2525 2941 2593 Apostolorum
2970 2522 3267 2595 rejicientis
3292 2525 3359 2580 ad
3385 2538 3585 2595 animm,
3604 2522 3637 2578 7
3670 2532 3792 2592 post

2206 2593 2411 2667 Christi
2441 2608 2689 2651 mortem.
2719 2597 2822 2652 Sed
2853 2613 2951 2652 cur
2971 2593 3151 2667 potius
3182 2599 3553 2667 huucrannum
3577 2594 3607 2647 7
3628 2607 3790 2667 quam

2206 2663 2242 2719 5
2275 2666 2357 2739 vel
2388 2666 2421 2721 6
2448 2666 2672 2737 elegerit
2696 2684 2805 2723 non
2831 2663 3092 2725 ostendit.
3123 2667 3290 2739 llujus
3317 2664 3468 2723 dubii
3522 2665 3795 2735 espeditio

2205 2737 2406 2810 pendet
2417 2752 2491 2810 ei;
2524 2741 2790 2810 sequenti.

2283 2808 2367 2863 12.
2413 2804 2616 2863 Ullimd
2657 2811 2741 2864 die
2768 2809 2935 2878 Junii,
2963 2818 3070 2866 etc.
3098 2810 3178 2866 De
3204 2809 3292 2866 die
3313 2823 3531 2880 quoque
3551 2821 3659 2880 lli“?
3677 2805 3797 2862 hare

2209 2893 2364 2935 sacra
2383 2880 2576 2934 divisio
2597 2881 2750 2936 orbis
2772 2883 3013 2937 universi
3039 2884 3179 2937 inter
3199 2878 3493 2946 Apostolos
3524 2878 3794 2933 celebrata

2206 2950 2300 3015 sit,
2333 2965 2439 3004 non
2467 2951 2643 3006 miuor
2672 2960 2754 3006 est
2780 2952 3076 3018 dissensio;
3107 2967 3228 3006 nam
3260 2948 3604 3006 ProcorusS.
3628 2947 3793 3004 Joan-

2209 3022 2295 3076 nis
2325 3019 2623 3093 discipulus
2648 3021 2700 3093 in
2728 3023 2844 3093 ejus
2865 3023 3090 3079 historia
3129 3022 3383 3087 affirmat,
3408 3021 3563 3093 inter
3595 3029 3796 3093 emtura

2207 3107 2330 3161 quae
2355 3092 2407 3145 in
2440 3089 2541 3147 hac
2566 3089 2829 3149 divisione
2885 3094 3021 3150 facta
3050 3103 3198 3157 sunt,
3232 3096 3461 3162 primam
3490 3090 3658 3145 fuisse
3705 3089 3797 3162 Ja-

2209 3162 2335 3217 cobi
2363 3162 2585 3218 Minoris
2610 3165 2955 3232 electionem,
2979 3174 3035 3220 et
3075 3161 3541 3219 consecrationem
3591 3164 3646 3214 in
3676 3161 3799 3232 cpi-

2210 3232 2975 3307 scopumHierosolymorum.
3000 3235 3341 3307 Necmirnm,
3363 3249 3486 3307 eum
3510 3232 3627 3307 haec
3653 3231 3798 3287 illius

2211 3301 2454 3371 Apostoli
2477 3319 2597 3359 sors
2620 3301 2805 3362 fuerit:
2820 3317 3042 3362 auctore
3061 3316 3238 3361 autem
3259 3304 3495 3359 Eusebio
3513 3306 3565 3357 in
3586 3301 3792 3357 Chron.

2210 3388 2341 3427 ann.
2373 3373 2465 3438 54,
2496 3386 2709 3430 constat
2735 3377 2791 3432 S.
2826 3377 3086 3433 Jacobum
3138 3384 3511 3430 consecratum
3541 3388 3663 3428 csse
3705 3373 3795 3428 die

2211 3445 2289 3519 57‘
2308 3444 2663 3519 Decembr_isu(
2675 3463 2832 3517 quem
2863 3450 3107 3519 sequitur
3124 3446 3380 3502 Rabanus
3398 3447 3449 3498 in
3479 3443 3798 3519 squarty-

2212 3515 2420 3590 rologio
2433 3516 2579 3590 apud
2609 3515 2882 3590 C'anisium
2915 3515 3096 3590 A'ntiq.
3122 3519 3292 3590 Lect.
3318 3528 3463 3590 torno
3492 3515 3526 3570 6
3546 3515 3618 3590 )_:
3651 3517 3795 3590 unde

2219 3586 2561 3660 relinquitur,
2580 3596 2663 3660 _ut
2690 3589 2805 3657 ipsa
2837 3585 3217 3660 Apostolorum
3245 3587 3440 3643 divisio
3485 3586 3677 3660 eadem
3707 3585 3797 3640 die

2213 3667 2428 3726 peracta
2456 3656 2545 3711 sit.
2565 3657 2683 3727 Quo
2704 3656 3017 3715 tamennon
3046 3660 3297 3715 obsutnte
3313 3671 3503 3712 omnes
3526 3657 3641 3711 fere
3669 3671 3798 3710 auc-

2216 3736 2360 3799 tores
2377 3728 2876 3799 MartytolOgiorum
2904 3731 3175 3786 affirmant
3202 3729 3535 3799 divisionem
3570 3728 3798 3799 Aposto-

2214 3797 2387 3854 lorum
2413 3801 2465 3853 in
2502 3798 2566 3853 15
2592 3796 2727 3855 Julii
2744 3803 3036 3870 cecidisse,
3075 3801 3237 3866 Beda,
3292 3799 3433 3867 Δύο,
3490 3796 3792 3870 Usuardus,

2213 3877 2267 3941 et
2305 3870 2580 3941 Molanus:
2611 3883 2665 3926 et
2686 3871 2999 3928 Graecorum
3022 3868 3028 3870 ⁷
3048 3870 3430 3941 Menologium,
3460 3871 3541 3922 his
3569 3868 3792 3941 verbis:

2133 3937 2178 4000 C
2217 3936 2312 4014 D_ie
2341 3942 2407 3994 15
2433 3938 2566 4014 Julii
2587 3943 2832 4012 festivitas
2852 3944 3081 4014 omnium
3094 3936 3456 4014 Apostolorum
3484 3940 3691 4009 quando
3706 3938 3796 4014 udi-

2213 4010 2308 4085 pisi
2335 4020 2452 4064 sunt
2576 4010 2809 4079 invicem,
2851 4013 2904 4068 in
2934 4030 3035 4085 qua
3065 4010 3375 4085 festivitate
3394 4013 3797 4085 sertnones‘ha-

2215 4079 2443 4153 bueruut
2489 4081 2931 4153 Clirysostomus,
2954 4079 3034 4140 ’δι’
3062 4084 3151 4138 alii
3178 4084 3388 4140 Patres.
3422 4079 3796 4153 Conveniunt

2212 4150 3234 4225 etiamrPetrus’Equilinusepiscopus,
3284 4155 3378 4209 illo
3403 4151 3518 4217 die;
3552 4161 3606 4205 ct
3651 4150 3794 4225 quod

2211 4224 2423 4277 caeteris
2441 4220 2939 4292 prmstat,Romana
2957 4220 3194 4281 Esclesia
3211 4220 3527 4281 divisionem
3544 4220 3792 4277 eamdem

2210 4292 2524 4365 gelebrahat
2550 4297 2599 4349 in
2630 4298 2851 4365 antiquo
2904 4294 3182 4351 Breviario
3227 4308 3284 4352 et
3319 4293 3522 4365 Missali
3567 4305 3795 4347 cantans

2211 4362 2532 4438 Epistulam,
2563 4365 2730 4438 Corde
2755 4362 2984 4421 creditur
3028 4367 3096 4422 ad
3108 4368 3389 4438 justitiam,
3443 4362 3605 4438 Rom:
3632 4378 3704 4438 π,Δ
3738 4370 3796 4438 et

2214 4432 2588 4504 Evangelium,
2618 4436 2812 4491 Euntes
2850 4437 2903 4491 in
2926 4432 3177 4493 mundum
3204 4437 3527 4504 uniuersum,
3559 4432 3792 4488 Maltltazi

2213 4503 2423 4572 ultimo,
2450 4518 2507 4560 ut
2527 4507 2810 4576 Equilinus
2834 4520 2985 4564 natat
3007 4510 3099 4564 lib.
3116 4523 3189 4576 vt,
3208 4521 3327 4576 cap.
3343 4504 3436 4560 99.
3461 4503 3545 4558 Ab
3567 4512 3795 4576 utroque

2211 4585 2387 4630 autem
2416 4577 2506 4632 die
2525 4575 2630 4630 non
2654 4578 2935 4635 minimum
2963 4580 3171 4634 videtur
3185 4575 3388 4632 distare
3413 4576 3634 4641 Dexter,
3663 4575 3792 4630 dum

2212 4646 2367 4701 docet
2392 4648 2685 4715 contigisse
2729 4651 2816 4706 die
2842 4653 3026 4705 ultima
3053 4649 3217 4704 Junii.

2287 4717 2521 4787 Utraque
2554 4731 2729 4775 tamen
2760 4722 2989 4791 quaistio
3016 4718 3089 4776 de
3119 4720 3210 4791 die
3246 4726 3303 4774 et
3329 4733 3475 4775 anno
3511 4716 3795 4775 divisionis

2211 4791 2526 4858 apostolica:
2572 4792 2727 4847 facile
2775 4790 3024 4855 solvitur,
3054 4792 3098 4847 si
3148 4790 3516 4854 advertamus,
3551 4804 3658 4845 non
3687 4803 3795 4844 uno

2211 4862 2515 4933 eodemque
2527 4862 2613 4917 die
2625 4862 2946 4933 divisionem
2979 4861 3093 4933 (seu
3107 4862 3469 4930 sortitionem)
3487 4859 3797 4933 Provincia-

2210 4947 2328 4987 rum
2349 4930 2540 4987 factam
2557 4934 2694 4986 inter
2703 4930 2996 5001 Apostolos
3002 4973 3016 4996 ,
3031 4942 3085 4988 et
3102 4933 3431 4989 essecutioui
3447 4931 3752 4987 mandatam
3771 4944 3788 4997 ;

2213 5002 2441 5070 primum
2463 5001 2730 5071 siquidem
2756 5002 3044 5059 ultimadie
3068 5003 3214 5060 Junii
3234 5002 3475 5074 ejusdem
3498 5004 3648 5074 anui,
3686 5016 3794 5072 quo

2209 5074 2456 5146 Christus
2480 5087 2576 5142 pro
2586 5074 2752 5146 nobis
2769 5083 3014 5129 mortuus
3027 5082 3132 5144 est,
3145 5072 3453 5146 congregati
3469 5072 3629 5146 simul
3652 5074 3796 5142 Apo-

2211 5144 2355 5212 smli,
2390 5159 2511 5199 cum
2550 5143 2618 5197 ab
2645 5143 2837 5199 eodem
2868 5148 3226 5216 accepissent,
3257 5143 3426 5212 ipsos
3479 5145 3792 5216 universum

2211 5216 2399 5269 orbem
2424 5222 2827 5283 peragraturos,
2846 5227 2901 5271 et
2925 5217 2975 5270 in
3001 5214 3253 5272 omnibus
3277 5222 3547 5270 terrarum
3571 5214 3794 5283 provin-

2213 5286 2314 5339 ciis
2367 5285 2712 5355 Evangelium
2752 5288 3171 5357 przedicaturos,
3203 5287 3271 5343 de
3322 5285 3453 5357 ipsis
3492 5283 3793 5357 provinciis

2211 5364 2390 5428 sortes
2420 5353 2710 5425 miserunt;
2753 5353 2876 5428 'quo
2904 5358 3134 5428 quisque
3156 5353 3369 5413 eorum
3426 5353 3613 5418 sciret,
3645 5353 3791 5424 quod

2203 5427 2508 5499 animarum
2540 5442 2678 5484 onus
2709 5427 2810 5499 ipsi
2833 5427 3191 5493 incumberet.
3242 5442 3306 5482 ac
3346 5442 3452 5499 pro
3481 5438 3673 5499 earum
3706 5437 3794 5477 sa-

2205 5496 2315 5553 lute
2355 5498 2474 5553 sine
2499 5496 2760 5554 dilatione
2789 5511 2844 5554 et
2893 5499 3295 5555 intermissione
3342 5498 3627 5553 Dominum
3666 5508 3794 5550 ora-

2203 5576 2305 5623 ret.
2350 5569 2619 5626 Czetcrum
2665 5585 2771 5624 non
2819 5571 3002 5625 statim
3045 5568 3147 5624 fuit
3175 5565 3510 5625 exsecutioni
3538 5566 3792 5622 mandata

2203 5638 3131 5720 ejusmodiprovinciarumsortitio
3157 5653 3327 5712 usque
3371 5638 3440 5695 ad
3474 5653 3692 5720 annum.
3731 5637 3788 5718 'l2

2204 5716 2263 5766 ut
2306 5725 2432 5769 mox
2467 5712 2752 5770 dicemus:
2784 5712 3047 5783 siquidem
3090 5724 3228 5782 opus
3280 5720 3398 5768 erat
3444 5712 3788 5768 conversioni

2132 2563 2179 2624 Β
