4166 6178
395 232 464 293 89
1425 237 1656 296 FLAVI]
1696 237 1877 297 LUCII
1918 237 2175 296 DEXTRI
2215 238 2633 300 CllRONlCON.
3617 244 3688 305 90

1609 375 1864 432 BlVARll
1901 360 2460 436 COMMENTARIUS.

402 494 898 568 Hierosolymorum
929 502 982 550 et
1013 493 1175 568 totius
1215 492 1417 550 Judaete
1467 493 1706 568 regionis
1756 493 1991 563 primum
2020 495 2070 553 A
2100 492 2391 561 Apostolos
2429 491 2562 568 facta
2609 493 2743 568 l‘uiti;
2791 509 2914 568 nam
2950 493 3354 568 _lliero:olym:e
3398 497 3560 553 etiarn
3593 515 3689 568 per

398 581 585 623 omnes
613 565 896 632 insistere,
943 576 995 620 et
1023 566 1076 620 in
1108 581 1274 620 unum
1296 581 1494 634 corpus
1516 565 1894 619 coalescentes
1932 578 1994 619 se

400 656 427 693 a
453 638 675 694 Judaica
709 639 1089 708 persecutione
1113 636 1442 708 defendere;
1473 646 1527 708 et
1554 635 1622 692 de
1653 634 1836 690 multis
1860 649 1996 708 quo-

401 725 506 780 que
547 705 841 780 distioitere
870 725 989 778 qua:
1017 708 1082 762 ad
1116 707 1273 762 fidem
1321 707 1670 780 catholicam
1699 714 1813 780 toto
1861 705 1996 760 orbe

401 777 777 836 stabiliendam
807 777 1112 834 necessaria
1142 788 1327 836 erant:
1355 779 1615 834 videlicet
1640 777 1708 834 de
1761 777 1847 832 his
1875 791 1995 842 quae

399 852 464 907 ad
509 855 983 906 Sacramentorum
1036 850 1486 916 celebrationem,
1543 858 1598 904 et
1627 847 1994 918 dispensatio-

402 937 548 987 nem,
577 932 633 977 et
661 923 826 978 totius
856 922 1112 978 Ecclesiae
1140 922 1501 977 teconomiam
1533 917 1806 990 pertinere
1849 917 1997 974 vide-

400 994 617 1049 bantur.
646 993 782 1049 Cum
811 1008 943 1048 vero
971 1001 1051 1048 tot
1079 1002 1334 1062 tantaque
1359 991 1616 1046 Ecclesiae
1648 991 1996 1062 stabiliendae

402 1065 616 1134 negmia
651 1076 873 1134 repente
902 1064 1016 1119 fieri
1053 1061 1358 1132 nequirent,
1401 1063 1496 1117 sed
1526 1076 1719 1134 magna
1742 1061 1925 1133 prius(
1939 1070 1998 1134 ut

403 1133 669 1205 paretat)
693 1133 878 1191 habita
908 1135 1266 1199 discussione,
1297 1146 1346 1189 et
1379 1133 1828 1205 maturojudicio,
1853 1133 1995 1205 quod

401 1204 552 1262 recte
598 1210 881 1262 annotavit
929 1207 1129 1262 Dexter
1177 1207 1303 1261 dum
1344 1206 1508 1268 dixit,
1554 1204 1748 1259 Habito
1778 1204 1998 1258 consilio

407 1279 596 1331 factam
618 1293 741 1334 esse
783 1278 1125 1333 sortitionem
1153 1277 1426 1341 divinam;
1479 1275 1604 1331 inde
1637 1276 1698 1330 fit
1737 1284 1796 1330 ut
1820 1274 1999 1330 consi-

407 1351 536 1402 lium
567 1349 836 1418 ejusmodi
866 1349 1226 1418 apostolicum
1261 1365 1364 1402 non
1401 1364 1505 1401 uno
1535 1364 1635 1402 nec
1665 1349 1848 1416 paucis
1877 1346 1996 1418 die—

409 1420 508 1472 bus
535 1417 1176 1490 consummaripotuerit,
1203 1419 1301 1474 sed
1346 1421 1544 1473 multos
1563 1419 1876 1474 necessario
1901 1417 1999 1490 inf-

411 1492 720 1559 suntpSet'it.
773 1493 902 1561 Ejus
927 1488 1062 1546 vero
1092 1490 1351 1545 memoria
1399 1491 1662 1544 celebrari
1715 1488 2000 1561 consuevit

408 1557 831 1633 Hierosolymis,
851 1572 905 1617 et
936 1564 987 1616 in
1010 1562 1492 1633 Oriente,_die_quo
1522 1569 1760 1633 emptum
1789 1566 1892 1633 est,
1921 1557 2003 1610 vi-

405 1633 605 1686 delicet
633 1628 702 1688 5⁷0
731 1633 987 1688 etnltima
1017 1633 1218 1686 mensis
1251 1628 1420 1686 Junii.
1449 1630 1616 1697 Cujus
1645 1629 1720 1683 rei
1751 1628 1997 1681 testimo-

404 1702 551 1756 nium
585 1704 870 1771 perhibct(
899 1705 1102 1757 Dextro
1131 1700 1510 1771 consentiens)
1543 1700 1856 1754 Graecorum
1889 1697 2000 1771 Me-

406 1768 678 1842 nulogi'um
727 1768 870 1844 quod
903 1776 982 1828 sic
1008 1772 1227 1844 habet:
1261 1771 1356 1844 Die
1383 1770 1633 1844 ἓᾏῌιιηὶἱΔ
1667 1768 1996 1844 congregatio

398 1839 700 1898 sanctorum
747 1839 802 1899 'et
854 1843 1233 1897 benedictorum
1287 1841 1555 1894 duodecim
1601 1839 1988 1908 Apostolorum.

399 1917 650 1970 Meminit
679 1915 919 1983 ejusdem
971 1912 1115 1975 festi,
1147 1922 1199 1966 et
1228 1913 1509 1966 verborum
1536 1908 1814 1983 Usuardus
1843 1909 1988 1983 apud

401 1986 670 2040 Nolanum
703 1979 804 2040 hac
828 1985 940 2053 ipsa
964 1983 1072 2037 die.
1103 1983 1288 2053 Obiter
1313 1983 1618 2036 annotarim
1650 1981 1760 2053 falli
1782 1979 1989 2048 eos’qui

405 2059 504 2110 hac
520 2055 608 2109 die
635 2051 932 2109 credebant
957 2055 1096 2124 apud
1118 2052 1336 2108 Graecos
1357 2052 1636 2124 celebrari
1649 2051 1842 2124 festum
1871 2067 1989 2106 om-

405 2127 547 2181 nium
573 2125 956 2192 Apostolorum
983 2121 1168 2190 simul,
1199 2139 1306 2194 quo
1335 2139 1437 2176 una
1467 2122 1585 2177 dies
1612 2121 1804 2194 festiva
1828 2136 1991 2194 cunc-

407 2199 473 2251 tis
497 2207 935 2260 consecraretur,
980 2193 1260 2264 postquam
1293 2194 1646 2264 antecedente
1674 2193 1743 2264 de
1789 2193 1991 2264 princi-

408 2267 896 2336 pibuseorumdem
927 2263 1086 2321 Petro
1109 2263 1163 2319 et
1193 2265 1357 2319 Paulo
1377 2263 1637 2318 solemnia
1677 2263 1813 2336 facta
1857 2263 1992 2318 fuis-

404 2335 544 2393 ςιιηι.
576 2339 630 2394 Si
661 2338 804 2393 enim
835 2337 1152 2398 hoc,Gr:cci
1182 2337 1544 2399 intemlerent,
1579 2335 1986 2402 noudixissent,

408 2409 690 2481 Congregat
698 2411 747 2462 io
763 2408 830 2463 12
847 2408 1238 2477 Apostolorum,
1253 2407 1346 2462 sed
1364 2405 1576 2481 Festum
1593 2406 1992 2481 Apostolorum:

406 2476 542 2533 Nam
585 2476 1016 2549 congregatiOnis
1043 2495 1240 2534 nomen
1287 2479 1577 2532 concilium
1605 2476 1784 2544 sanat,
1811 2485 1867 2532 et
1893 2476 1991 2549 ad-

408 2562 621 2605 vertere
660 2547 968 2604 debuissent
1015 2550 1078 2604 D.
1111 2550 1558 2619 Chrysostomum
1601 2547 1993 2619 homiliam_de

410 2619 681 2675 divisione
706 2623 1084 2686 Apostolorum
1120 2617 1362 2689 ltac‘ipsa
1391 2621 1478 2673 die
1512 2620 1578 2672 ad
1614 2619 1866 2688 populum
1897 2617 1994 2671 ha-

408 2692 612 2755 buisse,
645 2701 702 2745 ιιι
725 2691 965 2746 Molanus
978 2695 1142 2746 refert
1165 2693 1216 2744 in
1244 2692 1388 2746 notis
1416 2690 1481 2742 ad
1517 2690 1640 2744 ldus
1667 2689 1816 2754 Julii,
1841 2703 1990 2742 num.

407 2763 458 2822 5,
494 2764 546 2816 in
573 2777 672 2816 suo
698 2762 960 2817 Usuardo.
1005 2761 1156 2831 Quod
1190 2765 1362 2831 primo
1401 2761 1562 2830 igitur
1585 2761 1782 2814 factum
1815 2770 1899 2814 est
1937 2759 1992 2814 in

409 2833 510 2886 hoc
532 2834 787 2898 concilio,
814 2833 913 2888 fuit
934 2834 1132 2888 divisio
1157 2849 1220 2888 ac
1244 2833 1457 2886 sortitio
1481 2833 1908 2901 provinciarum,
1940 2839 1999 2885 et

409 2906 509 2958 ltoc
540 2904 714 2972 primo
761 2904 1198 2974 congregationis
1237 2903 1343 2958 die.
1377 2903 1784 2974 Consequenter
1813 2911 1992 2974 actium

406 2984 488 3028 est
518 2971 611 3043 per
635 2975 832 3029 mullos
859 2971 993 3029 alios
1019 2973 1087 3030 de
1129 2973 1626 3028 Constitutionibus
1665 2971 1995 3042 Apostolicis

406 3055 462 3099 et
487 3045 797 3100 Canoni'bus
824 3046 1332 3109 Sacramentorum;
1383 3045 1580 3099 deinde
1606 3044 1794 3099 Jacobi
1823 3043 1995 3098 Mino-

405 3116 620 3188 ris(cui
667 3115 1163 3188 Hierosolymorum
1207 3114 1606 3188 administratio
1633 3124 1779 3188 sorte
1820 3114 1996 3188 couti-

405 3185 596 3256 gerat)
625 3185 965 3242 consecratio
1014 3187 1283 3242 celebrata
1325 3185 1407 3240 est
1435 3185 1505 3238 27
1547 3186 1633 3256 die
1657 3185 1989 3249 decembris,

2098 573 2303 639 sortem
2328 565 2680 639 contigerunt
2702 567 2929 621 Jacobo.
2949 566 3062 639 Hoc
3085 565 3476 639 vero'oportuit
3497 565 3686 628 necem

2099 633 2365 708 Stephani
2393 633 2749 708 przecessisse
2773 677 2788 703 ,
2823 633 3410 708 quandoquidem'ipse
3437 639 3692 697 diacona-

2100 715 2210 781 tum
2255 707 2357 781 sub
2377 707 2793 781 illo‘exercuit,
2825 707 3128 781 Aut‘auct’or
3157 719 3241 764 est
3271 707 3328 762 D.
3361 711 3604 781 lgnatius
3635 714 3688 770 in

2097 780 2258 849 epist.
2281 778 2351 849 ad
2377 777 2705 849 Trallianos:
2735 779 2872 845 Quid
2898 778 3106 834 diaconi
3131 781 3254 849 (ait)
3282 777 3689 840 nisi'imitatores

2099 845 2290 920 Christi
2319 848 2671 920 ministrantes
2714 851 2972 920 episcopo,
3002 845 3149 905 sicut
3168 845 3467 920 Stephanus
3501 856 3689 910 beatis-

2097 920 2228 988 simo
2247 917 2466 982 Jacobo,
2491 930 2538 973 et
2559 917 2863 975 Timotheus
2887 917 2949 976 ἐι
2979 921 3126 976 Titus
3150 917 3351 988 Paulo,
3399 923 3678 980 Anacletns

2097 1000 2144 1043 et
2177 987 2412 1062 Clemens
2437 989 2619 1046 Petro.
2652 990 2798 1045 idem
2837 995 3035 1061 repetit
3072 995 3122 1048 itt
3154 987 3382 1062 epistola
3419 995 3483 1049 ad
3509 997 3686 1051 llero-

2100 1072 2244 1134 n‘em.
2273 1061 2952 1134 Quinitumoilleronymus
2973 1063 3068 1134 lib.
3093 1065 3160 1118 de
3181 1061 3377 1134 Script.
3404 1067 3609 1121 Ecclcs.
3631 1070 3684 1122 in

2098 1131 2535 1210 Jacoboinquit;
2568 1133 2694 1187 Post
2717 1131 3010 1210 passionem
3035 1133 3242 1210 Domini
3261 1131 3436 1190 statim
3460 1139 3524 1192 ab
3545 1139 3688 1210 Apo-

2099 1201 2249 1276 stolis
2275 1201 2756 1276 Hierosolymorum
2789 1205 3059 1276 episcopus
3082 1207 3351 1261 ordinatus
3371 1218 3468 1261 est.

2176 1273 2260 1328 15.
2319 1273 2680 1347 Quadraginta
2731 1285 2778 1330 et
2815 1273 3196 1332 'octo’diebus.
3260 1277 3485 1332 Rcstitui
3546 1281 3685 1334 hanc

2105 1343 2303 1418 Dextro
2337 1343 2625 1418 lectionem
2651 1389 2665 1412 ,
2712 1356 2966 1414 corrupte
2998 1347 3263 1418 siquidem
3296 1349 3576 1414 legebatur
3607 1351 3674 1405 58

2104 1415 2284 1469 diebus
2329 1417 2802 1490 post.__Adventum
2832 1415 3079 1487 Spiritus
3101 1419 3274 1490 sancti
3303 1422 3681 1490 congregatio—

2105 1501 2228 1558 nem
2271 1487 2624 1553 apostolicam
2671 1489 2868 1542 factam
2910 1505 3077 1558 super
3111 1489 3380 1544 divisione
3412 1487 3586 1546 orbis.
3626 1492 3681 1546 Si

2103 1557 2245 1628 enim
2271 1594 2287 1621 ,
2319 1566 2390 1628 _ut
2423 1573 2614 1628 verum
2646 1567 2730 1611 est
2752 1599 2767 1623 ,
2804 1569 2858 1612 et
2886 1557 3231 1628 permittitur
3255 1577 3284 1614 a
3310 1561 3510 1614 Dextro
3539 1603 3553 1625 ,
3595 1563 3686 1618 die

2103 1626 2287 1678 ultima
2310 1623 2457 1696 Junii
2485 1628 2754 1682 celebrata
2785 1623 2899 1696 est,
2926 1647 3032 1682 non
3056 1631 3148 1693 38,
3180 1631 3273 1684 sed
3303 1632 3372 1685 48
3403 1633 3519 1686 dies
3544 1623 3688 1688 inter

2101 1710 2226 1768 eam
2252 1706 2304 1748 et
2329 1694 2621 1750 adventum
2655 1694 2914 1753 l’araclcti
2947 1701 3405 1766 intercesserunt,
3441 1703 3684 1768 quando-

2103 1765 2317 1834 quidem
2342 1776 2571 1821 tnortem
2596 1767 2816 1832 Christi,
2843 1781 2897 1824 et
2922 1770 3124 1824 Pascha
3151 1785 3216 1824 eo
3239 1765 3481 1827 annoQS
3511 1772 3686 1828 Martii

2100 1838 2396 1909 contigisse
2418 1852 2579 1893 nemo
2606 1841 2808 1903 nescit;
2837 1850 2890 1894 et
2911 1852 3312 1909 consequenter
3333 1842 3685 1898 Peutecosten

2099 1906 2167 1978 15
2196 1907 2338 1972 Maii,
2373 1909 2626 1964 nimirum
2657 1924 2771 1978 post
2797 1911 2868 1967 50
2893 1912 3013 1967 dies
3037 1929 3065 1966 a
3088 1906 3375 1978 Paschate;
3406 1930 3432 1965 a
3463 1915 3530 1969 15
3555 1930 3685 1968 vero

2091 1977 2238 2047 Maii,
2257 1993 2359 2047 qua
2385 1978 2616 2053 Spiritus
2638 1977 2861 2038 sanctus
2881 1985 3122 2047 advenit,
3143 1999 3314 2052 usque
3335 1983 3400 2039 ad
3423 1986 3492 2040 50
3511 1983 3684 2053 Junii,

2089 2064 2193 2174 quat
2237 2051 2473 2174 inundus
2503 2053 2731 2108 sortitus
2761 2064 2846 2109 est
2877 2059 3014 2111 inter
3047 2051 3365 2124 ApostOIos,
3406 2056 3476 2111 48
3514 2051 3684 2112 inter;

2089 2135 2150 2174 ce
2195 2137 2262 2174 un
2293 2161 2307 2174 .

2089 2131 2307 2176 cedunt.

2165 2193 2254 2246 Μ.
2296 2191 2362 2246 In
2385 2195 2648 2250 tomacula
2675 2196 2826 2264 Sion,
2856 2206 2962 2253 etc.
2994 2195 3223 2253 Obstare
3250 2197 3464 2252 videtur
3492 2196 3687 2253 Ausci-

2092 2277 2213 2338 mtt_s
2237 2266 2293 2338 in
2314 2264 2684 2338 descriptione
2701 2267 2887 2338 Terrae
2909 2271 3125 2322 Sancue
3148 2267 3291 2338 typis
3313 2283 3501 2323 recens
3521 2267 3684 2324 datus

2093 2349 2126 2406 a
2165 2333 2384 2406 Canirsio
2414 2344 2562 2406 tonio
2592 2336 2656 2390 Vl
2689 2337 2874 2406 Autiq.
2914 2339 3035 2391 lect.
3066 2339 3154 2393 ubi
3172 2333 3301 2393 haec
3327 2341 3402 2392 ait
3446 2354 3462 2393 :
3495 2338 3538 2391 Α
3569 2339 3682 2393 loco

2093 2405 2434 2479 Ascensionis
2453 2405 2646 2479 Christi
2677 2409 2744 2460 ad
2772 2409 2841 2462 40
2867 2425 3051 2477 passus
3083 2408 3289 2476 pedum,
3323 2410 3494 2461 adhuc
3520 2426 3687 2479 appa-

2094 2486 2207 2549 rent
2253 2477 2583 2549 vetustissimi
2627 2480 2850 2549 parietes
2890 2481 3030 2532 nutri
3074 2480 3266 2532 ruentis
3291 2523 3305 2547 ,
3357 2481 3408 2533 in
3450 2477 3564 2549 loco
3599 2480 3687 2534 ubi

2095 2545 2330 2620 apostoli
2373 2545 2655 2602 diviserunt
2684 2549 2794 2620 sibi
2837 2552 3137 2618 provincias
3178 2550 3246 2602 ad
3294 2545 3428 2620 quas
3470 2548 3682 2617 quisque

2093 2615 2167 2692 ire
2197 2615 2542 2692 debueranet
2569 2620 2640 2672 ibi
2664 2615 3408 2692 Crdo—composuerunt.Non
3441 2615 3680 2692 igiturin

2095 2687 2390 2743 Coenaeulo
2431 2691 2586 2756 Sion,
2620 2694 2714 2746 sed
2757 2703 2906 2746 extra
2949 2687 3261 2756 civitatem,
3301 2693 3424 2746 loco
3463 2687 3532 2744 ab
3570 2695 3681 2747 An-

2095 2759 2267 2811 seltno
2292 2761 2484 2825 relato,
2529 2761 2647 2817 htee
2685 2765 2900 2818 sortitio
2933 2765 3069 2817 facta
3102 2763 3220 2816 fuit.
3247 2762 3516 2818 Caeterum
3549 2778 3682 2817 con-

2095 2829 2267 2904 fundit
2292 2832 2376 2904 hic
2397 2841 2588 2887 auctor
2603 2834 2924 2889 divisionem
2951 2834 3376 2904 provinciarum,
3395 2848 3516 2903 qnze
3540 2834 3678 2887 facta

2096 2908 2182 2975 est
2211 2902 2262 2952 in
2295 2902 2609 2966 C(enacufo,
2630 2921 2752 2959 cuni
2783 2902 3054 2960 divisione
3085 2902 3475 2975 Apostolorum
3502 2905 3570 2959 ab
3603 2908 3683 2958 ln-

2097 2971 2293 3044 _vice_tn,
2344 2989 2466 3044 qua:
2502 2987 2622 3042 poSt
2663 2977 2692 3030 7
2723 2993 2896 3031 annos
2931 2991 2999 3031 eo
3040 2971 3148 3030 loci
3174 2975 3418 3044 contigit,
3447 2973 3679 3029 dicendo

2096 3041 2377 3097 basilicam
2429 3041 2577 3100 illam
2622 3063 2718 3104 seu
2767 3050 2943 3104 locum
2994 3061 3212 3101 sacrum
3257 3041 3498 3101 ercetum
3545 3047 3674 3099 olim

2097 3112 2264 3167 fuisse
2285 3114 2337 3166 iu
2361 3118 2674 3170 memoriam
2698 3118 3063 3173 devmissimze
3084 3116 3486 3178 eolloeutiouis,
3510 3130 3674 3180 quam

2099 3183 2346 3253 Apostoli
2395 3184 2737 3253 habuerunt,
2773 3204 2896 3242 cum
2941 3186 3308 3239 discesserunt
3345 3185 3562 3237 tandem
3604 3185 3675 3238 ab

407 3250 512 3323 quo
562 3250 630 3312 ab
662 3257 898 3313 Eusebio
939 3267 996 3314 et
1045 3258 1266 3312 llabano
1314 3257 1551 3326 ponitur.
1603 3255 1827 3309 Demum
1872 3270 1992 3310 cum
2022 3250 2068 3313 C
2101 3251 2352 3326 invicem.
2384 3255 2536 3320 Quod
2566 3272 2696 3311 vero
2723 3250 2796 3313 ibi
2826 3255 2950 3312 fidei
2981 3256 3288 3326 symbolum
3318 3253 3674 3326 confecerint,

400 3326 509 3395 jam
534 3327 833 3398 Synagogae
864 3328 1147 3399 repudium
1197 3331 1380 3399 datum
1420 3335 1604 3399 esset,
1637 3336 1693 3379 et
1745 3326 1996 3399 gentibus

410 3397 613 3452 ostium
651 3397 1019 3467 apertum,'ab
1049 3399 1278 3454 invicem
1321 3397 1478 3452 divisi
1509 3397 1561 3450 in
1592 3411 1741 3451 suam
1771 3397 1995 3465 quisque

407 3468 737 3536 provinciam
768 3471 1042 3540 profectus
1085 3480 1189 3524 est.
1217 3470 1342 3540 llaic
1380 3483 1508 3540 vero
1535 3467 1730 3522 divisio
1763 3467 1996 3540 Aposto-

404 3542 581 3593 lorum
612 3546 679 3594 ab
706 3537 937 3596 invicem
960 3542 1047 3595 die
1082 3541 1143 3595 l5
1185 3539 1316 3596 Julii
1345 3539 1592 3608 contigit,
1627 3546 1684 3591 ιιι
1710 3553 1775 3591 ex
1827 3537 1994 3592 tradi-

403 3609 547 3664 tione
575 3611 737 3666 habet
761 3612 1020 3676 Ecclesia,
1047 3627 1166 3681 qua:
1187 3627 1248 3666 ea
1271 3611 1359 3666 die
1378 3610 1696 3666 divisionem
1716 3609 1993 3679 ltujustno-

402 3682 455 3734 di
487 3682 613 3736 olim
643 3683 924 3738 celebrare
950 3683 1249 3737 consuevit.

473 3751 782 3822 Contigisse
803 3769 932 3809 vero
957 3753 1262 3822 bujusmodi
1289 3751 1612 3807 divisionem
1641 3751 1844 3822 anno]
1869 3758 1992 3822 post

403 3822 601 3877 Christi
636 3820 892 3892 mortem,
922 3820 1169 3879 suo—loco
1191 3839 1315 3880 cum
1339 3824 1543 3878 Dextro
1563 3832 1618 3878 et
1639 3820 1990 3876 Genebrardo

404 3894 773 3950 ostendemus.

480 3964 735 4021 Occurret
777 3965 1015 4022 fortasse
1054 3966 1175 4029 quis
1221 3985 1234 4020 :

405 4044 600 4099 erant,
648 4051 815 4106 quare
861 4047 970 4091 tam
1017 4038 1126 4092 cito
1169 4038 1495 4092 divisionem
1538 4036 1686 4092 orbis
1737 4033 1988 4106 fecerunt

407 4105 699 4174 Apostoli?
739 4109 844 4162 Sed
887 4109 1041 4164 facile
1085 4108 1293 4164 sedabit
1322 4107 1655 4173 scrupulum,
1686 4108 1774 4175 qui
1803 4105 1986 4159 animo

409 4177 783 4244 perpenderit,
809 4180 1102 4248 Aposntlos
1133 4194 1240 4233 non
1273 4179 1438 4233 fuisse
1462 4178 1663 4244 tardos,
1693 4188 1746 4231 et
1781 4176 1981 4248 pigros,

412 4247 506 4300 :cd
564 4247 954 4316 providos,ac
983 4251 1410 4305 Solcrlissimus:
1444 4259 1797 4318 pneterquatn
1839 4247 1982 4315 quod

405 4319 712 4386 oportebat,
737 4336 1169 4391 unumquemque
1195 4336 1382 4376 eorum
1407 4320 1720 4387 expeditum
1752 4333 1896 4380 esse,
1929 4325 1984 4371 et

409 4401 653 4457 paratum
694 4392 760 4445 ad
804 4407 940 4459 opus
982 4393 1046 4445 ad
1089 4393 1228 4460 quod
1258 4402 1569 4460 assumptus
1595 4399 1713 4444 erat
1739 4432 1754 4454 ,
1803 4399 1857 4442 et
1887 4403 1984 4458 pro

410 4460 524 4512 suis
549 4461 749 4516 ovibus
775 4477 961 4528 orare;
993 4471 1049 4516 et
1069 4463 1236 4515 multa
1267 4463 1482 4516 interim
1510 4476 1800 4515 occurrere
1833 4469 1985 4528 pote-

401 4540 522 4603 rant
550 4534 785 4601 negotia,
813 4533 877 4586 ad
908 4532 1207 4603 peculiares
1234 4535 1539 4600 provincias
1571 4534 1888 4603 spectantia,
1925 4538 1982 4603 ut

399 4601 748 4682 tle_lli5pania
787 4601 914 4669 jam
940 4601 1137 4682 dicam.
1169 4603 1324 4682 Quod
1347 4608 1391 4656 si
1438 4610 1538 4657 hoc
1559 4601 1788 4682 difficile
1816 4602 1977 4682 alicui
2011 4623 2055 4682 ι)

403 4671 682 4742 videatur,
724 4690 959 4742 quaeram
992 4675 1059 4728 ab
1085 4686 1192 4729 eo:
1240 4674 1284 4728 si
1317 4690 1420 4728 non
1451 4675 1632 4726 statim
1661 4689 1688 4726 a
1721 4676 1978 4741 passione

402 4741 613 4796 Domini
649 4745 699 4796 in
733 4741 990 4798 mundum
1018 4745 1252 4814 dispergi
1298 4758 1394 4799 eos
1436 4745 1714 4810 oportuit,
1762 4743 1976 4814 utquid

397 4814 558 4867 etiam
581 4821 708 4868 ante
728 4816 1018 4869 adventum
1034 4815 1268 4884 Spiritus
1291 4817 1461 4869 saneti
1484 4824 1684 4868 sortem
1704 4815 1978 4870 mittentes

400 4883 678 4937 Matthiam
704 4889 755 4938 in
787 4883 1104 4956 Apostolnm
1131 4887 1446 4954 elegerunt?
1465 4888 1590 4938 dunt
1620 4889 1761 4956 enim
1789 4900 1976 4956 omnes

397 4957 556 5010 simul
599 4957 906 5025 degebant,
949 4958 1128 5010 minus
1160 4959 1528 5011 necessarium
1564 4955 1844 5008 videbatur
1903 4955 1972 5010 12

399 5027 578 5091 potius
618 5041 777 5095 quam
827 5027 1077 5081 undecim
1108 5041 1248 5082 esse.
1295 5028 1358 5081 Et
1390 5027 1646 5096 quidquid
1681 5025 1802 5078 huic
1831 5042 1978 5094 qua:-

397 5097 563 5151 stitmi
590 5113 909 5167 responsum
943 5098 1128 5167 fuerit,
1159 5098 1506 5167 respondebo
1533 5112 1633 5167 ego
1664 5104 1720 5152 et
1751 5097 1848 5150 illi.
1882 5096 1975 5150 ln-

396 5182 565 5238 snper
594 5169 721 5224 inde
745 5169 926 5238 colligi
961 5177 1138 5238 potest
1166 5167 1313 5236 quod
1339 5170 1500 5238 paulo
1531 5179 1654 5238 post
1687 5168 1977 5222 adventum

398 5236 632 5306 Spiritus
658 5239 852 5305 Sancti,
881 5236 1073 5294 divisio
1093 5236 1499 5294 Provinciarunt
1532 5236 1667 5294 iacta
1694 5249 1802 5306 est,
1835 5238 1978 5308 quod

401 5308 544 5380 nulla
584 5309 636 5364 in
669 5325 731 5364 ea
777 5312 982 5366 mentio
1009 5310 1148 5366 facta
1181 5320 1265 5366 est
1293 5312 1441 5364 Pauli
1470 5353 1483 5374 ,
1517 5314 1601 5365 cui
1637 5311 1978 5380 postmodum

400 5378 567 5452 totius
599 5382 843 5435 universi
864 5381 1419 5452 gentiumgconversio
1451 5382 1549 5435 fuit
1577 5378 1978 5436 commendata.

399 5449 455 5521 Si
480 5450 626 5521 enim
671 5449 915 5521 tempore
966 5451 1250 5508 divisionis
1292 5461 1436 5508 esset
1481 5454 1795 5519 Apostolus,
1835 5452 1978 5506 haud

402 5517 618 5592 dubium
647 5517 928 5592 quin'cum
955 5524 1171 5579 cmteris
1203 5525 1254 5578 in
1285 5517 1569 5577 sortitione
1612 5524 1699 5577 illa
1736 5540 1980 5578 Commu-

400 5591 618 5664 nionem
666 5591 916 5650 haberet.
961 5595 1112 5649 Adde
1137 5595 1280 5664 quod
1323 5596 1466 5664 apud
1497 5608 1689 5647 omnes
1718 5605 1980 5650 constans

394 5670 480 5717 est
511 5703 526 5726 ,
563 5663 835 5735 Jacobum
885 5674 1012 5719 tunc
1064 5663 1561 5735 Hierosolymorum
1624 5665 1980 5735 constitutum

394 5734 703 5804 pontificem
731 5777 746 5804 ,
788 5753 910 5793 cum
941 5738 1156 5792 sortitio
1197 5734 1594 5808 provinciarum
1626 5734 1770 5792 inter
1793 5751 1984 5792 omnes

1283 3965 1328 4020 si
1369 3980 1474 4019 non
1509 3964 1658 4018 illico
1691 3962 1985 4033 profecturi
2043 4000 2046 4004 η

2099 3330 2153 3376 et
2178 3339 2284 3376 non
2319 3325 2371 3378 in
2404 3329 2686 3383 ctenaeulo
2729 3331 2860 3383 Sion
2888 3369 2901 3390 ,
2944 3325 3064 3392 quae
3089 3335 3205 3380 erat
3240 3325 3434 3380 domus
3469 3325 3672 3391 Μαι-ιω,

2096 3393 2540 3470 titatris_Joannis
2577 3407 2936 3470 cognomento
2966 3397 3170 3470 Marci,
3226 3412 3349 3470 n_on_
3379 3396 3674 3470 apponitur

2094 3463 2468 3539 dictisDcxtri
2504 3485 2518 3522 :
2554 3463 2824 3526 ille'enitn
2866 3485 2973 3526 non
3015 3469 3082 3522 de
3127 3468 3390 3539 Symbolo
3417 3463 3431 3531 ζ
3457 3463 3560 3521 sed
3600 3467 3668 3539 de

2093 3534 2580 3611 Constitutionibus
2609 3542 2936 3611 Apostolicis
2977 3534 3188 3611 locutus
3223 3539 3346 3611 fuit.
3385 3537 3674 3606 Quomodo

2093 3616 2270 3684 autem
2304 3608 2357 3662 in
2380 3608 2775 3684 constitutione
2807 3611 3044 3684 Symboli
3065 3651 3080 3674 ,
3123 3609 3407 3684 duodecim
3440 3623 3673 3684 concur-

2093 3679 2299 3755 rerint,
2340 3681 2596 3736 nimirum
2636 3678 3101 3755 singuli-singulos
3131 3680 3260 3755 fidei
3285 3680 3544 3755 articulos
3577 3678 3672 3730 tri-

2091 3744 2338 3823 buendo,
2356 3759 2587 3806 tractant
2611 3744 3136 3823 Augustinus-serm.
3160 3753 3183 3802 'l
3199 3750 3264 3801 15
3286 3751 3352 3800 de
3377 3748 3668 3823 Ἰςεφροζθν

2090 3816 2413 3875 Ambrosius
2433 3836 2598 3875 serui.
2626 3816 2781 3878 583d
2808 3824 2989 3886 finem,
3021 3819 3246 3872 Rufinus
3275 3816 3416 3886 apud
3445 3816 3670 3888 Cypria-

2090 3902 2238 3948 num,
2259 3900 2312 3942 et
2328 3890 2623 3946 Venantius
2639 3893 2966 3947 Fortunatus
2986 3891 3388 3955 inexpositione
3401 3888 3668 3958 ejusdem.

2163 3959 2272 4033 15.“
2294 3960 2519 4033 Contigit
2549 3965 2609 4018 S.
2632 3963 2826 4018 Iacobo
2849 3961 3084 4033 Zebctlari
3110 3960 3222 4033 ﬁlio
3253 3959 3530 4029 Hispania,
3559 3966 3670 4033 etc.

2088 4029 2220 4104 Quae
2248 4029 2537 4089 Provincia
2567 4037 2738 4103 orbis,
2775 4038 2968 4104 cuique
2997 4032 3562 4104 Apostoloruntsorte
3590 4029 3670 4104 di:

2088 4102 2209 4154 vina
2251 4104 2576 4174 contigerit,
2622 4099 2734 4161 non
2757 4107 2828 4160 ita
2861 4099 3068 4161 certum
3102 4112 3186 4156 est
3210 4143 3224 4167 ,
3266 4102 3408 4174 quod
3443 4103 3562 4169 ejus
3591 4099 3670 4153 rei

2085 4182 2294 4226 certum
2326 4171 2581 4230 Ecclesite
2609 4178 2975 4232 testimonium
3011 4186 3308 4228 teneamus.
3336 4171 3521 4241 Neque
3541 4185 3672 4223 vero

2087 4241 2338 4316 itlemest
2361 4245 2596 4316 aliquem
2626 4249 2945 4316 Apostolutn
2976 4245 3061 4300 hic
3085 4244 3174 4298 vel
3199 4243 3308 4316 illic
3332 4241 3672 4316 evangelium

2088 4311 2520 4382 praedicassefet
2551 4317 2624 4372 ibi
2653 4311 2856 4373 sortem
2886 4332 3037 4372 suam
3071 4315 3382 4382 accepisse:
3416 4311 3672 4380 Quando-

2085 4384 2302 4452 quidem
2333 4402 2439 4441 non
2472 4403 2632 4442 unam
2664 4399 2869 4444 tantum
2903 4387 3085 4442 mundi
3131 4386 3406 4455 regionem
3436 4383 3671 4452 quilibet

2083 4456 2288 4528 docuit,
2308 4456 2403 4510 sed
2433 4462 2584 4514 multi
2620 4462 2844 4527 multas,
2875 4473 3076 4528 easque
3109 4456 3667 4528 retnotissiutaspne-

2082 4527 2202 4594 gari
2253 4537 2429 4600 tamen
2484 4546 2590 4585 non
2635 4525 2855 4600 potest,
2907 4525 3345 4600 unutnquelml“e
3397 4525 3667 4600 Primi?”

2084 4598 2426 4650 conversioni
2465 4600 2605 4656 illius
2639 4595 2912 4656 institisse
2937 4643 2952 4665 ,
2995 4595 3117 4666 quae
3149 4599 3248 4666 ipsi
3289 4595 3665 4666 c0nttnettdala

2085 4667 2281 4719 fuerat.
2335 4668 2516 4735 Quare
2565 4673 2857 4725 lectissime
2901 4663 3135 4724 asseruit
3183 4665 3419 4735 Dexter,
3460 4663 3667 4735 Jacobo

2084 4736 2330 4812 Zebedzei
2347 4731 2458 4792 lilio
2475 4741 2785 4812 Hispaniam
2805 4739 3120 4812 contigisse,
3136 4734 3385 4812 quamvis
3407 4733 3458 4786 iu
3478 4731 3664 4812 Judtea

2083 4820 2136 4881 et
2165 4818 2276 4862 toto
2299 4811 2495 4866 itinere
2518 4805 2688 4881 usque
2717 4813 2783 4866 ad
2809 4805 3122 4880 Hispaniam
3155 4805 3530 4881 pra‘dicaverit
3563 4818 3578 4860 :
3612 4809 3668 4857 et

2082 4879 2279 4934 Joanni
2322 4883 2474 4936 fratri
2517 4876 2617 4938 suo
2661 4885 2843 4938 Asiam
2873 4876 3148 4946 [tametsi
3198 4876 3349 4930 multi
3376 4885 3664 4943 asserunt,
3715 4937 3720 4942 I

2083 4951 2312 5006 Parthos
2343 4953 2508 5008 etiam
2538 4956 2789 5010 docuisse
2814 4955 2998 5016 fidem,
3026 4953 3344 5019 argumento
3372 4946 3662 5019 desumpta

2081 5037 2126 5096 a_
2143 5023 2302 5096 titulo
2328 5025 2514 5093 printze
2543 5041 2656 5080 sua:
2678 5026 2938 5096 Epistolas
2960 5014 3271 5096 Cattﬁnifiius
3301 5033 3420 5096 illi“?
3438 5018 3568 5096 ριίιρ
3591 5014 3662 5068 ad

2084 5091 2312 5148 Parthos
2328 5087 2597 5166 inscripta
2623 5087 2930 5167 legebatur;
2963 5103 3018 5168 et
3037 5087 3659 5168 Μειιιιιωοβίιιιξρρίξηη,

2083 5181 2407 5234 quamquam
2435 5158 2573 5223 tes-te
2603 5158 2809 5223 Isidoro
2837 5158 3206 5222 Macedoniam
3229 5158 3390 5213 etiam
3424 5159 3661 5212 illustra-

2084 5237 2220 5288 verit
2254 5238 2417 5292 verbo
2447 5238 2582 5305 Dei;
2625 5249 2680 5294 et
2721 5239 2946 5293 Thomte
2986 5234 3234 5305 Indiam“,
3274 5240 3658 5305 quem_tamcn

2083 5306 2317 5380 Parthis,
2335 5309 2522 5380 ltledis,
2557 5301 2758 5374 Persis,
2792 5308 3074 5380 llyreanis,
3104 5314 3157 5358 et
3185 5301 3661 5380 Erat-Luranisprat-

2083 5371 2315 5452 dit-asse,
2349 5371 2792 5452 Martyrologium
2823 5371 3119 5433 l'tomauum
3151 5371 3661 5452 occinit;rPuilippo

2081 5451 2206 5522 item
2231 5445 2527 5521 Scythiam,
2554 5445 3022 5520 qui'niltilominus
3048 5491 3062 5516 ,
3084 5445 3659 5522 eodetu_teste,__usqt_te

2082 5512 2334 5597 adesim
2378 5512 2705 5597 Hierapolim
2759 5522 3020 5597 pervenit.
3051 5512 3223 5597 Quod
3275 5515 3342 5567 de
3383 5512 3657 5597 Galliadn

2088 5594 2334 5662 Philippo
2363 5595 2508 5648 addit
2543 5591 2772 5660 Dexter,
2794 5601 2943 5664 putat
2971 5591 3235 5664 Bai-onqu
3267 5595 3510 5638 errorem
3537 5592 3659 5664 esse

2085 5655 2372 5732 scrip-toris
2403 5665 2488 5736 (in
2519 5655 2756 5735 Isidoro)
2788 5655 2883 5720 l'ib.
2916 5663 2982 5718 de
3011 5661 3170 5736 Obitu
3193 5655 3411 5736 Patrum
3440 5689 3455 5714 ,
3488 5655 3575 5736 qui
3608 5655 3665 5732 ei

2087 5719 2303 5806 quoque
2349 5719 2535 5792 tribuit
2572 5719 2802 5792 Cralrlia'tn
2829 5780 2844 5805 ,
2892 5732 3274 5796 contenditque
3306 5721 3516 5796 debere
3563 5719 3666 5790 legi
