4152 6174
391 321 465 380 Δ.
484 319 552 380 C.
574 318 666 382 60.

1384 200 1616 262 FLAVI!
1651 198 1836 262 LUCll
1871 197 2133 260 DEXTRI
2167 195 2584 259 CHRONICON.

810 319 1194 396 Agathodorus
1219 318 1672 389 Tarraconensis,
1717 319 1968 393 Elpidius
2015 318 2335 386 Toletanus,
2386 313 2666 372 Etherius
2711 311 3163 383 Barcinonensis,
3207 310 3696 386 CapitoA.R.8H.

832 417 1123 488 Lucensis,
1175 415 1416 488 Ephrem
1446 415 1837 487 Asturigensis,
1888 413 2086 472 Nestor
2129 411 2471 480 Palentinus,
2520 407 2786 466 Arcadius
2813 407 3230 480 Juliobrigensis
3259 423 3274 464 :
3301 407 3406 467 sub

829 511 1020 569 eodem
1044 510 1224 580 judice
1253 509 1410 566 bonis
1439 509 1658 581 spoliati
1686 509 1864 568 necati
1895 517 2046 567 sunt.

3506 511 3517 576 l'

751 607 998 677 Augusto
1025 603 1295 673 Tiberius,
1327 603 1548 660 Tiberio
1573 601 1763 672 Caius,
1788 600 1922 660 Caio
1943 599 2224 669 Claudius,
2251 597 2480 656 Claudio
2507 595 2652 655 Nero
2677 593 2964 653 successit.

751 699 1114 757 Terracmotus
1144 699 1331 754 Romae
1361 697 1655 755 vehemens
1682 707 1737 756 et
1761 699 1894 755 solis
1925 705 2108 755 secuta
2139 695 2398 754 defectio.

752 793 978 848 Vivebat
1003 790 1063 848 S.
1087 791 1321 864 Luparia
1350 789 1550 847 Baetica
1570 791 1679 848 illia
1706 791 2057 848 Galaecicnsis
2093 791 2318 847 alterius
2348 787 2617 861 Luparite.

750 882 988 956 Regulus
1017 898 1318 941 conversus
1344 883 1397 940 in
1427 882 1687 941 Callaecia
1711 892 1902 940 sancta
1928 885 2039 956 agit
2063 882 2119 940 in
2149 883 2294 940 luco.

1581 1018 1840 1076 BlVARlI
1879 1018 2452 1079 COMMENTARIUS.

391 1135 510 1208 lucc
539 1131 1008 1208 verbatialelinus
1037 1133 1099 1208 in
1121 1149 1278 1208 suum
1319 1133 1761 1208 Martyrologium
1805 1143 1984 1190 trans-
2009 1111 2062 1175 Α
2088 1148 2196 1208 quo
2227 1131 2480 1208 nimirum
2507 1134 2814 1208 securiores
2836 1133 3447 1208 eliectiftranquillitati
3476 1144 3531 1192 et
3552 1152 3682 1207 pro-

395 1207 518 1260 tulit
545 1223 559 1260 :
595 1221 666 1262 vn
698 1206 881 1278 M_artii
909 1248 926 1278 ,
959 1203 1032 1278 In
1057 1205 1263 1262 ercia
1290 1203 1593 1263 sanctorum
1611 1203 1975 1278 episgoriorum

389 1287 680 1348 martyrum
727 1275 951 1340 Basilei,
983 1275 1263 1348 Ephraim,
1319 1275 1653 1344 Charitonis,
1714 1275 1976 1348 Eugenii,

389 1348 646 1416 zEtherii,
679 1359 730 1404 et
756 1359 1082 1414 cwterorum,
1130 1351 1218 1419 qui
1270 1351 1323 1404 in
1363 1349 1974 1419 Cliersonesoicruciati,

387 1421 646 1494 sanguine
696 1420 918 1494 denique
961 1418 1170 1494 perfuso
1196 1463 1212 1487 ,
1261 1422 1460 1494 illustre
1503 1418 1982 1494 ﬁdei_Christiante

386 1490 736 1547 testimonium
765 1490 1060 1546 dederunt.
1088 1492 1381 1547 Familiare
1420 1490 1511 1546 est
1563 1491 1692 1545 huic
1743 1490 1978 1557 auctori,

386 1563 598 1618 sanctis
625 1577 764 1632 quos
792 1577 822 1617 e
846 1563 1055 1619 Graecis
1082 1574 1362 1619 mutuatur
1387 1562 1723 1631 praemittere
1743 1560 1972 1616 verbum

385 1636 438 1686 in
467 1632 705 1700 Grteeia;
734 1637 945 1702 putavit
968 1635 1115 1689 enim
1135 1676 1150 1699 ,
1183 1633 1398 1702 quoties
1422 1649 1528 1687 non
1563 1633 1871 1702 assignatur
1899 1632 1980 1686 lo-

382 1718 502 1770 cus,
538 1707 620 1762 vel
651 1705 930 1775 provincia
957 1706 1012 1760 in
1057 1704 1389 1773 menologio,
1419 1719 1486 1758 eo
1515 1703 1634 1771 ipso
1665 1704 1717 1756 in
1765 1702 1976 1775 Graecia

382 1772 709 1855 martyrium
737 1777 1009 1855 accidisse
1037 1790 1053 1834 :
1085 1772 1326 1830 attamen
1356 1790 1476 1828 cum
1506 1772 1976 1855 ipsumﬂtncnolo-

378 1841 612 1914 gium'id
639 1863 748 1901 non
779 1848 1001 1908 asserit,
1026 1861 1308 1915 perperam
1339 1841 1652 1914 apponitur.
1685 1841 1770 1898 Fit
1800 1843 1975 1915 siqui-

377 1919 503 1972 dem
539 1919 860 1989 plerumque
890 1933 917 1970 τι
949 1914 1381 1989 Graecislestum
1411 1924 1746 1989 sanctorum,
1777 1914 1973 1989 quibus

376 2004 490 2043 non
525 1985 804 2057 assignant
831 1989 1050 2053 urbem;
1082 1997 1134 2041 et
1159 1987 1263 2040 hoc
1305 1986 1608 2056 prznsertim
1659 1985 1712 2040 iu
1766 1985 1973 2057 s_anctis

378 2060 486 2113 illis
513 2055 808 2127 contingit,
835 2058 926 2127 qui
959 2058 1152 2126 majori
1179 2055 1469 2112 intervallo
1497 2057 1568 2112 ab
1603 2057 1740 2127 ipsis
1767 2055 1973 2114 Graecis

378 2130 602 2185 distant.
636 2129 795 2197 Quod
825 2145 989 2184 unum
1020 2128 1278 2200 (maxime
1309 2143 1424 2198 prae
1449 2128 1624 2184 oculis
1657 2127 1970 2200 habendum

380 2217 477 2268 pro
502 2201 665 2270 huius
695 2200 949 2256 Chronici
970 2199 1306 2271 cegnitione)
1339 2201 1392 2254 io
1419 2214 1587 2271 causa
1615 2207 1724 2264 est,
1751 2215 1848 2254 cur
1872 2199 1973 2254 ho-

379 2287 496 2328 rum
519 2274 707 2328 decem
739 2282 1057 2327 sanctorum
1095 2270 1399 2326 antistitum
1427 2270 1588 2327 sedes
1640 2271 1694 2324 in
1726 2271 1973 2326 menolo-

378 2345 467 2410 gio
492 2358 600 2399 non
623 2343 996 2413 assignentur,
1041 2358 1143 2399 nec
1175 2358 1297 2412 qua:
1326 2342 1418 2396 illa
1469 2341 1845 2397 Chersonesus
1874 2343 1969 2410 sit,

379 2415 434 2469 in
463 2430 566 2484 qua
594 2415 859 2485 martyrio
885 2414 1083 2469 sublati
1127 2423 1278 2479 sunt,
1315 2414 1688 2482 specilicetur.
1753 2413 1966 2485 Etenim

375 2485 432 2540 in
459 2483 544 2540 his
568 2486 658 2556 qui
687 2483 823 2540 intra
857 2485 1151 2553 Graeciam,
1179 2485 1264 2542 vel
1293 2485 1347 2540 in
1380 2492 1497 2540 toto
1527 2485 1692 2540 etiam
1714 2555 1722 2556 ί
1743 2483 1969 2542 Oriente

378 2555 704 2624 ﬂoruerunt,
730 2572 947 2626 semper
970 2558 1298 2627 exprimitur
1319 2557 1494 2619 sedis,
1527 2564 1582 2610 et
1607 2555 1758 2612 necis
1789 2556 1964 2620 locus,

375 2627 505 2695 quia
535 2628 783 2683 nimirum
815 2629 885 2682 ab
917 2629 1048 2699 ipsis
1080 2628 1245 2684 facile
1294 2627 1546 2696 cognitus
1595 2637 1741 2699 est;4
1767 2627 1819 2681 in
1881 2627 1966 2682 his

374 2707 559 2770 autem
583 2699 672 2769 qui
700 2701 752 2754 in
780 2697 955 2770 longe
982 2699 1177 2770 positis
1229 2699 1545 2770 regionibus
1588 2697 1968 2754 occubuerunt

374 2783 477 2836 pro
509 2769 634 2834 ﬁde,
669 2769 1153 2839 sazpissime’locus
1183 2769 1516 2833 subticetur;
1567 2777 1757 2837 utpote
1789 2773 1965 2836 fquem

371 2839 475 2912 ipsi
506 2842 732 2896 minime
756 2844 1034 2912 cognitum
1067 2842 1352 2897 haberent.
1383 2840 1517 2896 Cum
1538 2841 1964 2912 _vero_Hispania

369 2911 574 2984 antiqui
609 2912 767 2968 orbis
801 2910 923 2968 linis
945 2953 961 2980 ,
1017 2912 1142 2984 plus
1192 2913 1408 2984 exteris
1457 2926 1487 2966 a
1523 2910 1962 2984 Graecisdiswt;

370 2981 728 3038 iudeiacltun
755 2993 864 3051 est,
893 2992 953 3039 ut
977 2981 1293 3040 sanctorum
1326 2983 1690 3051 Hispanorum
1739 2981 1875 3038 festa
1909 2985 1963 3039 in

373 3054 682 3126 menologio
706 3057 828 3126 sine
856 3066 1008 3111 certa
1047 3055 1180 3111 urbe
1209 3063 1274 3126 et
1295 3055 1514 3126 regione
1533 3054 1797 3109 collocata
1827 3057 1962 3121 sint,

369 3139 494 3178 cum
524 3125 726 3196 tamen,
756 3125 804 3181 si
832 3127 1006 3182 sancti
1039 3126 1114 3196 illi
1147 3141 1212 3182 ex
1245 3125 1452 3182 Graecis
1479 3135 1690 3196 essent,
1727 3126 1964 3196 nullate-

367 3211 477 3252 nus
499 3195 551 3250 id
577 3197 647 3253 de
666 3193 779 3252 illis
801 3193 1115 3255 reticereni.
1140 3197 1274 3252 Inde
1297 3212 1424 3251 vero
1443 3195 1664 3263 accidit,
1687 3205 1746 3250 ut
1765 3195 1966 3251 Roma-

370 3283 501 3321 num
532 3269 1020 3341 Martyrologium,
1051 3285 1176 3324 cum
1235 3267 1558 3341 de__eisdem
1606 3267 1757 3341 agit,
1801 3265 1965 3341 urbes

366 3354 588 3409 quoque
615 3337 1002 3409 et'provincias
1035 3341 1249 3395 illorum
1288 3339 1482 3403 sileat,
1527 3337 1653 3407 quia
1704 3337 1962 3394 nimirum

366 3409 562 3464 horum
587 3409 746 3480 festa,
779 3420 834 3467 et
860 3411 1078 3466 nomina
1106 3427 1136 3466 a
1166 3409 1480 3466 Graecorum
1511 3409 1822 3475 menologio
1845 3425 1964 3465 mu-

367 3483 569 3548 tuavit,
597 3486 741 3552 quod
773 3495 951 3538 tamen
983 3483 1114 3551 ipsis
1138 3480 1436 3536 carct.Cur
1463 3492 1645 3535 autem
1685 3481 1737 3535 iu
1773 3481 1963 3548 llispa-

365 3552 455 3606 nia
486 3553 575 3607 ubi
618 3554 793 3608 sancti
827 3553 932 3622 ipsi
962 3553 1300 3616 ﬂoruerunt,
1332 3552 1594 3607 memoria
1641 3552 1962 3608 earumdem

366 3623 662 3690 interierit,
686 3625 738 3678 in
770 3633 1028 3694 promptu
1056 3623 1195 3679 ratio
1234 3634 1320 3678 est
1351 3638 1366 3676 :
1399 3639 1560 3678 nemo
1599 3625 1744 3678 enim
1786 3624 1964 3694 nescit

364 3709 501 3763 quas
533 3710 681 3763 saepe
702 3693 960 3765 perpessa
986 3695 1150 3751 fuerit
1181 3695 1524 3751 calamitates
1541 3704 1596 3749 et
1617 3693 1956 3765 eversiones,

364 3766 460 3836 sed
511 3764 716 3835 gratias
748 3767 880 3834 Dco,
932 3767 1075 3836 quod
1108 3766 1325 3821 tandem
1368 3765 1575 3820 Dextro
1624 3764 1960 3836 postliminio

365 3835 555 3892 reduci
579 3838 712 3906 illud
740 3837 902 3893 Tullii
928 3835 994 3891 ad
1020 3837 1322 3893 Varronem
1351 3837 1467 3906 (lib.
1496 3851 1513 3889 ι
1543 3837 1712 3890 Acad.
1733 3835 1957 3906 quaest.)

2084 1205 2249 1278 (ectui
2284 1205 2504 1278 amictae
2557 1206 2817 1262 Ecclesia:
2851 1205 3102 1275 HiSpanaa
3134 1205 3532 1278 prnspicerent.
3555 1205 3679 1265 'Sed

2081 1275 2263 1351 divina
2284 1277 2635 1351 providentia
2665 1279 2864 1334 factum
2894 1288 2998 1351 est,
3026 1291 3083 1334 ut
3107 1275 3310 1336 corona
3342 1294 3438 1333 eos
3471 1291 3672 1351 marty-

2083 1347 2173 1413 rii,
2207 1347 2493 1420 ubiipsam
2519 1349 2588 1406 ad
2626 1358 2840 1420 tempus
2877 1349 3155 1408 declinare
3191 1351 3544 1419 videbantur,
3584 1347 3677 1408 re-

2080 1421 2332 1487 perierit.

2155 1489 2378 1544 Motum
2395 1489 2635 1564 Neronis
2658 1491 2930 1563 iudicem,
2963 1494 3065 1549 sub
3091 1511 3198 1564 quo
3223 1495 3278 1549 hi
3323 1494 3496 1548 sancti
3541 1509 3680 1550 mar-

2084 1567 2238 1628 tyres
2264 1561 2409 1630 passi
2437 1571 2586 1634 sunt,
2621 1561 2928 1634 suspicatus
2947 1581 3067 1621 sum
3111 1561 3276 1621 luisse
3297 1566 3492 1620 Aulum
3518 1564 3670 1620 illum

2081 1644 2444 1704 cognomento
2465 1631 2764 1698 Cecinani,
2801 1648 3132 1704 quiestorem
3183 1638 3397 1692 Baetica:
3427 1637 3528 1694 sub
3567 1635 3676 1690 Nec

2078 1715 2236 1773 rane,
2260 1701 2458 1773 dequo
2479 1703 2590 1773 agit
2607 1701 2892 1760 Cornelius
2918 1707 3154 1772 Tacitus,
3181 1717 3237 1763 et
3256 1723 3321 1761 ex
3351 1723 3416 1762 eo
3445 1707 3677 1764 Morales

2197 1787 2250 1826 ιχ
2278 1769 2412 1849 llis't.
2445 1769 2576 1849 _ca_'p.
2615 1775 2682 1849 ιτ
2720 1783 2775 1849 et
2811 1775 2882 1832 20
2906 1819 2921 1844 ,
2955 1769 3162 1849 quique
3200 1793 3339 1832 unus
3372 1793 3440 1832 ex
3483 1778 3675 1848 primis

2074 1839 2176 1919 fuit
2201 1842 2292 1913 qui
2319 1843 2467 1919 apud
2492 1839 2874 1919 Carthaginem
2907 1839 3116 1904 'novar'n
3144 1895 3158 1919 ,
3208 1849 3438 1904 Galbam
3480 1839 3672 1905 contra

2073 1911 2830 1989 Neronem'inthronizarunt.
2874 1921 3060 1977 Facile
3101 1911 3286 1977 autem
3327 1919 3430 1974 l‘uit
3473 1929 3529 1974 ut
3571 1935 3672 1989 pro

2072 1983 2217 2064 ᾼυιο
2237 1987 2353 2064 sive
2373 1987 2586 2064 eulpae
2608 1987 2815 2064 legeret
2835 1995 2958 2064 quis
2985 1993 3232 2059 Alotum,
3258 2005 3355 2064 seu
3378 1983 3667 2064 Aulotu'm.

2076 2056 2351 2134 Josephus
2373 2058 2431 2134 in_
2456 2058 2579 2134 Yita
2603 2056 2700 2114 sua
2723 2062 2833 2134 agit
2852 2056 2923 2122 de
2949 2064 3184 2129 Alituro,
3207 2056 3303 2134 qui
3326 2061 3445 2134 fuit
3466 2061 3669 2119 Neroni

2072 2126 2312 2196 charus,
2335 2129 2435 2185 sed
2475 2130 2564 2185 hic
2603 2141 2720 2186 erat
2759 2126 2986 2191 Ὶιιάπιιιε
3023 2126 3265 2204 genere,
3303 2143 3360 2190 et
3382 2133 3670 2190 Mimorum

2072 2209 2712 2276 aector,non__quaastor
2743 2215 2834 2260 aut
2867 2207 3072 2276 judex',
3105 2222 3206 2261 nec
3242 2204 3456 2276 ostendi
3492 2211 3673 2272 potest

2075 2269 2362 2347 Hispanias
2384 2269 2605 2347 adiisse.
2634 2269 2888 2332 Attamen
2919 2269 3105 2347 procul
3128 2277 3310 2347 dubio,
3329 2275 3439 2347 iuit
3476 2269 3671 2332 Motus

2073 2341 2508 2415 (siveﬂalotus)
2530 2343 2672 2400 alter
2691 2359 2755 2398 ex
2781 2341 3118 2415 spadonibus
3147 2346 3360 2403 Claudii
3402 2344 3663 2415 Caesaris,

2071 2413 2270 2488 quiei,
2294 2423 2554 2488 monente
2574 2413 2892 2488 Agrippina.
2936 2434 3206 2473 venenum
3229 2459 3245 2488 ,
3281 2424 3342 2471 ut
3379 2415 3524 2488 Nero
3563 2413 3668 2488 int-

2075 2485 2359 2558 peritarct,
2383 2483 2720 2558 propinavit:
2745 2483 2902 2558 cujus
2932 2489 3184 2544 meminit
3203 2486 3542 2558 Tacituslib.
3564 2485 3664 2542 χιιι

2072 2555 2390 2626 Annalium.
2449 2555 2580 2626 Ejus
2620 2559 2698 2613 rei
2742 2555 2953 2615 meritis
3002 2561 3203 2616 missus
3232 2567 3320 2616 est
3375 2557 3570 2614 Alotus
3611 2559 3666 2615 in

2068 2625 2443 2700 Hispanias,et
2454 2625 2998 2700 gumstorinstitutus
3015 2632 3168 2687 initio
3186 2630 3398 2700 imperii
3412 2628 3665 2686 Neronis.

2140 2698 2439 2770 5.Augusto
2451 2697 2716 2766 Tiberius,
2735 2702 3131 2759 elc.Percurrit
3148 2697 3357 2759 Dexter
3375 2701 3673 2769 imperato-

2069 2784 2198 2845 rum
2229 2771 2431 2845 seriem
2472 2770 2541 2825 ab
2571 2770 2800 2827 Octavio
2842 2778 3090 2845 Augusto
3115 2818 3129 2842 ,
3177 2773 3352 2845 cuius
3417 2781 3666 2845 tempore

2067 2837 2322 2915 Christus
2352 2843 2414 2915 Ι).
2448 2853 2608 2915 natus
2632 2852 2718 2915 est
2745 2884 2760 2909 ,
2808 2837 2985 2915 usque
3026 2846 3092 2900 ad
3118 2837 3415 2900 'Neronem
3459 2837 3549 2913 qui
3580 2844 3666 2898 his

2067 2913 2330 2982 regnabat
2367 2913 2582 2970 diebus.
2644 2913 2839 2969 Deerat
2892 2913 2957 2971 Vin
3006 2917 3198 2973 codice
3234 2915 3666 2982 Caesaraugusta:

2067 2983 2336 3052 impresso
2373 2983 2555 3052 Caius,
2585 2986 2682 3040 sed
2714 2985 2862 3042 illum
2893 2990 3108 3043 restitui
3139 3003 3208 3043 ex
3256 2983 3666 3053 manuscriptis.

2067 3055 2289 3130 Cbierat
2328 3059 2605 3130 Augustus
2626 3071 2773 3111 anno
2813 3058 3019 3113 Christi
3051 3059 3150 3128 16,
3206 3055 3665 3130 ut___Epi_phanius

2067 3126 2121 3179 in
2150 3125 2471 3180 Anchoi'ato
2499 3135 2735 3181 testatur
2762 3145 2775 3180 :
2805 3138 3032 3184 secutus
3053 3125 3210 3183 illum
3249 3125 3505 3182 Tiberius
3555 3126 3664 3178 im-

2066 3197 2278 3265 peravit
2321 3209 2492 3249 annos
2513 3197 2585 3250 22
2607 3211 2732 3251 cum
2757 3196 3010 3264 dimidio,
3039 3198 3175 3252 obiit
3197 3210 3330 3251 vero
3381 3209 3526 3249 anno
3548 3193 3662 3249 Do-

2065 3265 2200 3321 mini
2231 3266 2321 3339 39.
2351 3266 2628 3339 Successit
2661 3266 2828 3323 Caius
2869 3269 3116 3339 Caligula
3170 3267 3284 3339 fere
3315 3265 3361 3339 _4
3387 3279 3566 3339 annos
3607 3266 3660 3320 in

2067 3338 2302 3408 imperio
2330 3337 2634 3406 complens,
2659 3353 2834 3409 usque
2865 3340 2931 3394 ad
2963 3335 3163 3396 annum
3200 3335 3404 3394 Christi
3436 3337 3506 3392 45
3547 3352 3663 3409 quo

2064 3410 2282 3466 occisus
2308 3420 2412 3464 est.
2447 3409 2578 3464 Post
2595 3408 2757 3480 quem
2779 3409 3045 3467 Claudius
3065 3410 3274 3467 Drusus
3300 3408 3663 3480 Germanicus

2064 3497 2241 3536 annos
2271 3483 2338 3537 15
2365 3490 2421 3536 et
2449 3479 2668 3538 menses
2690 3485 2723 3538 8
2743 3483 2888 3538 rexit
2912 3484 3100 3538 orbem
3127 3498 3142 3548 ;
3169 3497 3340 3548 usque
3365 3479 3433 3536 ad
3456 3495 3658 3535 annum

2064 3551 2280 3608 Domini
2305 3554 2376 3608 56
2397 3567 2505 3620 quo
2533 3553 2692 3608 obiit.
2728 3553 2882 3608 lluuc
2919 3555 3184 3610 Claudius
3206 3553 3348 3609 Nero
3387 3552 3656 3620 sequitur,

2063 3634 2121 3678 et
2161 3639 2334 3692 usque
2375 3624 2442 3676 ad
2495 3639 2699 3694 annum
2735 3625 2946 3679 Domini
2973 3626 3043 3681 69
3076 3624 3400 3694 imperavit,
3452 3631 3660 3694 utysuo

2064 3695 2182 3749 loco
2211 3694 2476 3748 dicemus.
2519 3693 2864 3750 Conveniunt
2892 3696 2944 3749 iu
2969 3696 3054 3750 his
3089 3692 3184 3750 Dio
3212 3694 3433 3750 Cassius
3457 3731 3474 3756 ,
3521 3692 3656 3748 Suc-

2065 3765 2269 3826 tonius,
2305 3765 2550 3832 Tacitus,
2584 3775 2639 3820 et
2667 3767 2848 3820 caeteri
2896 3764 3319 3833 historiographi
3361 3761 3658 3827 imperato-

2063 3851 2186 3890 rum
2213 3835 2603 3901 Romauorum,
2634 3849 2770 3904 quos
2793 3835 2943 3890 card.
2973 3834 3236 3890 Baronius
3277 3844 3499 3904 secutus
3549 3840 3654 3904 est.

364 3906 548 3962 dicere
578 3903 868 3976 poSsumus
897 3925 911 3961 :
944 3909 1055 3964 Nos
1083 3910 1135 3962 in
1163 3920 1337 3964 nostra
1353 3899 1513 3978 "urbe
1554 3899 1959 3978 peregrinantes,
1988 3899 2034 3962 C
2139 3907 2195 3963 4.
2251 3899 2806 3978 Τεννωιιιοιιιέκξιεη
2833 3905 2946 3960 Hoc
2999 3921 3064 3978 ex
3111 3904 3332 3978 Eusebii
3359 3900 3658 3978 Chronico

363 3987 694 4053 errantesque
721 3992 982 4050 tamquam
1015 3979 1266 4053 hospites,
1296 3979 1381 4053 tui
1398 3977 1525 4053 libri
1556 3977 1710 4053 quasi
1748 3978 1961 4032 domum

364 4049 806 4123 reduxerunt;_ut
836 4049 1414 4123 possentus'aliquando
1433 4050 1526 4123 qui
1553 4060 1600 4123 et
1624 4050 1710 4123 ubi
1737 4065 1959 4104 essemus

364 4137 695 4190 cognoscere.
726 4121 806 4176 Tu
832 4121 1035 4177 iztatem
1064 4121 1278 4195 patriar,
1323 4133 1377 4175 tu
1407 4121 1770 4195 descriptiones
1827 4132 1956 4195 teni-

361 4208 576 4260 porum,
606 4201 660 4265 tu
679 4210 950 4265 sacrorum
970 4192 1128 4265 jura,
1160 4202 1217 4248 tu
1247 4193 1594 4252 sacerdotum,
1628 4201 1683 4265 tu
1709 4192 1957 4246 domesti-

361 4279 501 4334 cam,
523 4271 581 4316 tu
606 4263 838 4319 bellicam
863 4263 1216 4333 disciplinam,
1253 4274 1305 4318 tu
1343 4265 1485 4318 sedes
1535 4264 1803 4334 regionum
1826 4307 1841 4329 ,
1897 4271 1954 4317 tu

361 4333 620 4401 locorum,
644 4343 698 4388 tu
721 4337 946 4390 omnium
973 4336 1266 4390 divinarum
1303 4333 1743 4405 Imntanaruiuque
1782 4351 1954 4388 rerum

363 4406 826 4478 nominaLoflicia,
860 4424 1046 4461 causas
1077 4407 1343 4478 aperuisti.
1379 4406 1446 4462 Ut
1481 4409 1661 4478 sciant
1691 4421 1819 4478 vero
1846 4407 1955 4461 Το-

362 4475 553 4542 lctaui,
587 4475 972 4547 Hispalenscs,
1025 4475 1458 4547 caelerarumque
1505 4477 1721 4532 urbiqu
1772 4477 1948 4543 cives,

359 4548 559 4616 quibus
597 4547 650 4603 hi
682 4549 856 4604 sancti
888 4547 1231 4620 prmluerunt
1253 4589 1269 4614 ,
1320 4560 1574 4619 patronos
1619 4563 1747 4603 suos
1779 4548 1953 4602 hono-

359 4634 506 4690 rare,
541 4635 610 4675 ne
665 4621 845 4690 pigeat
873 4619 968 4675 eos
1005 4619 1288 4676 attendere
1315 4663 1330 4686 ,
1383 4629 1584 4690 quanta
1641 4621 1948 4675 reverentia

358 4688 540 4763 ϐιζπεί
573 4688 839 4747 hactenus
864 4692 916 4747 in
947 4707 1047 4748 suo
1082 4688 1634 4761 meuologiohostros
1678 4702 1947 4763 martyres

358 4761 736 4818 celebrarunt.

432 4831 491 4906 _lu
547 4833 939 4906 ﬂartyrologio
997 4833 1245 4906 Romano
1283 4831 1477 4906 deﬁcit
1513 4848 1718 4906 nomen
1757 4832 1832 4906 S._
1861 4833 1944 4888 Pii

357 4904 604 4974 episcopi
631 4903 965 4978 et'mart'yris
993 4903 1354 4978 llispalensis,
1395 4904 1570 4978 cujus
1594 4904 1944 4978 nihilominus

357 4988 483 5046 cum
514 4977 732 5032 czeteris
755 4975 920 5032 sociis
950 4976 1198 5032 meminit
1244 4975 1490 5046 Pelagius
1536 4975 1824 5031 Oveteusis
1843 5016 1857 5035 .
1887 4985 1944 5031 et

357 5044 515 5118 llugo
555 5046 1016 5118 Portugallensis,
1058 5063 1306 5118 quorum
1334 5044 1662 5118 mentionem
1718 5046 1944 5118 iecimus

357 5116 410 5170 in
443 5116 848 5188 superioribus.
889 5129 946 5173 et
972 5116 1099 5173 ante
1147 5133 1245 5174 eos
1275 5116 1335 5174 S.
1376 5117 1708 5175 Caledonius
1745 5116 1944 5172 Braca-

357 5192 536 5244 reusis
562 5189 615 5245 in
649 5189 770 5244 Vita
802 5191 859 5248 S.
900 5190 1045 5245 Petri
1074 5188 1348 5245 Ratensis.

428 5260 584 5326 Quod
623 5261 845 5328 dicitur,
887 5261 1100 5317 occisos
1142 5259 1312 5316 fuisse
1357 5260 1483 5315 dum
1521 5258 1588 5314 ad
1630 5257 1934 5316 Concilium

351 5332 736 5395 Convenireut,
771 5333 896 5389 inde
923 5333 1058 5388 satis
1088 5342 1278 5402 aperte
1304 5331 1612 5402 deducitur,
1657 5332 1799 5402 quod
1844 5331 1940 5388 de-

351 5414 478 5486 cem
498 5402 930 5486 simulepiseopi
950 5401 1213 5486 martyrio
1240 5401 1572 5486 allectisunt
1598 5418 1612 5456 :
1638 5401 1746 5486 non
1797 5405 1946 5486 enim

352 5472 571 5546 videtur
600 5472 763 5530 aliter
795 5472 910 5532 lieri
959 5472 1200 5546 potuisse
1245 5485 1352 5546 tota
1385 5475 1654 5528 distantes
1687 5473 1944 5546 lliSpania

348 5544 524 5599 simul
549 5557 793 5612 necatos,
831 5547 936 5602 nisi
961 5544 1035 5601 'ad
1073 5545 1376 5602 Concilium
1419 5547 1794 5600 convenirent.
1838 5545 1946 5599 Lo-

344 5629 463 5688 cus?
480 5617 641 5670 etiam
665 5618 898 5674 Coucilii
931 5619 1132 5673 indicat
1169 5628 1382 5688 tempus
1417 5616 1732 5688 sazvissimm
1763 5630 1949 5685 perse-

345 5687 615 5751 cutionis;
643 5705 706 5743 ea
733 5690 1003 5758 siquidem
1028 5691 1081 5744 iu
1114 5687 1426 5753 causa’l'uit,
1461 5697 1521 5742 ut
1549 5687 1614 5742 ad
1651 5688 1827 5743 locum
1861 5704 1948 5743 rc-

346 5759 720 5818 nwtissimutu
749 5801 762 5830 ,
790 5773 846 5818 et
885 5763 952 5816 ad
989 5761 1336 5818 l‘cniusulam
1367 5760 1538 5834 ipsam
1592 5759 1945 5828 secesserint,

2064 3986 2370 4032 mutuatmn
2395 3977 2560 4043 scias,
2594 3976 2682 4031 ubi
2709 3975 2954 4041 legimus,
2983 3977 3131 4031 Anno
3161 3975 3368 4030 Domini
3387 3974 3457 4030 60
3479 3983 3658 4030 terric-

2062 4062 2229 4104 motus
2253 4049 2461 4116 Romae,
2487 4057 2535 4120 et
2571 4047 2696 4102 solis
2725 4047 2963 4120 defectio.

2134 4123 2186 4176 5.
2235 4121 2450 4176 Vivebat
2502 4119 2756 4190 Luparia,
2792 4117 2916 4176 'etc.
2978 4121 3121 4174 Duas
3149 4119 3320 4174 fuisse
3366 4117 3649 4186 Luparias,

2061 4192 2422 4248 Calmcianam
2461 4207 2648 4253 unam,
2684 4193 2911 4246 alteram
2949 4191 3205 4246 Bzrticam
3255 4192 3307 4242 iu
3352 4190 3653 4259 superiori-

2060 4265 2164 4320 bus
2194 4265 2708 4328 demonstravimus,
2742 4261 2809 4315 ad
2839 4277 3037 4316 annum
3062 4263 3132 4316 42
3153 4269 3209 4317 et
3232 4261 3322 4316 45.
3359 4261 3432 4314 De
3455 4261 3655 4314 sancti-

2060 4344 2169 4391 tate
2201 4335 2413 4389 Bmticm
2447 4345 2528 4388 est
2561 4334 2836 4401 egregiqu
2866 4335 3240 4387 testimonium
3267 4331 3325 4387 S.
3357 4330 3550 4385 lsiduri
3597 4332 3650 4386 in

2058 4405 2262 4478 hymno
2288 4409 2347 4462 S.
2380 4405 2636 4478 Torquati
2668 4413 2726 4458 et
2755 4405 3048 4467 sociorum,
3091 4403 3354 4458 Breviarii
3406 4401 3647 4470 Gothici,

2057 4477 2146 4533 ubi
2175 4493 2283 4532 non
2312 4477 2482 4532 semel
2515 4483 2858 4545 nuncupatur
2883 4484 3070 4529 sancta
3104 4492 3118 4529 :

2363 4611 2483 4674 llaec
2500 4611 2653 4674 prima
2676 4609 2790 4674 ﬁdei
2817 4617 2894 4658 est
2911 4609 2985 4658 via
3011 4607 3257 4674 plebium;

2362 4667 2649 4735 Inlefquos
2663 4670 2842 4735 mulier
2861 4667 3037 4735 sancta
3050 4667 3116 4716 Lu
3126 4670 3258 4735 parta

2363 4730 2569 4784 Sancto's
2587 4731 2887 4796 aggrediens
2903 4731 3083 4791 cernit,
3107 4737 3159 4777 et
3177 4730 3428 4796 obsecrat,

2362 4790 2851 4848 SanctOrutIt'monita
2875 4801 3077 4856 pectore
3101 4790 3377 4842 conlocatis.

2121 4906 2193 4964 Et
2219 4905 2452 4964 inferius
2484 4923 2499 4962 :

2357 5019 2462 5069 Illic
2485 5027 2648 5070 sancta
2670 5016 2766 5068 Dei
2788 5017 2984 5068 ﬂemina
3011 5017 3236 5080 tingitur.

2354 5082 2418 5133 Et
2441 5082 2552 5132 vitae
2575 5081 2764 5133 lavacro
2787 5083 2940 5144 tincta
2957 5081 3258 5130 renascitur.

2044 5189 2102 5245 In
2135 5189 2299 5244 Missa
2325 5202 2458 5243 vero
2489 5186 2805 5252 eorutndem
2856 5194 3171 5241 sanctorum
3216 5183 3346 5251 legit
3381 5183 3645 5239 sacerdos

2045 5271 2174 5316 ante
2197 5259 2497 5315 orationem
2517 5258 2851 5314 Dominicam
2871 5271 3061 5324 preces
3083 5255 3182 5311 has
3207 5273 3220 5309 ι
3247 5254 3402 5320 Ecce,
3422 5257 3651 5310 dilectis-

1973 5301 2024 5362 D
2056 5332 2175 5387 simi
2202 5332 2413 5402 fratres,
2439 5347 2636 5384 mecum
2665 5328 2841 5382 oculos
2869 5301 2923 5382 in
2953 5328 3172 5402 sublime
3197 5301 3464 5402 attollit'e,_
3489 5328 3585 5402 Itoc
3603 5342 3648 5402 _a

2055 5395 2285 5459 Domino
2306 5395 2598 5469 specialiter
2625 5401 2912 5469 precaturi,
2942 5408 2998 5453 ut
3024 5399 3115 5469 qui
3143 5399 3314 5469 gratia
3343 5397 3464 5464 ﬁdei
3488 5395 3643 5450 Chri-

2055 5476 2240 5530 aliqua:
2287 5467 2378 5528 cor
2418 5471 2593 5527 Beata:
2619 5467 2863 5544 Luparia:
2890 5467 3241 5544 dignatus—est
3270 5467 3645 5544 illustrare‘re-

2055 5557 2226 5616 penle,
2279 5561 2372 5600 nos
2411 5545 2465 5598 in
2507 5546 2604 5598 hoc
2631 5533 2886 5598 momento
2925 5533 2990 5595 αἰ)
3043 5541 3184 5616 omni
3213 5533 3648 5616 criminumdabe

2054 5605 2296 5691 dignelur
2333 5617 2620 5691 efﬁcaciter
2646 5629 2937 5691 expurgare
2964 5628 2982 5666 :
3023 5609 3407 5691 proclamantes
3443 5605 3515 5659 ad
3542 5615 3592 5659 te
3619 5619 3648 5660 e

2052 5685 2226 5752 terris,
2251 5685 2410 5760 atque
2431 5689 2504 5741 ita
2531 5687 2794 5760 dicentes:
2827 5685 2984 5760 Pater
3007 5693 3198 5746 noster,
3228 5690 3353 5760 etes
3419 5747 3455 5760 η
3560 5746 3572 5758 ο

2125 5763 2178 5817 6.
2215 5747 2478 5831 Ἰισάιιιιω,
2513 5769 2620 5817 etc.
2652 5756 2891 5816 Consule
2919 5771 3038 5827 qua:
3062 5768 3128 5810 ex
3151 5747 3388 5819 antiquis
3419 5747 3644 5806 Brevia-
