4152 6174
543 220 646 281 191

1617 212 1852 277 FLAVI!
1887 211 2072 275 LUCII
2111 210 2371 274 DEXTRI
2408 214 2822 277 CHRONICON.

3742 220 3847 283 {93

541 338 613 399 Δ.
641 335 706 398 C.
733 335 827 398 64.
900 342 1264 411 cognomento
1293 335 1663 406 Philotbeum,
1695 336 1957 408 Probum,
1978 335 2420 411 Xantippamque
2449 336 2570 410 ejus
2598 351 2829 396 uxorem
2855 333 2924 394 ad
2960 334 3123 396 fidem
3152 335 3448 405 convertit;
3522 332 3589 393 Α.
3615 333 3685 394 R.
3713 334 3844 397 815.

940 433 1293 507 presbyteros
1314 432 1389 490 ibi
1414 432 1696 507 relinquit.

636 608 639 609 ν
1753 522 2015 582 BlVARII
2049 522 2614 584 COMMENTARIUS.

546 627 596 675 et
612 615 778 689 Beda,
800 616 1077 690 scelerique
1100 616 1352 690 Doctores
1369 624 1643 690 testantur.
1678 613 1830 672 Unde
1858 623 1906 672 el
1933 613 2144 690 Narbo-
2170 615 2224 678 Α
2247 629 2467 690 ca_p_._xv
2490 615 2562 690 ad
2582 616 2884 687 Romanos,
2911 624 3074 690 negat
3093 616 3415 690 Apostolum
3438 624 3496 671 ut
3515 617 3843 688 promiserat

547 705 688 773 riam.
714 688 1338 773 prelori‘ensuqueuidam
1380 688 1691 771 discipulum
1732 703 1889 773 suum
1935 688 2143 773 nomine

546 756 801 827 Paulum,
829 756 1093 832 ferturibi
1118 760 1392 832 reliquisse
1417 756 2010 832 episcopum._Pervenit
2040 756 2141 832 igig

548 841 634 906 tur
659 829 915 906 usquead
959 829 1268 906 Hispanias,
1316 839 1365 887 et
1407 829 1616 906 amori
1647 829 2033 906 Rubro__usque
2070 829 2140 882 ad

553 901 820 976 oceanum
849 901 1184 976 praedicando
1216 903 1477 968 cucurrit,
1522 903 1757 976 imitans
1775 901 1901 955 solis
1928 917 2142 976 cursum

547 973 613 1029 ab
646 971 861 1031 oriente'
880 988 1038 1045 usque
1072 974 1139 1029 ad
1166 989 1425 1045 occasum,
1454 983 1512 1028 ut
1542 983 1663 1027 ante
1711 972 1759 1027 ei
1787 980 1925 1027 terra
1953 971 2144 1045 deﬁce-

546 1052 649 1116 ret,
677 1063 830 1118 quam
860 1042 1085 1118 studium
1110 1044 1466 1118 praedicandi;
1487 1046 1758 1118 quiaergo
1783 1052 1831 1099 et
1849 1042 1991 1112 apud
2014 1042 2144 1118 His-

551 1114 737 1199 panius
768 1114 1273 1199 Pseuda-apoﬂolog
1301 1114 1583 1199 prtevenire
1608 1114 1922 1199 festinabut;
1950 1130 2065 1199 cuni
2086 1114 2141 1199 iu

551 1184 889 1256 Hispaniam,
921 1184 1400 1261 inquil,_proﬁcisci
1429 1184 1648 1261 cmperu,
1671 1184 2142 1261 et_c._idem_habct

547 1273 716 1331 super
764 1274 887 1331 cap.
915 1275 954 1316 tt
987 1256 1063 1315 ad
1091 1256 1271 1314 Galat.
1305 1267 1557 1331 etsuper
1585 1257 1628 1313 ll
1664 1257 1731 1312 ad
1773 1256 2015 1331 'ljimoth.
2048 1271 2139 1331 _tv.

551 1327 712 1402 Quod
741 1327 952 1402 spectat
980 1331 1050 1387 ad
1080 1330 1302 1386 Paulum
1333 1327 1770 1402 Narbonensem,
1791 1328 1945 1402 idem
1978 1327 2144 1402 habet

553 1401 676 1458 Ado
734 1398 795 1474 ni
840 1402 1227 1474 Martyrologio
1274 1417 1416 1468 suo,
1467 1409 1541 1474 ut
1579 1401 1724 1474 apud
1760 1398 2141 1474 ΔΜιρξιιιιιιιςιιηι

556 1480 690 1527 ιοιη.
734 1472 848 1529 Vll.
880 1468 1026 1529 Surii
1055 1468 1240 1529 videre
1265 1484 1370 1535 est,
1410 1472 1498 1527 vel
1527 1471 1580 1527 in
1604 1468 1975 1527 additionibus
1996 1468 2143 1539 ejus-

555 1542 678 1597 dem
710 1552 770 1598 ut
798 1545 1081 1601 Eribertus
1120 1544 1447 1607 Rosweidus
1477 1552 1649 1598 notat.
1695 1542 1842 1599 Idem
1877 1542 1995 1612 ipse
2024 1540 2142 1612 Ade

554 1612 611 1669 in
635 1613 841 1671 Chron.
872 1631 1016 1672 anno
1043 1617 1112 1672 59
1148 1614 1392 1670 affirmat
1435 1615 1489 1670 in
1515 1613 1708 1669 eodem
1755 1611 1952 1666 itinere
1980 1611 2142 1666 relic-

556 1694 669 1739 tum
698 1685 869 1742 fuisse
908 1702 939 1741 a
969 1687 1140 1742 Paulo
1168 1685 1525 1755 Tr0phimum
1577 1683 1811 1755 Arelatre
1832 1722 1848 1747 ,
1890 1691 1945 1755 et
1993 1695 2145 1738 cres-

556 1765 769 1812 centem
801 1756 1027 1813 Viennae
1057 1753 1366 1825 episcopos.
1399 1753 1699 1825 Rursusin
1730 1753 1958 1825 historia
1986 1767 2145 1808 sanc-

559 1834 737 1881 torum
764 1836 1064 1899 martyrum
1098 1824 1340 1899 Facundi
1369 1838 1422 1899 ει
1472 1824 1741 1899 Primitivi
1780 1824 2029 1899 legimus,
2062 1826 2144 1896 ip-

558 1912 650 1970 sos
675 1894 1057 1970 interrogatos
1085 1916 1114 1954 a
1156 1897 1341 1970 judice
1389 1897 1460 1970 de
1501 1896 1609 1952 lide
1643 1911 1781 1970 sua,
1827 1894 2054 1962 dixisse,
2083 1894 2144 1970 se

558 1965 929 2026 Christianam
954 1986 983 2025 a
1015 1965 1182 2026 Paulo
1210 1967 1414 2026 Christi
1444 1966 1694 2038 apostolo
1717 1965 1971 2038 edoctos;
1995 1966 2137 2038 quod

560 2053 696 2112 sane
723 2051 874 2097 extra
903 2042 1217 2112 Hispaniam
1260 2040 1377 2112 fieri
1423 2036 1700 2112 nequivit,
1735 2037 1878 2108 quod
1907 2036 2143 2112 Morales

559 2120 616 2182 ει
644 2110 922 2182 'l‘rugillus
950 2108 1235 2169 notarunt.
1268 2111 1338 2166 Et
1363 2108 1695 2181 quod'caput
1723 2118 1828 2182 est,
1858 2108 2145 2182 Astigitani

560 2180 708 2239 cives
734 2178 813 2256 (id
840 2193 948 2253 est,
977 2184 1045 2240 de
1075 2178 1392 2256 Ezija)_per’
1412 2178 1662 2256 manusa
1705 2180 1820 2256 suis
1848 2178 2146 2256 majoribus

557 2249 837 2322 acceptam
886 2249 1112 2312 servant
1160 2249 1506 2310 traditionem
1559 2252 1626 2308 de
1670 2249 1988 2307 concivibus
2032 2251 2145 2306 suis

557 2321 740 2396 Probo
787 2334 842 2382 ει
870 2325 1145 2396 Xantippa
1192 2324 1553 2396 nobilissimis
1596 2322 1950 2393 conjugibtts,
1980 2336 2146 2396 quos

557 2394 747 2451 dicunt
778 2410 807 2450 a
845 2397 1016 2453 Paulo
1042 2391 1341 2453 conversos
1369 2396 1425 2450 in
1455 2391 1715 2464 Hispania
1736 2410 1751 2460 ;
1771 2391 1888 2449 'nec
1921 2391 2143 2459 mirum,

558 2479 681 2538 eum
713 2466 948 2536 idipsum
979 2469 1187 2525 Graecis
1214 2482 1432 2538 quoque
1459 2475 1649 2538 notu_m
1698 2465 1881 2538 fuerit.
1930 2464 2143 2538 Etenim

559 2535 1208 2608 Simeon’Metaphrastes
1235 2535 1299 2593 in
1331 2535 1454 2593 Vita
1493 2538 1552 2594 S.
1581 2536 1743 2608 Pauli
1774 2537 1891 2608 haec
1939 2535 2146 2608 habet:

555 2606 681 2680 Jam
706 2624 824 2663 uero
845 2606 969 2665 cum
986 2621 1117 2666 esset
1145 2612 1199 2663 in
1218 2608 1503 2680 Hispania,
1530 2607 1636 2662 tale
1657 2607 1786 2680 quid
1806 2607 1988 2660 dicunt
2010 2606 2146 2680 acci-

560 2676 722 2751 disse.
755 2679 954 2735 Mulier
994 2681 1230 2751 quazdant
1269 2676 1549 2751 et'genere,
1598 2676 1885 2751 eti'opibus,
1930 2687 1977 2731 et
2020 2678 2145 2732 doc-

559 2748 702 2804 trina
732 2751 972 2824 insignis,
1006 2748 1139 2806 cum
1178 2754 1302 2824 jam
1342 2748 1467 2805 olim
1503 2748 1828 2824 auditionem
1868 2751 2150 2824 accepisset

559 2820 921 2895 apostolicam,
947 2820 1193 2895 cupiebat
1204 2822 1333 2895 ipsis
1359 2838 1560 2895 quoque
1582 2821 1755 2895 oculis
1786 2821 1981 2873 intueri
2007 2835 2146 2895 prte-

559 2905 738 2966 conem
764 2892 1025 2962 ueritatis,
1045 2903 1092 2966 et
1120 2892 1246 2966 ipsis
1267 2892 1489 2966 auribus
1508 2892 1714 2947 institui
1739 2892 1795 2945 in
1824 2905 1957 2966 certe
1983 2892 2148 2961 pieta-

562 2963 630 3036 tis
657 2962 1007 3036 dogmatibus.
1037 2962 1166 3021 Cum
1204 2981 1326 3036 ergo
1359 2965 1408 3019 ei
1443 2964 1610 3036 visunt
1641 2971 1773 3019 esset
1809 2962 1986 3017 divina
2017 2978 2150 3036 qua-j

562 3031 689 3119 dam
706 3031 1048 3119 inspiratione
1075 3037 1130 3119 iu
1151 3031 1632 3119 [orauipruﬁcltch
1655 3049 1757 3105 quo
1786 3031 2039 3119 ῑεηξΡονεᾷ
2061 3034 2151 3118 qui

560 3104 643 3159 vel
664 3119 733 3160 ea:
758 3104 872 3161 sola
902 3107 1047 3173 fama
1073 3104 1229 3162 ab'ea
1263 3104 1575 3177 diligebatur
1599 3146 1613 3169 ,
1650 3104 1743 3177 per
1771 3105 1998 3177 medium
2037 3107 2150 3175 ejus

561 3177 842 3247 transibat,
872 3177 1086 3244 dicitur,
1116 3188 1301 3235 etcum
1323 3176 1512 3233 uidisse
1536 3176 1718 3231 leniter
1742 3187 1791 3230 et
1822 3176 2028 3246 placide
2066 3176 2151 3230 in-

466 3262 477 3265 ‘
559 3247 898 3370 iredientem,
923 3260 980 3305 ut
1004 3251 1095 3322 qui
1123 3266 1226 3305 non
1244 3249 1416 3304 solum
1445 3249 1615 3319 gratia
1648 3249 1826 3316 plenos
1866 3263 2033 3302 mores
2055 3247 2152 3300 Ita-

597 3328 700 3370 eret
738 3328 970 3370 caeteros-
1012 3321 1104 3370 sed
1146 3322 1306 3370 etiam
1332 3322 1505 3370 imum
1541 3322 1832 3370 incessunt:
1872 3327 1921 3370 et
1962 3322 2150 3370 marito

597 3328 700 3371 cret
738 3328 971 3392 caeterus,
1012 3321 1104 3377 sed
1146 3322 1306 3375 etiam
1332 3322 1832 3392 ipsum_incessunt;
1872 3327 1921 3373 et
1962 3322 2150 3371 marito

2247 687 2314 741 ad
2342 686 2636 758 Hispanias
2658 686 3279 746 accessissefCaaterum
3301 688 3357 744 bi
3377 686 3631 747 auctores
3657 691 3839 748 solum

2245 767 2447 886 negant
2474 758 2701 815 Paulum
2725 776 2791 815 eo
2820 760 3084 831 temporis
3112 759 3312 825 ivisse,
3340 774 3451 831 quo
3491 763 3839 834 promiserat,

2245 831 2297 884 vi
2341 829 2499 885 elicet
2528 832 2812 886 transitum
2842 832 3018 886 Roma
3045 832 3250 886 faciens
3280 830 3300 886 l
3317 846 3424 886 non
3449 833 3789 886 mansionem
3817 837 3836 886 ὶ

2244 829 2499 908 videlicet
2528 832 2812 908 transitum
2842 829 3018 908 lioina
3045 832 3250 908 iaciens
3280 829 3424 908 (uon
3449 829 3789 908 mansionem
3816 829 3836 908 )

2242 902 2298 957 in
2337 901 2651 974 Hispanias.
2693 902 2941 967 lntendit,
2969 903 3115 959 enim
3161 901 3413 958 Pontifex
3457 919 3567 960 non
3612 901 3832 974 quidem

2242 987 2359 1029 rem
2391 971 2632 1040 dubiam,
2661 975 2760 1031 sed
2788 974 3110 1030 catholicam
3139 974 3411 1039 stabilire,
3446 971 3702 1030 nimirum
3729 993 3841 1033 non

2245 1042 2461 1115 mentiri
2484 1060 2607 1100 eum
2632 1044 2723 1115 qui
2747 1046 2990 1101 animum
3013 1044 3238 1100 fallendi
3267 1059 3376 1100 non
3406 1046 3589 1113 habet,
3623 1051 3840 1106 tametsi

2246 1129 2354 1171 non
2392 1114 2691 1190 adimpl‘eat
2720 1116 2862 1189 quod
2896 1115 3233 1190 spopondit,
3255 1116 3302 1171 si
3331 1115 3443 1190 Deo
3470 1117 3630 1190 aliter
3653 1117 3840 1190 dispo-

2246 1195 2408 1259 nenl_e
2432 1188 2761 1259 promissum
2792 1203 2899 1243 non
2928 1188 3105 1259 potuit
3147 1188 3453 1259 adimplere
3481 1204 3496 1244 :
3532 1188 3651 1245 haec
3689 1188 3837 1247 enim

2245 1268 2331 1329 est
2354 1254 2595 1313 Canonis
2624 1258 2771 1315 illius
2803 1254 3196 1329 supe‘rscriptio
3221 1275 3236 1313 :
3269 1258 3338 1315 Ut
3363 1268 3542 1315 autem
3573 1260 3676 1316 hoc
3701 1277 3842 1317 con-

2245 1327 2455 1405 firmet,
2492 1330 2708 1405 inquit,
2738 1329 2805 1386 Β.
2830 1329 3035 1405 Paulus
3068 1327 3335 1405 apostolus
3346 1346 3465 1405 _t_ton
3490 1331 3608 1405 ideo
3647 1332 3669 1402 (
3695 1335 3845 1405 quod

2245 1345 2455 1395 ttrmet,
2498 1345 2708 1454 inquit,
2738 1345 2805 1386 Η.
2830 1345 3035 1385 rautus
3068 1345 3331 1399 apostatus
3363 1346 3465 1386 non
3490 1345 3608 1385 meo
3647 1345 3668 1402 ι
3695 1345 3845 1405 quod

2244 1399 2431 1470 absit)
2472 1403 2573 1470 fere
2600 1401 2720 1457 lisse
2748 1402 3033 1457 credendus
3061 1410 3135 1455 est
3169 1409 3262 1456 aut
3291 1401 3389 1456 sibi
3419 1404 3672 1458 exstitisse
3714 1421 3845 1460 con-

2246 1471 2460 1540 trarius,
2485 1474 2737 1546 quoniam
2754 1484 2876 1546 cum
2896 1474 2965 1546 ad
2993 1471 3277 1546 Hispanias
3296 1488 3363 1546 se
3389 1474 3708 1546 promisisset
3735 1477 3846 1531 itu-

2242 1558 2400 1616 rum,
2459 1543 2799 1616 dispasitione
2842 1544 3061 1616 divina,
3094 1543 3402 1616 majoribus
3448 1554 3732 1616 occupatus
3779 1564 3846 1603 ea:

2244 1614 2420 1687 causis
2442 1656 2457 1681 ,
2492 1615 2715 1687 implere
2755 1632 2857 1669 non
2900 1615 3068 1682 potuit
3096 1614 3238 1687 quod
3271 1615 3552 1682 promisit:
3580 1614 3843 1687 quantum

2244 1685 2383 1737 enim
2404 1685 2565 1756 ipsius
2586 1686 2867 1741 voluntatis
2888 1687 3146 1755 interfuit.
3181 1685 3279 1741 Itoc
3301 1685 3672 1754 pronuntiauit.
3699 1691 3844 1755 quod

2244 1770 2423 1809 revera
2451 1756 2694 1829 voluisset
2742 1758 2951 1829 efﬁcere
2990 1772 3010 1811 :
3049 1766 3302 1829 quantum
3340 1766 3515 1829 autem
3553 1759 3623 1813 ad
3658 1758 3844 1815 Divint'

2244 1835 2446 1880 secreta
2472 1827 2706 1902 consilii,
2740 1827 2962 1902 superna
2984 1827 3315 1902 praetermisit
3339 1828 3678 1902 dispositione
3703 1847 3843 1902 pra:-

2245 1906 2446 1951 centus.
2495 1896 2651 1970 Quod
2689 1896 2857 1970 igitur
2900 1896 3274 1970 necessarium
3315 1908 3405 1955 est
3423 1896 3497 1955 ad
3521 1896 3725 1957 Gelasii
3757 1902 3841 1956 iu—

2252 1975 2461 2041 tentum
2482 2009 2498 2032 ,
2522 1968 2677 2041 nihil
2705 1968 2853 2041 aliud
2884 1980 2970 2025 est
2995 1985 3156 2041 quam
3190 1969 3245 2025 id
3274 1970 3415 2040 quod
3443 1986 3511 2026 ex
3538 1971 3839 2040 Scripturis

2250 2039 2421 2093 sacris
2451 2038 2734 2107 habemus,
2763 2038 3029 2096 nimirum'
3042 2055 3150 2097 non
3170 2038 3498 2112 adimplesse
3517 2038 3842 2112 promissio—

2249 2125 2372 2184 nem
2415 2124 2571 2184 suam
2610 2127 2771 2183 quam
2819 2111 3083 2184 citissime
3106 2111 3597 2184 Aproliciscendi’in
3635 2113 3842 2184 Hispa-

2247 2182 2392 2236 niam
2415 2225 2429 2251 ,
2463 2189 2517 2235 et
2541 2180 2729 2239 Romae
2764 2197 2874 2239 non
2903 2180 3140 2239 faciendi
3164 2198 3374 2238 moram
3401 2225 3416 2245 ,
3452 2183 3555 2238 hoc
3580 2180 3847 2242 enim'est

2247 2252 2392 2324 quod
2422 2251 2488 2307 ad
2517 2253 2793 2310 Romanos
2823 2255 3077 2320 dixerat,
3126 2252 3260 2309 Cum
3294 2254 3348 2309 in
3378 2253 3691 2321 Hispaniam
3716 2271 3843 2324 pro-

2247 2323 2412 2409 ﬁcisci
2446 2339 2644 2409 clepere
2670 2366 2686 2391 ,
2731 2342 2881 2409 spero
2904 2326 3042 2409 quod
3081 2326 3706 2409 prtuterieps‘videbocos
3728 2368 3746 2394 ,
3787 2337 3843 2383 ει

2249 2404 2429 2466 tamen
2471 2395 2880 2465 dispensatione
2908 2395 3090 2451 divina
3117 2397 3278 2453 aliter
3304 2395 3506 2452 factum
3539 2407 3623 2452 εει
3648 2441 3665 2466 ,
3712 2414 3839 2454 nam

2248 2465 2568 2540 iu_vinculis
2598 2467 2981 2540 detentus_est
3012 2466 3202 2540 Romae
3233 2482 3330 2540 per
3358 2467 3638 2523 biennium
3664 2484 3680 2523 :
3726 2486 3837 2540 quo

2248 2536 2430 2610 solum
2456 2536 2585 2592 dato
2608 2583 2622 2607 ,
2658 2554 2817 2595 casus
2844 2537 3045 2610 Gelasii
3087 2553 3151 2593 se
3193 2538 3399 2610 ollert;
3414 2540 3726 2610 exponendi
3747 2536 3843 2595 ’νὶ-

2248 2606 2449 2663 delicet
2485 2606 2760 2679 quomodo
2803 2609 3058 2665 mentitus
3113 2624 3220 2664 non
3253 2617 3340 2666 est
3374 2606 3598 2667 Paulus.
3631 2612 3699 2667 Et
3739 2611 3849 2677 hac,

2249 2689 2399 2736 certa
2428 2681 2660 2737 veritate
2689 2681 2931 2737 historice
2953 2680 3164 2749 probat,
3198 2695 3307 2735 non
3333 2683 3551 2737 mentiri
3572 2697 3696 2737 eum
3720 2685 3836 2752 qui,

2250 2752 2376 2818 quia
2406 2765 2514 2805 non
2532 2753 2718 2822 valuit
2742 2794 2757 2818 ,
2798 2768 2904 2808 non
2935 2752 3181 2822 implevit
3207 2752 3356 2821 quod
3389 2752 3660 2820 promisit.
3689 2753 3843 2811 Nihil
3896 2766 3909 2773 '

2250 2831 2432 2894 autem
2475 2821 2544 2877 ad
2589 2821 3104 2893 illum'pertinebat
3151 2822 3446 2879 adventum
3488 2823 3739 2894 Apostoli
3788 2826 3841 2889 in

2251 2891 2543 2964 Hispanias
2562 2904 2686 2965 post
2702 2891 2920 2951 vincula
2942 2909 3166 2966 negare,
3189 2903 3305 2949 tum
3324 2895 3446 2966 quia
3470 2891 3845 2966 certarveritas

2251 2978 2359 3035 non
2383 2973 2504 3020 erat
2529 2980 2590 3021 re
2641 2974 2698 3021 ut
2723 2965 3242 3021 minimum'incerta
3267 2965 3696 3035 comprobanda,
3729 2978 3843 3023 tum

2251 3034 2374 3105 quia
2398 3051 2508 3090 non
2539 3046 2623 3091 est
2651 3038 2911 3093 credibile
2938 3036 3220 3094 Gelasium
3251 3037 3372 3092 sine
3402 3034 3569 3092 causa
3599 3038 3846 3095 voluisse

2252 3106 2475 3179 obviare
2506 3116 2584 3162 tot
2616 3110 2886 3179 tantisque
2914 3118 3232 3179 sanctorum
3261 3108 3483 3163 Patrum
3515 3107 3847 3179 testimoniis

2253 3177 2322 3250 de
2347 3178 2496 3250 Pauli
2530 3180 2581 3233 in
2614 3177 2903 3249 llispanias
2928 3178 3289 3249 profectione.
3317 3179 3491 3250 Atque
3510 3178 3656 3235 idem
3675 3178 3847 3235 dicito

2252 3248 2322 3304 de
2351 3248 2409 3305 S.
2436 3250 2645 3307 'l‘homa
2683 3248 2985 3321 Aquinate,
3019 3265 3250 3322 negasse
3276 3248 3532 3305 nimirum
3560 3251 3849 3306 dumtaxat

2255 3335 2323 3375 eo
2355 3330 2600 3391 tempore
2635 3323 2702 3378 ad
2735 3322 3020 3391 Hispanias
3049 3322 3269 3377 venisse
3293 3362 3308 3388 ,
3355 3337 3463 3392 quo
3487 3322 3605 3390 ipse
3633 3323 3845 3389 promi-

560 3389 1023 3464 suo,persuasisse,
1052 3392 1139 3445 cui
1161 3388 1474 3464 nomen'erat
1508 3389 1723 3464 Probus
1750 3388 1955 3464 (eorum
1980 3400 2151 3442 autent
2179 3389 2225 3452 C
2256 3401 2442 3464 serat;
2472 3388 2602 3464 'non
2641 3408 2770 3449 vero
2815 3388 3097 3449 accessum
3144 3388 3388 3463 Apostoli
3428 3388 3551 3464 post
3590 3388 3844 3457 vincula;

559 3457 649 3532 qui
668 3456 780 3532 illic
806 3470 971 3532 erant,
1011 3456 1122 3516 erat
1150 3462 1306 3532 facile
1332 3463 1571 3532 princeps
1595 3460 1614 3529 )
1636 3456 1844 3532 utiin'tra
1871 3460 2009 3514 wdes
2029 3476 2153 3515 suas

561 3527 813 3603 hospitem
840 3527 1445 3603 ecciperetfpostquum
1472 3527 1604 3603 vero
1627 3529 1723 3603 [ait
1764 3531 2070 3603 accersitus,
2105 3539 2154 3585 et

560 3598 669 3675 fuil
680 3615 853 3675 prope
878 3598 1019 3671 illos,
1048 3598 1308 3675 ejusmodi
1333 3601 1545 3671 aliquod
1573 3598 1883 3675 miraculum
1906 3602 2157 3675 accidisse

561 3671 811 3745 mulieri}
840 3688 1020 3743 nempe
1047 3671 1240 3745 apertis
1280 3675 1464 3729 mentis
1491 3688 1600 3727 sua:
1636 3672 1831 3739 oculis,
1869 3674 2058 3728 vidisse
2099 3673 2155 3729 in

548 3743 731 3815 fronte
753 3749 871 3818 ejus
908 3746 1000 3817 qui
1025 3743 1195 3818 [nerui
1233 3745 1460 3818 hospitio
1501 3750 1768 3818 acceptus,
1819 3745 2016 3818 litteras
2055 3761 2153 3799 au-

558 3831 695 3882 reas,
735 3815 851 3888 quae
886 3815 1146 3884 dicebant,
1174 3817 1376 3873 Paulus
1400 3815 1836 3886 Cltristi'prtnco.
1870 3815 2035 3873 lllant
2061 3834 2155 3872 au-

561 3894 661 3961 tem
688 3897 899 3961 propter
918 3890 1166 3947 visionem
1193 3891 1510 3961 insperatam
1532 3888 1785 3961 inuasitct
1811 3888 2072 3959 uoluptas.
2109 3897 2158 3943 el

561 3956 751 4030 timor;
776 3956 823 4030 et
850 3958 1094 4030 lucryntls
1115 3956 1516 4030 plena-procidit
1541 3959 1608 4011 ad
1633 3958 1786 4030 pedes
1812 3956 2086 4030 Apostolt';
2108 3969 2159 4015 et

561 4026 817 4100 catechesi
837 4027 901 4081 ab
926 4026 987 4100 eo
1015 4026 1272 4100 instigata.
1294 4026 1527 4099 primum
1546 4026 1751 4095 quidem
1776 4026 2000 4100 suscepit
2028 4026 2158 4099 bap-

561 4097 796 4171 tismum,
817 4099 1080 4169 appellata
1109 4097 1394 4171 Xantippe,
1426 4107 1601 4171 postea
1621 4106 1793 4171 autem
1823 4097 2029 4155 Probus
2049 4097 2161 4171 ejus

565 4167 801 4241 maritus,
834 4167 922 4241 qui
951 4179 1061 4225 erat
1088 4178 1239 4241 notus
1277 4167 1512 4236 Neroni;
1559 4168 1745 4241 deinde
1780 4172 1933 4225 etiam
1971 4167 2158 4227 Philo-

564 4239 714 4323 ilteus
742 4239 1041 4323 prtefectus,
1084 4253 1132 4297 et
1160 4240 1400 4313 deinceps
1445 4256 1622 4323 omnes
1650 4240 1738 4311 qui
1766 4241 1915 4297 illaut
1947 4242 2157 4299 habita-

562 4308 685 4364 bant
722 4308 1005 4380 regionem.

638 4382 717 4438 Ex
745 4382 1014 4453 ejusmodi
1056 4400 1219 4440 aurea
1264 4382 1492 4439 historia
1534 4399 1641 4439 non
1680 4383 1859 4439 solum
1886 4385 2162 4441 stabilitur

565 4452 832 4510 adventus
873 4454 1029 4511 Pauli
1072 4456 1127 4512 in
1172 4455 1489 4526 Hispaniam
1516 4494 1532 4519 ,
1577 4455 1671 4510 sed
1703 4456 1866 4510 etiam
1897 4458 1962 4512 ad
1997 4456 2160 4513 fidem

565 4526 961 4599 conversiones
1002 4538 1319 4583 sanctorum
1347 4526 1512 4599 Probi
1547 4534 1603 4580 et
1630 4526 1932 4598 Xantippes
1969 4529 2162 4599 conju-

565 4610 694 4667 gum
732 4597 999 4670 nobilium
1029 4641 1045 4666 ,
1091 4608 1148 4655 ει
1186 4598 1417 4670 Philippi
1445 4597 1810 4670 cognoriteuto
1846 4597 2118 4656 Philothei
2142 4642 2158 4667 ,

566 4682 704 4739 quos
732 4667 837 4726 hoc
863 4671 985 4728 loco
1024 4670 1191 4728 refert
1221 4667 1435 4727 auctor.
1486 4669 1618 4738 Ejus
1649 4670 1883 4739 denique
1912 4672 2161 4727 veritatis

563 4750 885 4813 argumento
906 4756 1029 4813 esse
1061 4753 1316 4813 possunt,
1346 4757 1465 4807 qua!
1490 4741 1563 4813 de
1588 4740 1688 4797 SS.
1714 4742 2025 4813 Virginibus
2054 4743 2156 4797 Ba-

565 4810 747 4865 silissa
794 4820 850 4866 ει
888 4810 1176 4868 Anastasis
1214 4813 1401 4868 Setabi
1440 4810 1767 4881 (Xantibw)
1808 4810 1861 4867 in
1886 4814 2155 4869 Valentia:

565 4895 734 4951 regno
761 4884 897 4940 ortis
920 4923 936 4949 ,
982 4890 1038 4938 ει
1064 4898 1095 4938 a
1122 4883 1291 4940 Paulo
1316 4881 1514 4938 ibidem
1545 4883 1822 4937 conversis
1845 4924 1861 4948 ,
1903 4893 1958 4939 et
1993 4884 2062 4939 de
2094 4885 2154 4941 S.

565 4951 843 5024 Polyxena
868 4953 1094 5011 inferius
1125 4971 1248 5013 cum
1276 4954 1475 5009 Dextro
1500 4952 1695 5024 dicturi
1724 4969 1937 5011 sumus.

638 5022 821 5093 Quare
860 5026 1129 5083 habentes
1157 5034 1365 5082 tantam
1397 5022 1757 5079 asserentium
1796 5026 2017 5081 testium
2048 5042 2152 5082 nu-

565 5093 714 5170 bem,
748 5112 858 5152 non
883 5107 966 5154 est
989 5098 1134 5170 quod
1156 5097 1269 5169 jam
1300 5097 1355 5153 in
1381 5095 1606 5170 dubium
1626 5097 1765 5170 verti
1789 5107 1990 5170 queat:
2015 5113 2154 5168 prte-

567 5166 756 5242 sertim
786 5183 909 5225 cum
939 5166 1443 5242 tempusiApostolo
1482 5166 1548 5221 ad
1591 5166 1864 5242 ejusmodi
1890 5170 1995 5242 iter
2018 5166 2156 5226 arri-

568 5238 829 5311 piendum
874 5238 1244 5311 superfuerit,
1294 5249 1576 5311 postquam
1622 5254 1651 5293 a
1688 5238 1921 5297 vinculis
1964 5241 2153 5298 Romae

569 5309 779 5366 solutus
808 5323 915 5378 est,
944 5309 1002 5367 ει
1029 5313 1282 5367 voluutas
1295 5309 1417 5367 non
1438 5309 1659 5367 deesset
1687 5327 1703 5366 :
1736 5324 1790 5367 et
1818 5322 2028 5369 certum
2059 5314 2150 5378 sit,

567 5381 637 5437 ab
661 5394 729 5437 eo
757 5392 1000 5456 tempore
1025 5398 1198 5456 usque
1217 5381 1294 5456 ad_
1306 5393 1540 5456 mortem
1565 5398 1861 5456 numquam
1888 5385 1940 5439 in
1962 5385 2158 5440 Orien-

568 5461 679 5511 tem
704 5452 1021 5523 secesSissc,
1052 5452 1243 5525 utjam
1265 5452 1464 5510 dicam.

645 5526 762 5581 Duo
807 5537 990 5583 tamen
1031 5523 1251 5581 obstare
1296 5528 1468 5595 prima
1510 5523 1947 5582 facie.videntur
1973 5567 1989 5592 ,
2036 5540 2156 5597 quas

574 5597 845 5654 diluamus
878 5613 1022 5655 nunc
1050 5597 1311 5665 temporis
1357 5610 1582 5653 necesse
1620 5605 1726 5654 est.
1779 5598 2025 5652 Alterum
2074 5605 2158 5653 cst

569 5670 715 5739 quod
746 5670 997 5727 Gelasius
1024 5683 1158 5740 papa
1188 5665 1333 5725 XXII
1362 5680 1421 5739 q.
1454 5667 1662 5738 θέρη».
1684 5666 1876 5723 Beatus
1906 5667 2112 5724 Paulus
2136 5712 2152 5739 ,

569 5754 731 5812 quem
770 5743 836 5799 D.
881 5740 1119 5799 Thomas
1169 5742 1322 5813 sequi
1369 5741 1565 5798 utcitur
1614 5741 1741 5797 lect.
1786 5742 1821 5798 5
1860 5750 2151 5798 comment.

2186 4762 2297 4840 b!‘

2257 3461 2412 3533 cujus
2458 3463 2682 3519 evidens
2724 3472 3100 3533 argumentum
3148 3461 3404 3533 estquod
3431 3461 3598 3530 paulo
3624 3473 3746 3533 post
3782 3464 3840 3519 in

2258 3532 2449 3587 eodem
2479 3549 2645 3604 opere
2673 3532 2836 3605 super
2866 3533 2997 3589 illud
3025 3535 3090 3590 ad
3120 3532 3297 3592 Galat.
3321 3549 3358 3589 tt
3383 3550 3398 3590 :
3434 3534 3517 3589 Ne
3540 3535 3595 3590 in
3616 3551 3845 3590 uacuum

2258 3606 3006 3676 currerent,autcucurrissem,
3019 3606 3299 3676 conceptis
3309 3605 3494 3660 verbis
3512 3605 3710 3661 fatetur
3726 3605 3848 3676 ejus

2258 3674 2554 3731 adventum
2578 3678 2630 3733 in
2656 3677 2960 3747 Hispanias.
2989 3677 3179 3733 dicens
3208 3675 3407 3734 :Vocat
3428 3674 3847 3746 medicationem

2258 3762 2410 3819 suam
2434 3763 2665 3815 cursum,
2697 3758 2907 3819 propter
2930 3748 3249 3803 uelocitatem
3279 3763 3388 3819 sum
3410 3748 3692 3814 doctrinae;
3719 3749 3849 3816 quia

2258 3816 2315 3872 in
2343 3819 2544 3874 modico
2570 3816 2803 3892 tempore
2830 3836 2863 3872 a
2890 3818 3221 3874 Hierusalem
3248 3817 3615 3892 ad_lllyricu_nt
3647 3835 3809 3892 usque
3828 3862 3845 3887 ,

2260 3900 2309 3943 et
2337 3906 2497 3964 usque
2539 3893 2595 3947 in
2637 3890 2943 3962 Hispaniam
2980 3891 3286 3964 praerocavit
3312 3887 3679 3964 Evangelium.
3722 3887 3849 3957 Quo

2263 3961 2450 4033 videas
2478 3961 2793 4019 necessario
2835 3961 3002 4033 priori
3052 3963 3175 4018 loco
3213 3961 3683 4027 interpretandum
3722 3975 3848 4016 esse

2261 4029 2319 4088 in
2352 4034 2746 4091 sensu-Gelasii
2769 4075 2787 4097 ,
2826 4029 2896 4089 ne
2916 4033 3017 4088 sibi
3044 4034 3348 4089 contrarius
3371 4032 3593 4088 existat.

2336 4105 2714 4174 Expendamus
2744 4106 2855 4173 jam
2893 4106 3120 4175 alterum
3162 4105 3309 4175 quod
3336 4103 3500 4173 objici
3533 4109 3714 4175 potest
3741 4117 3846 4156 no-

2262 4174 2366 4231 bis.
2396 4176 2453 4233 Si
2481 4186 2589 4232 tam
2618 4177 2730 4232 alte
2758 4174 2911 4231 Pauli
2938 4177 3122 4231 animo
3159 4173 3425 4231 insederit
3452 4173 3847 4244 evangelizat'o

2264 4246 2667 4317 Hispaniarum,
2698 4256 2758 4303 ut
2780 4261 2880 4301 nos
2907 4247 3234 4310 asserimus;
3269 4245 3362 4316 qui
3391 4246 3508 4301 fieri
3542 4247 3751 4317 potuit,
3785 4255 3846 4300 ut

2265 4316 2380 4372 toto
2418 4319 2621 4375 biennii
2665 4319 2842 4387 spatio
2869 4332 2978 4388 quo
3008 4317 3198 4373 Romae
3226 4326 3413 4373 tentus
3437 4357 3454 4380 ,
3493 4326 3549 4372 et
3588 4316 3845 4371 detentus

2265 4389 2384 4458 fuit,
2417 4405 2521 4445 non
2551 4388 3349 4462 scripsitaliquamepistolam
3381 4388 3487 4442 illis
3507 4428 3522 4451 ,
3552 4402 3693 4456 quos
3724 4397 3849 4462 tan-

2265 4404 2384 4458 ιιιιι,
2417 4405 2521 4445 non
2551 4404 2773 4462 SCI‘lpSIl
2799 4404 3036 4457 aliquam
3062 4404 3349 4515 egrsrotam
3381 4404 3487 4442 nus
3507 4428 3522 4451 ,
3552 4404 3693 4456 quos
3724 4404 3849 4442 tan-

2265 4470 2453 4531 topere
2475 4462 2663 4516 videre
2684 4458 3064 4516 desiderabat?
3114 4460 3149 4513 ‘i
3172 4462 3316 4515 enim
3339 4473 3406 4514 eo
3428 4472 3643 4529 semper
3662 4458 3850 4531 animo

2264 4530 2365 4586 fuit
2393 4540 2454 4587 ut
2482 4533 2533 4585 in
2570 4532 2885 4601 Hispaniam
2913 4532 3353 4600 proﬁcisceretur
3379 4572 3396 4595 ,
3443 4530 3849 4598 quamprimum

2264 4604 2534 4674 potiretur
2556 4602 2829 4668 libertate,
2863 4603 3007 4674 haud
3034 4601 3257 4657 dubium
3285 4601 3412 4672 quin
3438 4602 3523 4674 eis
3548 4601 3846 4674 quidquam

2267 4672 2364 4745 per
2387 4675 2670 4745 epistolam
2694 4674 2763 4730 de
2783 4689 2882 4730 suo
2903 4673 2969 4729 ad
2996 4675 3144 4740 ipsos
3165 4672 3547 4745 proficiscendi
3572 4672 3851 4728 desiderio

2302 4744 2617 4802 atefaceret.
2647 4745 2916 4803 Craterum
2944 4745 2989 4799 si
3023 4745 3128 4800 hoc
3153 4744 3330 4799 solum
3362 4744 3705 4799 desideratur
3727 4784 3744 4810 ,
3786 4753 3848 4798 ut

2260 4816 2521 4888 adventus
2550 4818 2699 4874 Pauli
2725 4820 2778 4873 in
2802 4816 3112 4885 HiSpaniam
3133 4816 3467 4888 concedatur
3492 4815 3846 4888 (quamquam

2261 4886 2314 4943 id
2337 4888 2560 4947 minime
2582 4889 2947 4949 necessarium
2963 4896 3138 4954 esset;
3165 4888 3339 4957 potuit
3357 4886 3846 4957 enimverbotenus

2259 4959 2514 5030 Hispanis
2541 4962 2631 5031 qui
2660 4959 2850 5031 Roma}
2877 4956 3233 5014 versabantur
3261 4957 3315 5014 id
3345 4956 3533 5031 dicere
3556 4999 3594 5031 ,Α
3624 4967 3681 5012 ιιι
3728 4958 3839 5031 ipsi

2258 5024 2384 5089 illac
2419 5024 2788 5088 rescr'iberent
2816 5024 2885 5087 de
2911 5031 3097 5086 animo
3121 5043 3253 5094 suo,
3282 5040 3333 5084 et
3360 5027 3634 5085 desiderio
3658 5024 3848 5099 quoti-

2257 5103 2422 5159 diano
2444 5103 2734 5172 Hispanias
2758 5101 3061 5169 invisendi;
3092 5110 3187 5156 aut
3211 5099 3396 5172 forsan
3420 5101 3643 5172 scripsit
3667 5112 3721 5172 et
3746 5100 3847 5172 de-

2295 5173 2422 5230 eriit
2450 5170 2678 5245 epistola
2697 5215 2711 5241 ,
2745 5182 2804 5229 ut
2832 5172 2902 5230 de
2927 5189 2991 5230 ea
3014 5187 3174 5245 quam
3202 5172 3270 5245 ad
3300 5170 3664 5245 Laodicenses
3689 5170 3851 5227 dedit

2278 5247 2456 5317 'actum
2485 5242 2644 5317 est);
2678 5242 3046 5317 nihilominus
3062 5243 3365 5317 epistolam
3394 5258 3548 5317 nunc
3574 5242 3849 5317 habemus

2256 5314 2600 5387 canonicam
2627 5314 2694 5372 ad
2743 5316 3009 5387 Hispanos
3034 5314 3226 5387 datam
3254 5357 3269 5382 ,
3316 5315 3572 5387 videlicet
3610 5316 3845 5387 quteiad

2258 5385 2509 5442 Hebraeos
2553 5384 2890 5444 inscribitur.
2939 5386 3046 5444 Sed
3083 5397 3138 5441 et
3187 5388 3291 5441 hoc
3321 5386 3600 5441 difﬁcilius
3628 5384 3842 5441 credita

2255 5459 2551 5532 videbitur,
2579 5475 2738 5532 quam
2763 5460 2879 5531 ipse
2899 5458 3162 5514 adventus
3180 5458 3239 5514 S.
3263 5456 3442 5532 Pauli,
3468 5457 3840 5532 velim_tam_en

2258 5530 2493 5586 lectores
2522 5528 2800 5601 paiienter'
2816 5538 3061 5601 spectent
3086 5542 3261 5601 usque
3287 5529 3356 5583 ad
3382 5543 3582 5601 annum
3618 5528 3835 5583 Domini

2259 5602 2328 5657 66
2358 5643 2374 5669 ,
2425 5599 2677 5660 υδῖειιιη
2722 5599 2923 5659 Dextro
2963 5618 3026 5659 ea
3068 5599 3134 5655 de
3173 5599 3233 5655 re
3274 5616 3339 5655 ex
3373 5599 3623 5671 proleSso
3652 5614 3844 5656 sumus

2258 5674 2470 5752 acturi;
2531 5675 2749 5752 interim
2776 5689 2963 5746 quaeso
2986 5716 3000 5740 ,
3060 5686 3135 5752 ne
3156 5671 3302 5727 illico
3327 5675 3405 5726 rei
3439 5673 3679 5752 noviiate
3716 5685 3848 5752 per-

2261 5744 2438 5801 territi
2471 5748 2612 5803 notis
2645 5742 2866 5802 inura'nt
2900 5744 3228 5805 sententiam
3258 5787 3273 5813 ,
3317 5758 3440 5814 qua:
3474 5743 3613 5801 .visis
3647 5742 3852 5815 quibus
