4152 6174
339 668 513 747 scunt,
538 677 669 747 mox
687 662 1583 747 ctelitusimpetratumpercipiunt.

343 311 449 369 197

1415 314 1649 373 FLAVII
1686 312 1867 373 LUCll
1911 312 2171 371 DEXTRI
2208 312 2623 373 CilRONlCON.

338 429 409 486 Δ.
438 427 501 487 C.
536 429 627 487 66.
657 430 719 488 S.
751 425 1043 503 Crispinus
1074 429 1366 507 cpiscopus
1396 431 1732 507 AStigitanus
1760 431 1817 488 in
1845 432 2069 507 Baetica,
2102 432 2204 489 sub
2232 431 2393 489 Aloto
2418 433 2642 506 patitur.

3547 315 3654 377 198

3333 435 3401 491 Α.
3428 431 3498 492 R.
3528 435 3655 493 817.

1716 546 1978 606 BlVARll
2006 545 2585 605 COMMENTARIUS.

418 732 555 791 lllud
583 748 697 807 prae
740 735 953 807 cunctis
979 732 1311 807 admirabile
1352 732 1587 807 signum,
1621 733 1765 806 quod
1804 733 1951 790 Deus

344 821 457 861 non
488 805 659 875 semel
687 815 780 861 aut
825 806 930 871 bis,
969 806 1063 861 sed
1089 808 1380 875 quotannis
1408 805 1461 863 in
1500 805 1648 862 oliva
1670 807 1738 862 ad
1775 816 1952 861 tumu-

344 878 458 932 lum
487 874 549 933 S.
580 876 840 947 Torquati
873 874 1119 949 plantata’
1143 887 1255 933 toto
1284 880 1749 949 septingentorum
1778 891 1951 932 anno-

343 949 693 1021 rum_spatio
721 948 941 1021 operari
980 948 1235 1021 dignatus
1272 958 1379 1021 est,
1424 948 1567 1021 quod
1592 960 1785 1021 narrat
1830 950 1951 1005 Ado

342 1020 400 1091 in
447 1018 854 1091 Martyrologio,
888 1035 955 1075 ex
994 1018 1104 1091 quo
1144 1018 1606 1091 Eiquilinus'illud
1645 1020 1953 1091 desumpsit

343 1089 444 1146 lib.
472 1104 527 1154 v,
550 1089 670 1158 cap.
694 1090 749 1151 '5.
780 1090 866 1146 his
892 1090 1077 1147 verbis
1116 1108 1132 1145 :
1172 1089 1238 1146 In
1268 1093 1476 1148 civitate
1502 1092 1749 1147 Accitana
1781 1089 1951 1148 adse-

341 1159 588 1233 pulcrum
627 1160 977 1237 ._S_.A'lforquati
1006 1162 1161 1217 arbor
1190 1163 1341 1237 olim
1367 1166 1423 1219 in
1451 1167 1566 1234 ejus
1594 1164 1723 1235 festo
1760 1174 1951 1237 preter

341 1232 586 1286 naturam
608 1232 853 1288 divinitus
873 1236 1069 1304 ﬂorens
1093 1236 1313 1291 maturis
1339 1232 1788 1304 oleis‘onustatur',
1820 1252 1951 1299 qua-

339 1318 462 1376 rum
488 1303 687 1376 liquore
705 1303 1042 1376 aegritudines
1067 1318 1345 1362 sanantur.
1378 1306 1508 1364 lude
1529 1303 1785 1373 Morsles,
1811 1306 1950 1363 Tru—

339 1375 527 1441 gillus.
560 1374 836 1439 Alderete.
867 1376 1123 1447 Villegas,
1149 1388 1205 1433 et
1231 1392 1423 1434 omnes
1452 1377 1704 1433 moderni
1729 1378 1950 1433 desum-

340 1455 588 1515 pserunt.
626 1447 736 1517 Ego
764 1462 898 1503 vero
935 1447 1079 1503 dabo
1119 1448 1239 1516 ejus
1282 1451 1361 1505 rei
1404 1450 1680 1505 oculatum
1712 1457 1947 1503 testem:

340 1518 619 1571 auctorem
670 1516 924 1573 videlicet
970 1520 1219 1575 historia:
1266 1522 1519 1588 superius
1568 1520 1781 1583 relata),

339 1596 525 1644 esstat
549 1590 601 1644 in
636 1588 815 1645 Monte
843 1590 975 1645 Sion
1008 1609 1021 1643 :
1053 1591 1209 1658 cujus
1234 1599 1364 1644 sunt
1384 1590 1505 1646 haec
1534 1591 1704 1645 verba
1729 1606 1744 1642 :
1774 1588 1883 1644 Sed
1902 1600 1954 1644 et

340 1658 681 1730 illudpallio
728 1662 927 1715 silentii
969 1661 1173 1729 aperire
1212 1676 1317 1714 non
1353 1661 1614 1730 debemus,
1654 1661 1794 1729 quod
1844 1670 1951 1713 tam

338 1729 599 1803 prteclara
645 1729 855 1803 Domini
894 1730 1152 1785 miracula
1192 1730 1268 1803 tu
1298 1735 1530 1803 ipsorum
1577 1731 1950 1803 anniversariis

340 1801 445 1869 piis
494 1809 543 1856 et
582 1802 825 1867 ﬁdelibus
855 1812 1156 1872 sanctorum
1201 1800 1505 1872 (Torquati,
1551 1810 1608 1857 et
1643 1800 1948 1872 sociorum)

337 1872 541 1926 meritis
570 1883 816 1939 aperntur
856 1888 1017 1939 usque
1044 1873 1098 1925 in
1132 1870 1442 1926 hodiernum
1471 1872 1627 1925 diem.
1660 1870 1793 1941 Hice
1828 1870 1949 1941 qua:

337 1957 623 2013 narramus
660 1944 830 1997 cuncti
861 1945 1074 2007 scimus,
1104 1949 1152 1996 et
1178 1943 1280 2013 ipsi
1304 1952 1653 2012 persecutores
1696 1940 1947 1998 Ecclesiae

1829 1533 1953 1587 quae

336 2012 761 2084 perﬁdorumque
798 2015 1023 2084 cultores
1053 2012 1224 2084 verum
1258 2020 1568 2084 agnoscunt.
1620 2013 1827 2068 Ibidem
1865 2014 1944 2083 (in

312 6007 341 6021 δ

341 2082 474 2138 urbe
503 2082 785 2154 Accitana.
807 2098 903 2138 seu
926 2082 1158 2152 Guadls)
1187 2082 1307 2138 ante
1328 2085 1465 2154 fores
1491 2083 1741 2140 Ecclesia
1768 2086 1831 2139 ab
1850 2082 1941 2153 ip-

339 2153 410 2209 sis
430 2153 806 2227 sauctisradis;
831 2155 981 2208 olim
1017 2155 1224 2209 modica
1255 2153 1427 2224 posita
1465 2165 1579 2221 est;
1615 2166 1864 2227 tantaque
1889 2157 1946 2210 in

342 2241 402 2278 ea
429 2241 459 2277 ιι
488 2223 717 2280 Domino
746 2225 949 2279 ubertas
969 2229 1154 2296 gratia
1182 2223 1425 2297 concessa
1447 2236 1541 2293 est,
1568 2235 1624 2280 ut
1650 2227 1704 2281 in
1733 2223 1946 2297 vespera

342 2297 575 2369 ipsorum
620 2306 920 2369 sanctorum
959 2297 1072 2368 (die
1105 2297 1173 2353 M
1201 2296 1345 2363 Maii)
1372 2297 1713 2369 ingrediente
1754 2296 1943 2363 natali,

344 2366 466 2440 plus
512 2367 727 2440 ﬂoribus
766 2366 1010 2440 cernatur
1036 2410 1052 2433 ,
1104 2384 1259 2438 quant
1302 2366 1667 2440 foliis—operta
1722 2370 1945 2424 videtur.

345 2436 517 2509 Mane;
534 2454 652 2492 vero
674 2438 807 2508 (diei
838 2438 927 2508 l5)
957 2436 1182 2508 ex'ipsis
1207 2440 1422 2509 ﬂoribus
1451 2436 1618 2495 omnis
1644 2451 1946 2505 conventus,

346 2508 441 2578 qui
467 2508 555 2581 pia
575 2509 830 2565 devotione
854 2511 1145 2574 advenerit,
1170 2508 1217 2564 et
1238 2518 1537 2565 sanctorum
1564 2521 1833 2567 veneratur
1854 2528 1950 2581 pa-

348 2577 594 2644 trocinia,
620 2596 709 2634 seu
735 2582 894 2653 totius
922 2582 1227 2653 gentilitatis
1266 2581 1539 2636 multitudo
1570 2577 1948 2648 licerelicorum,

347 2664 801 2724 percersorumque
829 2652 1131 2723 dogmatum
1160 2653 1593 2716 concurrentium,
1626 2669 1781 2724 quam
1829 2670 1949 2722 per-

347 2722 532 2796 lectus,
562 2730 666 2796 tam
693 2722 873 2778 uberes
899 2722 1061 2796 elisus
1078 2734 1373 2796 Amaturatas
1395 2742 1415 2777 .·
1453 2722 1694 2795 omnique
1719 2725 1953 2796 pulchri-

348 2792 528 2868 tudine
550 2794 833 2868 adornatos
861 2794 1198 2868 uindemiant,
1229 2796 1382 2868 ueluti
1411 2796 1565 2850 certis
1594 2792 1909 2868 temporibus
1931 2811 1953 2851 :

348 2873 397 2916 ct
424 2863 498 2939 {to
520 2880 720 2939 omnes,
756 2866 925 2939 ﬁdelis
949 2905 965 2929 ,
1000 2882 1090 2921 seu
1121 2864 1372 2939 inﬁdelis.
1398 2876 1571 2939 prout
1598 2863 1954 2939 unusquisque

350 2933 595 3008 colligere
624 2933 780 3008 ualet,
814 2936 1108 3008 deportant.
1149 2936 1280 3003 Quis
1324 2933 1458 2992 enim
1488 2936 1621 2991 valet
1655 2933 1825 2993 dicere
1863 2933 1955 2993 co-

350 3005 405 3075 pi
423 3019 492 3081 tm
520 3006 586 3073 de
618 3005 949 3081 multitudine
995 3007 1154 3081 (tujus
1180 3009 1415 3077 fructus?
1447 3012 1597 3081 cujus
1622 3010 1677 3063 in
1709 3026 1871 3064 unum
1907 3010 1955 3065 si

350 3074 597 3151 colligere
614 3082 696 3151 [as
722 3078 929 3150 fuisset,
942 3074 1242 3151 plurimum
1265 3074 1795 3151 poterant'numerum
1816 3097 1956 3135 com-

351 3146 495 3221 plere
522 3146 864 3221 cophinorum
897 3148 1150 3205 olivarum
1179 3165 1198 3205 :
1221 3146 1500 3221 prtestante
1526 3149 1750 3206 Domino
1778 3161 1958 3207 nostro

348 3215 483 3299 Iesu
518 3215 751 3299 Christo,
785 3222 873 3288 qui
910 3230 1162 3292 martyres
1191 3215 1238 3275 et
1276 3223 1598 3292 confessores
1627 3238 1749 3277 suos
1777 3238 1955 3277 susce-

349 3297 447 3359 pit,
470 3297 584 3346 .etc.

427 3358 799 3436 Perseverovit
837 3377 1009 3436 sacra:
1050 3362 1211 3436 olivae
1249 3362 1379 3433 juge
1417 3363 1738 3419 miraculum
1787 3378 1958 3436 usque

352 3429 419 3483 ad
450 3444 650 3505 annum
682 3431 788 3488 714
813 3448 920 3503 quo
948 3433 1201 3505 HiSpania
1249 3429 1390 3505 pene
1418 3437 1669 3491 universa
1712 3436 1765 3491 in
1796 3429 1959 3491 ditio-

351 3516 476 3555 nem
526 3502 841 3560 Maurorum
888 3502 1057 3561 venit.
1101 3502 1262 3561 Tune
1302 3509 1445 3561 enim
1492 3509 1807 3562 translatum
1864 3508 1964 3562 fuit

350 3572 408 3626 S.
463 3571 725 3648 Torquati
771 3576 1142 3648 venerandum
1187 3591 1387 3648 corpus
1431 3578 1509 3648 ad,
1541 3579 1875 3644 Call-.nciam,
1908 3580 1961 3635 in

350 3643 739 3721 cmuobio|u_nt_
767 3656 968 3721 sanctm
1012 3643 1439 3721 Columbce'pe
1473 3646 1689 3721 Vende,
1736 3643 1963 3721 insignis

351 3718 670 3790 monasterii
699 3716 864 3773 Cellae
895 3732 1049 3773 novae
1077 3718 1287 3790 ordinis
1314 3718 1371 3774 S.
1420 3719 1480 3774 P.
1515 3720 1792 3775 Benedicti
1818 3716 1962 3790 prio-

351 3793 552 3840 ratum.
575 3787 728 3843 illinc
747 3803 881 3861 vero
908 3802 1051 3844 anno
1075 3788 1287 3844 Domini
1312 3790 1451 3846 1196
1483 3791 1723 3846 Lusitani
1744 3787 1963 3861 quidam

356 3869 560 3933 corpus
587 3859 766 3933 iurari
806 3863 986 3933 conati
1032 3870 1181 3933 sunt,
1223 3868 1278 3916 et
1315 3862 1550 3933 insuam
1598 3859 1967 3933 transportare

356 3924 722 4002 provinciam;
762 3931 857 3985 sed
891 3931 984 3985 Dei
1021 3924 1347 4002 disponente
1373 3932 1579 4002 judicio
1610 3924 1809 3988 factu'm
1855 3943 1961 4001 est,

358 3997 511 4075 Quod
538 4002 729 4075 nebula
780 4017 976 4075 magna
1016 3997 1198 4075 omisi,
1240 3997 1459 4075 quando
1506 4005 1723 4074 longum
1774 4003 1879 4075 iter
1904 3997 1965 4059 se

350 4067 661 4127 confecisse
682 4067 999 4145 credebant,
1029 4074 1094 4128 ad
1120 4067 1305 4145 portas
1336 4074 1505 4144 ipsius
1533 4067 1767 4131 coEnobii
1794 4074 1966 4131 Cella:

350 4153 514 4196 novre
543 4155 604 4197 se
632 4142 808 4217 adhuc
834 4146 1100 4217 exsistere
1121 4142 1531 4217 cognoverunt;
1565 4161 1674 4217 quo
1707 4150 1967 4215 temporis

352 4223 645 4268 momento
673 4215 939 4285 cymbala,
971 4231 1064 4270 sua
1092 4215 1289 4286 sponte
1319 4228 1463 4271 mota
1491 4215 1685 4273 sonum
1711 4217 1967 4273 reddide-

352 4290 492 4335 runt
536 4297 809 4358 magnum.
848 4286 928 4341 Eo
954 4286 1237 4355 miraculo,
1284 4303 1347 4344 ac
1388 4288 1867 4358 l‘nrto'comperto,
1898 4288 1968 4343 dc

354 4366 498 4430 nova
532 4355 872 4429 solemnique
909 4371 1186 4430 sacrarum
1217 4355 1574 4430 reliquiarum
1613 4376 1643 4415 a
1676 4355 1863 4416 Vande
1912 4360 1965 4415 in

351 4422 562 4479 Cellam
596 4422 798 4484 novam'
816 4428 1171 4485 translatione
1200 4422 1484 4487 tractatum
1508 4438 1627 4485 est:
1660 4446 1722 4488 ac
1750 4430 1966 4486 tandem

354 4494 805 4572 ipsa‘traoslatio
842 4500 1250 4572 solemnissimo
1288 4503 1395 4557 ritu
1426 4512 1644 4572 peracta
1683 4517 1711 4557 a
1754 4502 1969 4558 Jacinto

351 4567 624 4622 cardinali
659 4569 716 4625 S.
753 4570 819 4625 R.
876 4571 1137 4626 Ecclesia:
1170 4567 1462 4628 Alexandri
1488 4572 1555 4627 ΙΙΙ
1584 4574 1651 4630 de
1683 4573 1853 4630 latere
1889 4576 1969 4630 le—

351 4647 505 4714 gato,
528 4639 635 4714 qui
637 4641 707 4714 ad
725 4656 996 4714 summum
1020 4643 1353 4714 apostolatus
1371 4647 1576 4713 apicem
1594 4653 1833 4714 evectus,
1857 4646 1971 4700 dic-

353 4718 445 4762 tus
471 4710 569 4763 fuit
595 4708 930 4768 CaeleStinus
959 4708 1382 4769 lll.’Novissimc
1408 4708 1557 4769 anno
1587 4717 1797 4772 Domini
1819 4708 1963 4772 ’1601

1976 663 2030 725 Α
2054 660 2363 733 interventu
2410 669 2667 733 operatur
2696 660 2837 718 Deus
2874 660 3137 720 miracula
3178 674 3486 721 recensere.
3531 663 3658 723 Sul—

2053 731 2201 788 ﬁciat
2229 731 2412 789 dicere
2441 730 2584 803 quod
2609 732 3032 804 circumquaque
3061 733 3167 789 l'usi
3201 734 3384 804 pepuli
3409 734 3480 790 ob
3505 735 3653 795 illius

2052 805 2437 877 reverentiam,
2465 813 2591 877 voto
2603 803 2670 858 ad
2697 804 2888 877 Deum,
2909 803 2966 861 et
2985 806 3041 860 S.
3068 803 3404 874 Torquatum
3425 808 3652 877 emisso,

2050 877 2168 943 ejus
2218 874 2502 931 celebrant
2549 875 2693 931 diem
2745 875 2964 937 festum.
3010 877 3349 933 aservilibus
3394 874 3653 947 operibus

2051 948 2390 1003 abstinentes
2413 991 2428 1016 ,
2459 947 2608 1019 etyad
2639 954 2857 1002 sanctas
2877 947 3089 1019 brachii
3115 949 3374 1019 reliquias
3399 951 3654 1007 osculan-

2050 1019 2147 1074 das
2175 1032 2240 1075 ac
2264 1017 2604 1075 venerandos
2631 1018 2945 1073 catervatim
2976 1017 3328 1076 cenlluentes.

2124 1091 2180 1145 5.
2212 1090 2274 1162 S.
2318 1089 2610 1160 Crispinus,
2652 1104 2765 1162 etc.
2782 1092 2970 1162 Agunt
2994 1090 3064 1162 de
3094 1090 3436 1162 S._Crispino
3461 1090 3550 1149 die
3585 1093 3655 1151 19

2048 1159 2372 1217 Novembris
2390 1159 2525 1229 pene
2544 1161 2724 1216 omnia
2748 1159 3494 1231 Martyrologiaﬁomanum,
3507 1163 3655 1221 Ado-

2051 1233 2164 1297 nis.
2184 1232 2437 1300 Usuardi,
2464 1241 2521 1288 et
2543 1234 2931 1302 recentiorum,
2961 1241 3289 1302 utunturque
3311 1234 3516 1302 eisdem
3540 1234 3657 1293 fere

2050 1304 2257 1361 verbis.
2290 1303 2591 1359 Romanum
2623 1304 2701 1358 ait
2731 1320 2745 1358 :
2777 1301 2846 1358 In
2888 1303 3091 1359 civitate
3115 1301 3414 1374 Astiagensi
3442 1301 3509 1359 B.
3538 1304 3657 1360 Cri-

2047 1375 2187 1447 spini
2216 1375 2466 1444 episcopi,
2490 1374 2592 1447 qui
2629 1375 2799 1447 capite
2841 1386 3110 1447 amputato
3149 1375 3389 1447 martyrii
3431 1375 3659 1443 gloriam

2050 1444 2273 1514 adeptus
2315 1454 2436 1519 est._
2472 1444 2593 1519 Atio
2640 1444 2938 1519 uberius!
2976 1447 3248 1517 Crispinus
3288 1444 3566 1519 episcopus
3609 1459 3660 1505 et

2052 1525 2253 1586 martyr
2292 1516 2436 1585 apud
2476 1516 2736 1571 civitatem
2776 1516 3132 1588 Astiagensem
3175 1516 3358 1588 passus
3408 1516 3503 1588 est.
3555 1519 3665 1588 Qui

2052 1602 2171 1640 cum
2200 1597 2326 1641 esset
2348 1588 2607 1659 pontifex
2625 1587 2859 1659 ejusdem
2886 1587 3051 1659 urbis,
3089 1596 3137 1641 et
3168 1586 3432 1643 Christum
3473 1586 3660 1644 Domi-

2051 1673 2178 1731 ttum
2213 1655 2540 1725 praedicaret,
2570 1655 2861 1731 a_paganis
2909 1658 3167 1731 detentus,
3215 1668 3264 1712 et
3293 1660 3364 1712 ad
3394 1661 3660 1731 sacriﬁcia

2051 1723 2281 1780 Deorum
2330 1743 2537 1790 suasus,
2567 1723 3036 1799 Adum'immolare
3079 1738 3447 1795 contemneret,
3487 1723 3660 1799 capite

2047 1806 2334 1871 amputato,
2359 1797 2846 1871 martyriigloriam
2857 1798 3074 1871 adeptus
3099 1807 3195 1854 est.
3222 1800 3348 1854 Haec
3368 1801 3483 1865 ipsa
3512 1797 3660 1860 Ado-

2050 1867 2557 1942 ttis'verba_rel'ert
2595 1867 2790 1925 Petrus
2831 1871 2884 1924 in
2930 1868 3190 1941 Calalngo
3232 1881 3407 1926 sanet.
3451 1871 3547 1926 lib.
3596 1889 3652 1942 ι,
3732 1932 3737 1939 ,

2049 1953 2170 2016 cap.
2205 1940 2294 1995 8-1.
2327 1940 2454 2016 Quo
2476 1941 2663 2016 videas
2696 1942 3058 2016 antiquiorem
3076 1953 3320 2016 Actcteros
3362 1940 3658 2016 transcrip-

2051 2010 2211 2071 sisso.
2244 2022 2300 2065 ut
2329 2012 2516 2077 credo,
2561 2012 2808 2068 Adonem
2835 2010 2858 2069 ’ξ
2888 2013 2978 2082 qui
3006 2013 3212 2082 primus
3243 2014 3359 2068 haec
3386 2028 3489 2069 suo
3517 2010 3656 2071 Mar-

2054 2082 2317 2164 tyrologio
2343 2082 2592 2164 inseruit.
2628 2083 2820 2164 Quare
2850 2098 2958 2139 non
2985 2084 3182 2139 tnirum
3217 2084 3262 2164 si
3293 2086 3479 2164 caeteri
3519 2086 3656 2164 nihil

2048 2153 2166 2224 ejus
2202 2153 2387 2225 verbis
2416 2154 2747 2225 addiderint.
2780 2155 2913 2209 Cum
2939 2170 3071 2210 vero
3096 2155 3237 2225 apud
3282 2155 3532 2213 Adonem
3562 2157 3656 2213 de-

2050 2223 2275 2297 p’ravate
2308 2224 2608 2297 legeretur,
2646 2223 2782 2297 urbs
2811 2223 3173 2297 Astiagensis',
3206 2242 3305 2296 pro
3344 2228 3653 2297 Astigensis,

2049 2294 2148 2366 vel
2168 2294 2495 2366 Astigitnna;
2515 2296 2701 2350 caeteri
2725 2294 2973 2350 errorem
3000 2294 3252 2351 lectionis
3276 2294 3613 2354 imbiberant
3635 2315 3652 2364 ;

2050 2365 2155 2437 legi
2186 2365 2369 2421 autem
2392 2367 2594 2421 debere
2615 2366 2937 2437 Astigitana,
2969 2381 3075 2421 non
3098 2370 3273 2421 solum
3302 2367 3524 2433 Dexter,
3557 2371 3653 2425 sed

2050 2435 2217 2509 (quod
2250 2437 2489 2509 veritatis
2514 2435 3294 2509 argumentom.irrefragabilc
3324 2437 3432 2508 est)
3461 2438 3523 2493 D.
3559 2439 3655 2495 lsi-

2051 2508 2218 2579 ntirus
2259 2508 2310 2562 in
2358 2508 2559 2579 hymno
2598 2509 2769 2578 ipsius
2798 2509 2959 2566 docet
2998 2510 3052 2564 in
3085 2508 3354 2566 breviario
3391 2509 3655 2569 'l‘oletano

2051 2578 2341 2635 Mozarabe
2367 2578 2615 2651 inquiens
2642 2598 2655 2634 :
3430 2616 3441 2653 ε

2300 2696 2542 2763 Sepulcro
2561 2710 2740 2763 corpus
2762 2696 3017 2749 humatum
3036 2698 3338 2763 reconditur,

2299 2757 2587 2823 Astigitante
2608 2757 2819 2825 cibique
2842 2762 3113 2826 reponitur.

2054 2872 2300 2946 Fuerunt
2326 2874 2454 2931 olim
2485 2874 2536 2929 in
2579 2874 2777 2931 Bmtica
2808 2874 2930 2931 dua:
2960 2875 3211 2933 civitates
3246 2875 3492 2946 ejusdem
3527 2875 3641 2933 fere

2058 2945 2314 3018 nominis,
2347 2962 2575 3017 quarum
2611 2947 2781 3003 altera
2826 2949 2998 3017 Astigi
3030 2946 3173 3018 (haec
3194 2945 3284 3003 est
3304 2945 3479 3018 Ezija)
3510 2948 3647 3004 Tur-

2056 3017 2365 3089 ditanorum
2396 3024 2537 3082 erat,
2566 3018 2738 3072 altera
2766 3019 2971 3088 Astigis
3000 3017 3119 3074 sive
3157 3017 3401 3089 AStiagis
3433 3017 3647 3075 Turdu-

2057 3087 2267 3153 lorum;
2291 3088 2362 3144 de
2385 3097 2611 3154 utraque
2624 3087 3080 3154 agitPtolotnaeus
3108 3090 3161 3143 in
3186 3087 3395 3143 Tabula
3421 3089 3645 3152 Beticm,

2058 3167 2116 3214 et
2143 3157 2387 3228 Nonnius
2409 3158 2463 3212 in
2495 3157 2754 3228 Hispania
2778 3173 2900 3222 sua,
2932 3158 3172 3228 quicap.
3208 3160 3277 3213 18
3307 3159 3549 3227 disputat
3580 3160 3647 3228 de

2059 3227 2233 3296 Astigi
2260 3228 2324 3299 ad
2351 3229 2524 3299 ripam
2554 3225 2775 3298 Singilis
2802 3225 2971 3299 (nunc
2996 3225 3176 3297 Genii)
3194 3229 3300 3299 sita
3322 3244 3336 3295 ;
3362 3225 3418 3282 at
3439 3242 3559 3298 cap.
3576 3227 3647 3283 27

2059 3300 2128 3354 de
2156 3298 2330 3370 Astigi
2358 3299 2473 3354 sive
2493 3297 2736 3369 Astiagi;
2768 3297 2821 3354 ct
2849 3298 2997 3370 illam
3025 3300 3098 3353 ait
3129 3314 3157 3353 a
3191 3297 3449 3370 Romanis
3482 3315 3646 3355 voca-

2067 3381 2197 3443 tam,
2231 3368 2546 3443 Augustam
2582 3368 2826 3443 ﬁrmam,
2862 3368 3002 3427 banc
3048 3385 3181 3443 vero
3226 3369 3555 3443 ,Juliensem,
3592 3382 3651 3427 ut

2068 3441 2207 3496 hanc
2232 3456 2261 3495 a
2292 3441 2458 3513 Julio,
2497 3440 2641 3497 illam
2672 3441 2741 3496 ab
2762 3442 3007 3512 Augusto
3034 3441 3343 3498 Caesaribus
3371 3440 3651 3513 nuncupa-

2068 3520 2163 3583 tas
2198 3515 2507 3569 credamus.
2561 3513 2605 3567 Α
2647 3514 2814 3581 priori
2875 3514 3182 3583 Assigitana
3234 3515 3651 3570 nomenclatura

2066 3582 2371 3656 deducitur,
2405 3600 2434 3656 a
2466 3584 2756 3656 posteriori
2789 3582 3146 3656 Astiagensis.
3172 3584 3506 3654 Pomponius
3539 3586 3649 3641 Me-

2068 3654 2138 3726 la,
2168 3655 2512 3726 geographus
2532 3654 2832 3726 Hispanus,
2860 3654 3040 3726 libfu,
3068 3669 3190 3726 cap.
3225 3671 3300 3719 vr,
3330 3666 3643 3726 ποιοί-ρει,

2066 3725 2401 3781 clarissimas
2429 3725 2626 3780 Belica:
2656 3727 2817 3780 urbes
2848 3725 3017 3780 fuisse
3063 3724 3194 3779 olim
3242 3726 3489 3793 Astigim,
3523 3724 3648 3779 llis-

2069 3795 2256 3864 palim,
2285 3795 2618 3864 Cordubam,
2645 3795 2784 3849 inter
2812 3810 2947 3864 quas
2980 3797 3210 3863 primum
3253 3794 3432 3849 locum
3474 3796 3647 3864 Astigi

2068 3863 2259 3921 tribuit
2284 3867 2363 3935 (id
2394 3876 2498 3936 est,
2537 3863 2751 3935 Ezijw).
2787 3867 2972 3920 Altera
3007 3879 3113 3919 non
3135 3874 3297 3936 tanta:
3330 3866 3426 3920 fuit
3455 3863 3646 3923 nobili-

2069 3938 2218 4005 tatis,
2244 3951 2421 4007 neque
2469 3934 2641 4007 modo
2686 3945 2804 4002 est;
2832 3950 2954 3992 nam
3004 3949 3159 4007 nunc
3180 3934 3382 3991 Aharna
3427 3936 3647 4005 dicitur,

2070 4017 2208 4064 teste
2234 4006 2437 4080 Jacobo
2472 4006 2709 4080 Moletio,
2740 4022 2899 4078 quem
2931 4006 3098 4063 refert
3124 4006 3368 4080 Nannius
3398 4024 3519 4080 cap.
3552 4007 3644 4065 27.

2067 4080 2223 4148 Quod
2273 4077 2341 4134 ad
2391 4077 2450 4134 Β.
2477 4078 2784 4149 CriSpinum
2827 4080 3045 4144 attinet,
3080 4094 3238 4147 quem
3282 4077 3646 4149 Astigitanum

2068 4151 2384 4221 episcOputn
2433 4151 2633 4221 faciunt
2678 4151 2941 4219 Isidorus,
2978 4161 3033 4206 et
3060 4149 3276 4214 Dexter,
3307 4165 3493 4206 errare
3520 4166 3648 4207 cen-

2066 4219 2303 4293 vincitur
2329 4221 2523 4277 Petrus
2559 4219 2872 4293 Calesinus,
2897 4222 3023 4276 dum
3052 4221 3170 4290 ejus
3201 4221 3520 4293 martyrium
3558 4237 3649 4276 re-

2070 4292 2171 4348 l‘ert
2200 4294 2266 4349 ad
2295 4300 2539 4361 tempora
2575 4292 2916 4358 Diocletiani,
2952 4292 3138 4349 nescio
3173 4307 3281 4362 quo
3312 4292 3511 4362 motus,
3544 4292 3649 4348 nisi

2069 4364 2248 4420 forsan
2291 4365 2701 4433 equivocatione
2733 4364 2966 4419 nominis
3007 4379 3130 4418 cum
3180 4361 3353 4417 altero
3402 4361 3647 4418 Suesso-

2070 4436 2245 4507 niensi
2278 4432 2515 4507 martyre
2536 4432 2811 4507 Crispino,
2835 4436 3001 4507 fratre
3016 4434 3370 4507 CriSpiniani,
3398 4433 3490 4503 qui
3510 4435 3650 4507 Mar-

2072 4502 2529 4578 tyrologioﬂom.
2559 4502 2697 4560 teste
2735 4506 2836 4560 sub
2882 4502 3213 4578 Diocletiajto
3256 4506 3449 4578 imper.
3478 4514 3534 4578 et
3560 4502 3653 4572 ju-

2072 4572 2191 4633 dice
2216 4572 2539 4630 Ricciovaro
2570 4590 2762 4645 passus
2788 4583 2871 4630 est
2901 4576 2990 4629 die
3010 4575 3080 4630 ‘25
3115 4572 3371 4630 Octobris
3394 4590 3409 4626 :
3442 4572 3579 4645 alias
3599 4582 3660 4629 ut

2071 4649 2223 4702 vides
2254 4661 2414 4701 nemo
2446 4644 2791 4713 antiquorum
2817 4645 2870 4700 id
2900 4645 2990 4699 vel
3029 4645 3221 4699 leviter
3252 4644 3586 4709 insinuavit;
3620 4661 3650 4699 a

2072 4716 2276 4773 Dextro
2304 4725 2482 4771 autem
2522 4716 2817 4786 accipimus
2854 4724 3100 4783 tempore
3146 4714 3513 4786 apostolorum
3543 4717 3654 4769 cla—

353 4778 413 4833 iu
441 4791 760 4851 argenteam
790 4798 1008 4854 capsam
1036 4784 1304 4854 ad,altare
1344 4786 1518 4856 majus
1546 4786 1756 4857 magnis
1782 4788 1969 4842 elabo-
1996 4802 2051 4862 D
2076 4790 2272 4843 ruisse.
2304 4786 2565 4857 Suspicor
2584 4778 2656 4840 ex'
2683 4785 2925 4852 nomine,
2955 4778 3198 4910 tempore
3233 4795 3287 4841 et
3310 4785 3429 4841 loco
3462 4786 3655 4857 ipsius,

353 4859 536 4905 ratam
560 4863 681 4907 arte
706 4863 761 4908 et
787 4855 1048 4910 impensis
1070 4854 1215 4910 (nam
1247 4857 1299 4910 in
1328 4873 1389 4910 ea
1431 4870 1728 4910 cernuntur
1762 4856 1967 4910 aﬁ'abre
2078 4860 2221 4910 hunc
2244 4858 2393 4910 illum
2417 4858 2586 4910 fuisse
2605 4855 3055 4910 CrisnumCorint
3105 4855 3655 4910 iarehisvnaaoeum.

352 4859 761 4927 ratam_arte_et
787 4855 1048 4927 impensis
1070 4854 1215 4927 (nam
1247 4857 1299 4911 in
1328 4873 1389 4913 ca
1431 4854 1728 4913 cernuntur
1762 4856 1967 4914 aﬁ‘abrc

354 4922 640 4998 exsculpta
673 4922 879 4981 Pontis'
901 4922 1090 4998 diruti,
1114 4936 1168 4982 et
1196 4928 1354 4983 olivae
1384 4929 1657 4985 Accitana:
1686 4929 1968 4998 miracula)

356 4994 685 5071 tran_slatum
709 5005 793 5051 est
818 4998 888 5051 ab
910 4994 1158 5071 Auricnsi
1180 4998 1438 5071 episcopo
1460 4998 1745 5066 Micltacle,
1781 4994 1968 5055 multis

355 5063 710 5131 prmlatorum
744 5108 759 5133 ,
813 5077 866 5122 et
917 5063 1297 5124 innumerabili
1351 5063 1590 5126 lidelium
1664 5063 1968 5127 astantibus

356 5133 555 5217 copiis:
579 5134 877 5217 Reperiam
901 5149 986 5195 est
1003 5150 1128 5195 tunc
1151 5142 1408 5217 temporis
1428 5156 1525 5217 cor
1544 5142 1786 5214 ejusdem
1810 5157 1967 5217 sanc-

357 5207 557 5284 ti~simi
588 5210 850 5265 antistitis
876 5226 939 5284 a_c
979 5213 1232 5284 martyris
1258 5207 1514 5283 Torquati
1542 5207 1730 5268 sanum
1759 5259 1772 5284 ,
1800 5222 1856 5268 et
1884 5216 1967 5268 in-

359 5282 607 5357 tegruru,
657 5296 858 5357 mogno
902 5282 994 5338 Dei
1041 5282 1312 5357 miraculo,
1349 5282 1767 5356 :ejttsdcmque
1811 5286 1976 5357 (quod

362 5349 622 5425 mirabile
663 5349 954 5425 admodum
997 5355 1106 5425 est)
1138 5368 1169 5409 a
1207 5355 1389 5410 multis
1428 5349 1690 5411 annorum
1720 5349 1980 5414 centuriis

362 5416 652 5502 brachium
680 5423 961 5502 integrum
999 5433 1055 5502 et
1086 5416 1734 5502 'illm8t1m_c0tt‘s‘c_rvat_ur
1770 5431 1843 5502 iu_
1868 5442 1981 5485 cm-

364 5488 539 5567 nobio
583 5491 642 5567 β.
672 5488 867 5567 Maria:
914 5496 979 5549 de
1035 5495 1086 5549 la
1151 5496 1286 5567 Vega
1328 5495 1708 5553 Cisterciensis
1751 5500 1980 5567 ordinis,

344 5558 628 5639 'dimcesis
656 5565 990 5639 ΔΡειιυιιιίιιεῐξ,
1026 5574 1195 5623 totum
1222 5558 1401 5625 'carne
1449 5568 1738 5639 repletum,
1775 5558 1984 5627 habens

361 5631 424 5687 in
466 5647 628 5690 manu
654 5635 798 5711 inter
834 5631 1091 5711 quartum
1126 5650 1181 5694 et
1210 5642 1457 5711 quintum
1490 5631 1740 5709 digitum,
1787 5644 1983 5699 vulnus

357 5715 645 5783 apertum,
675 5708 877 5764 lancea
905 5720 959 5783 ut
985 5708 1353 5783 dicitur,fquo
1378 5711 1525 5768 credi
1548 5708 1751 5783 poterit
1777 5712 1986 5769 lanceis

361 5775 739 5855 vulneratum
770 5780 1120 5855 occubuisse.
1154 5775 1383 5838 Difﬁcile
1431 5775 1575 5839 esset
1632 5782 1983 5855 fragrantiam

365 5850 552 5907 sancti
594 5847 803 5908 brachii
834 5852 922 5911 luc
953 5850 1023 5911 ad
1048 5854 1231 5913 vivunt
1259 5855 1593 5930 exprimere,
1620 5864 1675 5915 et
1704 5847 1824 5929 (iam
1866 5857 1989 5929 ejus

2077 4860 2221 4915 hunc
2244 4858 2393 4931 illum
2416 4855 2586 4912 luisse
2602 4856 2853 4931 Crispum
2872 4855 3657 4931 Corinthiareltisynagogum,

2075 4945 2235 5003 quem
2281 4928 2646 5003 P_aulus_suis_
2695 4929 2945 4983 manibus
2983 4928 3416 5003 _baptizavit,_‘uti
3443 4928 3656 4985 dicitur

2075 4998 2105 5057 l'
2124 5000 2370 5057 Corinth.
2408 5016 2446 5056 ι.
2491 5000 2566 5055 De
2600 4998 2717 5070 ejus
2746 4999 3106 5055 conversione
3150 4999 3260 5069 agit
3302 4999 3361 5056 S.
3394 4999 3570 5056 Lucas
3600 5007 3653 5057 in

2074 5074 2224 5129 Actis
2252 5073 2468 5144 Apost.,
2498 5085 2618 5142 cap,
2648 5086 2680 5125 χ
2713 5089 2727 5125 :
2767 5071 2980 5144 Crispus
3018 5079 3191 5124 autem
3216 5071 3659 5144 at‘cltisynagogus

2073 5144 2291 5199 credidit
2314 5143 2537 5197 Domino
2567 5157 2682 5196 cum
2714 5143 2853 5196 omni
2881 5141 3032 5197 domo
3062 5157 3178 5209 sua,
3208 5151 3258 5197 et
3278 5144 3281 5153 '
3301 5141 3447 5198 multi
3479 5141 3661 5199 Corin-

2076 5214 2303 5286 thiorunt
2317 5213 2613 5286 audientes
2662 5213 3283 5286 credebantrllabemus
3336 5230 3469 5286 ergo
3520 5214 3660 5269 inter

2085 5284 2237 5341 Pauli
2276 5284 2577 5355 discipulos
2626 5299 2789 5355 unum
2843 5284 3063 5340 nomine
3091 5287 3337 5355 Crispum
3364 5284 3453 5355 qui
3485 5287 3659 5355 Apos—

2085 5357 2197 5411 tolo
2246 5357 2298 5411 in
2333 5353 2620 5425 Hispanias
2649 5353 3014 5426 proﬁciscenti
3061 5353 3245 5410 comes
3292 5353 3503 5414 itineris
3536 5353 3662 5426 esse

2088 5426 2243 5483 facile
2265 5424 2459 5498 potuit,
2495 5424 2678 5495 ibique
2704 5426 2773 5480 ab
2802 5442 2866 5482 eo
2895 5424 3213 5496 Asugitanze
3259 5426 3378 5481 urbi
3416 5425 3661 5498 deputari

2087 5497 2726 5570 episcdpttsmrmset‘titn
2756 5512 2880 5570 cum
2909 5498 3228 5570 Hippolytus
3255 5507 3308 5551 cl
3334 5497 3659 5556 Dorotlteus,

2090 5569 2180 5642 qui
2215 5571 2282 5625 de
2312 5570 2591 5642 discipulis
2632 5569 2844 5625 Domini
2892 5578 2947 5623 et
2991 5569 3360 5642 apostolorum
3410 5574 3663 5642 egerunt,

2091 5635 2214 5697 cum
2245 5635 2464 5697 caeteris
2478 5651 2657 5697 certas
2689 5642 2853 5697 urbes
2883 5635 3104 5695 suorum
3135 5635 3665 5709 episcopatuumtle-

2089 5714 2327 5782 signent,
2355 5712 2548 5783 crispo
2579 5713 2781 5767 nullam
2808 5710 2946 5783 dent
2974 5728 2990 5765 :
3017 5727 3126 5783 quo
3172 5705 3302 5783 ansa
3328 5705 3667 5783 relinquitur

2091 5773 2349 5839 credendi
2394 5773 2753 5854 Astigitanum
2798 5781 2967 5854 fuisse
3009 5773 3324 5854 antistitem.
3357 5773 3671 5854 _Nec’j_utli-
3742 5803 3747 5807 -

2094 5855 2208 5913 cari
2228 5854 2392 5913 debet
2418 5848 2614 5931 magna
2639 5853 3006 5923 discrepantia
3035 5849 3323 5908 nominum
3356 5848 3503 5909 inter
3528 5849 3681 5912 (Σελε-
