4122 6172
292 193 404 266 209

1336 207 1566 268 FLAVI!
1601 208 1784 269 LUCII
1829 210 2089 269 DEXTBI
2126 213 2538 274 CHRONICON.

3491 228 3600 291 210

1526 349 1787 406 BIVARII
1824 347 2414 425 COMMENTARIUS.)

302 459 632 586 quodjpsos
661 459 898 544 invisere
928 461 1163 547 debebat
1191 472 1249 520 et
1295 463 1539 535 optabat,
1589 464 1731 534 quod
1762 463 1897 519 nihil
1923 466 1975 524 Α
2001 480 2100 549 seu
2128 466 2248 524 loco
2286 467 2486 550 Paulus
2525 483 2648 527 cum
2676 470 2793 529 haec
2823 473 3015 530 scribit.
3049 473 3378 532 constitutus
3421 486 3589 543 esset,

342 547 374 586 Θ
419 546 857 586 οιτοιιιιιειειοηιε
898 543 1220 586 necessrtate
1247 535 1602 586 loauerentur
1627 553 1638 585 ἶ
1659 535 1801 586 (111Οά
1829 534 1896 586 ab
2003 553 2047 586 SI
2081 552 2186 586 non
2213 539 2553 586 detrimrotnr
2573 545 2841 586 vinnnlic?
2879 545 3072 586 Nnanri
3107 545 3288 586 nnnnit
3349 548 3392 586 ei
3422 548 3589 586 ἰηςίιη

342 547 392 605 e_
419 531 863 605 circtuneisionis
898 534 1220 590 necessitate
1247 531 1638 604 loquerentur}
1659 535 1801 605 quod
1829 534 1896 589 ab

304 601 426 657 aliis
451 603 715 672 apostolis
739 613 793 658 et
817 604 1120 674 discipulis,
1153 621 1258 659 non
1311 601 1492 660 autem
1534 621 1562 661 a
1585 601 1756 660 Paulo
1803 621 1895 660 ac-

302 681 565 740 ceperant
612 674 797 738 lidem,
854 675 1107 730 nimirum
1137 691 1165 728 a
1205 676 1302 732 SS.
1332 677 1554 741 Jacoho,
1603 677 1790 741 Petro,
1843 685 1898 730 et

301 758 490 816 eorum
533 744 858 816 discipulis,
897 761 1035 816 quos
1084 757 1240 803 vocat
1287 746 1503 802 illorum
1553 749 1892 816 praepositos,

300 813 393 883 qui
438 814 610 887 locuti
640 813 767 887 situt
812 815 895 872 eis
916 813 1144 872 verbum
1193 817 1288 873 Dei
1321 825 1482 885 :post
1532 813 1750 887 quos—et
1781 813 1896 887 ipse

301 884 710 1009 prmdicationis
760 902 955 944 munus
977 888 1117 955 apud
1141 888 1286 956 ipsos
1311 884 1515 950 obibat.
1549 884 1701 957 quasi
1733 889 1775 942 is
1805 884 1892 957 qui

323 970 481 1009 ocum
531 955 712 1009 magni
747 957 938 1009 Jacobi
989 959 1298 1009 Boaneraes
1335 960 1588 1009 sunnlere
1627 960 1892 1009 debebat:

323 970 504 1029 οειιιιιΔ
531 955 712 1029 magni
747 957 938 1015 Jacobi
989 955 1298 1029 Boanerges
1335 955 1588 1029 supplere
1627 955 1894 1016 debebat:

302 1025 448 1099 quod
481 1025 662 1082 forsan
685 1028 857 1083 innuit
879 1043 1001 1099 cap.
1029 1044 1086 1097 tt,
1113 1025 1232 1084 cuin
1262 1025 1456 1084 dixit?
1475 1031 1605 1098 Qua:
1631 1047 1742 1082 cum
1798 1031 1898 1084 ini-

302 1097 431 1172 tium
447 1099 725 1172 accepisset
748 1097 990 1172 enarrare
1017 1117 1107 1172 per
1128 1099 1407 1172 Dominum
1431 1101 1493 1154 ab
1519 1102 1592 1155 eis
1613 1145 1627 1170 ,
1656 1117 1772 1171 qua:
1800 1119 1898 1155 au-

300 1168 546 1242 dierunt,
571 1168 634 1222 in
676 1187 793 1242 nos
817 1168 1123 1242 conﬁrmata
1150 1180 1244 1225 est.
1290 1170 1346 1225 In
1385 1186 1503 1238 nos,
1532 1168 1771 1239 inquam,
1803 1173 1898 1242 qui

300 1238 516 1310 scilicet
538 1254 642 1293 non
670 1240 980 1296 audivimus
1007 1241 1060 1295 in
1099 1257 1259 1297 carne
1309 1241 1526 1296 mortali
1569 1238 1892 1310 Domiumn,

302 1308 471 1382 sicuti
489 1310 728 1382 Jacobus
748 1312 837 1382 qui
867 1312 1032 1380 coepit
1057 1312 1212 1366 vobis
1237 1313 1469 1368 salutem
1499 1308 1892 1382 evangelizare,

303 1379 356 1433 in
387 1381 548 1454 cujus
577 1381 751 1436 locum
767 1379 880 1453 'cgo
903 1379 1256 1454 conﬁrmatus
1285 1397 1402 1437 sum
1427 1401 1440 1438 :
1463 1383 1513 1437 id
1543 1379 1684 1454 quod
1716 1386 1768 1437 in
1799 1379 1894 1437 sui-

303 1448 613 1522 perioribus
659 1448 882 1522 agentcs
911 1453 980 1508 de
1007 1453 1242 1508 adventu
1291 1454 1440 1507 Pauli
1476 1455 1530 1507 in
1559 1448 1894 1522 'llispaniam

303 1521 712 1590 perpendimus,
742 1533 798 1579 et
822 1523 1104 1579 docuimus
1129 1525 1200 1578 ita
1223 1524 1388 1579 fuisse
1409 1523 1666 1578 divinitus
1686 1521 1901 1578 revela-

304 1601 415 1664 tum
437 1592 498 1646 Β.
523 1593 786 1658 Amadeo,
811 1604 870 1649 ut
894 1595 1012 1664 ipse
1038 1595 1227 1649 scribit
1255 1604 1411 1664 raptu
1437 1610 1526 1649 vni
1553 1609 1664 1648 sua:
1686 1598 1898 1660 Apoca-

303 1662 475 1731 lypsis
503 1679 678 1717 novas.
712 1665 779 1718 Et
797 1662 1074 1719 cunivero
1092 1681 1276 1719 verum
1301 1662 1598 1719 consonare
1628 1665 1890 1730 videmus;

303 1748 427 1805 nam
452 1733 504 1788 id
523 1733 670 1805 quod
694 1737 896 1791 Dexter
919 1735 1101 1801 docet,
1123 1737 1345 1790 Paulum
1373 1750 1494 1790 cum
1517 1735 1805 1805 Timotheo
1827 1736 1894 1788 ad

2003 539 2047 594 si
2081 552 2187 593 non
2213 539 2553 617 detineretur
2573 545 2841 617 vincnlis?
2879 545 3082 617 Negari
3107 545 3329 617 nequit,
3349 548 3392 601 si
3422 539 3594 617 ipsiué

2001 621 2209 687 Stemus
2235 611 2440 687 verbis,
2464 613 2593 680 quin
2625 614 2677 668 in
2709 611 3174 687 [lispania'zllum
3194 611 3252 670 in
3275 611 3594 687 Hispaniam

2001 679 2268 757 proﬁcisci
2304 679 2531 757 coepero,
2573 694 2686 757 etc.
2717 679 2860 757 Ergo
2906 687 2975 740 ah
3022 686 3274 756 Hispanis
3321 679 3593 757 praecipue

1999 751 2212 828 ablatus
2246 751 2343 828 fuit
2364 793 2390 828 ,Α
2413 769 2523 808 non
2554 755 2622 810 ab
2657 751 3043 828 Orientalibus,
3076 751 3336 828 a'quibus'
3359 758 3476 828 ipse
3492 751 3591 813 'lu-

1999 820 2133 898 bons
2157 821 2506 898 discedebat;
2533 826 2720 898 neeab
2744 827 2865 881 aliis
2882 820 3274 898 cujuscumque
3296 820 3591 896 provincia:

2000 894 2129 973 sint,
2153 893 2275 973 quia
2299 893 2365 947 ad
2393 895 2734 973 nullosalios
2762 912 2823 952 se
2848 893 3049 952 iturum
3077 893 3323 973 promisit
3355 899 3589 973 :_llispa-

1999 963 2083 1040 nis
2105 963 2265 1040 igitur
2286 965 2660 1040 restituendus
2687 978 2826 1040 erat,
2855 977 2908 1023 ct
2929 983 3040 1023 non
3063 963 3206 1037 aliis,
3228 983 3352 1025 cum
3381 963 3588 1040 inquit:

2001 1035 2116 1100 Quo
2145 1033 2362 1089 celerius
2380 1037 2626 1090 restituar
2651 1038 2811 1092 vobis.

2071 1103 2155 1158 Ad
2179 1104 2294 1162 haec
2323 1106 2468 1175 quod
2496 1107 2564 1160 ad
2590 1107 2934 1163 Timotheum
2957 1109 3051 1174 ait,
3084 1108 3308 1164 Cursum
3346 1126 3589 1164 consum-

1999 1176 2159 1250 mavi:
2182 1176 2261 1250 sic
2271 1175 2401 1250 ipse
2421 1177 2716 1250 Apostolus
2731 1179 2965 1250 explicat
2985 1178 3238 1244 inferius,
3258 1180 3401 1250 quod
3424 1181 3586 1236 simul

1998 1244 2156 1320 dicat
2191 1246 2425 1300 deiicere
2473 1244 2594 1320 sibi
2631 1244 3087 1320 complementum
3142 1244 3585 1320 praedicationis:

1997 1313 2261 1390 Dominus
2275 1326 2449 1390 autem
2468 1317 2596 1371 mihi
2632 1313 2818 1383 astitit,
2852 1328 2899 1373 et
2925 1313 3258 1390 confortavit,
3291 1330 3347 1374 ut
3387 1337 3479 1388 per
3505 1337 3587 1374 me

1999 1387 2297 1453 praulicatio
2324 1387 2622 1460 impleatur,
2648 1399 2694 1460 et
2715 1391 2930 1443 audiant
2954 1387 3129 1443 omnes
3143 1401 3356 1460 gentes;
3379 1387 3427 1445 et
3449 1390 3587 1444 libe-

1996 1463 2144 1510 ratus
2169 1472 2283 1529 sum
2307 1457 2372 1529 de
2395 1455 2488 1529 ore
2515 1455 2724 1512 Leonis.
2758 1460 2987 1529 lmplere
3017 1455 3202 1514 autein
3234 1455 3581 1528 prtedicatio-

2000 1540 2122 1602 nem
2150 1525 2286 1602 _ni_hi_l
2307 1527 2450 1580 aliud
2474 1538 2576 1602 est.
2600 1544 2760 1602 quam
2792 1525 3103 1602 abOrientc
3133 1525 3387 1602 usquead
3415 1530 3579 1602 linem

1998 1595 2308 1669 Qccidentis
2356 1595 2698 1662 praedicando
2734 1601 3073 1669 pertingere;
3113 1595 3271 1668 quem
3319 1600 3481 1655 linem
3523 1601 3580 1654 in

1999 1665 2252 1739 Hispania
2286 1679 2407 1720 esse
2427 1682 2598 1739 nemo
2624 1677 2708 1722 est
2736 1665 2838 1736 ‘qui
2867 1665 3143 1739 ambigatﬁ
3163 1670 3242 1724 Ob
3285 1669 3388 1723 hoc
3417 1670 3582 1739 igitur

1997 1737 2280 1790 a'Domino
2308 1737 2644 1791 confortatus
2667 1748 2721 1793 et
2744 1737 3122 1794 liberatus‘est
3150 1741 3217 1795 ab
3237 1755 3332 1794 ore
3356 1737 3577 1804 Leoiiis,

302 1803 938 1896 llis|panjasaccessisse,
967 1816 1050 1888 est
1081 1806 1222 1896 quod
1251 1806 1544 1896 Apostolus
1567 1804 1752 1896 initae
1781 1806 1897 1870 epi-
1925 1835 1975 1896 Β
2002 1806 2052 1860 id
2092 1816 2195 1896 est,
2241 1823 2268 1858 a
2314 1807 2542 1896 vinculis
2568 1818 2784 1896 ereptus
2832 1820 2935 1865 est.
2971 1809 3052 1864 Ad
3096 1810 3363 1896 Hispanos
3415 1803 3580 1880 igitur

305 1876 454 1948 stola!
495 1875 630 1930 dicit
658 1877 833 1948 :7Cum
871 1894 972 1948 quo
1001 1878 1046 1931 si
1072 1876 1284 1931 celerius
1306 1875 1538 1940 uenerit,
1584 1877 1762 1948 videbo
1785 1894 1894 1931 ros.

303 1946 458 2012 Quod
492 1961 624 2002 vero
653 1947 796 2003 idem
818 1946 1012 2003 Dexter
1043 1949 1094 2002 in
1131 1948 1502 2016 superioribus
1527 1947 1804 2012 retulerat,
1833 1948 1900 2003 de

303 2016 537 2071 Neronis
558 2027 705 2072 mota
735 2019 790 2073 in
820 2019 1087 2088 lliSpauos
1117 2020 1310 2073 acerba
1340 2019 1738 2088 persecutione,
1797 2033 1899 2086 qua

306 2088 459 2142 multi
491 2089 709 2160 quidem
739 2092 1002 2160 martyrio
1031 2090 1248 2154 sublati,
1295 2090 1477 2160 plures
1505 2103 1634 2143 vero
1661 2087 1773 2141 suis
1801 2089 1899 2142 bn—

307 2160 389 2230 nfs
408 2159 633 2230 spoliati
663 2170 816 2214 sunt:
838 2159 982 2230 vide,
1007 2175 1214 2230 quaeso,
1247 2160 1313 2213 ad
1337 2159 1559 2214 verbum
1585 2174 1899 2230 expressum

303 2229 360 2301 in
383 2227 626 2301 Epistula
639 2246 760 2299 cap.
787 2247 819 2284 x
835 2247 848 2283 :
865 2227 1294 2284 Remeinoramini
1313 2239 1482 2284 autem
1496 2230 1740 2301 pristinos
1766 2228 1896 2294 dies,

305 2300 358 2352 in
409 2300 598 2368 quibus
650 2301 949 2364 illuminati,
991 2317 1238 2371 magnum
1289 2300 1543 2355 certamen
1584 2300 1900 2371 sustinuistis

307 2373 608 2444 passionum
639 2388 658 2426 :
683 2381 731 2426 et
769 2373 825 2444 in
845 2371 1008 2444 altera
1033 2369 1243 2444 quidem
1268 2371 1555 2444 opprobriis
1580 2379 1629 2424 et
1670 2369 1897 2444 tribula—

309 2441 534 2495 tionibus
558 2442 918 2510 spectaculum
939 2442 1088 2511 {acti,
1113 2443 1167 2496 in
1190 2440 1354 2496 altera
1380 2450 1552 2497 autem
1576 2441 1703 2494 socii
1725 2440 1900 2496 taliter

307 2514 720 2566 conversantium
739 2511 909 2579 e/i'ecti
939 2529 957 2567 :
979 2529 1099 2566 nam
1123 2521 1172 2566 et
1201 2513 1380 2567 vinctis
1405 2512 1661 2583 compassi
1679 2513 1822 2578 estis,
1851 2522 1898 2566 et

307 2583 823 2656 rapinambonorunt
860 2591 1152 2656 restrorum
1198 2600 1314 2656 cum
1337 2585 1549 2656 Agaudio
1582 2584 1896 2656 suscepistis.

310 2653 428 2720 Quo
456 2655 559 2708 loci
587 2654 1032 2725 Theophylactus
1073 2654 1288 2724 inquit:
1321 2653 1681 2725 contemplare
1725 2653 1899 2724 itaque

343 2740 466 2795 nam
484 2736 653 2780 essent
678 2725 732 2779 lii
753 2724 942 2795 magno
989 2733 1035 2779 et
1060 2725 1330 2794 prwstanti
1350 2724 1556 2795 ingenio
1578 2724 1693 2788 viri,
1719 2726 1807 2793 qui
1835 2725 1896 2778 ob

333 2793 505 2850 Iltristi
533 2796 776 2866 gratiam,
807 2793 1029 2867 gloriam
1062 2793 1224 2849 simul
1253 2804 1300 2849 et
1339 2793 1458 2867 opes
1482 2795 1894 2867 contempserint,

305 2865 632 2920 contumeliis
661 2867 848 2921 deinde
870 2866 1077 2934 a/fecti,
1133 2883 1249 2920 cum
1272 2865 1566 2928 spectaculo
1613 2874 1662 2918 et
1683 2865 1899 2919 derisui

306 2946 498 3004 essent,
527 2945 787 3006 tamquam
802 2938 892 3006 qui
909 2937 963 2991 in
984 2937 1186 2990 theatro
1207 2937 1564 3000 exsibilantur,
1586 2945 1635 2990 et
1661 2935 1897 2990 illudun-

308 3017 420 3074 tur,
449 3007 531 3062 vel
561 3024 603 3079 a_
619 3008 936 3079 tenuioribus
957 3017 1003 3062 et
1024 3007 1259 3079 objectis,
1286 3006 1462 3079 illatas
1491 3008 1718 3079 injurias
1738 3077 1746 3079 _
1770 3007 1899 3060 tole-

307 3079 522 3131 rabant.
577 3077 655 3133 De
704 3078 824 3132 aliis
867 3089 1047 3133 autem
1086 3077 1338 3133 Hebraeis
1385 3078 1436 3131 id
1494 3077 1598 3130 non
1649 3077 1893 3144 legimus.

2005 1877 2213 1942 scribit,
2239 1891 2312 1951 se_
2329 1878 2581 1951 celeriter
2608 1880 2675 1951 ad
2703 1894 2798 1951 eos
2826 1893 3138 1951 venturum,
3162 1877 3372 1936 scilicet
3398 1877 3580 1951 uiper

2003 1962 2128 2019 eum
2170 1947 2482 2016 przcdicatio
2529 1950 2582 2002 in
2626 1950 2756 2018 ipsis
2795 1947 3133 2019 impleretur.
3183 1951 3316 2005 Illud
3358 1947 3578 2006 tandem

2005 2017 2286 2090 hnieil'acit
2309 2019 2592 2090 adhaerere
2631 2017 2937 2080 sententia.
2970 2031 3028 2075 ut
3065 2021 3281 2076 credam
3320 2022 3578 2090 scriptam

2002 2088 2070 2162 ad
2110 2088 2376 2162 Hispanos
2417 2089 2698 2162 Hebraeos,
2728 2091 2870 2160 quod
2911 2093 3028 2162 lego
3069 2092 3122 2145 in
3163 2106 3226 2146 ea
3273 2088 3582 2160 illico—post

2005 2161 2220 2214 vincula
2264 2161 2404 2231 sein
2449 2161 2701 2231 ipsosiad
2748 2176 2883 2231 quos
2927 2161 3120 2216 scribit
3146 2177 3575 2217 concessurum:

2000 2231 2217 2301 celerius
2243 2228 2558 2301 uidebat-os.
2603 2228 2877 2301 Quotquot
2921 2241 3097 2286 autem
3145 2246 3216 2286 ex
3266 2232 3579 2286 doctoribus

2001 2300 2204 2354 sanctis
2244 2300 2392 2353 Pauli
2439 2300 2681 2355 referunt
2721 2300 3213 2370 peregrinationem
3264 2301 3578 2357 immediate

2002 2370 2375 2440 postvincula,
2393 2371 2584 2424 nullihi
2609 2383 2964 2442 praeterquam
2989 2374 3040 2427 in
3065 2372 3371 2439 Hispaniam
3396 2371 3576 2439 profe-

2001 2450 2147 2512 ctum
2178 2451 2424 2512 asserunt
2457 2457 2470 2494 :
2502 2456 2610 2511 quo
2637 2443 2820 2497 videas
2847 2443 2912 2496 ad
2944 2444 3088 2512 ipsos
3117 2442 3284 2512 fuisse
3311 2442 3573 2496 locutum.

2000 2511 2311 2576 Quinimmo
2333 2510 2750 2581 Chrysostomus
2775 2513 2866 2581 qui
2892 2510 3038 2579 saepe
3061 2512 3180 2581 ejus
3204 2510 3494 2566 adventum
3522 2512 3577 2566 in

2002 2581 2314 2650 Hispaniam
2344 2582 2499 2650 ponit
2528 2591 2653 2651 post
2678 2583 2914 2648 vincula,
2942 2581 3233 2652 aliquando
3261 2581 3430 2646 addit,
3463 2581 3578 2635 illic

1999 2667 2217 2723 quoque
2257 2652 2508 2723 invisissc
2552 2667 2647 2707 eos
2672 2653 2910 2716 Judzcos,
2943 2654 3009 2708 ad
3035 2668 3170 2723 quos
3183 2652 3407 2723 scilicet
3435 2653 3576 2723 scri-

1999 2721 2234 2792 psitJEn
2257 2722 2416 2776 verba
2459 2723 2626 2792 ipsius
2650 2723 2719 2778 de
2760 2724 2977 2778 homilia
3008 2721 3075 2779 76
3101 2725 3152 2777 in
3180 2721 3370 2777 Matth.
3405 2721 3576 2777 :Cum

1998 2791 2156 2865 igitur
2184 2793 2454 2865 biennium
2480 2791 2662 2865 Roma:
2696 2795 2944 2865 exegisset
2977 2795 3031 2849 in
3064 2793 3313 2860 vinculis,
3368 2791 3576 2865 tandem

2038 2865 2244 2936 imissus
2280 2871 2374 2916 est.
2417 2863 2614 2917 Deinde
2655 2865 2707 2917 in
2740 2863 3056 2936 Hispaniam
3091 2866 3372 2936 profectus,
3402 2863 3575 2916 invisit

1997 2934 2110 2989 illic
2131 2933 2344 2987 Judwos
2364 2949 2564 3004 quoque
2586 2951 2605 2987 :
2625 2950 2686 2986 ac
2713 2933 2853 2988 tunc
2862 2937 3077 3004 fortasse
3093 2933 3318 2988 Romam
3346 2949 3578 3004 reversus

1995 3015 2093 3072 est,
2121 3005 2332 3074 quando
2361 3003 2408 3056 et
2434 3006 2742 3075 supplicium
2759 3003 2913 3074 jussu
2945 3005 3172 3075 Neronis
3203 3003 3583 3075 ipertulit.__Lo-

2000 3073 2269 3144 quebatur
2315 3073 2505 3144 autem
2535 3073 2958 3143 Chrysostomns
3007 3075 3074 3130 de
3113 3074 3335 3144 Judaris,
3375 3073 3576 3144 quibus

309 3147 548 3218 Omitto,
570 3148 880 3203 testimonio
904 3150 1082 3205 etiam”
1095 3149 1303 3214 Dextri,
1343 3147 1426 3201 bis
1453 3142 1784 3218 temporibus
1809 3163 1900 3202 γε·
1933 3206 1969 3218 Α
2002 3142 2736 3218 promiseratinvisurum'se
2767 3160 2882 3218 eos,
2907 3153 2963 3199 et
2989 3147 3064 3198 ait
3083 3142 3495 3218 illic,_v_i_delieet
3518 3145 3570 3195 in

311 3206 606 3275 hemenier
633 3218 869 3274 addictos
899 3221 1064 3274 fuisse
1115 3206 1380 3288 Hispanos
1412 3206 1798 3287 hospi'talitati,
1830 3219 1898 3273 de
1925 3206 1971 3270 C
2005 3206 2280 3288 Hispania,
2299 3213 2435 3288 illos
2460 3214 2728 3288 invisisse.
2766 3206 2986 3269 Fatetur
3011 3206 3232 3288 ergo_ad
3278 3213 3410 3288 illos
3433 3213 3574 3266 hanc

311 3304 426 3360 qua
455 3297 634 3344 tamen
662 3291 915 3360 prmclare
938 3287 1258 3360 exercitata,
1287 3289 1482 3343 Paulus
1495 3287 1574 3360 ad
1606 3291 1896 3360 quosseri-

314 3358 417 3429 bit,
445 3358 784 3416 commendat
803 3376 924 3415 cum
945 3375 1066 3430 cap.
1090 3376 1141 3415 vt
1158 3378 1173 3414 :
1191 3359 1314 3414 Non
1333 3363 1466 3414 enim
1486 3358 1708 3430 injustus
1731 3359 1892 3427 Deus,

312 3440 371 3485 ut
395 3430 725 3487 obliviscatur
761 3432 932 3503 aperis
959 3432 1136 3497 vestri,
1151 3440 1198 3503 et
1227 3430 1515 3484 dilectionis
1537 3447 1693 3501 quam
1722 3441 1893 3503 osten-

312 3503 463 3558 distis
490 3503 546 3557 in
574 3503 779 3556 nomine
798 3502 988 3572 ipsius,
1015 3506 1104 3571 qui
1123 3502 1450 3572 ministrastis
1471 3503 1683 3572 sanctis,
1727 3512 1775 3554 et
1801 3502 1898 3553 mi-

311 3573 582 3634 nistratis.
625 3583 733 3626 etc.
771 3570 908 3627 Tum
949 3570 1070 3640 cap.
1101 3587 1198 3626 xm
1236 3570 1706 3639 :Hospitalitatem
1740 3573 1898 3626 nolite

315 3643 572 3699 oblivisci.
604 3642 674 3698 Et
698 3643 836 3698 intra
862 3641 1248 3710 :Beneﬁcentia:
1271 3651 1440 3696 autem
1461 3652 1506 3695 et
1526 3644 1898 3696 communionis

314 3715 475 3770 nolite
496 3713 750 3769 oblivisci.
797 3713 896 3784 Ubi
925 3711 1360 3784 Theophylactus
1391 3710 1569 3784 reddit
1609 3713 1895 3784 rationem,

313 3801 484 3856 quare
514 3785 799 3856 nonddicit,
829 3783 1248 3855 Hospitalitatem
1276 3783 1563 3856 sectamini,
1594 3783 1710 3856 sed,
1740 3784 1900 3837 nolite

315 3854 570 3909 oblivisci.
604 3854 746 3909 Fieri
789 3854 1180 3925 enimpoterat,
1212 3864 1269 3909 ut
1295 3855 1348 3907 Ιιὶ
1377 3870 1495 3925 cum
1515 3854 1658 3925 bonis
1679 3854 1901 3921 fortuna:

313 3934 483 3997 essent
511 3926 720 3997 privati,
758 3923 965 3993 parcius
993 3927 1170 3996 forsan
1195 3933 1242 3978 et
1289 3940 1410 3978 raro
1429 3923 1656 3992 hospites
1683 3935 1728 3997 et
1758 3941 1902 3993 perc-

313 3996 497 4067 grinos
514 3995 810 4067 conciperent
832 4013 852 4052 :
873 4005 920 4051 et
947 3995 1034 4051 eos
1057 3997 1314 4058 hortatur,
1359 4005 1419 4048 ut
1437 4011 1591 4063 quam
1618 3995 1760 4066 prius
1805 4011 1902 4049 ca:-

314 4065 510 4138 perent
539 4065 958 4136 hospitalitatem,
988 4068 1125 4138 hanc
1150 4074 1543 4138 persequantur.

401 4134 605 4206 Verum
635 4133 845 4206 'qumret
878 4139 998 4205 quis
1028 4155 1042 4189 :
1074 4137 1131 4192 Si
1150 4133 1230 4190 'ad
1262 4133 1529 4206 Hispanos
1569 4133 1899 4203 scripsisset,

317 4203 527 4279 procul
568 4203 736 4279 dubio
762 4203 1103 4279 insinuasset,
1144 4221 1176 4260 a
1207 4203 1376 4279 multo
1405 4217 1655 4279 tempore
1678 4221 1746 4279 se
1769 4221 1904 4273 pra:-

318 4273 567 4331 cinctum
607 4273 811 4344 itineri,
845 4282 904 4326 ut
935 4275 1000 4328 ad
1029 4276 1153 4329 illos
1176 4278 1492 4340 accederet;
1523 4273 1580 4330 et
1605 4276 1705 4328 nisi
1735 4275 1904 4344 impe-

321 4347 475 4402 ditus
505 4344 736 4400 vinculis
760 4343 970 4408 luisset,
999 4347 1215 4400 eosdem
1245 4349 1414 4402 multo
1455 4357 1583 4401 ante
1618 4343 1906 4400 conventis—

325 4425 435 4472 set.
460 4418 532 4471 At
553 4430 729 4485 neque
759 4415 862 4469 hoc
893 4414 946 4467 in
963 4412 1192 4485 epistola
1207 4415 1570 4472 desideratur:
1595 4416 1730 4471 nihil
1759 4415 1904 4470 enim

327 4487 475 4541 aliud
501 4485 604 4542 sibi
637 4483 806 4539 voluit
845 4483 1141 4552 Apostolus
1174 4499 1314 4556 cum
1345 4488 1480 4541 dixit
1506 4502 1628 4556 cap.
1671 4487 1860 4540 ultimo
1891 4503 1902 4538 :

335 4557 494 4612 Orate
513 4557 797 4627 proruobis.
827 4551 1014 4610 Adhuc
1040 4551 1268 4627 amplius
1287 4555 1523 4627 deprecor
1547 4551 1631 4611 vos
1654 4558 1752 4610 hoc
1767 4561 1907 4627 face-

333 4644 408 4700 re,
429 4624 532 4700 quo
547 4626 768 4700 celerius
784 4628 1032 4681 restituar
1058 4624 1220 4678 vobis.
1248 4624 1472 4700 Perinde
1490 4628 1636 4700 enim
1663 4638 1745 4682 est
1767 4624 1838 4681 'ac
1861 4627 1906 4680 si

335 4693 562 4753 dixisset
595 4697 801 4752 :Orate
829 4706 887 4750 ut
916 4712 1040 4765 quae
1076 4710 1164 4749 me
1192 4711 1221 4749 a
1265 4693 1422 4747 vobis
1459 4694 1812 4765 abstulerunt,
1853 4707 1908 4752 et

337 4763 989 4839 impedimentoluerunt,
1023 4779 1092 4820 ne
1119 4765 1188 4839 ad
1218 4778 1318 4839 vos
1345 4763 1912 4839 accederem,_evaue-

337 4833 524 4904 scatit;
555 4839 634 4892 sic
656 4837 802 4893 enim
830 4838 938 4901 ﬁet,
974 4849 1032 4890 ut
1066 4835 1297 4907 celerius
1325 4833 1594 4907 restituar
1621 4837 1792 4905 vobis,
1819 4839 1909 4907 qui

338 4925 426 4966 me
461 4911 650 4979 procul
682 4909 848 4979 dubio
884 4907 1179 4979 haberetis.
1211 4906 1257 4960 si
1285 4905 1504 4961 vincula
1523 4919 1633 4960 non
1665 4905 1907 4979 obstitist-

336 4976 480 5034 sentl
517 4979 582 5034 Et
610 4987 760 5034 certe
805 4978 853 5033 si
886 4977 1328 5049 juriSprndentes
1363 4991 1647 5049 rogamus,
1689 4976 1916 5049 quidsit

339 5049 565 5120 proprie
588 5045 1144 5114 restituere,’occtirrit
1161 5046 1403 5120 Alciatus
1422 5045 1490 5102 de
1517 5048 1670 5103 verb.
1705 5045 1907 5116 signil.:

341 5117 630 5175 Resiituere
655 5127 730 5174 est
753 5130 887 5173 retro
911 5127 1164 5183 statuere;
1189 5119 1243 5171 id
1263 5127 1360 5183 est,
1387 5117 1441 5171 in
1456 5133 1572 5171 eum
1592 5126 1786 5171 statum
1805 5132 1912 5170 rem

339 5193 669 5258 constituere,
704 5191 758 5242 in
779 5206 880 5257 quo
911 5189 1202 5259 [αἰπεινή
1243 5187 1373 5259 nihil
1402 5190 1641 5243 evenisset
1663 5189 1911 5259 adversus

341 5263 482 5342 qugd
505 5257 750 5342 facienda
764 5268 900 5315 esset
912 5257 1198 5342 restitutio.
1231 5258 1538 5342 Concordat
1569 5257 1912 5342 Spiengelius

342 5329 398 5387 in
419 5329 616 5387 Lexicu
634 5330 802 5395 luris,
828 5330 996 5385 verbo
1015 5331 1300 5384 restituere.
1324 5329 1581 5384 Notanter
1599 5337 1777 5384 autem
1801 5343 1908 5382 non

346 5402 504 5466 dixit,
527 5403 579 5456 in
599 5417 726 5457 eum
749 5408 946 5455 statqu
973 5415 1086 5454 rem
1109 5401 1444 5456 constituere
1466 5401 1518 5452 in
1540 5415 1646 5468 quo
1667 5399 1786 5461 fuit,
1818 5398 1917 5454 sed

348 5472 404 5524 in
423 5488 522 5542 quo
548 5474 762 5542 fuisset,
784 5471 908 5541 quia
935 5485 1040 5542 non
1068 5472 1244 5526 solum
1275 5471 1514 5524 ablatum
1553 5470 1801 5533 reddere,
1833 5477 1916 5522 cst

351 5540 657 5609 reStituere,
675 5541 770 5598 sed
785 5540 946 5596 etiam
959 5540 1214 5597 damnum
1237 5555 1526 5611 emergens
1536 5554 1913 5611 compensare;

360 5611 414 5666 in
445 5627 513 5667 eo
535 5613 735 5669 etenim
757 5620 899 5668 statu
928 5627 1015 5667 res
1045 5612 1257 5680 luisset,
1276 5611 1322 5667 si
1353 5610 1460 5666 nun
1486 5611 1663 5666 ablata
1697 5625 1791 5665 seu
1819 5610 1920 5664 im-

360 5683 552 5758 pedita-
572 5693 740 5744 esset.
773 5681 929 5739 Nunc
949 5682 1106 5752 igitur
1129 5683 1297 5752 dicas,
1323 5697 1534 5754 quaeso,
1556 5682 1609 5738 in
1636 5695 1744 5749 quo
1776 5689 1918 5737 statu

1998 3285 2285 3353 scripsisse
2299 3283 2614 3351 Epistolam.
2635 3283 2868 3350 ldipsum
2894 3294 3122 3339 testatur
3133 3283 3574 3353 Theopltylactus

1999 3356 2053 3410 in
2075 3352 2387 3424 praefatione
2407 3353 2649 3422 ejusdem
2680 3355 2936 3423 Epistolas
2963 3371 2976 3408 :
3011 3353 3208 3408 Fuerat
3236 3352 3455 3424 (inquit)
3480 3367 3577 3424 an-

1999 3421 2094 3480 nos
2123 3425 2252 3478 duos
2293 3426 2345 3477 in
2386 3421 2602 3478 vinculis
2625 3421 2748 3496 jam
2787 3427 2900 3494 ipse
2935 3425 3172 3496 detentus
3190 3421 3580 3496 _:_'Inde_abire

1999 3497 2276 3566 permissus
2296 3505 2393 3562 est,
2413 3505 2464 3566 ut
2484 3496 2595 3565 ipse
2612 3490 2709 3551 liae
2727 3490 2880 3549 modo
2897 3505 3113 3550 testatur
3134 3494 3200 3565 (ll
3224 3491 3450 3566 Timoth.
3477 3490 3576 3561 ιν).

2001 3561 2066 3620 In
2094 3568 2254 3637 priori
2279 3561 2390 3637 mea
2410 3561 2706 3637 defensione
2739 3582 2887 3620 nemo
2916 3567 3043 3619 mihi
3069 3561 3241 3637 affuit,
3264 3572 3314 3637 et
3335 3561 3580 3637 liberatns

2000 3631 2115 3691 sum
2136 3653 2201 3690 ea:
2220 3652 2306 3691 ore
2334 3631 2543 3700 Leonis,
2581 3635 2810 3690 Neronis
2851 3631 3123 3690 videlicet.
3146 3632 3344 3687 Deinde
3362 3647 3480 3684 cunt
3520 3631 3577 3684 in

2001 3707 2286 3781 Hispanias
2299 3707 2553 3781 uenisset,
2585 3716 2706 3781 tunc
2733 3707 2864 3781 forte
2881 3705 3094 3781 udaos
3121 3703 3326 3781 revisit;
3354 3701 3577 3781 praerni-

2001 3770 2147 3832 serat
2168 3777 2234 3831 de
2256 3777 2363 3830 illis
2384 3770 2552 3846 loqui,
2577 3777 2646 3830 de
2673 3770 2867 3846 quibus
2887 3776 3084 3830 Paulus
3109 3773 3318 3846 dixerat
3336 3770 3576 3846 cum'l‘i-

2003 3848 2246 3912 motheo,
2271 3847 2332 3901 Si
2352 3841 2567 3900 celerius
2584 3841 2988 3910 venérit,videbo
3011 3861 3119 3899 vos.
3137 3841 3437 3910 Subditque
3456 3841 3577 3912 inde

2001 3917 2093 3990 (ex
2122 3909 2401 3991 l’lispania)
2417 3917 2648 3991 Romam
2673 3909 2923 3991 renersus,
2945 3934 2978 3969 a
3005 3913 3214 3991 lYerone
3228 3929 3256 3966 e
3271 3909 3382 3991 pila
3403 3909 3578 3991 subla-

2005 3981 2087 4043 ius
2107 3998 2200 4062 est.
2221 3981 2429 4062 Nullihi
2452 4001 2583 4062 ergo
2608 3988 2850 4042 sentiunt
2876 3981 3200 4062 praedicasse
3229 3983 3331 4037 nisi
3362 3983 3415 4041 in
3438 3981 3574 4062 AHis-z

2005 4058 2190 4141 panis,
2222 4057 2476 4141 videlicet
2516 4051 2672 4141 juxta
2719 4051 3136 4141 promissionem.
3173 4068 3324 4108 suam
3345 4051 3580 4141 ,_et_ihi

2007 4125 2256 4201 invisisse
2284 4125 2539 4201 Hebraeos
2557 4137 2630 4201 ιιι
2650 4125 2974 4201 promiserat
3003 4144 3018 4182 :
3048 4125 3173 4180 inde
3209 4135 3577 4201 vero_regrcs-

2007 4214 2126 4254 sum
2170 4198 2434 4265 Romam,
2479 4197 2569 4251 ubi
2613 4193 2791 4266 capite
2832 4199 3022 4266 plexus
3059 4206 3143 4250 est
3174 4193 3578 4266 :_quod_etinni

2008 4270 2382 4324 Theodoretus
2404 4260 2572 4335 super
2590 4260 2711 4336 cap.
2739 4282 2755 4320 ι
2790 4260 2855 4322 ad
2883 4267 3078 4335 Philip.
3101 4260 3290 4320 scribit
3318 4280 3347 4336 :_
3365 4260 3578 4336 Duobus

2009 4340 2160 4394 annis
2186 4340 2412 4411 primum
2441 4330 2619 4391 Iioma:
2642 4330 2732 4407 per
2756 4338 2991 4411 sedegit,
3028 4330 3124 4411 per
3159 4351 3215 4388 se
3260 4330 3584 4411 liabitan'snin

2008 4427 2102 4464 suo
2117 4398 2369 4463 conducto
2393 4423 2411 4480 ξ
2441 4425 2558 4480 cum
2582 4398 2755 4480 autem
2777 4398 3205 4480 illiniiproj‘eetus
3224 4412 3354 4458 esset
3372 4398 3587 4480 llis»-

2009 4481 2245 4552 paniam,
2265 4489 2314 4531 et
2335 4479 2440 4532 illis
2471 4479 2627 4531 etiam
2647 4477 2874 4552 divinum
2895 4470 3236 4552 Euangelium
3265 4470 3587 4552 "edidisset,

2011 4537 2243 4606 reversus
2267 4557 2379 4613 est;
2408 4558 2455 4600 et
2496 4558 2616 4600 tunc
2657 4547 2757 4616 {uit
2786 4547 2956 4614 capite
2989 4537 3280 4598 truncatus.
3311 4537 3593 4616 Ex_dic_tis

2012 4619 2281 4687 ejusmodi
2307 4608 2540 4672 conﬁcio
2566 4608 3090 4687 argumentationem
3117 4626 3313 4667 novam
3347 4626 3361 4662 :
3390 4608 3592 4687 Paulus

2013 4678 2254 4746 Hebraeis
2294 4689 2529 4743 celerem
2561 4678 2825 4752 promittit
2850 4685 3170 4748 adventum,
3201 4691 3256 4737 et
3303 4678 3594 4752 tam_cele-_

2014 4777 2152 4829 rem,
2183 4768 2242 4814 ut
2266 4759 2370 4814 nisi
2392 4747 2971 4830 celerius'l‘imotheus
3001 4747 3202 4820 veniat,
3244 4752 3364 4830 sine
3402 4747 3599 4830 illouad

2015 4847 2108 4886 eos
2138 4818 2550 4902 'proliciscatur.
2600 4825 2756 4902 lianc
2809 4829 2975 4902 enim
3002 4818 3221 4902 sensum
3258 4821 3462 4902 habent
3502 4818 3597 4902 illa

2016 4889 2202 4963 verba,
2233 4915 2470 4970 cumquo
2498 4901 2543 4952 si
2565 4896 2781 4953 celerius
2807 4898 3021 4962 venerit,
3040 4895 3222 4970 uidebo
3237 4909 3329 4970 pos
3358 4907 3377 4944 :
3405 4889 3460 4945 id
3491 4898 3599 4970 est,

2015 4987 2117 5045 ego
2143 4963 2465 5045 videbovos
2491 4983 2616 5045 eum
2642 4971 2783 5037 ipso,
2811 4970 2856 5022 si
2881 4978 3076 5045 tamen
3088 4963 3322 5045 celerius
3352 4963 3598 5045 venerit;

2015 5036 2150 5098 alias
2179 5040 2320 5110 quod
2348 5038 2474 5114 inde
2502 5040 2560 5094 lit
2586 5036 2953 5114 cnnsequens,
2976 5036 3079 5114 nisi
3107 5036 3339 5114 celerius
3366 5036 3602 5114 venerit,

2015 5115 2137 5169 sine
2162 5100 2229 5166 eo
2261 5110 2594 5179 proﬁciscar.
2625 5109 2698 5165 Ut
2735 5100 2862 5178 quid
2911 5100 3055 5163 enim
3093 5106 3328 5181 celerem
3359 5102 3479 5171 ejus
3508 5100 3607 5181 de:

2013 5183 2216 5238 siderat
2236 5176 2550 5255 adventum,
2582 5176 2776 5255 ni_si__ui
2795 5193 2918 5234 cum
2947 5181 3066 5249 ipso
3085 5176 3486 5255 proficiscatur,
3511 5176 3604 5255 qui

2013 5255 2194 5308 statim
2220 5250 2559 5321 profecturus
2577 5250 2645 5304 ad
2677 5248 2936 5321 Hebraeos
2955 5248 3108 5305 erat?
3135 5249 3206 5302 At
3233 5248 3605 5321 statini_atque

2016 5339 2048 5380 e
2074 5311 2306 5396 vinctilis
2347 5322 2575 5396 eruitur,
2607 5321 2661 5374 in
2696 5319 2982 5396 Hispanias
3021 5317 3326 5396 contendit,

2012 5379 2213 5459 Stomo,
2229 5393 2270 5446 Τ
2277 5379 2635 5461 heophylaéto
2681 5403 2736 5445 et
2759 5379 3102 5445 Theodoreto
3123 5379 3350 5461 testibus
3372 5383 3452 5461 (nt
3472 5379 3612 5461 alios

2021 5449 2315 5532 omittam);
2341 5449 2632 5530 illicigitur
2653 5473 2807 5516 erant
2829 5461 2906 5515 illi
2930 5461 3140 5515 Hebraei
3159 5456 3225 5511 ad
3246 5449 3618 5532 quos'lgpisto:

2023 5518 2331 5590 latndedi't':
2381 5533 2438 5588 Si
2479 5518 2626 5587 Enim
2665 5531 2796 5586 alibi
2839 5542 3052 5597 essent,
3082 5543 3190 5584 non
3237 5518 3364 5598 vere
3407 5518 3619 5598 dipeici

2026 5585 2449 5661 iiiiinn'sé'ian
2480 5585 2680 5658 citoiad
2704 5585 2869 5670 ipsius
2903 5585 3094 5670 parare
3123 5600 3247 5670 iter,
3279 5597 3335 5670 ll}
3375 5587 3485 5644 ηἱδὶ

2029 5655 2549 5734 ἱιὶὸῖιίῖυέἐέιέἐιιὶὲ
2564 5655 2796 5741 ὲέιίίδῖζ
2815 5655 2930 5727 sine
2975 5670 3093 5738 ipso
3122 5655 3639 5739 proiecturusnillic.
