4152 6174
424 256 528 318 211

1462 251 1693 310 FLAVI]
1732 249 1913 310 LUCll
1954 250 2215 310 DEXTRI
2249 250 2669 312 CHRONICON.

3614 251 3722 314 εις

423 370 492 427 Α.
520 365 583 428 C.
615 365 708 426 66.
754 366 1088 441 l..'.Ann:eus
1109 363 1318 422 Seneca
1343 361 1744 428 Cordubensis,
1774 361 2075 419 consularis
2097 364 2197 433 vir,
2224 365 2358 421 etin
2387 364 2707 436 religionem
2729 363 3095 422 Christianam
3119 363 3338 436 egregie
3393 364 3462 424 Δ.
3489 365 3559 424 R.
3595 367 3722 426 817.

857 455 1297 533 propensus,'cui
1323 456 1486 511 etiam
1519 464 1728 512 secreto
1760 454 2073 512 adhaerebat

2172 457 2276 513 atis
2305 464 2360 514 et
2404 460 2642 530 acceptis
2671 473 2702 514 a
2735 459 2904 516 Paulo
2950 459 3149 517 litteris
3204 459 3353 517 cele-

859 554 1130 620 brandas,
1156 554 1311 624 jussu
1335 551 1565 608 Neronis
1596 567 1854 608 venarum
1888 553 2150 609 incisione
2178 554 2336 625 perit.

785 650 905 709 Hoc
931 648 1122 706 eodem
1154 661 1298 703 anno
1326 647 1385 704 S.
1415 646 1661 702 Matthias
1692 647 1994 718 perimitur.

787 743 906 803 Hoc
935 742 1128 800 eodem
1161 756 1305 797 anno
1335 739 1539 796 bellum
1571 739 2122 811 Hierosolymitanum
2148 742 2362 813 incipit.

791 840 1117 912 Amphitrite
1142 851 1264 909 quae
1294 834 1722 907 Carpetanorum
1753 837 1884 894 urbs
1921 845 2006 894 eSt
2040 837 2209 910 (nunc
2235 838 2401 915 Fitia)
2433 838 2491 898 S.
2523 839 2813 898 Liberatus
2860 843 3152 916 episcopus
3179 842 3370 900 Iliber-

869 935 1080 993 ritanus
1108 931 1337 991 feliciter
1360 930 1589 987 moritur
1617 944 1713 986 xm
1743 927 1962 987 kalend.
1993 930 2258 992 Januarii.

797 1031 914 1088 Hoc
936 1027 1127 1086 eodem
1156 1039 1302 1082 anno
1328 1023 1430 1083 SS.
1456 1023 1691 1096 apostoli
1717 1025 1913 1082 Petrus
1936 1032 1993 1082 et
2014 1023 2214 1082 Paulus
2237 1040 2306 1084 ex
2336 1025 2668 1098 longissimis
2695 1026 3235 1100 peregrinationibus
3264 1026 3380 1083 Ro-

867 1136 1011 1179 mam
1041 1119 1346 1178 redierunt.

1659 1177 1922 1286 .BIVARll
1957 1228 2550 1289 COMMENTARIUS.‘

446 1377 518 1432 sit
549 1390 565 1430 :
593 1363 716 1430 cum
759 1379 942 1427 tamen
972 1368 1036 1432 ad
1070 1365 1358 1438 Hispanias
1393 1362 1565 1435 prius,
1593 1369 1654 1424 ut
1683 1370 1916 1431 constat,
1949 1378 2039 1421 ac-
2062 1365 2118 1432 Α
2148 1435 2178 1438 __
2215 1365 2305 1422 l9.
2331 1363 2460 1438 Hoc
2475 1363 2658 1420 eodem
2679 1382 2817 1420 anno
2841 1365 3031 1422 bellum
3061 1365 3410 1438 Hieronem.
3435 1366 3744 1426 Cardinalis

449 1447 688 1504 cederet.
722 1443 830 1500 Sed
852 1441 920 1498 de
943 1439 1027 1496 his
1053 1439 1206 1504 satis,
1239 1444 1346 1494 etc.

523 1517 610 1572 l7.
644 1513 836 1569 Lucius
866 1511 1118 1577 Annwus,
1151 1518 1256 1564 etc.
1281 1508 1413 1562 Cum
1445 1505 1640 1562 eodem
1665 1512 1890 1562 retectaa
1912 1519 2046 1577 cono

444 1587 732 1658 jurationis
759 1583 1068 1658 Pisoniana:
1099 1574 1339 1658 tempore
1370 1587 1478 1658 tam
1510 1577 1908 1658 S'enecaquam
1940 1574 2048 1630 Lu—

451 1647 622 1712 'cauus
647 1664 869 1712 necatus
900 1651 992 1717 sit,
1030 1647 1226 1705 nescio
1244 1647 1513 1717 quomodo
1545 1647 1779 1717 Eusebio
1813 1648 1864 1717 in
1896 1661 2050 1701 men-

453 1738 562 1783 tem
584 1726 732 1782 venit
753 1716 984 1779 mortem
1017 1721 1241 1778 Seneca:
1268 1719 1325 1772 in
1353 1732 1556 1772 annum
1583 1716 1794 1771 Domini
1823 1716 1890 1772 67
1920 1717 2048 1785 reji-

452 1812 599 1861 cere,
617 1812 738 1856 cum
769 1804 967 1858 tamen,
996 1792 1113 1861 ipso
1136 1788 1426 1856 referente,
1446 1802 1589 1861 anno
1617 1786 1925 1853 Domini66,
1946 1787 2052 1861 Lu-

457 1857 627 1922 canus
651 1876 882 1922 mortem
915 1857 1227 1933 oppetierit.
1257 1861 1440 1933 Quare
1468 1857 1638 1912 multo
1663 1858 2053 1933 consonantius

459 1940 661 1993 Dexter
706 1928 1230 2002 Senecam'quoque
1277 1930 1480 2002 eodem
1517 1943 1661 2002 anno
1705 1928 2053 2002 absumptum

460 2009 644 2064 tradit.
673 2006 986 2062 Assentitur
1037 1998 1120 2057 his
1142 1998 1326 2056 'etiam
1363 2000 1683 2055 Ambrosius
1727 1998 1959 2054 Morales
1991 1998 2056 2052 li-

459 2081 548 2135 br.
578 2094 653 2146 Ix,
679 2093 800 2150 cap.
824 2077 888 2150 υζ
903 2077 957 2130 in
976 2089 1043 2130 eo
1061 2072 1253 2128 leviter
1277 2069 1669 2150 emendandus,
1695 2069 1844 2150 quod,
1868 2083 2057 2150 mense

464 2139 659 2205 Martio
689 2139 834 2203 dicat
858 2139 1119 2202 Senecam
1145 2153 1444 2206 mortuum,
1473 2155 1599 2196 cum
1629 2139 1854 2196 deberet
1878 2139 2058 2196 dicere

462 2234 651 2276 mense
671 2217 839 2282 Maio;
871 2215 1136 2287 siquidem
1164 2213 1413 2270 Lucanus
1435 2213 1551 2287 qui,
1571 2211 1816 2287 Eusebio
1832 2219 1888 2266 et
1911 2210 2060 2287 Dex-

468 2301 553 2346 tro
579 2281 913 2358 auctoribus,
936 2281 1105 2356 'prius
1141 2287 1370 2358 cecidit,
1411 2281 1599 2358 ultima
1648 2283 1849 2358 Aprilis
1873 2281 2010 2336 obiit
2040 2298 2055 2335 :

466 2371 796 2432 quapropter
825 2352 1085 2414 Senecam
1113 2371 1300 2432 mense
1326 2355 1462 2410 Maio
1501 2352 1750 2432 sequenti
1784 2362 2056 2432 mortuum

467 2423 614 2498 esse,
650 2423 949 2501 congruum
988 2436 1073 2484 est
1122 2436 1182 2501 ut
1215 2426 1482 2501 dicamus.
1517 2423 1646 2501 Fuit
1665 2423 1932 2501 Corduba:
1960 2439 2059 2501 na-

470 2493 802 2570 tus,Senec'a
823 2499 1039 2570 seniore
1069 2499 1235 2570 nobili
1265 2505 1504 2570 oratore,
1530 2505 1586 2550 ct
1609 2494 1819 2570 llelbia,
1843 2509 1938 2570 seu
1963 2493 2059 2548 Al-

469 2565 596 2630 bina
625 2569 1250 2640 parentibus._Parentis
1288 2569 1408 2636 ejus
1443 2573 1571 2640 sunt
1611 2565 2058 2640 declamationes,

471 2659 592 2712 qua:
612 2635 758 2712 inter
773 2654 936 2712 opera
960 2638 1051 2694 filii
1067 2647 1302 2712 exstant,
1323 2635 1389 2694 ut
1408 2637 1576 2712 probe
1597 2635 1655 2690 af
1655 2638 1839 2712 firmat
1858 2645 1914 2690 et
1936 2648 2061 2712 pro-

474 2705 568 2769 bat
596 2705 849 2784 Mqrales.
883 2705 1453 2784 llisparentibusnati
1478 2715 1620 2784 sunt
1648 2705 1744 2784 filii
1771 2715 1918 2784 tres”:
1952 2707 2062 2784 [sn-

475 2798 628 2840 naeus
655 2782 865 2838 Seneca
891 2773 1261 2850 philosophus,
1287 2778 1521 2834 Neronis
1545 2777 1836 2850 magister;
1856 2773 1893 2850 ξ
1903 2775 2061 2830 unius

476 2854 674 2918 Gallio,
702 2863 760 2908 et
783 2846 1020 2909 Annaeus
1045 2846 1179 2908 Mela
1205 2846 1404 2906 Lucani
1432 2859 1603 2920 pater.
1633 2846 1826 2917 Nupsit
1852 2847 2060 2920 Seneca

475 2915 721 2999 Paulina:
742 2923 1017 2999 Pompeiae
1038 2924 1255 2999 femina:
1277 2915 1648 2999 nobilissimae,
1671 2915 1789 2986 quae
1808 2915 2062 2999 cum'Ne-

476 2995 630 3067 renis
671 2996 828 3063 jussu
856 2993 1142 3067 ‘Senecam
1199 2993 1464 3050 incisione
1518 3003 1779 3067 venarum
1827 2993 2064 3067 animam

478 3057 752 3122 efflantem
785 3064 1013 3138 videret,
1065 3067 1181 3138 ipsa
1227 3077 1445 3138 quoque
1474 3075 1610 3138 suas
1640 3059 1881 3114 incidere
1912 3057 2062 3138 fecit,

477 3151 586 3208 quo
612 3137 864 3213 maritum
896 3132 1329 3213 dilectissimum,
1357 3132 1444 3213 vel
1472 3133 1525 3213 in
1551 3134 1664 3213 ipsa
1694 3143 1870 3186 morte
1898 3132 2068 3213 comi-

477 3200 725 3284 tat'etur._
748 3206 876 3284 Sed_
891 3207 1122 3284 Caesaris
1148 3200 1437 3284 beneﬁcio,
1465 3200 1591 3284 vita",
1616 3201 1735 3284 ejus
1756 3200 2067 3284 consultum

477 3277 602 3334 fuit.
644 3278 807 3334 Addit
834 3278 1120 3346 Eusebius,
1144 3279 1404 3334 Senecam
1432 3289 1544 3346 non
1565 3281 1774 3346 tantum
1801 3277 2070 3346 incisione

482 3363 766 3423 venarum,
787 3348 932 3417 quod
958 3349 1060 3404 sibi
1090 3341 1280 3423 mortis
1307 3361 1479 3423 genus
1516 3344 1817 3423 delegerat,
1848 3341 2072 3421 optione

483 3417 1169 3491 :_1_Caesarecor_i_cessa,sed
1189 3418 1351 3491 etiam
1377 3417 1571 3491 ha_us_t_u
1594 3417 1788 3468 veneni
1819 3417 2067 3491 periisse.

484 3485 606 3542 Non
634 3486 804 3563 defuit
845 3487 922 3542 illi
948 3504 998 3563 e__
1018 3489 1133 3563 vita
1169 3488 1382 3563 sublato
1423 3484 1793 3563 Z_oilus_suus,
1822 3481 2073 3563 ’Xiphiii-

483 3573 591 3613 nus
616 3599 632 3625 ,
670 3559 890 3634 inquam
915 3597 930 3625 ,
974 3559 1155 3634 Dionis
1190 3557 1362 3612 Cassii
1409 3555 1786 3634 abbreviator,
1827 3555 1920 3634 qui
1965 3566 2072 3605 non

486 3643 660 3700 pauca
685 3627 759 3684 in’
789 3644 914 3686 eum
951 3630 1234 3685 maledicta
1261 3627 1561 3698 congessit;
1596 3627 1868 3700 praecipue
1908 3627 1976 3700 in_
2007 3636 2076 3676 eo

487 3692 681 3756 notans
706 3740 722 3766 ,
763 3700 908 3775 quod
950 3701 1154 3775 vireret
1191 3692 1349 3755 aliter
1369 3692 1554 3775 'quam
1583 3692 1899 3775 scriberet,
1946 3692 2074 3775 dum

486 3764 760 3845 secessum
780 3764 858 3826 "ab
887 3771 1019 3845 urbe
1047 3782 1331 3845 moneret,
1351 3764 1550 3838 et'ipse
1583 3768 1637 3822 in
1661 3764 1953 3845 regiaipsa
1982 3764 2078 3845 de-

487 3853 668 3919 geret;
713 3843 842 3898 dum
889 3842 1112 3919 divitias
1151 3835 1365 3919 scriptis
1413 3835 1744 3919 spernenda's.
1781 3835 2074 3919 dif-finiret,

489 3907 609 3984 ipse
650 3907 792 3984 vero,
830 3913 986 3968 avide
1036 3907 1488 3984 amplecteretur;
1537 3909 1634 3984 sed
1678 3907 1996 3984 Xipliilittus
2045 3921 2078 3964 a

488 3977 642 4036 nullo
670 3982 908 4049 auditur,
931 3997 1062 4052 ergo
1085 3977 1234 4038 solus
1258 3983 1518 4051 loquitur.
1541 3981 1748 4036 Auctor
1772 3977 2078 4052 est_D._Au-

489 4053 737 4121 gustinus
772 4052 866 4106 lib.
895 4047 967 4105 'vr
994 4047 1062 4108 de
1090 4052 1248 4108 Civit.
1285 4047 1378 4106 Dei
1405 4064 1530 4119 cap.
1567 4066 1640 4114 ιιι,
1681 4048 1823 4121 quod
1855 4047 2073 4102 .ludatos

492 4102 1536 4193 Baismsasheaaara;euaginata
1573 4102 1761 4173 autem
1798 4119 1910 4188 jam
1947 4126 2073 4172 tunc
2098 4102 2145 4166 C

489 4191 695 4248 Judreis
717 4191 1220 4270 inimicissimos,_in
1243 4199 1491 4270 neutram
1513 4200 1720 4261 partem
1745 4204 2074 4270 commemo-

490 4277 617 4318 rare
643 4278 808 4321 ausus
835 4265 936 4330 sit;
965 4281 1033 4321 ne
1079 4265 1170 4321 vel
1209 4263 1457 4319 laudaret
1497 4271 1686 4318 contra
1730 4276 1842 4316 suae
1883 4263 2076 4329 patria:

492 4341 734 4389 veterem
775 4336 1258 4400 consuetudinem,
1297 4336 1383 4390 vel
1420 4333 1850 4405 reprehenderet
1884 4339 2074 4386 contra

490 4405 766 4474 propriam
793 4406 974 4463 forsan
987 4407 1343 4463 voluntatem.
1364 4403 1499 4472 Quo
1510 4404 1644 4459 satis
1665 4403 1842 4459 innuit
1861 4412 2075 4474 secreto

491 4473 815 4554 Christiana;
854 4477 979 4533 tidei
1009 4477 1339 4554 adh_:esisse;
1375 4475 1668 4554 quod_hoc
1703 4488 1917 4545 quoque
1953 4473 2074 4554 loco

489 4547 690 4617 repetit
718 4548 948 4616 Dexter;
971 4548 1070 4604 sed
1096 4547 1164 4603 de
1187 4561 1252 4604 ea
1277 4562 1338 4603 re
1364 4543 1620 4618 superius
1648 4543 1889 4602 actum'a
1918 4543 2076 4608 nobis

489 4627 594 4683 est,
624 4618 692 4674 ad
723 4634 923 4675 annum
953 4619 1023 4675 64
1049 4619 1275 4678 Christi.

562 4687 652 4759 18.
682 4688 802 4744 Hoc
829 4691 1006 4745 eodem
1028 4707 1166 4746 anno
1189 4689 1250 4747 S.
1271 4687 1544 4756 Matt/tias,
1573 4697 1674 4745 etc.
1701 4686 1993 4759 Lapidibus
2021 4685 2075 4742 in

491 4757 680 4827 primis
701 4761 1015 4828 abruptum,
1039 4776 1104 4816 ac
1123 4761 1345 4816 demum
1377 4762 1554 4816 securi
1580 4761 1634 4815 in
1655 4757 1834 4828 c‘apite
1856 4771 2076 4826 percus-

490 4841 612 4882 sum
636 4827 805 4884 refert
827 4829 1118 4899 Equilinus
1139 4832 1232 4883 lib.
1256 4845 1317 4884 ιιι
1345 4845 1466 4899 cap.
1499 4830 1624 4885 149.
1657 4827 1923 4884 ln’Judaaa
1947 4844 2077 4884 vero

492 4899 732 4953 occisum
764 4913 957 4955 omnes
983 4903 1252 4956 referunt.
1276 4900 1456 4967 Quare
1483 4913 1606 4952 cum
1630 4902 1734 4954 hoc
1762 4900 1880 4966 ipso
1908 4913 2072 4966 anno,

491 4979 552 5021 ιιι
569 4969 682 5039 jam
703 4969 899 5035 dicam,
932 4969 1134 5028 bellum
1164 4969 1719 5039 Hierosolymitanum
1742 4970 1990 5038 coeperit,
2022 4980 2078 5024 et

493 5047 604 5092 tota
626 5037 816 5093 Judaia
841 5043 1272 5107 tumultuaverit,
1305 5037 1462 5095 facile
1489 5037 1590 5094 fuit
1612 5042 1671 5097 S.
1705 5037 1982 5096 Matt’hiam
2010 5054 2076 5095 eo

492 5116 740 5182 tempore
763 5113 1052 5179 perimere.
1079 5114 1272 5167 Exstat
1292 5111 1411 5182 ejus
1431 5113 1854 5168 sacratissimum
1876 5125 2074 5179 corpus

491 5179 683 5251 Roma:
710 5182 762 5234 in
785 5182 1021 5237 ecclesia
1044 5183 1105 5238 S.
1135 5179 1583 5251 Marias'majoris,
1609 5184 1700 5238 ubi
1726 5190 1934 5240 vetusta
1955 5182 2075 5251 ejus

489 5250 670 5322 imago
705 5254 946 5322 mosaico
985 5267 1151 5322 opere
1194 5250 1471 5317 elaborata
1516 5259 1777 5321 cernitur,
1810 5269 1935 5310 cum
1975 5250 2077 5309 hac

487 5320 879 5391 inscriptione:
907 5339 981 5378 Ill
1000 5320 1196 5379 res“.
1227 5340 1353 5380 Αιυι.
1387 5339 1592 5392 rmon.;
1627 5336 1682 5381 et
1709 5320 1836 5382 vere
1865 5325 1945 5380 sic
1967 5334 2074 5388 est,

490 5406 615 5465 nam
646 5405 817 5448 sacra:
855 5397 1064 5450 exuviae
1093 5399 1340 5465 corporis
1382 5398 1500 5465 ejus
1526 5401 1720 5454 subtus
1749 5398 1923 5452 altare
1960 5409 2077 5448 ma-

481 5462 803 5538 jusjacent,
840 5468 896 5519 in
913 5466 1111 5538 gapside
1136 5462 1721 5538 itnpensis'cardinalis
1754 5466 1969 5538 Pinelli,
2003 5480 2068 5518 ex

485 5536 657 5606 variis,
718 5535 1069 5606 pulchrisque
1120 5535 1479 5594 tnarmoribus
1531 5541 1832 5595 elaborata.
1887 5537 2067 5604 Caput

483 5618 619 5682 vero
645 5605 701 5662 in
722 5605 827 5662 die
869 5605 1110 5682 ejusdem
1135 5609 1217 5682 _S.7
1238 5610 1467 5682 aposmli
1494 5624 1654 5682 capsa
1695 5617 1949 5680 argentea
1975 5620 2068 5660 oc-

483 5675 714 5750 clusum,
762 5675 978 5750 populis
1021 5675 1346 5750 Christianis
1391 5680 1526 5736 illuc
1563 5675 1886 5740 catervatim
1936 5691 2068 5737 con-

481 5740 781 5806 fluentibus
800 5740 1136 5809 adorandum
1163 5749 1410 5809 offertur.

2146 1435 2413 1507 Baronius
2445 1438 2624 1504 rejicit
2651 1437 2862 1492 initium
2897 1438 3022 1492 belli
3053 1437 3534 1507 llierosolymitani
3562 1440 3614 1494 in
3643 1456 3749 1497 an-

2148 1522 2276 1562 num
2297 1505 2389 1570 68,
2412 1521 2479 1562 eo
2494 1521 2778 1578 permutus
2798 1508 2964 1575 quod,
2991 1508 3233 1578 Josepho
3255 1505 3394 1564 teste
3416 1509 3511 1564 lib.
3537 1527 3608 1567 xx
3634 1514 3748 1567 Au-

2151 1578 2246 1646 tiq.
2278 1592 2398 1647 cap.
2450 1577 2512 1633 19
2537 1579 2690 1634 etde
2730 1580 2877 1634 Bello
2921 1577 3146 1635 Judaico
3190 1579 3288 1634 lib.
3326 1595 3364 1635 ιι
3402 1594 3453 1634 c.
3492 1582 3580 1645 15.
3624 1597 3748 1638 cum

2149 1647 2324 1720 Judaei
2345 1665 2374 1702 a
2400 1647 2658 1720 Romanis
2679 1649 2996 1716 deficerent,
3029 1658 3266 1720 emptum
3301 1650 3402 1705 fuit
3429 1664 3622 1707 contra
3649 1667 3749 1708 ens

2151 1718 2374 1784 bellum,
2404 1733 2545 1773 anno
2563 1719 2794 1775 Neronis
2818 1721 2881 1774 12
2905 1737 3090 1775 mense
3111 1718 3269 1776 Maio.
3292 1721 3560 1776 Caeterum
3586 1723 3747 1779 aliam

2153 1787 2315 1861 longe
2361 1804 2627 1861 annorum
2697 1792 2910 1860 imperii
2958 1791 3249 1846 Neroniani
3299 1793 3744 1861 supputationem

2155 1859 2400 1934 sequitur
2431 1860 2561 1934 ipse
2598 1859 2929 1923 Cardinalis,
2962 1877 3124 1934 quam
3179 1877 3276 1916 nos
3311 1859 3476 1918 :nam
3519 1862 3638 1934 ipse
3679 1865 3748 1920 ab

2155 1927 2300 2001 anno
2331 1929 2394 1984 D.
2429 1927 2498 1988 56
2525 1932 2827 1998 imperasse
2856 1927 3157 2001 contendit,
3187 1946 3288 1987 nos
3328 1947 3463 1988 vero
3491 1927 3562 1988 ali
3604 1950 3749 1990 anno

2157 1999 2228 2054 55
2273 1999 2426 2072 juxta
2457 2002 2896 2072 supputationem
2945 1999 3152 2069 Dextri,
3203 2018 3367 2072 quam
3416 2003 3562 2060 inter
3612 2007 3752 2060 alios

2156 2071 2504 2142 amplectitur
2527 2071 2718 2128 Ambr.
2743 2073 2976 2132 Morales
3002 2074 3098 2128 lib.
3127 2089 3186 2129 1x
3210 2071 3330 2141 cap.
3361 2072 3418 2129 6.
3440 2075 3754 2142 Quinimmo

2159 2141 2268 2196 non
2289 2141 2394 2196 sibi
2420 2142 2713 2198 Baronium
2743 2153 3020 2209 constare,
3051 2143 3149 2200 sed
3175 2145 3227 2200 in
3253 2141 3498 2201 nostram
3531 2145 3751 2203 tandem

2159 2212 2464 2267 declinasse
2512 2214 2837 2269 sententiam
2889 2213 3118 2270 inferius
3161 2217 3227 2268 ad
3259 2230 3460 2272 annum
3493 2216 3563 2271 68
3593 2233 3757 2272 mons.

2159 2283 2469 2355 strabimus.
2504 2283 2563 2341 Si
2590 2285 2750 2353 igitur
2779 2285 2848 2338 ab
2877 2299 3022 2340 anno
3053 2287 3122 2340 55
3150 2285 3388 2352 Domini,
3417 2286 3631 2355 imperii
3653 2287 3757 2344 Ne-

2163 2354 2315 2426 ronis
2365 2369 2539 2408 annos
2582 2369 2948 2419 numeremus,
2985 2366 3039 2410 et
3071 2357 3189 2424 ipse
3237 2372 3451 2426 quoque
3479 2354 3656 2414 annus
3685 2358 3756 2416 55

2160 2423 2425 2499 inclusive
2445 2433 2803 2499 numeretur,
2837 2428 2893 2499 fit
2921 2426 3014 2499 (ut
3044 2423 3242 2499 Dexter
3255 2423 3582 2499 asseverat)
3609 2444 3756 2484 anno

2162 2493 2232 2550 66
2304 2495 2518 2570 Domini
2579 2506 2816 2570 coeptum
2884 2493 3083 2570 bellum
3159 2493 3752 2570 Hierosolymitanum;

2163 2565 2607 2639 quandoquidem
2641 2566 2687 2623 is
2713 2578 2797 2626 est
2826 2582 3001 2626 annus
3027 2568 3260 2624 Neronis
3291 2569 3360 2624 12
3401 2565 3564 2639 quem
3595 2570 3757 2627 Jose-

2163 2637 2305 2707 phus
2341 2637 2614 2707 designat.

2092 2737 2136 2796 Β
2171 2706 2686 2796 ηἳρ.ριιιρ1ιίιςίω,
2712 2708 3104 2796 ethhIeminlit
3145 2709 3390 2796 ejusdem
3418 2709 3751 2796 SrLiberati

2167 2776 2504 2851 multalend.
2560 2777 2804 2836 Januarii
2834 2779 3116 2851 (quodie
3169 2781 3320 2851 illum
3352 2791 3504 2839 notat
3555 2782 3758 2838 Dexter

2162 2848 2404 2923 abiisse)
2439 2848 2951 2923 Usuardusdicens,
2972 2849 3052 2923 plu
3079 2849 3380 2923 Amphitrea
3407 2853 3470 2909 S.
3499 2852 3756 2912 Liberati.

2163 2917 2358 2992 Petrus
2385 2917 2549 2992 etiam
2581 2917 3187 2992 Equilinusepiscopus
3213 2923 3321 2991 agit
3342 2923 3410 2978 de
3440 2940 3506 2978 eo
3543 2924 3639 2978 lib.
3677 2938 3756 2980 xu

2164 3003 2285 3063 cap.
2301 2989 2511 3056 ultimo,
2527 2989 2755 3048 numero
2773 2989 2950 3057 mus
2971 2989 3180 3048 verbis:
3197 2989 3755 3063 Liberatascoufessor,

2166 3069 2212 3136 et
2224 3058 2778 3136 Girego‘riusepiscopus
2791 3064 2965 3136 eodem
2978 3065 3062 3116 die
3078 3063 3156 3132 (id
3171 3073 3285 3136 est,
3287 3064 3352 3119 15
3367 3064 3475 3119 kal.
3493 3058 3758 3136 Januarii)

2168 3133 2218 3205 in
2237 3132 2547 3205 ᾼιηριιίινθά
2572 3135 2897 3205 claruerunt.
2929 3133 3005 3188 De
3037 3144 3226 3189 sancto
3249 3134 3508 3205 Gregorio
3536 3132 3760 3205 agemus

2168 3201 2400 3258 inferius
2425 3218 2548 3258 cum
2585 3207 2783 3259 Dextro
2806 3203 2874 3258 ad
2905 3219 3108 3259 annum
3160 3205 3251 3261 9f.
3285 3201 3383 3260 De'
3403 3207 3536 3262 urbe
3571 3201 3756 3264 autem

2170 3273 2496 3343 Amphitria,
2525 3289 2622 3330 seu
2651 3274 2996 3345 Amphitrea,
3025 3275 3241 3345 quando
3273 3277 3388 3344 ipse
3418 3276 3618 3332 Dexter
3657 3292 3761 3336 ex-

2171 3347 2325 3416 ponit
2351 3357 2454 3416 suo
2486 3353 2729 3415 tempore
2759 3343 2883 3398 Fita
2914 3343 3234 3416 nuncupari,
3268 3343 3374 3402 non
3401 3358 3484 3402 est
3513 3348 3639 3416 quid
3662 3347 3759 3402 ad-

2173 3415 2324 3479 dam,
2353 3414 2457 3469 nisi
2487 3414 2631 3486 quod
2659 3430 2914 3471 successu
2945 3414 3230 3486 temporis,
3275 3426 3477 3474 mutata
3527 3415 3575 3470 F
3619 3420 3670 3473 in
3703 3416 3753 3474 Η

2174 3499 2273 3554 pro
2304 3499 2455 3560 mo_r_e
2481 3487 2796 3560 Hispanico,
2821 3502 3256 3560 nt_tncvocamus
3276 3487 3332 3542 H
3338 3489 3430 3554 ita,
3463 3502 3628 3560 quam
3653 3489 3762 3543 Ro-

2176 3553 2342 3628 mani,
2376 3554 2492 3628 Fita
2522 3553 2622 3628 seu
2645 3557 2824 3628 forsan
2856 3553 3508 3628 Fitriamnuncupabant',
3541 3559 3759 3628 dempta

2175 3626 2346 3696 prima
2374 3625 2586 3700 syllaba
2623 3627 2858 3700 nominis
2895 3627 3240 3700 Amphitriat,
3274 3625 3419 3700 quod
3451 3628 3582 3683 milii
3612 3625 3762 3685 Grae-

2176 3697 2573 3770 cum__videtur,
2613 3708 2670 3753 et
2697 3713 2804 3770 non
2831 3699 2950 3770 leve
2977 3698 3235 3754 indicium
3276 3697 3532 3770 oppidum
3571 3700 3763 3767 hujus-

2177 3766 2328 3823 modi
2355 3783 2384 3822 a
2413 3767 2620 3823 Graecis
2647 3769 2776 3823 olim
2801 3768 3102 3836 conditum,
3131 3780 3190 3826 ut
3218 3766 3384 3825 multa
3414 3772 3515 3826 alia
3541 3766 3760 3826 fuerunt

2178 3837 2234 3892 in
2271 3837 2550 3911 Hispania.
2585 3839 2911 3896 Ptolomaeus
2942 3841 3188 3897 nominat
3225 3840 3281 3895 in
3314 3842 3632 3911 Carpetania
3661 3841 3762 3896 Al-

2182 3909 2407 3964 terniam
2444 3925 2548 3981 non
2579 3912 2739 3981 longe
2763 3925 2792 3963 a
2824 3911 3050 3979 Car-aea,
3101 3927 3197 3966 seu
3228 3909 3624 3977 Guadalaxara,
3671 3911 3762 3967 ubi

2182 3994 2327 4052 nunc
2357 3990 2442 4034 est
2471 3980 2615 4049 llita,
2643 3980 2813 4050 quare
2838 3997 3035 4037 nomen
3065 3983 3208 4052 apud
3239 3982 3412 4052 ipsum
3440 3991 3757 4051 corruptum

2183 4049 2417 4124 videtur,
2449 4063 2508 4105 ut
2536 4068 2634 4120 pro
2658 4049 2966 4123 Ampltitria
2998 4049 3239 4124 legamus
3258 4049 3410 4108 hunc
3441 4054 3494 4109 in
3519 4049 3638 4123 ejus
3669 4067 3765 4110 co-

2177 4120 2297 4176 dice
2328 4121 2648 4178 Alterniam.

2245 4195 2338 4250 21.
2372 4192 2489 4249 Hoc
2528 4195 2708 4250 eodem
2746 4211 2885 4249 atina
2928 4196 3095 4251 sancti
3138 4194 3365 4266 apostoli
3395 4193 3608 4262 Petrus,
3654 4203 3759 4250 etc.

2176 4266 2278 4333 Qui
2309 4266 2378 4321 ad
2413 4281 2616 4322 annum
2655 4267 2722 4321 69
2747 4266 2960 4324 Domini
2993 4267 3075 4322 vel
3107 4265 3181 4326 70'
3201 4265 3460 4322 differunt
3483 4267 3764 4335 apostolo-

2175 4351 2296 4392 rum
2329 4351 2539 4400 necem,
2564 4337 2847 4392 remittunt
2889 4338 3054 4394 etiam
3096 4338 3411 4392 eorumdem
3443 4338 3674 4391 reditum
3707 4337 3763 4391 in

2175 4406 2374 4464 Urbem
2402 4407 2470 4463 ad
2495 4421 2695 4463 annum
2725 4409 3038 4478 praedictum
3062 4409 3130 4464 68
3155 4416 3428 4472 utuuo,ut
3452 4406 3762 4473 minimum,

2175 4479 2262 4534 vel
2294 4478 2508 4534 duobus
2536 4480 2693 4534 annis
2721 4491 2848 4535 ante
2877 4490 3106 4536 mortem
3139 4495 3294 4534 suam
3340 4479 3566 4532 Romam
3611 4493 3767 4534 acce-

2176 4549 2388 4605 derent.
2417 4549 2552 4604 Cum
2584 4564 2714 4605 vero
2746 4550 2942 4607 Dexter
2968 4565 3114 4607 anno
3140 4551 3209 4605 68
3240 4564 3334 4605 eos
3365 4548 3578 4604 occisos
3607 4559 3766 4604 autu-

2177 4628 2314 4686 met,
2343 4633 2630 4675 necessum
2679 4620 2868 4678 habuit
2904 4622 3138 4677 reditum
3185 4620 3556 4690 apostolorum
3584 4619 3640 4675 in
3663 4637 3762 4674 an-

2177 4706 2306 4746 num
2335 4690 2404 4762 66
2424 4690 2778 4762 consignare.
2808 4691 2894 4759 Et,
2919 4699 2981 4746 ut
3002 4689 3374 4762 opinor,’vero
3399 4689 3764 4762 consitnilius:

2179 4776 2302 4817 nam
2336 4760 2466 4829 ipsis
2486 4760 2799 4818 auctoribus
2827 4760 3073 4817 adversa:
3098 4761 3352 4818 factionis
3372 4760 3759 4825 annueutibus,

2179 4848 2241 4888 ea
2264 4832 2364 4886 fuit
2389 4846 2572 4899 causa,
2605 4833 2880 4902 apostolos
2910 4831 3139 4889 Romam
3173 4831 3491 4899 reducendi,
3523 4832 3668 4901 quod
3697 4831 3765 4886 ad

2180 4903 2427 4958 notitiam
2469 4903 2688 4958 illorum
2736 4903 2986 4972 pervenit
3011 4904 3261 4958 immanis
3303 4903 3394 4957 illa
3436 4902 3762 4972 persecutio,

2178 4989 2338 5044 quam
2369 4975 2422 5029 in
2452 4973 2787 5028 Christianos
2813 4971 2957 5029 Nero
2977 4973 3386 5044 crudelissimus
3407 4971 3765 5044 excitaverat,

2179 5043 2305 5101 dum
2327 5044 2533 5100 crimen
2564 5045 2799 5099 incendii
2829 5043 3058 5100 [tertiani
3087 5046 3154 5100 ab
3185 5043 3304 5114 ipso
3330 5044 3581 5113 nequiter
3608 5043 3770 5099 exci-

2180 5118 2296 5184 tati,
2323 5118 2373 5181 in
2396 5129 2494 5170 eos
2512 5115 2882 5187 retorquebat.
2906 5115 3068 5172 Urbis
3088 5127 3266 5170 autem
3288 5115 3599 5187 incendium
3611 5116 3767 5187 juxta

2178 5200 2465 5256 commune
2486 5184 2767 5241 auctorum
2798 5187 3072 5254 placitum,
3096 5201 3235 5256 quos
3255 5185 3422 5240 refert
3446 5196 3500 5256 et
3520 5184 3767 5254 sequitur

2179 5255 2332 5314 card.
2366 5256 2629 5312 Baronius
2651 5258 2702 5312 in
2732 5257 2887 5313 Notis
2912 5257 2980 5312 ad
3009 5255 3152 5312 diem
3182 5255 3406 5312 tUunii
3438 5255 3598 5312 Rom.
3623 5270 3769 5309 mar-

2181 5327 2456 5398 tyrologii,
2491 5326 2546 5382 in
2583 5343 2783 5384 annum
2824 5329 3034 5383 Domini
3077 5327 3146 5382 65
3177 5328 3366 5383 incidit
3393 5341 3410 5383 ς
3442 5327 3611 5398 εωρίι
3633 5341 3768 5381 vero

2181 5397 2232 5453 tv
2272 5397 2380 5452 kal.
2423 5397 2654 5468 Augusti
2689 5413 2788 5468 seu
2825 5399 2896 5454 29
2936 5399 3086 5456 Julii.
3147 5398 3327 5463 Quare
3365 5397 3765 5469 quamprimum

2175 5470 2413 5540 apostoli
2436 5471 2681 5525 nuntium
2703 5471 2771 5524 de
2791 5469 3084 5524 afflictione
3113 5469 3371 5524 Ecclesia:
3393 5469 3654 5540 [{omana:
3674 5482 3766 5522 ac-

2171 5538 2453 5610 ceperunt,
2478 5542 2692 5596 tametsi
2721 5541 2880 5610 longe
2900 5540 3164 5596 distantes
3189 5550 3372 5596 essent
3395 5540 3462 5594 ab
3483 5538 3648 5604 Urbe,
3679 5547 3767 5610 ut-

2180 5609 2306 5683 pote
2336 5613 2536 5668 Paulus
2574 5614 2629 5666 in
2663 5609 2916 5683 Hispania
2931 5611 3184 5683 ,__Petrus
3219 5625 3350 5665 vero
3393 5610 3447 5666 in
3490 5609 3769 5667 Britannia

2182 5680 2269 5738 vel
2309 5685 2510 5748 Africa,
2541 5683 2687 5738 illico
2721 5680 2825 5736 iter
2855 5683 2906 5736 in
2943 5680 3145 5736 Urbem
3190 5683 3503 5748 arripuere;
3545 5695 3614 5736 ne
3641 5693 3768 5735 suas

2181 5769 2310 5812 oves
2333 5755 2389 5810 in
2412 5753 2755 5812 tribulatione
2779 5759 2924 5810 tanta
2946 5751 3284 5811 desererent.
3307 5751 3426 5812 Non
3443 5753 3590 5811 enim
3611 5758 3769 5808 erant
