4152 6174
393 325 496 385 241

391 443 460 500 Δ.
483 443 550 502 C.
575 443 666 503 71.

1435 335 1665 396 FLAVI!
1701 334 1886 399 LUCII
1926 336 2188 397 DEXTRI
2229 339 2649 401 CHRONICON.

815 446 988 520 gloria
1017 447 1226 505 clarum
1254 448 1416 518 fecit;
1448 450 1518 508 ad
1546 450 1834 522 Hispanias
1865 467 1926 509 se
1966 454 2230 524 contulit,
2276 455 2429 526 prius
2461 455 2752 527 episcopus
2781 455 3171 529 Atheniensis,
3203 469 3331 534 post
3365 462 3433 522 Α.
3459 461 3528 520 R.
3567 464 3696 526 822.

3587 351 3700 410 242

825 541 1072 614 Segovite
1100 542 1155 600 in
1177 543 1439 602 Arevacis
1466 545 1790 618 episcopus,
1818 545 2106 604 sanctitate
2137 547 2420 605 mirandus
2447 548 2698 607 hebetur.

1612 683 1874 742 BIVARII
1912 683 2480 743 COMMENTARIUS.

395 795 1054 882 scipntimLetquomodo
1075 797 1406 882 plerumque
1429 797 1701 882 altissima
1724 800 1992 872 mysteria
2018 806 2072 867 Α
2097 799 2251 882 homo
2267 811 2356 882 est
2384 799 2683 871 appellatus
2703 800 2955 875 (propitia
2977 819 3096 861 vero
3125 806 3227 862 sint
3252 823 3368 882 quae
3385 809 3442 864 in
3471 827 3699 882 pra'scno

393 867 865 942 universalissime
895 870 1259 940 loqueretur,
1311 867 1643 942 quandoque
1681 867 1814 927 vero
1865 887 1990 926 cum

398 940 573 995 vellet
599 939 980 1012 disertissime
1002 956 1064 996 se
1096 939 1532 1012 uniuscujusque
1554 939 1762 1011 Vcaptui
1819 943 1994 1012 appli-

392 1020 569 1084 caret,
591 1010 822 1084 adducit
845 1011 1130 1067 historiam
1162 1014 1295 1068 satis
1313 1010 1587 1084 vulgatam
1621 1010 1691 1069 de
1705 1010 1991 1068 Conveiitu

393 1081 677 1156 Hierotltei
701 1093 754 1156 e_t
778 1097 902 1156 suo,
921 1098 1044 1139 cum
1077 1084 1340 1156 apostolis
1360 1081 1761 1156 Hierosolymis
1780 1084 1989 1156 habito,

395 1152 517 1207 sive
572 1169 672 1223 pro
711 1153 1052 1210 Beatissimae
1077 1152 1317 1224 Virginis
1377 1155 1568 1210 funere
1613 1152 1948 1211 celebrando
1974 1196 1989 1222 ,

393 1224 540 1297 quod
575 1224 973 1297 multiputant,
1006 1226 1122 1282 sive
1159 1241 1261 1295 pro
1287 1227 1544 1297 sepulcro
1591 1227 1808 1281 Domini
1852 1227 1992 1281 visi-

394 1295 583 1362 tando,
614 1296 760 1368 quod
793 1297 952 1352 nobis
985 1297 1272 1368 probatum
1296 1295 1396 1353 fuit
1427 1299 1480 1352 in
1511 1298 1896 1368 superioribus
1923 1298 1991 1354 ad

391 1367 842 1440 annum._Domini
866 1368 980 1440 48,:
1007 1367 1354 1440 Convenimus
1373 1367 1822 1440 quandoque(ait)
1850 1369 1993 1437 apud

391 1438 667 1510 pontiﬁces
693 1447 899 1494 nostros
921 1439 1034 1496 Deo
1061 1439 1267 1510 plenos,
1291 1438 1395 1495 nos
1413 1441 1573 1493 simul
1594 1438 1646 1510 et
1673 1438 1810 1510 ipse,
1857 1441 1997 1510 ntul-

390 1508 530 1577 tique
553 1509 719 1562 sancti
730 1510 928 1580 fratres
958 1508 1144 1577 nostri,
1171 1511 1542 1580 visuricorpus
1564 1508 1702 1563 illud
1725 1509 1863 1580 quod
1878 1510 1998 1580 vita:

391 1580 687 1653 principem
719 1578 985 1653 Deumque
1011 1581 1257 1652 suscepit.
1301 1579 1402 1653 Ubi
1446 1577 1668 1634 aderant
1697 1577 1998 1653 etUJacobus

388 1649 816 1720 frater'Domini,
853 1649 1171 1717 et'Petrus,
1206 1652 1469 1704 excelsum
1522 1661 1569 1705 et
1618 1651 1997 1721 amplissimum

388 1721 1011 1805 theologorum‘culmen.
1057 1721 1183 1776 Illic
1211 1730 1474 1805 crgqpost
1519 1725 1802 1804 contuitum
1831 1763 1845 1784 ,
1878 1721 1996 1805 pla-

386 1792 494 1846 cuit
520 1803 578 1846 ut
599 1793 874 1862 pontifices
901 1809 1076 1848 omnes
1117 1809 1212 1863 pro
1235 1791 1424 1846 viribus
1451 1793 1664 1863 quisque
1715 1791 1824 1843 suis
1870 1791 1995 1860 inﬁ-

386 1864 498 1916 nite
523 1860 789 1934 potentem
817 1864 1098 1934 bonitatem
1117 1860 1434 1917 'laudarent.
1473 1860 1789 1934 Hierotlteus
1820 1871 1994 1915 autem

382 1931 533 2004 alios
549 1950 725 1987 omnes
755 1933 826 1987 ibi
851 1931 1104 1988 Doctores
1129 1949 1309 1988 sacros
1355 1934 1433 2004 (ut
1478 1933 1638 2004 nosti)
1691 1939 1806 2002 post
1852 1933 1995 2001 ipsos

384 2003 666 2076 theologos
690 2004 820 2074 (hoc
848 2015 960 2070 εει,
1001 2004 1304 2073 apostolos)
1335 2003 1642 2075 superavit,
1690 2013 1823 2076 totus
1845 2018 1999 2076 exce-

381 2075 538 2139 dens,
571 2073 709 2146 totus
729 2081 878 2128 extra
906 2091 962 2146 se
999 2075 1219 2146 positus,
1269 2083 1335 2146 et,
1357 2073 1555 2146 eorum,
1579 2089 1695 2144 qua:
1736 2073 1991 2146 laudabat

2099 873 2519 946 tiaintellectum
2560 873 2951 946 sermonemque
2996 873 3301 945 superantia
3341 873 3626 937 laudantur
3669 903 3703 940 a

2062 945 2072 952 ’
2095 942 2290 1016 nobis),
2320 955 2441 998 tunc
2461 960 2665 1016 quoque
2689 946 2746 998 in
2773 942 3288 1014 his'supernaturale
3307 961 3356 1006 et
3376 969 3702 1016 superessen-

2095 1014 2221 1091 tiale
2251 1014 2438 1091 munus
2465 1014 2675 1091 emicuit
2709 1031 2728 1070 :
2751 1032 2854 1091 non
2885 1019 3199 1091 solumquia
3218 1014 3630 1091 immutabiliter,
3652 1037 3702 1082 et

2091 1086 2364 1156 inconfuse
2389 1087 2536 1140 nobis
2562 1089 2978 1154 communicavit,
3001 1086 3134 1144 nihil
3169 1092 3226 1145 in
3272 1093 3582 1150 exuberante
3601 1086 3699 1152 sua

2093 1156 2418 1232 plenitudine
2445 1157 2510 1232 ab
2533 1156 2788 1232 ineffabili
2836 1160 3198 1232 exinanitione
3237 1178 3513 1232 perpessus
3541 1181 3562 1220 :
3605 1170 3696 1224 sed

2093 1229 2247 1300 etiam
2276 1228 2404 1292 quia
2435 1228 2455 1300 (
2485 1230 2622 1300 quod
2645 1229 2939 1283 novitatum
2963 1231 3194 1284 omnium
3229 1242 3306 1287 est
3334 1228 3565 1291 maxime
3601 1257 3700 1295 no.

2093 1313 2211 1374 vum
2237 1299 2256 1367 )
2285 1301 2340 1352 in
2373 1299 2704 1356 naturalibus
2759 1306 2953 1374 nostris
2991 1306 3411 1369 supernaturalis
3459 1317 3601 1374 erat,
3646 1312 3703 1366 in

2097 1369 2177 1424 his
2203 1386 2321 1439 quce
2352 1381 2544 1426 nostrtc
2583 1379 2703 1426 sunt
2732 1373 2965 1426 essentia:
2996 1388 3151 1443 super
3175 1377 3451 1431 essentiam
3477 1420 3491 1441 ,
3523 1369 3701 1436 omnia

2097 1450 2277 1512 nostra
2304 1456 2382 1512 ea,
2401 1443 2616 1508 nostris,
2655 1451 2702 1495 et
2733 1458 2893 1512 supra
2929 1459 3023 1496 nos
3068 1445 3336 1502 continens
3369 1449 3698 1508 excellenter.

2101 1509 2245 1582 Yere
2275 1511 2408 1564 nihil
2443 1522 2550 1582 tam
2579 1509 2968 1582 compendiose
2990 1553 3006 1578 ,
3039 1522 3146 1569 tam
3186 1517 3293 1572 alte
3321 1533 3352 1572 a
3382 1521 3700 1579 doctoribus

2099 1579 2168 1635 de
2195 1582 2462 1652 mysterio
2493 1579 2787 1638 Dominicaa
2819 1584 3218 1640 incarnationis
3243 1627 3259 1652 ,
3296 1597 3353 1642 et
3397 1589 3702 1649 Divinitatis

2097 1651 2389 1730 majestate
2414 1652 2618 1730 dictum
2647 1669 2661 1717 ;
2691 1654 3152 1730 paucissimisque
3179 1651 3402 1730 cunctas
3431 1661 3702 1730 posterio-

2097 1720 2208 1800 ηυξ.
2239 1720 2486 1800 haereses
2525 1720 2802 1793 Nestoiii,
2865 1720 3216 1794 Eutychetis,
3269 1720 3574 1800 Valentini,
3643 1745 3701 1792 et

2096 1790 2209 1846 Arii
2241 1791 2534 1846 destruxit.

2168 1861 2410 1944 ﬁrmitas
2441 1877 2660 1944 quoque
2689 1867 3017 1944 amatorios,
3040 1868 3234 1944 divina
3264 1871 3502 1941 patiens,
3545 1889 3700 1932 com-

2096 1934 2282 2015 posuit
2311 1934 2366 1987 in
2391 1935 2688 2015 quibusde
2716 1938 2923 2015 amoris
2960 1934 3284 1996 deﬁnitione
3302 1934 3653 2015 ,__speciebus
3677 1987 3697 2015 ,

2104 2005 2328 2069 unione,
2361 2015 2418 2058 et
2444 2005 2520 2075 vi,
2548 2006 2692 2061 ultra
2717 2007 3012 2081 humanum
3037 2021 3254 2081 captum
3279 2005 3556 2069 edisserit.
3589 2005 3698 2072 Ειξ

2100 2083 2211 2129 stat
2265 2089 2452 2153 e_oriim
2493 2091 2713 2153 quoque
2742 2078 2926 2153 nobile
2955 2078 3344 2153 fragmentum,
3374 2085 3521 2153 quod
3552 2087 3698 2144 refe-

383 2145 804 2239 comomtunipnem
833 2144 1456 2239 patieris.uQLuainlobrem
1503 2145 1568 2198 ab
1613 2144 1852 2239 omnibus
1898 2145 1988 2214 qui
2025 2178 2075 2239 Β
2104 2161 2232 2239 tzns
2266 2144 2664 2239 .S.'D‘ionysiu's
2711 2165 2833 2230 cap.
2858 2149 2894 2204 4
2923 2144 3252 2239 ,ἀεὶύἰγίφ
3300 2144 3520 2236 ῌοὶηίη.
3550 2159 3646 2239 “ait
3680 2176 3696 2213 :

384 2216 662 2290 audiebant
683 2233 822 2281 eum,
837 2215 1002 2287 atque
1020 2217 1260 2290 videbant
1274 2215 1786 2290 (sive_cognos_cerent
1800 2217 1992 2290 ipsum,

391 2289 494 2359 sive
516 2304 620 2340 non
643 2285 1038 2359 cognoscerent)
1065 2285 1356 2359 occupatus
1379 2285 1499 2342 Deo
1515 2329 1530 2351 ,
1554 2287 1862 2359 diuinusque
1881 2287 1998 2340 lau-

389 2358 538 2411 dator
566 2364 640 2413 est
668 2357 967 2428 judicatus.
1001 2361 1066 2413 Et
1093 2359 1208 2414 bzec
1229 2358 1452 2422 quidem
1497 2371 1592 2427 pro
1616 2357 1896 2411 altissimis
1940 2367 1995 2414 et

389 2427 876 2484 universalissimis
905 2429 1026 2494 cius
1046 2430 1314 2484 doctrinis
1341 2429 1484 2484 dicta
1518 2436 1677 2493 sunt;
1703 2443 1872 2498 quare
1900 2427 1996 2484 ad-

391 2498 474 2554 dit
500 2518 514 2551 :
552 2499 744 2572 Verum
769 2516 886 2570 qua:
912 2499 1024 2554 illic
1046 2501 1262 2572 mystice
1283 2509 1509 2554 tractata
1538 2510 1687 2572 sunt,
1712 2499 1872 2572 missa
1892 2500 1994 2572 im-

395 2570 785 2642 prwsentiarum
804 2572 1082 2642 faciamus,
1104 2570 1300 2641 quippe
1321 2587 1437 2625 cum
1465 2587 1557 2624 nec
1582 2571 1757 2624 multis
1773 2571 1994 2636 exprimi

392 2641 609 2721 possint.
633 2641 708 2696 De
731 2641 838 2721 alia
863 2658 1006 2721 vero
1026 2642 1258 2721 docendi
1287 2643 1548 2721 methodo
1575 2650 1863 2721 pro-captu
1897 2656 1994 2721 ομ-

384 2711 606 2782 jusque,
639 2727 744 2779 qna
769 2714 966 2768 mirum
993 2714 1046 2769 in
1075 2715 1296 2768 modum
1342 2715 1506 2768 etiam
1537 2711 1792 2766 excelluit
1815 2753 1832 2777 ,
1856 2711 1991 2766 sub-

388 2785 570 2858 inlert:
591 2782 801 2850 Quoties
819 2795 990 2858 autem
1007 2794 1267 2858 oporteret
1299 2794 1478 2858 nostra
1491 2782 1666 2837 multis
1695 2785 1991 2836 communia

387 2857 672 2929 facere,_ut
693 2872 850 2929 quam
871 2856 1061 2929 multos
1090 2871 1355 2929 possemus
1383 2856 1438 2908 in
1468 2862 1713 2929 sanctam
1758 2863 1991 2929 nostram

386 2924 730 2996 disciplinam
767 2924 1150 2998 introducere,
1201 2937 1310 2981 erat
1355 2926 1585 2998 profecto
1643 2925 1940 2998 mirandum
1971 2965 1986 2988 ,

385 3012 547 3066 quam
576 2998 728 3068 longe
756 2996 1074 3053 Hierotheus
1096 2996 1390 3052 sanctorum
1417 2997 1691 3051 doctorum
1732 2997 1990 3068 plurimos

385 3067 733 3134 antecelleret,
759 3079 806 3122 et
829 3070 1078 3123 diuturna
1109 3069 1330 3124 docendi
1357 3068 1654 3130 sedulitate,
1684 3067 1740 3120 et
1761 3068 1991 3136 puritate

387 3140 598 3212 mentis,
616 3147 668 3193 et
697 3151 878 3194 exacta
906 3141 1180 3212 diligentia
1208 3139 1634 3212 demonstrandi,
1686 3154 1746 3190 ac
1791 3139 1990 3212 cteteris

387 3210 647 3276 omnibus,
666 3207 1082 3282 qua'cumquead
1102 3228 1250 3266 sacra
1273 3211 1480 3279 eloquia
1502 3209 1785 3282 pertinent.
1808 3207 1991 3277 Itaque

385 3297 481 3354 nos
507 3278 787 3354 numquam
811 3283 863 3336 in
890 3278 1050 3336 solem
1081 3292 1188 3354 tant
1215 3278 1472 3354 ingentem
1487 3278 1647 3354 figere
1679 3278 1990 3354 auderemus

386 3351 618 3423 obtutus.
648 3349 717 3407 Et
747 3362 866 3421 post
896 3369 1064 3423 pauca
1104 3370 1117 3406 :
1153 3349 1549 3423 Deséendimus,
1571 3349 1988 3423 adscribendum

386 3423 505 3476 novi
528 3422 661 3477 nihil
682 3419 941 3496 audentes
979 3427 1206 3496 inferre;
1235 3424 1326 3496 sed
1368 3419 1732 3496 minutioribus
1779 3421 1990 3496 quibus-

384 3497 530 3560 dam,
561 3506 610 3546 et
651 3511 740 3566 per
767 3495 976 3566 singula
1003 3491 1270 3564 dispositis
1305 3491 1756 3566 inquisitionibus,
1793 3492 1991 3566 discer-

2105 2215 2232 2291 Htec
2259 2216 2485 2291 inclytus
2514 2215 2688 2272 noster
2716 2215 2960 2276 in'sacris
3000 2223 3186 2277 litteris
3211 2225 3498 2291 institutor,
3525 2228 3699 2285 divine

2097 2287 2386 2364 admodum
2412 2289 2467 2340 in
2494 2291 2766 2364 amatoriis
2791 2291 3272 2364 hymnisea'posuit.
3307 2287 3690 2364 Fragmentum

2098 2373 2231 2440 vero
2260 2357 2660 2440 ejusmodiest.
2697 2357 2940 2440 Amorem
2966 2357 3336 2440 sive'divinum
3354 2357 3505 2440 ,sive
3533 2386 3697 2440 unge-

2099 2430 2281 2494 ticum,
2313 2430 2418 2484 sive
2436 2427 2859 2496 intellectualem,
2894 2434 2996 2488 sive
3017 2434 3318 2499 animalent,
3349 2427 3455 2490 sive
3483 2427 3699 2495 natura-

2101 2499 2200 2554 lem
2227 2500 2543 2578 dixerimus,
2576 2504 2676 2554 vim
2701 2508 2979 2578 quamdam
3026 2503 3384 2578 intelligamus
3419 2509 3691 2578 uniﬁcam,

2097 2580 2250 2645 atque
2270 2571 2720 2645 commiscentem;
2749 2575 3023 2645 superiora
3049 2571 3258 2644 quidem
3295 2571 3575 2632 moventem
3619 2571 3692 2635 ad

2095 2641 2405 2722 inferiorum
2439 2641 2850 2722 providentiam;
2900 2641 3081 2700 rursus
3127 2662 3244 2722 qua:
3292 2658 3414 2701 sunt
3455 2651 3692 2722 ejusdem

2096 2712 2295 2794 ordinis
2319 2711 2391 2794 ad_
2414 2711 2830 2770 communionem
2866 2711 3496 2794 mutuam-adhortantem
3516 2738 3533 2774 :
3558 2725 3698 2794 infe-

2092 2785 2236 2836 riora
2263 2783 2470 2838 tandem
2492 2797 2834 2850 revocantem,
2861 2798 2915 2840 ut
2937 2789 3005 2840 ad
3031 2787 3274 2842 sublimia
3304 2783 3691 2850 convertantur.

2093 2853 2149 2933 ιχ
2151 2862 2363 2933 actenus
2383 2854 2578 2933 multos
2591 2873 2792 2933 amores
2813 2873 2881 2933 ea;
2905 2875 3010 2912 uno
3024 2860 3300 2933 pendentes
3317 2861 3690 2933 disposuimus,

2093 2925 2420 3001 diximusque
2441 2927 2619 2997 quales
2645 2930 2748 2983 sint
2771 2929 3007 2983 notiones
3025 2925 3267 3000 viresque
3287 2925 3519 2986 amorum
3534 2975 3550 3001 ,
3585 2925 3692 2989 tum

2092 2996 2502 3072 mundanorum,
2537 3007 2642 3072 tum
2685 3001 2880 3072 mundo
2929 2996 3288 3072 superiorum,
3340 2996 3696 3072 quibus-sane

2093 3068 2370 3120 mundanis
2400 3068 2684 3143 secundum
2714 3068 3044 3143 designatum
3063 3073 3314 3143 orationis
3331 3068 3691 3143 intentionem,

2092 3149 2321 3211 prtesunt
2369 3139 2578 3190 ordines
2600 3183 2613 3205 ,
2640 3139 2958 3209 ornatusque
3001 3141 3432 3211 intelligibilium,
3459 3139 3694 3198 intellec;

2093 3207 2690 3284 tualiumqueamorum
2717 3225 2734 3262 :
2762 3207 2919 3284 super
2944 3226 3030 3262 eos
3052 3207 3222 3265 autem
3247 3219 3449 3284 exstant
3474 3213 3576 3281 ipsi
3597 3231 3687 3284 per

2092 3292 2147 3331 se
2164 3277 2541 3354 intelligibiles,
2554 3289 2716 3354 atque
2734 3277 3136 3354 divinianiores,
3159 3297 3338 3354 revera
3354 3277 3692 3354 pulchrorum

2092 3364 2124 3400 a
2147 3347 2293 3401 nobis
2325 3347 2422 3417 pro
2444 3347 2637 3405 viribus
2666 3351 2928 3404 celebrati.
2965 3351 3124 3406 Nunc
3152 3347 3691 3412 iterum'resumentes

2092 3433 2268 3493 omnes
2291 3419 2344 3472 in
2367 3436 2550 3486 unum,
2574 3432 2622 3476 et
2639 3422 3014 3493 conglobatum
3035 3440 3286 3488 amorem,
3306 3441 3543 3480 amorum
3572 3444 3688 3481 om-

2093 3491 2238 3569 nium
2292 3499 2496 3569 patrem
2543 3491 2852 3569 colligamus
2901 3495 3056 3569 simul
3101 3505 3252 3566 atque
3298 3513 3688 3569 congregemus.

385 3559 586 3638 nentes,
616 3559 663 3620 et
694 3559 1032 3638 explicantes
1047 3559 1128 3631 ea,
1158 3582 1272 3633 quae
1299 3559 1485 3638 ab'illo
1508 3579 1623 3617 vere
1665 3561 1947 3638 Hierothco
1971 3605 1986 3629 ,
2015 3559 2061 3622 C
2095 3559 2508 3638 Primoiquidem
2537 3580 2599 3616 ex
2625 3559 3020 3638 ni'ultisinduus
3048 3559 3285 3638 cogentes
3313 3559 3598 3622 amatoi'ias
3626 3571 3694 3623 vi-

384 3635 441 3688 id
463 3645 730 3708 est,saicro
747 3639 970 3707 quodam
1004 3637 1112 3690 Deo
1138 3636 1461 3708 perspicacia
1478 3633 1848 3708 compendiosa
1869 3643 1990 3708 sunt

384 3709 596 3778 tradita.
631 3707 701 3762 Ut
727 3703 917 3762 videar
945 3703 1204 3778 quidquid
1247 3703 1562 3778 Dionysius
1589 3703 1812 3772 scripsit
1836 3745 1863 3778 ,_
1909 3705 1991 3757 al-

385 3777 514 3833 tiori
542 3779 779 3848 quodam
810 3775 1016 3848 stylo'a
1062 3775 1122 3834 ιξ.
1157 3775 1452 3833 Hicrotheo
1484 3776 1720 3848 primum
1759 3775 1985 3848 scripta,

347 3867 350 3870 ‘
385 3859 444 3902 et
473 3845 598 3904 inde
617 3851 687 3905 ab
714 3865 782 3906 eo
805 3845 960 3918 juxta
988 3861 1206 3918 captum
1261 3845 1514 3904 nostrum
1543 3845 1824 3918 translata.
1885 3847 1992 3898 Ex-

389 3927 539 3974 stant
590 3920 764 3990 ipsius
793 3916 1073 3976 l'lierothe‘i
1107 3920 1409 3990 fragmenta
1438 3916 1581 3986 apud
1613 3918 1890 3990 eumdem,
1923 3931 1987 3990 ex

388 3991 531 4045 lit-ro
556 3985 627 4046 de
650 3991 999 4060 Tlieologicis
1021 3985 1330 4056 elementis,
1362 3991 1414 4042 in
1440 4005 1550 4055 qno
1597 3987 1663 4060 de
1709 3985 1842 4041 bono
1867 4029 1881 4050 ,
1923 3988 1990 4041 de

384 4063 610 4129 lumine,
635 4063 703 4116 de
727 4058 964 4131 pulchro,
990 4063 1059 4117 de
1078 4078 1272 4125 amore,
1299 4061 1514 4131 exstasi,
1565 4058 1676 4112 zelo
1702 4098 1716 4120 ,
1762 4068 1816 4112 et
1853 4060 1990 4131 aliis

383 4132 700 4202 disputavit,
736 4129 965 4202 loquens
992 4144 1175 4190 autem
1204 4133 1274 4189 de
1303 4130 1592 4187 divinitate
1617 4138 1672 4185 et
1713 4129 1991 4185 excellen-

387 4203 464 4258 tia
489 4203 688 4256 Christi
719 4205 799 4260 sic
827 4206 907 4259 ait
933 4222 948 4259 :

462 4270 592 4326 Iesu
620 4271 870 4330 Divinitas
892 4290 1006 4345 qute
1033 4275 1266 4330 omnium
1289 4291 1450 4329 causa
1478 4283 1575 4339 est,
1605 4280 1654 4327 et
1674 4271 1851 4342 implet
1873 4288 1988 4326 om-

386 4344 500 4409 nia,
527 4360 593 4398 ac
616 4355 786 4412 partes
815 4344 1069 4401 consonus
1111 4347 1432 4400 universitati
1481 4355 1786 4406 conservat,
1828 4359 1990 4411 neque

385 4433 533 4484 pars,
559 4431 724 4483 neque
743 4425 907 4472 totum
934 4428 1041 4484 est;
1071 4433 1350 4488 rursusque
1382 4427 1426 4470 et
1459 4423 1776 4488 parsrestpet
1801 4423 1987 4478 totum,

385 4496 562 4559 utpote
581 4503 697 4555 qute
714 4500 909 4556 partem
934 4504 1138 4542 omnem
1160 4498 1207 4541 et
1233 4486 1381 4542 omne
1396 4486 1559 4541 totum
1590 4487 1641 4540 in
1663 4486 1831 4559 seipsa
1851 4501 1991 4559 com-

385 4556 743 4626 prehenderit,
785 4568 831 4614 et
875 4562 1157 4614 eminenter
1199 4559 1424 4623 habeat,
1469 4567 1624 4626 atque
1670 4556 1988 4626 prtehabeat.

384 4629 634 4700 Perfecta
653 4630 862 4698 quidem
884 4640 958 4684 est
982 4628 1216 4700 inrebus
1241 4631 1560 4700 imperfectis
1577 4669 1592 4694 ,
1615 4637 1792 4700 utpote
1831 4626 1992 4698 perfe-

381 4699 574 4754 ctionis
595 4703 856 4773 princeps,
891 4702 944 4754 in
981 4699 1278 4773 rebus__t'ero
1307 4699 1570 4773 perfectis,
1615 4699 1834 4773 minime
1874 4714 1991 4765 per-

382 4774 525 4842 [ecta
553 4811 568 4836 ,
592 4764 786 4842 quippe
814 4764 931 4826 cum
960 4764 1328 4842 perfectionem
1356 4764 1661 4842 excellentia
1693 4764 1994 4842 origineque

385 4839 969 4909 prtecedatﬁPrteterea'
1007 4839 1063 4896 in
1103 4843 1253 4896 rebus
1274 4839 1566 4910 carentibus
1587 4839 1752 4910 specie
1797 4840 1992 4910 species

383 4923 462 4968 est
486 4914 754 4981 speci/ica.
785 4927 1049 4983 tamquam
1079 4914 1389 4984 principium
1419 4909 1628 4981 speciei,
1652 4910 1712 4984 in
1727 4909 1991 4984 speciebus

383 4978 584 5048 autem,
617 4978 1020 5054 specie'carens,
1052 4978 1107 5036 ut
1126 4978 1346 5050 speciem
1372 4978 1647 5054 superans.
1675 4978 1811 5054 Quin
1837 4981 1992 5034 etiant

383 5057 608 5110 essentia
623 5048 746 5109 totis
774 5053 1010 5127 procula
1037 5048 1342 5127 contagione
1371 5048 1606 5127 essentiis
1631 5048 1994 5127 insidens,_at-

384 5142 486 5194 que
516 5143 674 5194 super
701 5121 978 5181 essentiam
1004 5121 1232 5190 exstans,
1277 5124 1340 5178 ab
1364 5123 1505 5178 omni
1528 5121 1753 5194 essentia
1788 5123 1993 5194 penitus

385 5193 650 5262 absoluta,
680 5200 919 5251 universa
941 5197 1203 5266 principia
1233 5196 1578 5264 terminosque
1601 5193 1989 5266 disterminans,

388 5277 437 5322 et
449 5285 605 5338 super
617 5285 771 5322 omne
790 5262 1132 5340 principium,
1159 5262 1499 5335 ordinemque
1521 5266 1712 5320 locata.
1741 5262 1990 5317 Mensura

386 5342 585 5393 entium
612 5348 707 5407 est,
732 5348 780 5392 et
806 5355 990 5403 (etiam,
1013 5347 1166 5408 atque
1187 5355 1342 5406 super
1364 5353 1550 5402 cavum,
1575 5346 1622 5388 et
1649 5345 1766 5389 ante
1787 5351 1949 5408 tecum
1970 5350 1989 5388 :

391 5414 550 5482 plena
573 5411 788 5482 quidem
808 5414 858 5464 in
879 5411 1027 5464 rebus
1041 5407 1295 5482 egenis,in
1309 5408 1479 5478 plenis
1492 5418 1662 5482 autem
1674 5407 1989 5482 exuberans,

388 5476 690 5548 inc/labilis,
710 5491 872 5536 etnon
887 5476 1319 5550 pronuntiabilis,
1344 5493 1497 5550 super
1538 5476 1876 5550 intellectum,
1906 5494 1994 5530 su-

387 5547 678 5626 perivitam,
695 5569 850 5626 super
873 5547 1168 5618 essentiam;
1191 5547 1586 5626 supernaturale
1608 5565 1995 5626 munussuper-

392 5619 703 5680 naturaliter
722 5619 874 5677 habet
900 5665 914 5689 ,
943 5621 1373 5693 superessentiale
1404 5619 1820 5693 superessentiali
1843 5619 2000 5674 etiam

390 5697 613 5750 ratione.
644 5692 1012 5762 Quamobrem
1040 5693 1249 5762 quando
1303 5692 1473 5761 usque
1517 5692 1584 5744 ad
1618 5698 1857 5744 naturam
1880 5693 2002 5763 (no-

388 5779 559 5823 etram
590 5766 610 5837 )
643 5760 713 5818 ad
743 5779 999 5819 summam
1020 5760 1404 5837 benignitatem
1434 5763 1567 5816 venit
1586 5805 1600 5829 ,
1633 5776 1843 5837 vereque
1877 5760 2003 5837 sub-

391 5831 641 5894 stantiam
665 5845 854 5894 nostrat
880 5835 1055 5897 carnis
1078 5831 1308 5906 accepit,
1342 5849 1674 5904 summusque
1729 5832 1819 5890 ille
1863 5831 2004 5890 Deus

2094 3649 2175 3708 res
2203 3634 2538 3708 universales,
2569 3651 2699 3704 quas
2719 3636 2930 3708 quidem
2953 3634 3131 3691 omnes
3167 3638 3422 3708 continet,
3454 3641 3689 3708 regitque

2096 3702 2532 3776 absoluta‘totius
2555 3702 2753 3758 amoris
2784 3723 2963 3770 causa,
2992 3724 3145 3775 penes
3169 3707 3486 3776 principium
3510 3702 3689 3762 omnia

2095 3774 2511 3846 supereminens,
2535 3777 2602 3826 ad
2623 3792 2776 3843 quant
2799 3774 3084 3842 contendit,
3108 3774 3206 3846 pro
3223 3778 3475 3846 cujusque
3501 3787 3691 3834 natura

2093 3845 2361 3917 universus
2390 3860 2563 3917 rerum
2605 3846 2839 3917 omnium
2871 3861 3038 3899 amor.
3079 3845 3188 3917 Age
3203 3845 3342 3916 jam,
3373 3849 3468 3900 has
3497 3847 3688 3902 iterem

2095 3914 2399 3983 colligentes
2430 3916 2485 3967 in
2537 3931 2728 3977 unum,
2785 3916 3022 3970 dicamus
3059 3914 3217 3970 unam
3259 3917 3535 3984 quamdam
3579 3937 3688 3974 esse

2093 3986 2475 4059 simplicemque
2501 3986 2738 4040 virtutem
2781 3987 3004 4056 seipsam
3033 3997 3312 4042 moventem
3345 3989 3415 4042 ad
3441 3990 3687 4059 uuiﬁcam

2092 4057 2368 4132 quamdam
2399 4059 2816 4132 coniunctionem
2844 4075 2910 4114 ea:
2938 4061 3050 4132 ipso
3073 4059 3206 4114 bono
3232 4076 3396 4131 usque
3423 4061 3492 4114 ad
3520 4057 3690 4115 extre-

2094 4144 2236 4203 mum
2264 4129 2490 4203 universi
2518 4131 2620 4184 :ab
2650 4145 2809 4203 eoque
2837 4129 3042 4185 rursum
3063 4129 3412 4203 deinceps'per
3434 4134 3608 4185 omnia
3620 4133 3692 4186 ad

2093 4201 2262 4272 ipsum
2293 4200 2484 4254 bonum
2513 4216 2577 4254 ea:
2595 4202 2786 4271 seipsa,
2814 4212 2862 4256 et
2889 4218 2978 4272 per
2998 4219 3052 4257 se
3073 4243 3088 4267 ,
3130 4210 3178 4255 et
3221 4200 3275 4254 in
3315 4200 3487 4272 seipsa
3532 4212 3690 4256 semet

2093 4272 2146 4324 in
2169 4271 2423 4344 circulum
2474 4274 2852 4344 reﬂectentem,
2891 4271 3056 4344 atque
3109 4274 3164 4326 in
3206 4271 3434 4344 seipsam
3487 4289 3691 4344 semper

2093 4341 2273 4396 eodem
2303 4343 2458 4396 modo
2483 4341 2878 4412 glomeranteni.
2915 4341 3188 4399 Hactenus
3213 4341 3339 4406 ille;
3387 4356 3490 4397 nec
3539 4343 3688 4398 aliud

2093 4427 2158 4467 ex
2188 4412 2460 4466 universis
2487 4413 2605 4482 ejus
2636 4413 2856 4482 scriptis
2884 4412 3047 4486 (proh
3077 4413 3236 4468 dolor
3259 4413 3300 4536 l)
3329 4421 3539 4478 exstat;
3589 4413 3686 4468 sed

2093 4485 2294 4536 aratins
2326 4481 2460 4536 Deo.
2485 4483 2628 4536 quod
2662 4485 2856 4536 unuuis
2877 4485 3067 4536 saltem
3110 4485 3242 4536 tanti
3303 4483 3457 4536 eonis
3497 4498 3686 4536 serra-

2092 4485 2294 4553 gratins
2326 4481 2460 4545 Deo,
2485 4481 2628 4551 quod
2662 4485 2856 4553 unguis
2877 4481 3067 4540 saltem
3110 4485 3242 4536 tanti
3285 4481 3457 4536 leonis
3497 4498 3687 4538 serva-

2093 4564 2180 4608 tus
2207 4561 2311 4623 est,
2335 4561 2392 4606 ut
2416 4568 2481 4606 ex
2513 4570 2693 4622 ungue
2726 4557 2936 4608 leonem
2960 4566 3438 4623 cognosceremus.

2165 4622 2372 4689 Quibus
2403 4621 2858 4690 autetiigradibus
2879 4621 3130 4691 putas'ad
3169 4632 3275 4675 tam
3319 4621 3554 4691 sublime
3605 4623 3690 4678 di-

2095 4694 2237 4748 vina:
2269 4692 2554 4760 theologia:
2585 4693 2855 4758 fastigium
2882 4690 3162 4748 ascendit?
3184 4691 3324 4746 Tres
3353 4690 3520 4746 refert
3560 4693 3688 4748 Dio-

2093 4765 2304 4835 nysius,
2327 4778 2529 4833 eosque
2541 4762 3050 4832 excellentissimos,
3084 4762 3334 4835 videlicet
3351 4764 3492 4831 quod
3516 4766 3686 4822 multa

2094 4834 2360 4892 a’sanctis
2385 4835 2650 4904 apostolis
2681 4835 2919 4906 accepit;
2953 4835 3096 4906 quod
3129 4834 3396 4905 frequenti
3436 4837 3685 4891 assiduo-

2095 4923 2200 4978 que
2226 4921 2504 4962 sacrarum
2539 4909 2840 4962 litterarum
2890 4906 3395 4978 Studioiincubuit,
3443 4915 3500 4978 et.
3541 4908 3687 4978 quod

2095 4977 2292 5036 divinis
2332 4979 2758 5034 revolationihus
2795 4991 3046 5034 assuetus
3090 4977 3399 5032 immediate
3448 4977 3687 5035 divinant

2093 5051 2379 5120 veritatem
2407 5048 2699 5106 docentem
2729 5050 2954 5120 audivit.
2985 5048 3114 5120 ch
3135 5048 3356 5120 inclytus
3400 5061 3687 5120 prazceptor

2093 5066 2379 5105 veritatem
2407 5066 2699 5106 docentem
2729 5066 2954 5104 audivit.
2985 5066 3114 5103 ηιεσ
3135 5066 3356 5119 mctytus
3383 5066 3687 5172 lirwceptor

2093 5132 2273 5176 noster
2298 5119 2391 5189 (ait
2417 5120 2706 5193 Dionysius
2727 5137 2846 5190 cap.
2873 5119 2938 5191 t.)
2964 5122 3014 5174 in
3037 5119 3361 5193 Theologicis
3410 5120 3689 5187 Itementis,

2092 5207 2256 5263 supra
2283 5198 2486 5263 natura:
2509 5191 2722 5247 modum
2751 5193 3056 5246 mirabiliter
3094 5191 3395 5263 celebravit,
3419 5209 3534 5259 qua:
3577 5195 3689 5263 ipsc

2094 5261 2175 5317 vel
2186 5280 2236 5336 _a
2268 5259 2516 5336 theologis
2554 5263 2744 5336 sanctis
2775 5263 2907 5330 (hoc
2928 5273 3032 5330 est,
3063 5262 3346 5336 apostolis)
3367 5259 3689 5336 accepit,'vel

2095 5329 2382 5406 artiﬁciosa
2402 5329 2673 5406 sacrarum
2701 5329 2987 5390 litterarum
3022 5329 3369 5406 indagatione
3397 5329 3689 5406 perspexit,

2095 5404 2354 5476 frequenti
2383 5404 2521 5476 circa
2549 5404 2672 5457 illas
2703 5407 3090 5471 exercitatione,
3119 5404 3689 5476 studioque'diuturno;

2096 5477 2176 5531 vel
2197 5476 2351 5530 etiam
2378 5475 2630 5529 diviniora
2654 5477 2881 5546 quadam
2907 5477 3246 5544 inspiratione
3289 5475 3514 5546 percepit
3540 5515 3556 5539 ,
3583 5489 3688 5527 non

2097 5549 2264 5620 solum
2281 5547 2482 5602 discens
2503 5545 2675 5620 divina
2697 5590 2713 5616 ,
2736 5549 2827 5602 sed
2856 5549 3076 5620 patiens,
3109 5558 3262 5620 atque
3281 5561 3342 5620 ex
3360 5545 3582 5620 quadam
3599 5547 3691 5620 ad

2101 5619 2196 5675 illa
2222 5620 2579 5691 compassione
2607 5619 2673 5691 (si
2699 5613 2866 5674 modo
2893 5621 2966 5674 ita
2998 5619 3138 5690 loqui
3170 5613 3409 5691 licet)_ad
3435 5613 3690 5691 indocibi-

2103 5693 2206 5746 lem
2237 5684 2586 5766 secretamque
2610 5684 2786 5745 eorum
2809 5684 3124 5766 unionem',_
3147 5684 3426 5766 ac__fidem_
3469 5685 3691 5766 denique

2104 5754 2513 5818 consummatus:
2549 5763 2818 5817 Hactenus
2846 5763 2917 5816 de
2952 5754 3198 5815 doctrina
3221 5754 3523 5812 Hierotltei.

2181 5833 2334 5898 Quod
2362 5832 2429 5889 ad
2473 5833 2757 5892 historiam
2794 5833 2917 5890 vitae
2953 5831 3075 5899 eius
3112 5833 3356 5902 spectat,
3413 5833 3699 5891 communi
