4152 6174
388 277 496 339 219

1432 276 1666 339 FLAVII
1705 273 1887 337 LUCll
1926 277 2184 336 DEXTRI
2223 277 2644 338 CllRONlCON.

383 400 448 455 A.
480 395 543 456 C.
576 395 668 456 86.
746 395 1086 456 Domitianus
1117 396 1416 470 imperator
1444 396 1705 470 templum
1733 395 2007 470 quoddam
2035 395 2156 454 sine
2183 398 2589 469 contignatione
2611 397 2763 455 facit.

3581 285 3691 347 250

3355 400 3422 459 Α.
3461 401 3532 460 R.
3566 405 3696 465 837.

742 491 890 550 Idem
923 492 1133 564 primus
1159 493 1549 564 imperatorum
1572 506 1634 549 se
1661 491 1822 548 deum
1854 490 2119 563 appellari
2143 490 2297 548 facit.

744 585 806 643 S.
829 585 1099 656 Julianus,
1129 585 1434 660 discipulus
1465 587 1524 646 8.
1559 585 1730 656 Petri,
1765 585 2000 642 Martiali
2027 587 2251 657 cbarus,
2283 587 2475 644 Vicum
2509 589 2857 646 transfertur.

1589 704 1850 764 BIVARII
1885 705 2454 764 BOMMENTABIUS.

381 813 767 890 vergonibus)
794 815 1088 890 Lusitania:
1109 817 1373 890 caparam
1400 815 1716 890 constitui_t,
1741 831 1849 890 quo
1871 813 1978 890 loci
2006 819 2060 879 Α
2086 817 2260 890 initio.
2296 830 2404 886 quo
2429 815 2533 890 loci
2579 815 2893 890 dypticbam
2946 833 3040 876 seu
3091 820 3329 878 indicem
3383 824 3688 884 antistitum

383 887 519 946 oliui
548 889 689 944 inter
711 887 919 944 Cneum
946 887 1301 958 Pompeium,
1333 897 1390 944 et
1414 888 1608 944 Aulum
1643 887 1981 943 Trebonium
2089 887 2486 944 Toletanornm
2516 887 2572 942 in
2603 887 2876 945 sacrificio
2901 889 3078 946 Missa:
3102 893 3462 950 institutionis
3497 897 3556 952 S.
3594 898 3692 954 lsi-

379 961 580 1016 acriter
608 969 874 1037 certatum
924 973 1038 1028 eSt,
1092 970 1150 1016 et
1193 960 1464 1037 hodieque
1503 958 1982 1037 ejus__helli__pl_ura
2086 959 2206 1037 dori
2232 959 2336 1037 dici
2367 969 2683 1037 consuetam
2715 960 2961 1018 referens
2984 963 3197 1037 subdit;
3232 965 3362 1020 Ηιεο
3388 968 3488 1037 fuit
3519 969 3691 1037 prima

380 1039 594 1087 exstant
610 1030 852 1101 lapidum
877 1040 1228 1087 monumenta
1245 1074 1260 1097 ,
1289 1032 1516 1087 militum
1538 1029 1753 1086 ’scilicet
1779 1030 1978 1085 ibidem

378 1104 721 1174 occisorum,
750 1118 872 1174 qua:
913 1103 1056 1174 apud
1100 1103 1448 1174 Ambrosium
1492 1101 1746 1156 Moralem
1792 1101 1978 1174 videre

377 1173 505 1228 licet
534 1173 626 1246 lib.
657 1173 788 1246 vin,
819 1188 942 1244 cap.
977 1173 1045 1229 18
1097 1173 1252 1230 Nunc
1278 1173 1483 1246 Capara
1515 1187 1711 1246 nomen
1743 1173 1974 1246 retinet;

373 1255 568 1314 estque
608 1243 663 1298 in
709 1243 899 1300 limine
924 1243 1361 1308 Extrematuraz,
1392 1260 1500 1299 non
1531 1243 1692 1314 longe
1721 1260 1751 1298 a
1775 1244 1978 1298 Civita-

373 1316 514 1370 tcnsi
567 1315 730 1380 urbe,
772 1316 933 1385 vulgo
980 1314 1200 1370 Cividad
1250 1316 1485 1386 Rodrigo
1534 1330 1552 1369 :
1589 1314 1797 1386 felicior
1842 1329 1976 1371 sane

353 1396 683 1457 -sauctorum
732 1386 995 1457 Carilippi
1037 1396 1092 1442 et
1140 1385 1431 1442 sociorum
1464 1385 1765 1457 martyrio,
1811 1400 1971 1456 quam

371 1456 672 1511 incolarum
701 1454 1067 1514 numero'aut
1114 1458 1340 1514 divitiis.
1374 1457 1565 1526 Agitur
1605 1454 1663 1510 S.
1698 1454 1973 1524 Garalippi

367 1536 429 1598 et
450 1529 724 1585 sociorum
767 1529 936 1586 festus
980 1529 1100 1584 dies
1136 1529 1208 1584 28
1258 1527 1460 1597 Aprilis
1488 1529 1542 1581 in
1573 1526 1972 1598 Martyrologiis

364 1597 527 1652 Beda:
545 1641 561 1664 ,
593 1601 832 1667 Adonis,
863 1599 1096 1656 Usuardi
1119 1641 1134 1666 ,
1157 1608 1216 1654 et
1241 1599 1491 1652 Romano
1511 1639 1526 1664 ,
1553 1597 1642 1650 ubi
1671 1597 1849 1652 tamen
1875 1613 1972 1665 pro

360 1667 641 1740 Carilippo
670 1679 930 1740 corrupte
969 1671 1165 1740 legitur
1189 1667 1540 1740 Caralippum
1565 1709 1579 1732 ,
1609 1682 1728 1721 cum
1761 1667 1814 1722 in
1834 1738 1844 1740 _
1864 1683 1968 1740 cte-

362 1741 497 1812 tcris
526 1738 588 1796 et
615 1745 667 1796 in
715 1738 974 1812 Equilino
999 1738 1147 1806 (lib.
1184 1756 1288 1806 χιι,
1322 1755 1442 1812 cap.
1477 1738 1602 1812 ult_..
1638 1754 1790 1812 num.
1823 1738 1919 1792 151
1947 1779 1962 1802 .

355 1811 504 1866 sicut
547 1812 600 1868 in
649 1808 854 1868 Dextro
883 1809 1192 1882 Carilippus
1221 1810 1509 1882 scribaiur.
1540 1808 1824 1882 Sociorum
1858 1823 1959 1862 no-

353 1882 507 1937 miua
531 1891 660 1937 smit
682 1878 1069 1952 Aphrodisias,
1085 1878 1194 1952 Aga
1204 1883 1324 1952 pius
1345 1878 1632 1952 (Usuardo
1647 1879 1956 1952 ‘Agapatus,

353 1953 622 2020 Equiliuo
672 1949 976 2022 Agapitus)
1021 1961 1077 2006 et
1124 1949 1391 2022 Eusebius
1422 1966 1438 2008 :
1467 1950 1539 2022 ita
1569 1949 1716 2004 enim
1749 1965 1779 2004 a
1811 1965 1960 2020 pra:-

350 2019 512 2079 dictis
535 2019 852 2080 auctoribus
877 2019 1256 2091 nominantur;
1280 2021 1374 2077 sed
1399 2019 1580 2077 nullus
1601 2028 1722 2076 acta
1739 2019 1957 2078 eorum-

351 2095 476 2148 tlem
507 2106 780 2151 recenset.
1704 2131 1714 2141 .

422 2167 475 2220 4.
512 2165 867 2233 Domitianus,
900 2174 1010 2220 etc.
1044 2164 1173 2221 Haec
1195 2179 1260 2221 es
1293 2164 1515 2220 Eusebii
1541 2161 1818 2219 Chronico
1846 2161 1947 2220 de-

348 2237 615 2306 sumpsit,
661 2237 752 2303 uhi
801 2238 880 2292 sic
935 2237 1165 2306 legimus
1210 2255 1224 2292 :
1275 2235 1434 2291 Anno
1473 2236 1578 2303 88,
1613 2233 1945 2306 Domitianus

2085 1027 2390 1155 (dipticha)
2417 1031 2471 1084 in
2492 1047 2595 1100 qua
2624 1047 2726 1113 non
2755 1043 3023 1116 ponuntur
3055 1027 3333 1118 Martyres,
3362 1027 3557 1092 scilicet
3585 1038 3686 1094 Ja-

2085 1118 2144 1154 σο
2179 1119 2241 1155 us
2262 1101 2573 1155 (apostolus
2605 1117 2698 1155 aut
2732 1102 2981 1155 fundavit
3007 1103 3308 1155 Eeclesmm
3341 1108 3684 1155 'l‘nletnnumt

2084 1101 2573 1181 (In-buslapostolus
2605 1103 2698 1173 qui
2732 1101 3323 1181 fundavitEcclesiatn
3341 1108 3684 1181 Toletanatn)

2080 1172 2350 1244 Elpidius,
2376 1172 2645 1238 Julianus,
2689 1183 2737 1228 et
2772 1173 3131 1240 Saturninus,
3175 1186 3222 1231 et
3269 1177 3349 1234 Μ.
3405 1172 3688 1237 Marcellus

2080 1243 2370 1318 litigamus.
2401 1246 2527 1318 quia
2555 1253 2758 1318 constat
2788 1246 2952 1315 fuisse
2975 1256 3253 1318 martyres.
3278 1250 3476 1305 Orabat
3503 1266 3686 1307 sacer-

2079 1314 2194 1392 dos:
2206 1316 2275 1392 ibi
2306 1329 2403 1392 pro
2432 1314 2717 1392 spiritibus
2737 1317 3080 1386 pausantium
3103 1314 3508 1389 episcoporum,
3534 1322 3678 1392 quod

2077 1400 2143 1439 ex
2176 1386 2385 1465 Miss_ali
2432 1386 2492 1440 S.
2522 1385 2713 1441 lsidori
2742 1385 2978 1465 ironstat
3009 1405 3024 1445 :
3061 1397 3111 1443 el
3138 1385 3446 1465 'eapropter
3484 1385 3685 1465 marty-

2077 1471 2198 1509 rum
2231 1456 2613 1526 episcoporum
2643 1457 2860 1513 nomina
2890 1459 2943 1512 in
2989 1474 3051 1515 ea
3076 1475 3183 1516 non
3215 1456 3504 1518 exstabant
3551 1456 3677 1520 cuin

2075 1527 2310 1581 egi-teris.

2148 1597 2340 1653 Fuisse
2375 1611 2509 1673 vero
2545 1597 2780 1673 Martiali
2809 1599 3034 1673 charum
3094 1601 3227 1673 satis
3269 1601 3494 1673 liquet,
3551 1621 3676 1664 nam

2073 1678 2309 1736 quatuor
2335 1667 2401 1721 ad
2431 1668 2604 1746 ipsum
2637 1670 2984 1746 snb_nominc
3006 1671 3156 1726 Lucii
3194 1667 3520 1746 Julii'tledit
3567 1679 3680 1746 cpi-

2065 1746 2366 1812 grainmata
2399 1755 2413 1790 :
2440 1738 2717 1812 ho_c_euim
2741 1739 3126 1812 fuissenomen
3155 1742 3274 1812 ejus
3306 1745 3504 1800 fatetur
3535 1738 3678 1805 Dex-

2067 1819 2148 1882 ter
2176 1808 2316 1882 infra
2341 1823 2486 1863 anno
2506 1807 2846 1882 94,7tametsi
2874 1811 3052 1882 aliqua
3105 1807 3221 1866 sin't
3263 1815 3407 1869 inter
3449 1815 3670 1874 Martia.

2062 1878 2177 1950 iem,
2201 1889 2257 1934 et
2279 1881 2538 1950 Dextrum
2584 1878 2980 1950 discrepantia,
3005 1881 3132 1938 dum
3187 1883 3279 1939 ille
3326 1895 3491 1940 vocat
3542 1903 3668 1947 cum

2059 1948 2394 2025 i..__Julinm,
2447 1948 2556 2025 hic_
2583 1951 2645 2007 L.
2701 1948 3002 2025 Julianum,
3049 1954 3216 2009 immo
3244 1963 3299 2010 et
3331 1955 3392 2010 ι..
3417 1955 3668 2025 Magnum

2057 2020 2354 2096 Julianum,
2379 2038 2503 2093 qua!
2532 2022 2795 2096 forsanet
2827 2024 3098 2094 baptismo
3126 2025 3258 2080 oriri
3291 2020 3666 2096 potuit.Qu:eo

2057 2093 2134 2165 ris
2162 2096 2556 2165 epigrammata
2582 2095 2604 2148 2
2635 2094 2691 2149 lu
2725 2095 2792 2150 15
2828 2093 2922 2151 lib.
2963 2112 3001 2162 ι,
3054 2095 3205 2152 illum
3239 2093 3426 2154 monet
3477 2093 3664 2158 vivon-

2055 2162 2182 2241 dum
2201 2162 2341 2241 'eise
2369 2164 2695 2241 liodie,_non
2722 2180 2884 2241 cras,
2902 2167 3083 2241 forsan
3110 2181 3206 2241 eo
3257 2177 3435 2224 motus
3457 2211 3473 2238 ,
3501 2172 3658 2241 quod

2053 2234 2112 2287 S.
2136 2234 2314 2291 Julius
2345 2235 2432 2307 vel
2471 2236 2724 2292 Julianus
2747 2238 2958 2307 melius
2994 2237 3272 2307 quidpiam
3317 2254 3378 2294 se
3407 2234 3662 2298 actitatu-

346 2305 598 2380 templum
618 2309 730 2380 sine
749 2305 1069 2380 admixtiOne
1089 2307 1351 2380 (ignoraui
1375 2306 1628 2380 construit
1659 2322 1676 2360 :
1707 2305 1945 2380 loquitur
2049 2320 2171 2380 rum
2208 2306 2569 2380 profitebatur
2593 2306 2830 2380 crastina
2850 2307 2937 2362 die
2959 2348 2974 2373 ,
2999 2305 3416 2380 comitodierna
3445 2311 3498 2366 in
3528 2329 3660 2369 ocu-

347 2376 480 2433 vero
529 2379 596 2434 de
641 2378 988 2442 Pantheone,
1039 2376 1184 2434 nunc
1235 2376 1472 2434 Ecclesia
1515 2385 1718 2432 sancta:
1764 2376 1944 2433 Maria:

2050 2376 2120 2430 lis
2173 2378 2289 2432 suis
2337 2387 2594 2447 peccator
2653 2379 2938 2432 existeret.
3009 2378 3122 2433 Hoc
3157 2376 3421 2435 Martialis
3473 2382 3528 2437 in
3573 2383 3660 2440 loc

349 2449 636 2504 Rotundaz.
684 2451 1023 2520 Astipulatur
1054 2449 1195 2505 Beda
1238 2448 1293 2503 in
1325 2448 1714 2520 Martyrologio
1761 2448 1787 2502 1
1837 2447 1942 2503 No—
2042 2462 2166 2504 cum
2198 2448 2472 2504 convertit
2496 2464 2596 2519 pro
2626 2463 2806 2514 more,
2838 2449 3129 2518 inquiens:

346 2520 558 2584 vemb.,
575 2521 727 2576 etiib.
745 2518 867 2577 def}
889 2521 1142 2577 aetatibus
1164 2521 1218 2575 in
1231 2518 1488 2590 Trojano.
1521 2518 1844 2590 Refragatur
1859 2529 1941 2574 ta-

346 2606 476 2646 men
506 2591 768 2648 Barouius
799 2593 851 2647 in
884 2591 1032 2647 notis
1061 2592 1127 2646 ad
1159 2594 1182 2646 -l
1221 2591 1486 2646 Novemb.
1520 2591 1862 2645 contendens
1904 2605 1934 2646 a

343 2661 420 2716 Μ.
464 2663 703 2732 Agrippa
727 2705 742 2730 ,
789 2678 895 2718 non
943 2677 1074 2717 vero
1117 2677 1144 2716 a
1180 2663 1489 2717 Domitiano
1515 2670 1890 2716 constructum
1916 2704 1932 2728 ,

339 2733 467 2804 quia
523 2732 697 2789 adbuc
748 2734 938 2804 templi
983 2733 1163 2804 fronti
1195 2733 1518 2804 inscriptum
1544 2733 1745 2804 "durat
1800 2749 1814 2786 :
1859 2732 1930 2790 M.

339 2803 668 2860 AGRIPPA.
700 2804 760 2859 L.
808 2801 874 2860 Ε.
902 2802 1096 2860 CONS.
1127 2801 1458 2860 TERTIUM.
1488 2801 1712 2858 FECIT.
1770 2804 1932 2859 nimi-

2164 2560 2206 2612 Ο
2229 2561 2348 2626 inihi
2373 2567 2482 2626 post
2507 2561 2682 2626 nullos.
2709 2559 2806 2610 Juli
2831 2559 3169 2626 memorande,
3195 2559 3415 2626 sodales,

2225 2623 2281 2686 Si
2299 2620 2416 2686 quid
2439 2622 2585 2685 longa
2609 2622 2752 2681 ﬁdes,
2777 2634 2998 2686 canaque
3016 2620 3130 2683 jura
3155 2621 3351 2686 valent;

2159 2684 2246 2736 Bis
2260 2684 2362 2748 jam
2387 2684 2632 2748 pene’tibi
2655 2685 2822 2734 consul
2847 2684 3133 2747 trigesimus
3152 2685 3324 2734 inatat.

2035 2787 2174 2858 (erat
2220 2790 2370 2862 enini
2410 2788 2587 2862 aetatis
2615 2803 2743 2862 sua;
2773 2802 2975 2862 annum
3027 2800 3168 2858 pene
3200 2786 3270 2844 60
3314 2787 3588 2862 attingens
3622 2830 3639 2858 ,

339 2890 460 2946 rum
514 2859 660 2930 anno
703 2859 829 2946 ante
875 2859 1148 2930 Christum
1185 2886 1368 2928 natum
1397 2874 1498 2939 25,
1535 2884 1644 2946 tum
1675 2875 1800 2946 quia
1827 2874 1930 2932 Dio
2034 2869 2219 2930 ¹¹ῑΡ⁰ιθ
2247 2860 2306 2916 5-
2339 2859 2484 2916 Peu'i
2515 2859 2844 2928 ἀίεοίβυιηε)

337 2945 436 3019 lib.
468 2962 568 3019 tm
613 2948 734 3002 ait:
765 2945 1038 3002 Pantheon
1080 2947 1219 3018 quod
1263 2946 1474 3019 perfecit
1521 2945 1782 3019 Agrippa,
1816 2957 1923 3002 etc.

334 3015 519 3073 Facile
548 3028 729 3073 tamen
768 3020 819 3073 in
849 3015 1194 3074 concordiam
1229 3015 1583 3085 rediguntur,
1608 3015 1656 3070 si
1681 3015 1927 3076 dicamus

334 3089 627 3159 Agrippam
649 3091 1052 3159 euntignatiOue
1074 3105 1227 3144 usum
1259 3087 1311 3142 in
1336 3087 1667 3159 Pantheonis
1697 3091 1923 3159 templo,

334 3158 386 3231 id
432 3172 516 3213 est
545 3159 608 3231 in
641 3157 887 3231 porticu,
923 3161 1011 3215 ubi
1054 3159 1334 3231 inscriptio
1358 3160 1527 3228 ipsius
1549 3157 1926 3231 _videtur;‘so-

332 3228 444 3283 lum
470 3230 612 3286 enim
641 3228 912 3301 porticum
940 3232 1212 3287 struxisse
1261 3230 1375 3298 ipsa
1411 3229 1592 3301 operis
1639 3231 1926 3286 diversitas

329 3302 604 3357 convincit
644 3299 659 3356 Ξ
703 3303 1070 3358 Domitianum
1116 3317 1246 3358 vero
1289 3299 1549 3370 templum
1580 3299 1754 3370 ipsum
1783 3315 1924 3356 novo

323 3386 497 3496 ppere
517 3413 533 3438 ,
563 3372 684 3430 sine
725 3375 1131 3446 contignatione
1157 3415 1172 3440 ,
1206 3386 1262 3428 ut
1293 3373 1454 3428 modo
1483 3372 1756 3441 cernitur,
1790 3387 1922 3442 pcr-

346 3457 546 3496 ecissc.

346 3457 546 3499 CCISSC.

2217 2972 2279 3024 Et
2299 2978 2527 3022 numerat
2551 2984 2731 3034 paucos
2753 2971 2830 3034 vix
2857 2979 2938 3020 tua
2961 2969 3059 3019 vita
3083 2969 3210 3020 dies.

2154 3033 2262 3099 Non
2291 3037 2420 3099 bene
2443 3032 2702 3099 distuleris
2729 3032 3053 3099 videas,_qute
3080 3045 3225 3095 posse
3250 3034 3447 3099 negari,

2216 3096 2279 3146 Et
2301 3096 2460 3146 solum
2478 3096 2573 3144 hoc
2594 3095 2747 3144 ducas
2769 3093 2899 3156 quod
2925 3091 3036 3155 fuit,
3066 3091 3183 3144 esse
3207 3091 3361 3144 tuuni.

2102 3199 2171 3256 Et
2197 3210 2321 3271 post
2349 3216 2520 3270 pauca
2546 3197 2754 3254 subdit:

2150 3311 2257 3362 Non
2281 3316 2376 3372 est,
2403 3312 2551 3361 crede
2564 3310 2712 3376 mihi,
2732 3309 2973 3376 sapientis
2993 3309 3167 3376 dicere
3189 3322 3201 3358 :
3225 3309 3429 3376 Ylvam;

2211 3377 2333 3426 Sera
2359 3371 2505 3425 nimis
2529 3375 2624 3426 vita
2652 3371 2729 3424 est
2744 3371 2992 3434 crastina;
3018 3374 3127 3424 vive
3154 3371 3320 3424 hodie.

2023 3479 2351 3551 Displicebat
2377 3480 2428 3536 ei
2457 3481 2693 3535 amicum
2727 3478 2932 3534 ludicra
2965 3493 3202 3551 semper,
3231 3487 3288 3533 et
3312 3477 3500 3548 jocosa
3528 3495 3624 3536 ca-

397 3533 451 3629 :-
475 3513 1029 3629 .’l’:’::.";:.'":::.:.?.‘.?°
1944 3565 1990 3629 c
2021 3513 2186 3629 ηςττςς
3299 3513 3356 3629 ιτς
3376 3513 3620 3629 animo?»

316 3582 446 3640 bius
475 3603 491 3641 :
515 3582 676 3643 Anno
695 3588 764 3644 89
787 3582 1025 3656 Domini,
1050 3586 1260 3641 Primus
1290 3585 1614 3640 Domitianus
1631 3585 1917 3640 Dominum

315 3672 377 3729 se
405 3666 452 3711 et
473 3658 635 3729 deum
661 3659 920 3729 appellari
952 3660 1131 3729 jussit.
1164 3657 1417 3729 TeSIatur
1458 3656 1511 3711 id
1535 3657 1830 3712 Suetonius
1857 3659 1912 3713 in

316 3726 440 3793 cjus
471 3727 616 3795 Vita,
665 3726 788 3799 cap.
825 3731 926 3796 15,
953 3726 1211 3800 inquiens
1239 3747 1252 3784 :
1288 3727 1418 3782 Pari
1449 3729 1773 3798 arrogantia,
1799 3745 1915 3800 cum

315 3810 722 3870 procuratorum
745 3817 958 3855 suorum
987 3799 1196 3855 nemine
1234 3800 1510 3870 formalem
1549 3801 1769 3852 dictaret
1790 3799 1916 3870 repi-

311 3869 522 3935 stolam,
557 3874 629 3926 sic
654 3873 807 3939 carpit
838 3888 856 3926 :
886 3871 1135 3926 Dominus
1165 3880 1210 3925 et
1234 3869 1372 3926 Deus
1397 3879 1571 3924 noster
1589 3871 1662 3923 sic
1685 3869 1798 3938 ﬁeri
1820 3873 1914 3938 ju-

311 3941 422 3993 bet.
459 3939 606 3997 Unde
645 3943 939 3997 institutum
966 3954 1080 4014 post
1111 3942 1252 4009 Ita’c,
1284 3953 1338 3996 ut
1370 3957 1464 3996 nec
1490 3942 1684 4014 scripto
1707 3941 1910 4010 quidem

309 4027 378 4063 ac
416 4027 659 4086 sermone
691 4030 912 4083 usquam
952 4012 1308 4086 appellaretur
1344 4015 1522 4086 aliter.
1569 4012 1658 4068 Sic
1687 4026 1910 4082 prorsus

307 4098 437 4137 eum
461 4095 618 4140 vocat
647 4085 925 4153 Martialis,
961 4086 997 4140 1.
1024 4085 1147 4154 vnt,
1179 4102 1268 4157 ep.
1301 4085 1512 4141 ultimo.

442 4216 608 4286 Da_t_ite
625 4219 709 4269 tibi
735 4221 873 4271 turba
899 4223 1154 4284 querulos,
1178 4221 1416 4286 Auguste,
1439 4219 1652 4286 libellos,

505 4279 607 4331 Nos
623 4295 815 4346 quoque
837 4279 965 4346 quod
985 4279 1180 4333 domino
1202 4279 1414 4334 carmina
1436 4297 1580 4346 parva
1598 4279 1770 4335 damus
1793 4297 1806 4332 :

438 4341 600 4410 Posse
619 4341 763 4393 deum
785 4341 937 4410 rebus
961 4352 1164 4409 pariter,
1190 4341 1446 4410 musisque
1461 4358 1634 4397 vacare

494 4405 703 4470 Scimus,
730 4414 785 4458 et
805 4407 912 4459 hinc
934 4405 1084 4459 etiam
1106 4405 1238 4461 serta
1257 4405 1455 4474 placere
1479 4409 1585 4459 tibi.

301 4562 579 4628 tamquam
603 4553 708 4628 deo
731 4554 811 4628 illi
835 4554 1108 4628 concedit.
1137 4553 1244 4628 Rei-
1269 4553 1444 4616 Vates,
1473 4556 1726 4628 Auguste,
1753 4565 1894 4618 tuos,

299 4635 412 4678 etc.
443 4625 636 4680 Itidem
677 4626 919 4687 S'atius,
945 4625 1040 4680 lib.
1076 4641 1128 4680 tv
1157 4627 1292 4681 Silv.
1325 4625 1600 4682 dominum
1647 4625 1892 4684 ac'dcum

298 4695 667 4751 Domitianum
686 4707 987 4767 nuncupat;
1010 4697 1309 4767 quinimmo
1330 4697 1685 4754 Philostratus
1704 4713 1896 4756 aucmr

294 4775 387 4839 cst
416 4769 468 4822 in
495 4769 754 4839 'l‘yautno,
787 4769 882 4824 lib.
904 4784 995 4834 vtt,
1024 4784 1088 4824 eu
1115 4768 1445 4823 adulationis
1470 4771 1668 4824 tualum
1701 4787 1893 4839 perve-

297 4837 480 4910 nisse,
513 4837 572 4893 u't
605 4839 774 4894 Judzei
824 4840 968 4895 illius
996 4839 1340 4896 celeberrimi
1369 4839 1593 4910 Joscpbi
1623 4837 1887 4910 consilio,

295 4907 444 4976 ﬁlius
473 4911 703 4980 Virginis
727 4913 1022 4980 nuncupari
1053 4912 1297 4968 auderet.

375 4982 427 5035 6.
463 4982 524 5053 S.
555 4981 824 5049 Julianus,
847 4993 955 5037 etc.
986 4983 1138 5051 Quod
1184 4985 1280 5049 ait,
1344 4982 1519 5037 Vicuut
1547 4985 1883 5053 transfertur,

297 5069 408 5106 non
439 5052 508 5109 de
533 5055 888 5125 translatione
915 5055 1056 5108 sacri
1087 5052 1756 5125 corporisintelligendum
1780 5052 1885 5122 est,

297 5139 426 5197 cum
459 5125 636 5179 adbuc
664 5124 1068 5197 a‘liquotfaunos
1093 5126 1323 5197 vixerit,
1357 5137 1407 5182 et
1439 5124 1697 5197 martyrio
1727 5141 1889 5181 occu-

300 5196 479 5268 buerit
507 5195 896 5268 annoDomini
923 5196 994 5268 92
1015 5197 1106 5268 vel
1127 5196 1304 5268 975,,ut
1333 5213 1397 5252 ex
1437 5195 1641 5252 Dextro
1681 5198 1884 5268 liquet,

294 5267 396 5320 sed
425 5267 494 5322 de
517 5267 733 5329 exsilio,
760 5281 868 5335 quo
894 5267 963 5322 ab
979 5267 1117 5321 alma
1140 5267 1288 5324 Urbe
1317 5269 1370 5322 in
1398 5268 1707 5337 Hispaniam
1733 5267 1886 5323 dant-

293 5347 459 5411 natns
485 5339 581 5393 fuit
623 5353 655 5411 ε
689 5338 994 5411 ροιηίιὶδηο
1020 5338 1173 5408 cujus
1198 5339 1351 5408 jussu
1391 5340 1884 5411 Joannesquoque

289 5410 602 5481 ’l’beoiogus
622 5405 674 5481 in
705 5408 963 5481 Pathmos
989 5405 1291 5481 translatus
1308 5420 1407 5465 est.
1427 5409 1622 5464 Fuerat
1639 5405 1728 5467 hic
1748 5405 1882 5481 apo-

288 5481 423 5536 soli
454 5479 597 5535 Petri
627 5480 956 5550 discipulus,
984 5480 1212 5550 Eugenii
1233 5481 1656 5552 collega,’l‘oleti
1681 5479 1834 5538 ortus
1861 5525 1877 5550 ,

287 5561 347 5606 et
374 5560 500 5607 ante
531 5553 834 5623 Eugenium
864 5552 1211 5623 Evangelium
1241 5553 1556 5608 concivibus
1595 5553 1707 5607 suis
1741 5570 1880 5623 pra:-

284 5623 515 5687 dicavit,
543 5621 723 5696 Toleti
753 5621 1043 5696 episcopus
1071 5634 1125 5680 et
1151 5627 1315 5682 totius
1350 5625 1691 5696 Carpetania:
1720 5621 1878 5680 voca-

285 5704 381 5749 tus
432 5703 538 5766 est,
572 5703 638 5766 ut
662 5695 727 5749 ad
757 5709 888 5750 ann.
919 5694 980 5750 9|
1003 5703 1074 5766 iet
1111 5697 1178 5752 94
1223 5696 1424 5752 Dexter
1462 5694 1769 5766 profitetur.
1807 5698 1875 5749 Et

286 5765 566 5823 consentit
613 5764 864 5822 Julianus
904 5765 1370 5838 arcliiprcsbystcr
1404 5764 1478 5860 μί
1505 5764 1757 5824 Chronici
1789 5767 1874 5824 sui

1915 4943 1967 5004 Ι)

2021 3623 2087 3677 ad
2115 3619 2258 3678 seria
2280 3623 2600 3690 applicaret.
2633 3623 2808 3694 Super
2839 3623 2943 3676 boc
2972 3629 3299 3692 argumento
3320 3619 3476 3676 dedit
3501 3621 3622 3694 epi-

2013 3707 2255 3763 gramma
2281 3694 2381 3749 107
2413 3694 2657 3762 ejusdem
2690 3693 2783 3748 lib.
2812 3707 2850 3746 ιι
2882 3710 2894 3745 :

2138 3807 2283 3868 Stepe
2307 3807 2583 3868 mihidlcis,
2604 3805 2724 3854 Luci
2750 3805 3037 3868 cltarissime
3065 3803 3205 3866 Juli,‘

2198 3866 2370 3917 Scribe
2396 3867 2580 3930 aliquid
2605 3880 2857 3930 magnum,
2879 3866 3157 3930 desidiosus
3175 3868 3320 3915 homo
3345 3878 3422 3918 es.

2139 3930 2250 3981 Otia
2273 3930 2333 3978 da
2360 3927 2515 3981 nobis.
2541 3929 2631 3978 sed
2649 3927 2812 3990 qualia
2838 3929 3027 3976 fecerat
3049 3927 3165 3976 olim

2204 3993 2449 4042 Maecenas
2472 3991 2668 4053 Flacco,
2696 3990 3002 4054 Virgilioque
3022 4002 3130 4040 suo.

2009 4100 2078 4156 Et
2103 4098 2288 4172 paucis
2318 4099 2656 4169 interpositis
2682 4117 2695 4154 :

2134 4215 2190 4265 In
2215 4214 2414 4265 steriles
2429 4227 2625 4277 campos
2644 4214 2816 4272 nolunt
2833 4199 2953 4275 juga
2975 4213 3110 4264 ferre
3127 4214 3360 4277 iuvenci;

2192 4277 2388 4340 Pingue
2411 4275 2572 4327 solum
2595 4275 2764 4340 lassat,
2790 4277 2881 4325 sed
2901 4279 3038 4338 juvat
3064 4275 3171 4337 ipse
3196 4275 3353 4325 labor.

2007 4385 2072 4440 Et
2102 4383 2218 4440 hate
2239 4383 2464 4455 quidem
2481 4382 2703 4450 scripsit
2725 4381 2915 4435 Roma:
2936 4369 3166 4455 degenti
3179 4397 3192 4455 ς
3223 4380 3347 4455 duo_
3370 4394 3504 4435 vero
3539 4379 3608 4455 ad

2001 4449 2427 4510 cumdcm'dcdit
2446 4453 2557 4524 jam
2587 4449 3096 4524 commorantgu'in
3129 4449 3380 4524 Hispania
3399 4467 3413 4507 :
3434 4466 3464 4505 e
3484 4451 3608 4524 qui-

2001 4526 2103 4581 bus
2127 4528 2357 4580 alterum
2385 4520 2461 4578 lib
2492 4539 2566 4587 tv,
2597 4523 2769 4593 epigr.
2795 4522 2896 4588 55,
2940 4522 3190 4576 Toletum
3240 4521 3501 4593 mittitur,
3525 4520 3604 4593 _in

1998 4611 2106 4662 quo
2165 4597 2330 4652 multa
2386 4589 2934 4664 Hispaniea'nomina
2975 4599 3412 4656 commemorat,
3451 4589 3600 4644 vide-

1995 4667 2126 4724 licet
2159 4683 2173 4720 :

2183 4757 2320 4820 Luci,
2342 4758 2496 4822 gloria
2519 4763 2796 4819 temporum
2807 4764 3031 4822 tuorum,

2182 4822 2274 4882 Qui
2302 4819 2516 4873 caurum
2545 4828 2788 4883 veterem,
2806 4819 3097 4883 Tagumque
3123 4825 3344 4868 nostrum

2181 4881 2328 4947 Arpis
2350 4884 2536 4934 cedere
2561 4896 2654 4932 non
2681 4881 3056 4947 siuisdis’ertis:

2181 4944 2388 5010 Argivas
2409 4952 2681 5008 generatus
2703 4944 2832 4994 inter
2853 4944 3020 5010 urbes,

2175 5005 2375 5059 Thebas
2401 5005 2617 5070 carmine
2640 5013 2832 5064 cantet,
2854 5014 2943 5070 aut
2962 5005 3209 5070 Mycenas,

2178 5073 2278 5120 Aut
2300 5070 2482 5120 claram
2510 5069 2735 5128 Rhodon,
2756 5076 2839 5119 aut
2863 5067 3136 5117 libidinosae

2172 5132 2380 5194 Ledaeas
2399 5131 2762 5194 Lacedaamonis
2795 5129 3048 5194 palaestras
3073 5143 3087 5179 :

2171 5193 2273 5243 Nos
2295 5194 2447 5246 Celtis
2468 5193 2684 5254 genitos,
2711 5200 2764 5242 et
2789 5191 2852 5241 ex
2881 5191 3056 5242 Iberis.

2173 5255 2366 5305 Nostrae
2390 5257 2584 5304 nomina
2605 5254 2806 5304 duriora
2829 5261 2979 5304 terra;

2175 5317 2325 5368 Grato
2344 5331 2441 5367 non
2466 5317 2650 5380 pudeat
2669 5317 2864 5366 referre
2889 5327 3054 5366 versu.

1989 5420 2346 5495 Prosequitur
2373 5423 2580 5479 Bilbilis
2602 5432 2657 5478 et
2683 5421 2988 5495 vicinorum
3015 5421 3326 5495 Celtiberia:
3354 5421 3584 5495 oppido-

1987 5511 2105 5549 rum
2134 5494 2351 5564 propria
2374 5497 2619 5565 quaedam
2653 5494 2858 5551 referre
2881 5494 3098 5549 nomina
3123 5536 3137 5556 .
3174 5509 3244 5565 ac,
3277 5494 3579 5565 proprieta-

1988 5574 2089 5630 tes,
2119 5563 2248 5634 qum’
2267 5567 2378 5622 illic
2394 5563 2630 5622 cuilibet
2659 5567 2846 5622 videre
2876 5565 3079 5622 licebit.
3117 5563 3566 5634 Deniquelib.tx,

1983 5633 2245 5710 epigram.
2275 5639 2366 5703 98,
2393 5639 2569 5694 eidem
2593 5638 2761 5696 refert
2791 5638 2976 5710 (quasi
3005 5634 3216 5710 absenti
3243 5640 3260 5702 )
3283 5633 3459 5710 bona,
3506 5645 3573 5685 ac

1981 5703 2268 5833 geliciiates
2295 5725 2420 5765 suas
2441 5753 2456 5778 ,
2487 5726 2649 5782 super
2677 5703 2810 5780 quas
2833 5703 2903 5764 ab
2929 5708 3130 5764 aemulo
3153 5703 3388 5775 quodam
3418 5715 3570 5756 tuor-

2019 5792 2048 5833 c
2089 5795 2116 5833 a
2148 5795 2210 5833 ur
2242 5794 2255 5830 :

2019 5787 2210 5834 cbatur
2242 5794 2255 5830 :
