4152 6174
265 163 352 224 261
725 169 728 173 ’
1269 171 1500 229 ηιινιι
1540 170 1719 228 LUCII
1764 172 1846 228 DE

1954 172 2022 230 ΠΙ
2058 171 2472 234 CHRONICON.

3449 171 3558 234 262

259 280 319 338 Α.
349 279 410 338 C.
444 280 537 338 9|.
613 281 748 340 Tota
784 281 1044 355 Hispania
1087 284 1320 343 celebris
1362 288 1596 344 habetur
1636 290 1896 344 memoria
1938 290 1998 347 S.
2037 289 2224 348 Jacobi
2253 287 2482 362 apostoli
2513 283 2761 343 Zebedzei
2794 285 2909 356 lilii,
2944 285 3210 360 primique
3231 290 3297 346 A.
3328 289 3396 347 lt.
3431 293 3555 350 862.

676 375 896 434 illorum
931 377 1188 449 pastoris,
1218 387 1274 436 et
1302 380 1506 452 egregii
1533 379 1796 438 doctoris.

607 468 848 526 Joannes
886 470 1194 543 Theologus
1224 473 1621 530 exsultantibus
1653 475 1814 532 totius
1847 473 1996 532 orbis
2026 475 2291 535 Ecclesiis
2319 475 2391 532 ab
2419 475 2612 533 exsilio
2645 483 2933 532 revocatur
2963 492 2976 531 :
3009 489 3202 535 omnes

687 563 835 620 illius
859 565 1089 622 reditum
1120 567 1298 622 missis
1324 567 1523 623 litteris
1549 569 1914 638 gratulantur.

609 655 892 729 Phllippus
919 671 1280 728 cognomento
1304 659 1646 724 Philotheus,
1680 662 1769 731 qui
1799 662 1950 732 prius
1979 675 2210 733 corpora
2242 661 2342 718 SS.
2367 669 2668 733 martyrum
2689 660 2934 717 Cervasii
2969 669 3027 717 et
3065 661 3201 718 Pro-

676 751 802 819 tasi,
829 753 1028 809 civium
1054 769 1275 810 suorum
1301 753 1810 822 Mediolanensium,
1835 755 2129 811 Mediolani
2154 756 2448 826 sepelierat
2467 771 2482 822 ;
2500 769 2906 825 conversusque
2929 757 2980 811 in
2993 755 3199 828 Campo

673 841 1018 901 Laminitano
1057 863 1087 902 a
1117 849 1175 904 S.
1208 848 1398 916 Paulo,
1427 849 1579 904 illum
1609 855 1829 904 secutus
1862 849 2092 905 adltresit
2117 850 2412 917 Clementi,
2454 865 2484 904 a
2525 862 2632 919 quo
2670 847 2879 920 legatus
2913 851 3112 908 missus
3143 853 3195 908 in

676 931 985 1002 Hispanias,
1028 936 1228 1006 Toleti,
1271 937 1597 1012 Barcinone,
1630 939 2066 1013 Caesaraugusta,
2103 940 2330 1011 Hispali,
2375 938 2659 1011 Valentius,
2701 949 2756 996 et
2789 941 2841 996 in
2868 941 3051 1000 multis
3075 943 3194 1000 aliis

680 1027 906 1118 urbibus
933 1029 1213 1100 praedicat.

1473 1145 1731 1208 BIVARII
1769 1145 2338 1211 COMMENTARIUS.

245 1275 378 1330 nilla
409 1282 683 1358 martyres.
704 1283 1048 1358 rogaverunt.
1081 1276 1339 1358 Dedimus
1378 1293 1594 1358 quoque
1620 1295 1741 1358 eam
1771 1281 1838 1336 ad
1869 1283 1923 1342 Α
1948 1289 2084 1335 tatus
2107 1297 2135 1358 _:
2177 1298 2296 1358 cum
2339 1283 2535 1338 honore
2582 1285 2653 1339 ad
2685 1284 2945 1358 Ephesum
2975 1287 3229 1347 deductus
3273 1301 3369 1358 est,
3409 1299 3548 1354 οαιιιί

241 1361 444 1420 annum
476 1346 685 1402 Domini
709 1347 800 1420 54,
831 1349 933 1402 nisi
962 1349 1104 1418 quod
1139 1350 1270 1404 inibi
1291 1346 1412 1420 quae
1439 1346 1616 1406 solum
1650 1352 1845 1408 Petro-

243 1418 392 1494 ttillte
417 1427 585 1494 _e_r_ant
633 1418 939 1494 retulimus,
983 1418 1322 1494 c_um_tamen
1347 1422 1575 1494 epismla
1609 1423 1722 1494 ipsa
1754 1439 1842 1477 re-

243 1488 387 1562 ferat
417 1487 596 1562 itidem
631 1491 948 1562 martyrium
993 1490 1050 1546 S.
1098 1490 1352 1545 Feliculm
1381 1487 1648 1562 virginis,
1682 1495 1847 1547 sociae

243 1559 442 1626 ipsius,
473 1569 534 1633 et
552 1559 608 1614 S.
644 1561 951 1633 Nicomedis
981 1563 1305 1633 presbyteri.
1358 1559 1585 1617 Exsiant
1631 1577 1848 1633 quoque

239 1646 368 1703 eum
397 1632 670 1703 praedictis
691 1630 816 1703 alite
847 1632 1045 1703 litterte
1067 1630 1493 1703 SSL'martyrum
1524 1630 1845 1697 rlutieltetis,

243 1700 628 1768 Vietorini,.et
659 1701 916 1762 Maronis.
968 1702 1038 1756 ad
1079 1700 1354 1757 eumdem'
1383 1705 1714 1768 Marcellum,
1777 1706 1846 1759 de

239 1774 516 1838 martyrio
551 1774 933 1839 prtedietorum
981 1772 1140 1828 Nerei
1169 1783 1225 1828 et
1253 1774 1504 1840 Achillei,
1534 1775 1634 1829 sub
1677 1775 1845 1829 Ment-

238 1843 352 1898 mio
390 1843 529 1896 Rufo
551 1844 823 1913 consulari
851 1843 1156 1898 Terracina:
1182 1855 1606 1913 peremptorum.
1636 1845 1843 1912 Quibus

241 1915 534 1980 perlectis,
561 1912 840 1967 Marcellus
857 1915 993 1967 misit
1011 1912 1313 1982 germanum
1340 1932 1493 1968 suum
1534 1916 1631 1978 (ait
1655 1927 1844 1970 auctor

237 1974 495 2041 historia:
521 1974 775 2050 illorum)
796 1985 863 2037 ad
882 1974 1228 2054 insulam,qui
1257 2001 1374 2038 cum
1400 1985 1481 2040 Itis
1505 1974 1696 2040 Christi
1719 2003 1844 2040 con-

239 2054 534 2124 fessoribtts
555 2056 659 2124 egit
689 2056 795 2108 illic
817 2071 1014 2108 annum
1048 2072 1227 2123 unum,
1261 2072 1324 2109 ac
1377 2055 1562 2110 deinde
1613 2074 1842 2112 reversus

235 2123 301 2180 ad
331 2123 650 2199 Marcellum
673 2126 896 2199 narravit
923 2126 1024 2195 illi,
1059 2126 1299 2194 ipsorum
1335 2127 1650 2199 Eutychetis
1669 2139 1724 2183 et
1746 2143 1835 2182 so-

238 2200 460 2268 ciorum
489 2193 700 2259 palmas
718 2197 786 2251 de
805 2193 1038 2267 tyranno
1064 2193 1337 2268 acceptas,
1387 2193 1603 2268 Stilpitii
1629 2214 1844 2268 quoque

239 2279 294 2323 et
349 2267 672 2334 Serviliam,
726 2277 780 2322 et
826 2268 1043 2323 tandem
1093 2277 1401 2324 sanctarum
1445 2267 1708 2334 virginum
1757 2270 1840 2324 Fl.

239 2336 546 2409 Domitillae
597 2354 722 2393 cum
775 2339 1027 2394 sociabus
1072 2337 1422 2409 Euphrosina
1452 2351 1507 2395 et
1530 2336 1840 2407 Theodora,

239 2424 378 2480 quas
405 2408 709 2463 Terracinae
741 2410 993 2482 cubiculo
1035 2408 1276 2476 inclusae,
1334 2426 1430 2480 per
1481 2411 1657 2482 ignem
1716 2427 1846 2466 con-

238 2491 534 2550 summat-.2
566 2482 806 2544 luerunt,
837 2481 1074 2550 Trojano
1108 2482 1430 2550 imperante,
1457 2481 1602 2536 anno
1631 2481 1842 2537 Domini

241 2561 301 2605 nt
353 2549 633 2623 minimum
687 2553 814 2615 100,
873 2549 998 2606 cum
1054 2549 1233 2607 tamen
1265 2554 1502 2623 relegata
1533 2551 1740 2623 fuisset,
1782 2554 1844 2608 S.

243 2621 441 2677 Flavia
473 2621 593 2690 (sub
635 2623 972 2689 Domitiano,
1025 2635 1084 2677 ut
1135 2623 1334 2678 ibidem
1367 2621 1653 2693 asseritur)
1698 2622 1841 2678 circa

241 2667 558 2748 :it-tnum‘90
586 2695 666 2750 vel
696 2695 786 2749 91.
814 2693 932 2748 Prae
956 2667 1132 2750 itculis
1153 2694 1511 2750 nihilominus
1537 2667 1842 2750 liablendum
1880 2667 1923 2726 Β

243 2781 360 2819 non
391 2779 553 2819 unam
573 2772 629 2820 et
656 2764 924 2830 eamdem,
953 2765 1050 2820 sed
1093 2765 1229 2820 duas
1277 2765 1490 2822 Flavias
1544 2767 1844 2820 Domitillas

244 2836 354 2892 hoc
385 2844 632 2908 tempore
659 2835 830 2908 fuisse
861 2838 1120 2908 martyrio
1149 2837 1315 2891 nobili
1344 2837 1630 2893 decoratas
1665 2854 1678 2890 :
1709 2837 1846 2894 alte-

245 2923 368 2978 ram
394 2905 477 2961 Fl.
506 2906 801 2978 Clementis
821 2905 1062 2978 consulis
1093 2923 1338 2971 uxorem,
1369 2909 1437 2963 de
1467 2924 1570 2978 qua
1622 2908 1719 2962 Dio
1757 2924 1843 2964 as-

245 2977 382 3050 serit
413 2977 766 3050 propinquam
796 2977 966 3034 fuisse
993 2979 1256 3048 sanguine
1287 2977 1612 3046 Domitiano,
1661 2995 1690 3033 a
1736 2996 1844 3050 quo

247 3051 298 3102 in
331 3048 717 3104 Pandatariam
750 3051 978 3105 insulam
1005 3050 1242 3117 relegata
1273 3058 1376 3114 est,
1406 3051 1550 3120 quod
1581 3051 1712 3106 deos
1742 3048 1838 3117 pa-

248 3121 387 3192 trios
407 3135 514 3174 non
546 3122 747 3192 coleret
774 3137 788 3182 ;
821 3121 973 3192 cujus
999 3121 1102 3192 sub
1122 3121 1357 3189 Trajano
1381 3123 1623 3192 martyrii
1654 3123 1845 3192 utemi-

249 3193 329 3245 nit
362 3189 572 3246 Dexter
596 3191 662 3246 ad
687 3206 886 3246 annum
910 3191 1109 3247 Christi
1144 3193 1278 3255 100;
1323 3189 1550 3247 alteram
1601 3191 1843 3259 ejusdem

251 3261 334 3317 lt‘l.
367 3261 666 3317 Clementis
697 3278 764 3317 ex
799 3263 1046 3317 Plautilla
1084 3277 1276 3317 sorore
1317 3274 1554 3332 neptem,
1585 3265 1844 3332 virginem

251 3335 677 3396 sanctissimam,
711 3335 963 3389 similiter
990 3335 1090 3388 sub
1119 3334 1352 3402 Trajano
1387 3349 1619 3401 passam,
1645 3337 1711 3387 de
1741 3349 1845 3402 qua

253 3402 522 3458 Eusebius
546 3419 609 3457 ex
644 3404 826 3460 Brutio
853 3405 989 3460 dixit
1040 3420 1186 3459 anno
1234 3406 1303 3461 99
1337 3423 1351 3460 :
1387 3405 1581 3460 Scribit
1631 3403 1846 3458 Brutius

254 3474 512 3538 plurimos
538 3473 966 3546 Christianorum
987 3475 1080 3530 sub
1109 3474 1409 3546 Domitiano
1438 3479 1618 3545 fecisse
1646 3488 1842 3546 marty-

250 3549 410 3611 rium,
435 3546 570 3600 inter
596 3562 723 3615 quos
750 3556 797 3601 et
821 3547 912 3602 lt‘l.
941 3545 1214 3601 Domitilln
1241 3546 1328 3601 Fl.
1360 3546 1632 3602 Clementis
1657 3564 1848 3600 consu-

252 3618 316 3670 lis
367 3633 432 3671 σε
481 3633 659 3688 sorore
688 3619 876 3687 neptis,
908 3620 962 3672 itt
989 3619 1214 3673 insulam
1248 3617 1565 3672 Pontianum
1590 3617 1842 3688 relegata,

249 3689 373 3758 qttia
421 3704 478 3742 se
532 3685 883 3770 Christianam
911 3699 1097 3744 testata
1145 3698 1245 3745 est.
1288 3690 1463 3746 Subiit
1502 3705 1598 3758 pro
1628 3685 1845 3771 Christo

258 3769 490 3814 inertem
521 3760 552 3812 7
585 3761 674 3814 die
719 3760 873 3824 Maii;
896 3771 950 3814 at
977 3760 1184 3816 Nereus
1209 3771 1263 3815 et
1291 3761 1568 3817 Achilleus
1606 3773 1724 3826 ejus
1751 3774 1846 3812 eu-

255 3828 420 3884 nuchi
463 3845 606 3884 anno
637 3831 999 3899 praecedente,
1029 3831 1117 3887 die
1146 3833 1214 3886 12
1243 3835 1486 3900 ejusdem
1515 3828 1717 3884 mensis
1743 3829 1844 3883 de-

255 3900 478 3970 t-apitati
509 3912 655 3958 sunt.
688 3901 823 3958 Vide
849 3903 1140 3958 Baronium
1174 3915 1284 3958 tum
1319 3905 1370 3957 in
1402 3903 1576 3967 Natis,
1624 3908 1734 3954 tum
1788 3903 1842 3954 in

257 3972 556 4042 gnnalibns
581 3988 726 4028 anno
755 3974 845 4029 68.
872 3975 1025 4042 Quod
1062 3989 1193 4028 vero
1238 3973 1594 4042 condiscipuli
1645 3971 1843 4025 fuerint

1952 1355 2149 1438 populo
2193 1354 2292 1406 sibi
2321 1365 2650 1438 occurrente,
2684 1354 2740 1438 et
2780 1357 3086 1438 clamante:
3117 1354 3423 1422 Benedictus
3458 1370 3548 1438 qui

1951 1425 2082 1475 venit
2107 1424 2162 1476 in
2189 1425 2398 1504 nomine
2441 1425 2672 1504 Domini.
2704 1427 2989 1504 Sedquid,
3023 1430 3128 1487 hoc
3153 1448 3317 1504 anno,
3353 1424 3550 1496 Dexiro

1952 1507 2073 1578 cum
2102 1493 2544 1578 .reditunloannis
2572 1497 2642 1549 ah
2673 1493 2912 1554 exsilio?
2942 1502 3058 1578 ipse
3086 1506 3283 1574 quippe
3305 1493 3416 1563 'hoc
3448 1493 3547 1578 po-

1957 1564 2060 1638 t_ins
2099 1563 2152 1638 in
2185 1564 2436 1638 exsilium
2478 1578 2651 1632 actus,
2702 1583 2862 1638 quam
2915 1563 2983 1625 ab
3033 1563 3116 1628 eo'
3144 1563 3396 1632 réiersus
3424 1563 3544 1636 litit.

1956 1632 2231 1710 Duronius
2250 1636 2517 1710 siquidem
2553 1632 2868 1710 constanter
2909 1655 3212 1710 asseverat,
3256 1632 3547 1708 deducit-uim

1950 1704 2167 1790 quidem
2199 1704 2467 1790 [falli-ntus.
2494 1723 2649 1790 anno.
2665 1708 2734 1762 92
2759 1709 2860 1790 sub
2882 1704 3223 1790 Domitiano,
3249 1704 3547 1790 postquam

1951 1773 2138 1854 Hamae
2181 1775 2252 1829 ab
2283 1776 2388 1831 olei
2435 1776 2860 1854 dolio__ferventi_
2899 1785 3144 1852 vegetior
3173 1773 3551 1854 exi-eratiﬁde:

1948 1843 2168 1900 ductum
2216 1862 2347 1924 vero
2391 1862 2535 1924 anno
2578 1849 2646 1924 98
2683 1851 2922 1924 quando,
2964 1843 3145 1910 Dione
3174 1865 3335 1924 teste,
3369 1843 3546 1919 Narnia

1947 1931 2122 1993 omnes
2153 1917 2242 1986 qui
2273 1918 2558 1993 impietatis
2587 1921 2640 1973 in
2676 1917 2799 1975 deos
2837 1917 2915 1976 rei
2952 1927 3158 1993 fuerant
3185 1969 3200 1993 ,
3234 1917 3430 1987 absolvi
3461 1917 3548 1989 no;

1947 1985 2064 2050 luit,
2099 1999 2144 2040 et
2167 1985 2388 2069 euantes
2418 1991 2470 2043 in
2517 1993 2741 2069 patriam
2783 1985 3118 2069 reduxit._ld
3163 1985 3306 2069 quod
3335 1985 3547 2060 illi-etio-

1948 2072 2143 2136 nymus
2193 2061 2355 2136 etiam
2392 2070 2644 2136 testatur,
2678 2063 3152 2136 delScr-iptoribus
3180 2061 3436 2136 'Eceles..
3492 2078 3545 2132 in

1947 2129 2175 2213 Joanne.
2230 2130 2624 2212 hletaphrastes
2669 2135 2819 2213 addit
2849 2152 2877 2188 a
2904 2129 3161 2213 'Trajano
3213 2129 3540 2213 reductum,

1947 2199 2089 2280 quod
2123 2201 2490 2280 ut_min_imum
2523 2219 2665 2280 ann_o
2698 2205 2802 2260 100
2834 2199 3133 2280 contigisse
3171 2199 3422 2280 oportet.
3444 2199 3547 2272 De1

1948 2269 2105 2323 heret
2137 2272 2294 2354 igitur
2319 2277 2419 2354 hoc
2439 2289 2585 2354 an‘no
2613 2274 2812 2329 Dexter
2830 2276 2902 2330 de
2930 2269 3121 2333 exsilio
3151 2269 3541 2354 potiusagere,

1949 2355 2108 2408 quam
2135 2339 2204 2395 de
2245 2341 2445 2396 reditu.
2484 2342 2753 2399 Caeterum
2789 2362 2896 2400 non
2928 2339 3312 2406 constat-inter
3352 2339 3546 2411 Diruta:

1948 2425 2060 2494 res,
2086 2411 2146 2493 id.
2169 2412 2310 2494 quod
2335 2418 2662 2494 supponitur
2686 2426 2739 2494 ut
2766 2428 3001 2494 certum.
3027 2421 3257 2476 Arethas
3280 2425 3544 2494 siquidem

1949 2480 2300 2556 gesariensis
2351 2480 2479 2538 dum
2533 2487 2913 2556 Apocalypslm
2968 2480 3388 2553 cotnmentatui.
3443 2480 3547 2554 sub

1949 2551 2163 2636 Nerone
2191 2551 2688 2636 putant-elegatum,
2725 2551 2832 2613 non
2859 2560 3310 2636 s_ub_Dotnitiano.
3337 2551 3545 2636 Estque

1949 2625 2086 2699 satis
2133 2623 2430 2699 verisimile
2475 2626 2745 2683 Neronem
2801 2631 2890 2699 qui
2948 2630 3194 2689 funditus
3245 2623 3543 2695 Ecclesialn

1949 2694 2147 2766 Christi
2201 2696 2400 2752 debere
2447 2700 2756 2760 contendit.
2812 2694 2918 2755 non
2970 2703 3145 2759 solum
3208 2706 3429 2764 Petrum
3487 2694 3544 2766 et

1951 2765 2190 2849 l‘nulutn.
2232 2767 2564 2834 trucidasse,
2616 2771 2723 2849 sed
2762 2770 3025 2828 Joannem
3081 2778 3274 2841 etiam,
3329 2781 3419 2849 qui
3473 2765 3542 2837 es

1949 2838 2222 2920 Apostolis
2245 2849 2679 2920 supersteserat,
2710 2838 3374 2920 insectatuml'uisse,’qtii
3398 2853 3542 2909 enim

1948 2909 2120 2984 solum
2168 2907 2430 2984 Joannem
2490 2907 2674 2984 libere
2709 2928 2870 2984 agere
2928 2907 3544 2980 dimisisset'hllursus

1951 2977 2280 3060 Epiphanius
2310 2982 2509 3060 intercal
2547 2983 2607 3060 Eii
2645 2977 2810 3060 etiam
2853 2986 2954 3041 sub
2979 2985 3210 3044 Claudio
3234 2977 3539 3060 (Claudium

1947 3047 2217 3122 Neronem
2246 3050 2516 3122 intelligo)
2553 3052 2784 3108 Pathmo
2831 3070 3108 3113 reversum
3161 3047 3415 3116 aflirmat.
3467 3047 3544 3119 No

1949 3119 2069 3188 quis
2101 3121 2327 3174 miretur
2358 3119 2614 3176 Dextrum
2644 3136 2979 3179 asserentem
3009 3129 3152 3181 circa
3191 3147 3389 3185 annum
3431 3132 3541 3188 Dn-

1951 3190 2082 3243 mini
2123 3190 2193 3243 95
2234 3189 2465 3246 Pathmo
2509 3193 2561 3244 itt
2611 3191 2793 3248 Asiam
2844 3209 3144 3251 reversum.
3199 3199 3370 3256 lmmo
3415 3218 3545 3258 vt-ro

1949 3259 2255 3330 Oppositum
2288 3276 2624 3332 nequaquam
2651 3264 2936 3319 deducitur
2962 3282 3028 3321 ex
3071 3269 3388 3326 testimonio
3416 3272 3545 3330 Dio-

1952 3333 2036 3384 nis
2067 3333 2241 3387 relato
2282 3351 2295 3386 :
2333 3348 2442 3403 quo
2489 3335 2663 3388 solum
2696 3336 2952 3391 dicuntur
2977 3338 3197 3395 exsules
3242 3343 3449 3400 reducti
3490 3347 3544 3401 in

1953 3403 2203 3474 patriam.
2238 3403 2451 3474 Ergone
2493 3403 2730 3460 Joannes
2761 3408 3015 3464 reductus
3044 3428 3072 3464 a
3117 3412 3294 3470 Nerva
3325 3415 3347 3467 ‘l
3389 3415 3544 3474 Unde

1948 3473 2102 3557 locus
2153 3475 2177 3527 τ
2227 3473 2510 3557 Oporteret
2564 3477 2798 3545 primum
2838 3481 3112 3557 _stabilire
3164 3499 3232 3556 ep
3279 3473 3544 3557 temporis

1949 3547 2249 3625 exsulasse,
2281 3546 2642 3625 quod~tatnen
2680 3552 2974 3625 asseritur,
3017 3568 3126 3625 non
3159 3546 3438 3625 prohatui'.
3473 3561 3539 3616 Et

1949 3616 2111 3681 addo,
2156 3618 2304 3688 quod
2352 3619 2565 3688 tametsi
2616 3618 2842 3676 forsitan
2875 3616 3175 3688 exsulat-it;
3205 3643 3314 3682 non
3361 3638 3542 3685 tamen

1949 3701 2141 3742 omnes
2170 3687 2331 3742 edicti
2358 3687 2504 3742 illius
2535 3691 2584 3742 vi
2620 3691 2824 3745 reducti
2856 3693 3031 3757 fuere,
3061 3705 3118 3748 ut
3145 3687 3225 3748 Fl.
3269 3697 3543 3754 Domitilla

1949 3759 2121 3835 virgo,
2153 3772 2289 3835 quae
2327 3760 2381 3812 in
2415 3758 2602 3813 Pontia
2635 3760 2810 3816 insula
2841 3778 2870 3815 a
2919 3761 3228 3835 Domitiano
3257 3781 3430 3835 usque
3471 3772 3540 3823 ad

1949 3828 2174 3908 Trajani
2202 3836 2474 3908 tempora
2512 3835 2846 3908 permansit,
2866 3902 2879 3908 _
2905 3833 3009 3886 sub
3059 3849 3168 3903 quo
3213 3828 3542 3908 utariyrittm

1948 3899 2134 3963 subiit,
2151 3897 2214 3974 _i_d
2243 3897 2410 3974 ipsius
2439 3899 2728 3974 Do_mi_till;n
2761 3902 2910 3956 Actis
2948 3897 3449 3974 atteétantibusfde
3476 3925 3542 3966 ea

1948 3981 2002 4025 et
2051 3971 2214 4024 sociis
2261 3971 2449 4044 ipsius.
2499 3970 2608 4028 Sed
2641 3973 2755 4028 haec
2793 3977 2926 4029 satis
2965 3989 3065 4044 pro
3100 3978 3281 4035 Dextri
3331 3970 3542 4038 asset-to

255 4041 511 4116 Eugenii,
543 4053 597 4100 et
621 4045 861 4116 S.ll’etri
887 4041 1120 4116 apostoli
1148 4044 1439 4116 discipuli,
1465 4041 1595 4116 satis
1652 4042 1840 4116 liquet,
1870 4048 1915 4108 (ζ
1950 4049 2256 4116 utcumque
2274 4043 2492 4097 tuendo.

255 4128 367 4169 non
399 4115 575 4169 solum
604 4129 669 4170 ex
691 4115 886 4172 litteris
918 4113 1080 4171 inodo
1108 4113 1316 4179 relatis,
1349 4115 1444 4170 sed
1476 4130 1540 4169 ex
1570 4113 1740 4182 Epist.
1773 4114 1840 4168 ad

255 4185 559 4256 Romanos,
599 4186 687 4256 ubi
720 4188 920 4242 Paulus
949 4187 1174 4243 Romam
1207 4187 1287 4242 ire
1315 4188 1560 4256 cupiens,
1588 4183 1740 4255 jubet
1766 4189 1846 4238 itt-

255 4266 343 4310 ter
371 4255 516 4309 alios
536 4255 753 4312 salutari
775 4257 1010 4314 Nereum
1044 4277 1056 4311 :
1089 4265 1291 4312 etcum
1327 4255 1589 4313 hactenus
1618 4257 1845 4312 ltomam

254 4328 377 4395 ipse
390 4341 502 4380 non
526 4325 761 4394 vidisset,
787 4329 844 4383 ﬁt
868 4339 924 4383 ιιι
953 4328 1162 4385 Nereus
1178 4329 1320 4384 Petri
1352 4329 1650 4399 discipulus
1675 4340 1843 4396 esset,

254 4407 310 4451 ct
345 4413 454 4450 non
485 4397 654 4452 Pauli.

253 4407 310 4451 ct
345 4413 454 4450 non
485 4407 654 4451 Pauli.

325 4467 383 4520 4.
418 4466 553 4522 Tota
578 4467 855 4539 Hispania,
880 4479 986 4525 etc.
1018 4469 1161 4526 Salis
1183 4484 1449 4539 superque
1465 4469 1532 4524 de
1557 4469 1613 4526 8.
1643 4469 1848 4524 Jacobo

253 4540 495 4594 diximus
533 4541 585 4594 in
638 4540 1044 4607 superioribus,
1096 4549 1151 4594 et
1195 4540 1262 4594 de
1301 4541 1732 4609 peregrinatione
1780 4541 1848 4594 ad

252 4610 378 4679 ejus
429 4624 640 4665 sacrum
698 4627 894 4680 corpus
948 4612 1033 4666 his
1087 4611 1417 4679 temporibus
1471 4612 1587 4666 ﬁeri
1641 4612 1846 4676 solita;

255 4679 493 4736 maxime
521 4697 641 4736 eum
688 4682 745 4736 S.
790 4679 973 4738 Cletus
1012 4683 1103 4752 qui
1145 4682 1247 4752 hoc
1289 4681 1543 4736 ﬂoruerat
1584 4692 1847 4752 tempore,

254 4752 724 4821 peregrinationes
753 4753 818 4806 ad
861 4751 1093 4809 Sanctus
1131 4751 1316 4807 edicto
1357 4754 1483 4806 dato
1527 4751 1850 4808 defendet-it.

328 4824 384 4896 5.
434 4822 493 4896 Si.
524 4821 756 4879 Joannes
787 4823 1120 4896 Theologus,
1148 4835 1253 4896 etc.
1288 4822 1623 4896 Praedixerat
1659 4823 1849 4896 Joatttti

2023 4113 2076 4168 6.
2115 4111 2412 4187 Philippus,
2462 4121 2569 4169 etc.
2615 4115 2743 4172 Erat
2785 4132 3012 4187 magnus
3058 4117 3148 4174 hic
3187 4129 3401 4178 amator
3447 4122 3544 4180 Dei

1953 4184 2098 4262 (hoc
2149 4183 2413 4262 Ifllilotltei
2461 4202 2655 4262 nomen
2683 4204 2785 4262 pro
2828 4183 3038 4244 meritis
3077 4191 3178 4246 sibi
3227 4191 3542 4262 impositum

1951 4254 2183 4324 indicat)
2209 4255 2626 4311 Ilediolanensis
2647 4259 2782 4312 civis
2809 4277 2819 4311 :
2847 4274 2974 4314 eum
2998 4275 3130 4316 vero
3151 4254 3332 4316 adhuc
3359 4265 3543 4319 ethni-

1950 4343 2073 4383 cum
2103 4325 2272 4402 _Nero
2329 4329 2624 4402 provinciae
2667 4330 2964 4402 _Are_vatttm
3022 4334 3318 4399 prmsidere
3372 4333 3540 4402 fecit;

1950 4411 2059 4467 quo
2103 4398 2155 4451 in
2190 4412 2416 4471 munere
2437 4414 2485 4471 _a
2543 4399 2604 4452 D.
2664 4399 2833 4454 Paulo
2886 4398 3155 4471 repertus,
3196 4413 3249 4460 et
3287 4407 3352 4458 ad
3382 4398 3544 4462 lidt-ni

1951 4481 2249 4544 conversus
2276 4467 2509 4544 [uitlDe
2537 4473 2896 4544 conversione
2936 4467 3107 4541 ipsius
3132 4483 3316 4544 egerat
3348 4476 3546 4532 Dexter

1953 4537 2020 4592 ad
2039 4553 2246 4611 annum
2271 4537 2367 4611 tibi
2394 4538 2521 4594 Post
2538 4539 2922 4609 Apostolorum
2950 4537 3138 4597 necem
3162 4537 3246 4598 cui
3279 4544 3543 4611 interluit,

1954 4609 2111 4663 rediit
2171 4607 2598 4672 Mediolanum,
2636 4611 2724 4664 ubi
2781 4613 3076 4665 amicorum
3133 4623 3188 4667 et
3238 4607 3543 4670 concivium

1955 4694 2178 4752 suorum
2210 4677 2455 4752 Gervasii
2482 4687 2538 4732 et
2581 4679 2808 4734 Protasii
2853 4681 3116 4752 martyrio
3150 4683 3338 4750 adl‘uit,
3385 4685 3547 4742 [unus

1955 4748 2220 4817 exercuit,
2271 4749 2546 4804 historiam
2596 4752 2845 4819 scripsit;
2895 4748 3015 4821 quae
3054 4767 3083 4805 a
3139 4754 3202 4808 D.
3254 4748 3547 4814 Ambrosio

1955 4836 2079 4896 cum
2103 4829 2412 4875 sanctorum
2436 4822 2679 4891 reliquiis
2701 4823 2915 4896 inventa
2941 4831 3059 4896 est;
3087 4835 3376 4896 exstatque
3405 4830 3547 4884 inter

254 4892 645 4967 relevationem
676 4896 956 4967 exsiliiah
987 4892 1158 4967 insula
1192 4893 1448 4967 Patltmos
1477 4893 1853 4967 Dionysiusin
1957 4894 2076 4967 ejus
2107 4906 2296 4967 opera,
2330 4901 2386 4945 et
2425 4893 2813 4967 aputl_Surium
2852 4902 3000 4967 torno
3035 4895 3220 4967 lll_die
3261 4892 3330 4952 19
3357 4899 3538 4967 Junii,

254 4964 522 5040 peculiari
565 4980 726 5040 quam
767 4966 837 5040 ad
865 4965 1063 5038 [ipsum
1106 4965 1254 5020 dedit
1298 4964 1548 5040 epistola,
1602 4962 1656 5019 in
1693 4965 1856 5040 cuius
1957 4962 2112 5040 cujus
2144 4963 2357 5018 initium
2383 4977 2502 5018 eSt:
2537 4962 2649 5035 Ego
2678 4979 2853 5019 servus
2878 4963 3072 5019 Christi
3108 4965 3388 5040 Philippus
3407 4962 3546 5026 intra

252 5035 406 5114 calce
434 5035 550 5090 haec
577 5037 716 5114 dixit
741 5056 754 5093 :
794 5035 1095 5114 Eroautem
1119 5051 1330 5114 prorsus
1360 5037 1587 5114 dignior,
1616 5037 1702 5088 cui
1726 5035 1856 5114 fides
1959 5035 2168 5114 domum
2177 5050 2361 5114 meant
2384 5043 2680 5088 sanctorum
2703 5051 2925 5114 corpora
2951 5053 3067 5114 cum
3097 5038 3209 5105 ﬁlio
3230 5035 3542 5114 titeo_rapui,

254 5106 584 5180 adhibeatur,
614 5108 659 5180 si
695 5106 833 5180 (qua:
861 5107 950 5180 tibi
980 5105 1297 5180 pracognita
1330 5105 1474 5180 sunt)
1497 5123 1612 5180 quw
1651 5123 1717 5162 ea:
1747 5105 1856 5160 Deo
1959 5115 2012 5180 et
2029 5105 2276 5180 sepelivi;
2319 5121 2537 5174 quorum
2579 5115 2743 5180 mater
2795 5105 3116 5180 Valcria,_et
3158 5120 3304 5180 pater
3354 5105 3547 5169 Viinlis

254 5177 442 5247 didici,
475 5178 583 5232 luet:
611 5175 814 5247 loquar.
848 5175 1000 5244 Quod
1034 5175 1231 5231 scilicet
1267 5186 1315 5231 et
1344 5195 1408 5232 ea:

248 5333 410 5371 εαηιε
460 5335 476 5371 .'

247 5460 446 5516 missio
483 5470 666 5518 autem
705 5460 1024 5520 Joannis’ex
1065 5460 1324 5527 Pathmo,

1485 5178 1648 5232 athmi
1679 5187 1853 5232 custo-

253 5246 348 5298 dia
381 5246 720 5304 dimittendus
750 5267 804 5303 es
831 5251 978 5308 liber.
1009 5260 1058 5304 et
1084 5250 1138 5302 in
1168 5249 1447 5302 Asiaticum
1470 5260 1660 5303 terram
1689 5265 1858 5304 recer-

535 5319 760 5392 illirque
795 5336 1012 5392 perages
1064 5319 1180 5373 boni
1243 5319 1341 5373 Dei
1389 5321 1696 5392 imitationes
1737 5320 1858 5392 (ide
1960 5334 2072 5371 meo
2099 5317 2281 5392 furtim
2313 5331 2531 5388 carpare
2557 5326 2758 5380 sancta,
2792 5329 2838 5371 et
2869 5317 3104 5375 iu'ttomo
3135 5338 3269 5389 mea,
3299 5323 3406 5378 Deo
3433 5317 3546 5380 solo

247 5387 555 5461 Evangelia
599 5387 712 5444 hinc
750 5387 1021 5461 intelligo)
1051 5408 1233 5461 easque
1269 5391 1490 5458 posteris
1532 5391 1722 5444 trades.
1745 5387 1853 5446 ὐἱ-

397 5460 446 5516 io
483 5470 666 5518 autem
705 5460 1024 5520 Joannisex
1065 5460 1324 5527 Pathmo,
1355 5472 1618 5532 quantum
1657 5463 1854 5516 lat-tilia:

1882 5433 1937 5494 D

1960 5177 2086 5253 dicti
2112 5185 2254 5239 sunt,
2299 5188 2407 5229 etc.
2451 5179 2939 5253 terminat-utvero
2969 5195 2984 5232 ε
3019 5177 3170 5253 Quod
3195 5196 3312 5253 cum
3353 5185 3545 5253 factum

1961 5247 2166 5323 fuisset,
2191 5262 2284 5323 ego
2309 5261 2483 5299 seruus
2515 5245 2711 5299 Christi
2750 5245 3024 5323 Philippus
3051 5249 3242 5305 abstuli
3283 5245 3398 5308 cuin
3434 5256 3546 5323 ﬁlio

1961 5399 2122 5462 teste,
2139 5389 2192 5440 in
2218 5386 2320 5440 ista
2344 5386 2466 5440 arca
2495 5402 2789 5462 marmorea
2813 5391 3058 5462 sepelivi;
3088 5386 3297 5447 credens
3326 5412 3402 5449 nte
3429 5411 3547 5448 ora-

1965 5458 2186 5529 tionibus
2217 5473 2390 5512 eorum
2428 5459 2670 5529 consequi
2695 5458 3105 5529 misericordiam
3148 5462 3353 5519 Domini
3383 5465 3548 5518 nostri

245 5532 468 5584 cunctis
513 5532 857 5587 Christicolis
911 5535 1186 5595 attulerit.
1242 5527 1608 5600 non'indiget
1661 5532 1857 5600 proba-
1961 5533 2089 5585 .lesu
2133 5527 2348 5601 Christi,
2397 5531 2488 5600 qui
2517 5527 2636 5583 cum
2684 5528 2842 5586 Patre
2880 5541 2926 5586 ct
2958 5532 3164 5601 Spiritu
3205 5546 3402 5597 sancto,
3437 5546 3544 5587 etc.

249 5601 427 5674 tione.
459 5603 748 5674 Equilinns
777 5605 874 5660 lib.
908 5620 966 5670 tt,
1009 5620 1133 5673 cap.
1173 5607 1225 5661 7.
1264 5605 1332 5661 de
1363 5604 1448 5659 his
1477 5605 1703 5674 loquens
1731 5603 1804 5656 ait
1837 5619 1854 5662 :

1963 5600 2285 5657 Τι-ιιοῐιι.ιιιιε
2309 5612 2487 5657 autem
2517 5602 2619 5656 suh
2646 5601 2884 5667 Nerone,
2908 5600 3137 5658 testatur
3159 5604 3554 5671 Metaphrastes

244 5672 316 5732 S.
347 5672 582 5733 Joannes
606 5677 695 5747 qui
723 5692 839 5734 cum
873 5672 1160 5750 injuriaud
1193 5676 1430 5736 exsilium
1461 5674 1629 5748 fuerat
1668 5673 1858 5746 depor-
1963 5674 2019 5730 in
2073 5674 2188 5728 Vita
2246 5675 2510 5747 ipsorum,
2560 5681 2622 5731 ut
2679 5674 2862 5732 videas
2891 5675 3072 5732 omnia
3121 5683 3395 5744 constare,
3451 5689 3566 5734 nec.
