4152 6174
364 210 473 269 277

1414 209 1643 270 FLAVI!
1681 210 1862 270 LUC“
1901 211 2166 271 DEXTRI
2203 211 2614 274 CHRONICON.

3559 221 3668 282 278

1590 351 1849 409 BiVARll
1884 351 2460 416 COHIENTARIUS.

440 470 700 548 Fatemur
719 471 885 548 etiam
904 468 1132 548 _multos_
1154 483 1360 540 eosque
1403 469 1764 548 gravissimos
1808 469 1958 548 viros
1983 472 2036 533 Α
2062 469 2146 548 vel
2189 468 2260 548 i6
2292 470 2359 548 _S.
2394 470 3010 548 Timotheuslapidibus
3039 471 3268 548 obrutus
3289 470 3495 548 fuerat.
3525 473 3665 532 Car-

364 541 690 608 credidisse,
719 541 1065 598 Timotheum
1119 541 1283 603 hunc,
1333 541 1420 596 cui
1482 541 1653 596 libros
1697 557 1828 598 suos
1872 541 1954 598 di-

364 615 514 686 cavit
543 614 860 686 Dionysius,
893 614 1043 668 illum
1070 627 1193 686 e_sse
1213 613 1280 667 ad
1300 628 1464 684 quem
1492 613 1699 686 Paulus
1741 628 1958 686 quoque

365 685 506 740 duas
530 683 734 741 dicavit
765 686 1050 754 epistolas,
1075 683 1402 754 Ephesoque
1423 685 1738 755 episcopum
1766 685 1916 740 dedit
1940 701 1953 738 :

366 755 513 812 inter
535 771 676 826 quos
705 757 792 811 vel
822 758 1090 826 maximus
1123 756 1222 810 luit
1248 766 1476 826 sanctus
1525 755 1620 810 ille
1664 755 1954 822 Maximus,

368 828 460 896 qui
504 825 661 882 libris
688 827 929 897 Dionysii
961 825 1184 883 Graecas
1237 825 1622 882 annotationes
1671 827 1893 896 adjecit,
1925 841 1959 882 a

367 897 641 954 Lansellio
667 897 721 952 in
753 900 927 953 lucem
977 897 1176 953 editas.
1210 897 1404 953 Mirum
1447 910 1630 952 autem
1682 912 1804 952 esse
1848 913 1957 952 non

364 970 532 1025 debet
560 969 607 1024 si
632 969 773 1026 facili
803 984 992 1024 errore
1023 969 1253 1023 involuti
1283 978 1431 1034 sunt,
1457 968 1584 1023 dum
1611 968 1958 1024 Timotheum

367 1041 675 1108 audientes,
699 1048 756 1096 et
777 1049 1024 1110 tempora
1048 1039 1272 1094 minimc
1301 1041 1720 1110 distinguentes,
1747 1044 1958 1109 primus

368 1111 464 1166 ille
495 1111 646 1166 Pauli
671 1111 971 1179 discipulus
1001 1113 1245 1166 omnium
1272 1113 1545 1167 celebrior
1579 1110 1685 1165 sibi
1715 1112 1770 1166 in
1804 1127 1958 1165 nien-

370 1191 478 1253 tem
522 1193 787 1237 venerat:
819 1198 944 1238 cum
979 1191 1161 1237 tamen
1190 1183 1410 1237 dubium
1446 1198 1550 1236 non
1583 1185 1655 1236 sit
1682 1197 1778 1237 eos
1808 1183 1958 1253 ipsos

365 1252 504 1325 nihil
537 1254 716 1308 minus
746 1254 1078 1325 credituros,
1131 1253 1178 1308 si
1229 1254 1730 1325 animadverterent
1767 1252 1959 1325 (quod

365 1323 588 1378 difﬁcile
617 1339 724 1380 non
756 1323 899 1394 erat)
929 1325 1175 1393 Apostoli
1201 1324 1534 1395 discipulum
1558 1323 1820 1394 martyrio
1835 1323 1960 1393 jam

365 1396 660 1463 sublatum,
693 1410 820 1451 cum
855 1397 1154 1466 Dionysius
1197 1394 1297 1450 hos
1351 1394 1523 1451 libros
1571 1395 1846 1460 dictabat;
1904 1405 1964 1450 et

365 1466 472 1520 alia
495 1467 660 1522 multa
703 1480 826 1534 quae
855 1466 1090 1535 idipsum
1121 1477 1229 1520 tam
1272 1467 1563 1522 manifeste
1593 1467 1955 1531 convincunt,

366 1544 428 1592 ut
468 1553 575 1594 non
629 1537 974 1607 relinquatur
1001 1551 1133 1592 ansa
1177 1537 1486 1600 dubitandi,
1543 1535 1690 1607 quod
1740 1535 1959 1590 tandem

362 1608 661 1663 cardinalis
685 1609 956 1665 Baronius
973 1609 1151 1662 lassus
1173 1616 1259 1661 est
1284 1607 1350 1662 ad
1370 1622 1572 1662 annum
1601 1606 1726 1670 109,
1750 1615 1902 1661 tomo
1922 1621 1962 1661 ιι

360 1677 564 1734 Annal.
593 1679 700 1735 Sed
726 1695 848 1748 quae
871 1679 965 1732 illa
988 1678 1151 1732 sunt?
1169 1677 1228 1733 S.
1257 1678 1578 1732 Timotheus
1599 1677 1960 1748 Ephesiorum

358 1751 656 1828 episcopus
711 1745 980 1819 martyrio
1025 1748 1276 1828 sublaius
1333 1759 1418 1803 est
1488 1749 1606 1828 sub,
1649 1745 1960 1828 Domitiano

355 1818 614 1906 principe
639 1837 655 1886 ;
687 1835 798 1890 quo
829 1818 1075 1888 tempore
1099 1818 1157 1875 S.
1180 1820 1426 1899 Joannes
1455 1818 1737 1900 apostolus
1785 1818 1957 1898 inin-

355 1893 543 1946 sulam
589 1889 852 1946 Pathmos
879 1891 1150 1958 relegatus
1189 1888 1311 1949 l'uit,
1348 1899 1405 1942 ut
1453 1903 1734 1958 minimum
1783 1903 1958 1957 prius-

354 1977 535 2032 quam,
553 1962 670 2031 ipse
699 1962 767 2016 ab
797 1957 1019 2032 exsilio
1041 1960 1255 2014 solutus
1286 1960 1575 2032 Ephesum
1594 1957 1834 2032 rediret.
1879 1959 1958 2016 Ita

356 2029 482 2103 ejus
508 2029 810 2103 discipulus
849 2030 1186 2103 Polycrates,
1236 2039 1291 2084 et
1337 2045 1406 2103 ex
1445 2047 1512 2084 eo
1559 2029 1957 2103 Metaphrastes

289 2169 291 2171 _
355 2100 504 2174 apud
533 2100 751 2174 Simiam
775 2109 910 2174 tom.
946 2116 997 2174 _t,
1028 2100 1100 2154 24
1126 2100 1393 2174 Januarii,
1445 2109 1700 2166 testatur,
1747 2102 1955 2174 aitque,

354 2172 484 2229 cum
539 2173 786 2229 Joannes
842 2172 1129 2227 Pathmum
1175 2172 1452 2241 relegatus
1507 2180 1613 2235 est,
1671 2173 1956 2237 reliquisse

359 2245 564 2314 Ephesi
615 2243 1006 2299 Timotheum:
1043 2259 1356 2314 quamquam
1408 2259 1503 2296 nec
1555 2244 1724 2313 ipsum
1750 2259 1955 2312 quoque

356 2313 552 2385 inisede
575 2314 731 2387 longo
752 2325 978 2387 tempore
999 2315 1165 2369 vivere
1190 2313 1423 2384 permisit
1437 2315 1684 2387 inimicus
1704 2315 1957 2387 :_quaudo

357 2384 542 2441 autem
593 2384 788 2441 exsilio
839 2384 1052 2441 Solutus
1106 2386 1224 2448 luit,
1267 2385 1475 2452 reperit
1522 2401 1648 2440 eum
1678 2384 1744 2448 ad
1788 2386 1953 2439 Deum

357 2459 648 2528 migrasse,
679 2473 852 2529 quare
894 2471 1020 2512 cum
1042 2457 1180 2529 alias
1203 2465 1439 2529 constet,
1489 2456 1755 2512 Joannem
1809 2457 1955 2523 Apoc

355 2527 626 2600 calypstm
674 2527 827 2583 suam
857 2527 1073 2583 Pathmi
1102 2527 1324 2600 vidisse,
1362 2528 1730 2600 Evangelium
1771 2537 1952 2582 autem

356 2598 486 2670 post
543 2599 780 2655 reditum
826 2600 1115 2670 scripsisse
1175 2598 1375 2670 Ephesi
1410 2599 1491 2666 (ut
1522 2607 1784 2670 auctores
1813 2605 1954 2670 sunt

355 2667 598 2726 irenmus
628 2671 724 2726 lib.
756 2686 812 2740 ν,
839 2667 1010 2739 prope
1039 2667 1227 2737 linem,
1266 2669 1604 2739 Epiphanius
1630 2669 1826 2740 haeresi
1856 2669 1948 2734 5|,

357 2743 668 2797 Dorotheus
718 2743 770 2796 in
800 2738 1080 2814 ‘Synopsi,
1133 2740 1339 2814 Ahdias
1379 2738 1639 2814 'lib._i_vm
1700 2738 1950 2814 llistorim

361 2814 716 2881 Apostolicai,
744 2811 1078 2884 Athanasius
1105 2817 1159 2884 in
1199 2812 1452 2884 Synopsi,
1484 2811 1849 2884 Hieronymus
1881 2813 1950 2866 de

353 2885 731 2955 Scriptoribus
785 2884 1000 2955 Eccles.
1036 2883 1088 2938 in
1119 2881 1362 2955 Joanne,
1401 2883 1664 2955 Eusebius
1696 2881 1749 2935 in
1782 2881 1949 2955 t_1_l_iro-

352 2952 504 3019 nico,
561 2965 619 3010 et
658 2955 752 3010 lib.
810 2971 870 3010 ιιι
919 2952 1060 3008 Hist.
1114 2954 1349 3016 Eccles.,
1379 2968 1499 3022 cap.
1554 2954 1644 3018 l8,
1705 2961 1760 3006 et
1789 2952 1949 3012 Nice-

356 3027 564 3096 phnrus
612 3026 704 3081 lib.
737 3042 798 3092 ιι,
843 3040 966 3095 cap.
1005 3024 1100 3091 24,
1130 3035 1188 3080 et
1234 3025 1328 3080 lib.
1378 3039 1460 3091 ιιι,
1494 3039 1616 3092 cap.
1673 3023 1756 3094 9),
1786 3027 1844 3078 lit
1889 3035 1949 3078 ut

353 3099 511 3166 prius
570 3113 601 3153 e
647 3099 829 3153 medio
883 3097 1133 3151 sublatus
1187 3106 1334 3151 esset
1387 3096 1947 3166 'l‘imotheuquuam

351 3165 600 3224 Joannes
646 3169 912 3224 scriberet
944 3166 1321 3236 Evangelimn,
1377 3175 1433 3220 ct
1483 3167 1627 3233 apud
1671 3165 1946 3234 Ephesum

2065 541 2264 614 dinalis
2292 541 2581 610 Batonius,
2609 544 2700 614 qui
2731 541 2999 601 hactenus
3029 544 3186 598 nobis
3201 545 3522 614 astipulatns
3540 549 3659 605 lue-
3743 595 3748 602 .

2059 621 2183 675 rat,
2231 611 2336 684 hoc
2376 611 2676 682 praesertim
2716 614 2906 684 lgnatii
2956 625 3138 672 motus
3169 611 3499 682 testimonio,
3543 636 3572 676 a
3603 637 3662 676 se

2061 685 2182 754 ipso
2222 683 2513 740 discedens
2537 685 2650 755 jam
2681 683 2942 753 occurrit,
2987 686 3323 742 credendum
3355 703 3478 745 esse
3507 689 3558 744 id
3588 693 3660 746 ali

2061 755 2244 824 aliquo
2275 766 2396 830 post
2428 755 2620 830 lgnatii
2652 757 2860 812 obitum
2892 759 3034 814 libro
3080 758 3320 830 Dionysii
3354 760 3659 830 insertum;

2059 840 2181 895 qua:
2207 826 2410 882 solutio
2439 829 2622 884 nescio
2649 843 2756 897 quo
2785 837 2943 897 pacto
2976 837 3126 884 tanto
3155 826 3270 884 viro
3295 832 3582 898 placuerit,
3611 826 3656 889 si

2059 899 2204 970 enim
2240 899 2426 954 liceret
2455 899 2770 970 nobissine
2816 899 3049 968 alicujus
3074 902 3282 970 antiqui
3326 903 3531 957 codicis
3577 914 3658 960 te-

2059 969 2336 1045 st_imo_nio,
2370 971 2592 1045 proprio
2619 969 2787 1045 Maris
2813 970 2946 1025 illud
2976 971 3164 1038 lgnatii
3192 969 3220 1025 a
3253 972 3394 1028 libro
3418 973 3660 1045 Dionysii

2059 1039 2346 1105 abradere,
2378 1042 2566 1096 nescio
2597 1056 2700 1110 qua
2726 1041 2904 1095 fronte
2933 1057 3254 1111 negaremus
3281 1057 3439 1111 pesse
3466 1047 3517 1099 iu
3548 1039 3658 1103 alio

2060 1111 2304 1181 quolibet
2340 1113 2456 1168 lieri
2510 1129 2524 1166 :
2572 1128 2682 1182 quo
2727 1128 2835 1170 uno
2873 1113 3004 1167 dato
3052 1113 3186 1168 nihil
3240 1114 3290 1167 in
3344 1129 3656 1172 sanctorum

2059 1183 2278 1250 scriptis
2321 1194 2527 1240 certum
2573 1184 2924 1240 haberemus.
2951 1184 3218 1240 Staudum
3267 1183 3431 1253 igitur
3461 1203 3660 1244 censev

2060 1254 2264 1312 nantia
2288 1255 2527 1314 omnium
2558 1255 2806 1310 codicum
2838 1254 3159 1312 Latinorum
3195 1259 3399 1324 pariter
3424 1267 3478 1312 et
3503 1260 3656 1316 Grai-

2060 1338 2251 1395 corum
2289 1326 2381 1394 qui
2416 1327 2466 1378 id
2508 1325 2730 1380 habent.
2779 1325 2850 1380 At
2891 1341 3068 1395 neque
3117 1325 3221 1380 hoc
3268 1329 3387 1382 solo
3434 1328 3660 1386 haberet

2061 1393 2650 1468 Baroniusintentum,
2679 1395 2775 1454 sed
2803 1393 3088 1468 necessum
3117 1408 3264 1456 esset
3288 1413 3318 1453 a
3360 1398 3571 1468 triginta
3602 1411 3660 1460 et

2062 1464 2474 1538 ampliusilocis
2503 1466 2768 1528 librorum
2823 1467 3186 1538 DtDionysii
3235 1464 3541 1528 testimonia
3588 1489 3656 1530 ex

2063 1533 2386 1609 Ev_angelio,
2431 1546 2486 1592 et
2524 1536 2854 1609 Apocalypsi
2883 1533 3111 1594 Joannis
3152 1539 3313 1609 petita
3355 1539 3647 1609 abradere,

2063 1605 2262 1685 quippe
2299 1621 2422 1662 cum
2477 1617 2534 1668 et
2559 1607 2675 1685 haec
2709 1605 2830 1685 post
2872 1608 3423 1685 mortem_Timothei
3454 1605 3653 1681 scripta

2061 1677 2173 1736 sint
2207 1694 2221 1735 ς
2255 1692 2379 1734 cum
2411 1691 2542 1748 vero
2567 1677 2875 1748 hmcrtotius
2899 1679 3167 1734 orationis
3199 1683 3350 1736 nervi
3382 1695 3504 1738 esse
3529 1677 3658 1739 ron-

2059 1753 2226 1824 stelit,
2249 1756 2304 1802 et
2332 1747 2432 1824 ipsi
2449 1747 2668 1824 quoque
2692 1747 2814 1804 libri
2838 1749 3280 1824 destruerentur;
3322 1753 3465 1824 quod
3493 1755 3655 1810 absit.

2132 1815 2259 1890 Tria
2308 1815 2484 1890 adhuc
2514 1815 2755 1890 ejusdem
2787 1821 3095 1890 argumenti
3123 1815 3417 1889 suppetunt
3449 1825 3648 1890 princi-

2065 1887 2152 1957 pia
2197 1887 2640 1961 abipsispetita
2686 1887 2954 1948 librisil°
2984 1892 3130 1961 quod
3158 1887 3466 1949 seiceiities
3513 1896 3654 1950 allo-

2061 1974 2235 2030 quens
2283 1959 2431 2015 illum
2483 1961 2832 2017 Timotheum
2882 1963 2968 2017 cui
3005 1959 3195 2020 'libros
3259 1963 3438 2029 dicat,
3488 1965 3653 2023 refert

2060 2031 2361 2103 sententias
2376 2031 2660 2098 utriusque
2681 2033 2918 2099 Epistula
2942 2034 3002 2090 S.
3020 2034 3166 2088 Pauli
3191 2033 3256 2088 atl
3280 2034 3649 2103 Timotheum,

2061 2101 2200 2158 libro
2225 2101 2294 2155 de
2321 2101 2538 2158 leesti
2573 2103 2858 2175 Hierarcb‘.
2889 2119 3009 2174 cap.
3041 2105 3076 2158 2
3116 2114 3171 2159 et
3191 2104 3304 2175 _lib.
3347 2105 3417 2162 de
3447 2101 3652 2163 Divinis

2060 2187 2359 2246 nomacap.
2395 2175 2429 2227 5
2460 2214 2473 2237 ,
2507 2174 2641 2246 illud
2673 2173 3056 2246 i'adiTimoth.
3092 2191 3145 2230 ιε
3181 2173 3310 2246 Regi
3340 2178 3649 2233 swculorum

2058 2243 2604 2316 invisibilitethiet
2634 2245 2726 2297 lib.
2771 2245 2840 2299 de
2875 2246 3076 2301 Divinis
3104 2243 3417 2302 nominibus
3439 2265 3558 2316 cap.
3591 2252 3642 2315 7,

2057 2325 2109 2385 et
2141 2313 2207 2368 de
2241 2313 2457 2385 Caelesti
2517 2315 2802 2370 llierarch.
2851 2330 2972 2380 cap.
3001 2316 3058 2380 2,
3089 2324 3240 2385 parte
3262 2333 3332 2379 ιι,
3371 2313 3550 2376 ἱΙΙιιιΗ
3583 2313 3650 2374 ad

2063 2383 2306 2442 Timoth.
2341 2400 2379 2439 ιι
2414 2403 2426 2438 :
2461 2385 2560 2449 Qui
2578 2385 2686 2442 uult
2711 2401 2887 2440 omnes
2913 2383 3144 2442 homines
3165 2387 3332 2443 salvos
3351 2389 3485 2454 fieri,
3518 2399 3649 2454 etc.,

2061 2467 2115 2510 et
2147 2455 2268 2510 libr.
2299 2455 2367 2510 de
2397 2456 2578 2512 Divin.
2617 2470 2762 2512 nom.
2789 2471 2839 2510 c.
2873 2459 2928 2520 8,
2962 2457 3092 2511 illud
3120 2464 3176 2510 et
3201 2458 3266 2511 ad
3297 2457 3536 2518 Timeth.
3569 2476 3645 2518 ιιι

2055 2525 2260 2600 Fidelis
2289 2536 2554 2598 permanet
2578 2527 2740 2600 Deus,
2760 2542 2950 2600 negare
2966 2529 3215 2600 sejpsum
3237 2545 3339 2582 non
3367 2540 3568 2600 potest;
3595 2541 3651 2588 et

2055 2597 2190 2672 alias
2237 2597 2544 2672 sententias
2578 2597 2747 2672 refert
2775 2605 2889 2672 tum
2920 2599 3002 2672 de_
3019 2597 3243 2672 Ctelest.
3279 2597 3486 2656 llierar.
3522 2617 3646 2672 cap.

2052 2668 2358 2743 3,upart._t,
2391 2678 2502 2724 tum
2534 2670 2586 2726 in
2618 2669 2843 2743 epistola
2878 2670 2944 2724 ad
2975 2669 3378 2740 Demophilunt,
3411 2682 3467 2726 et
3501 2668 3648 2743 sape

2053 2739 2202 2796 alibi.
2272 2740 2486 2810 Ergone
2536 2743 2581 2796 si
2633 2742 2908 2812 Ephesino
2959 2739 3248 2796 'l‘imotlieo
3307 2739 3642 2812 loqueretur,

2054 2825 2342 2882 numquam
2372 2811 2449 2866 iel
2482 2811 2647 2870 simul
2671 2827 2792 2866 cum
2823 2811 2954 2866 citat
2986 2813 3256 2881 Epistolas
3303 2815 3546 2882 Apostoli
3577 2811 3646 2872 ad

2051 2880 2226 2952 ipsum
2254 2881 2484 2952 scriptas
2524 2882 2761 2948 diceret;
2798 2892 2948 2942 recte
2995 2880 3086 2940 tibi
3132 2880 3365 2942 Paulum
3403 2885 3507 2941 hoc
3555 2887 3642 2943 vel

2050 2951 2180 3008 illud
2209 2951 2529 3022 scripsisse?
2557 2970 2927 3022 numquamne
2959 2955 3041 3010 rel
3089 2955 3281 3012 leviter
3313 2958 3562 3015 innueret
3589 2957 3641 3013 ei

2019 3023 2350 3092 -quidquam
2405 3042 2471 3078 ex
2527 3025 2631 3078 illis
2682 3027 2984 3092 scriptum?
3036 3026 3092 3081 ιιι
3144 3027 3274 3082 mihi
3329 3027 3648 3083 incredibile

2049 3094 2285 3164 videtur.
2319 3095 2380 3147 2“
2409 3095 2555 3164 quod
2591 3110 2808 3161 semper
2839 3106 2995 3150 vocat
3019 3099 3190 3163 ipsum
3218 3098 3385 3163 ﬁlium
3409 3097 3544 3152 libro
3574 3098 3644 3153 de

2051 3162 2367 3222 Ecclesiast.
2397 3162 2610 3220 ilierar.
2641 3180 2760 3231 cap.
2788 3181 2801 3218 ι
2828 3180 2842 3220 ;
2870 3162 3308 3232 Sattclissinteﬁli
3337 3166 3602 3222 Timothee
3622 3184 3641 3221 :

357 3240 736 3310 Apocalypsim
789 3254 942 3295 suam
971 3233 1292 3310 publicaret,
1325 3251 1484 3310 quam
1515 3236 1583 3291 ad
1627 3233 1788 3310 linem
1840 3237 1944 3310 Do-
1975 3241 2022 3302 ο
2059 3235 2211 3310 atad
2240 3233 2714 3310 calcemejusdrm
2746 3234 2893 3302 libri,
2935 3234 3049 3310 Isin
3079 3234 3158 3304 ﬁli
3188 3245 3290 3290 tam
3320 3238 3500 3310 inuita,
3534 3248 3640 3293 etc.

355 3307 580 3366 mitiani
599 3307 828 3380 imperii,
858 3307 1006 3380 quod
1037 3310 1277 3365 Irenzeus
1304 3309 1522 3380 asserit,
1553 3322 1650 3362 seu
1693 3307 1861 3380 (quod
1893 3309 1945 3361 in

355 3380 504 3454 idem
539 3378 768 3454 recidit)
813 3378 959 3454 anno
1008 3382 1156 3454 illius
1175 3382 1279 3454 _M,
1326 3388 1393 3454 ut_
1439 3378 1605 3434 habet
1657 3378 1944 3454 Eusebius,

356 3452 574 3508 i’atbmi
601 3449 836 3509 viderat.
867 3453 1026 3520 Atqui
1082 3452 1145 3506 D.
1174 3451 1465 3523 Dionysius
1513 3459 1619 3504 tam
1658 3449 1946 3523 Evangelii

354 3538 518 3592 quam
570 3525 930 3596 Apocalypsis
957 3523 1184 3596 Joannis
1231 3521 1378 3593 δωρθ
1426 3522 1626 3596 in_suis
1657 3521 1814 3576 libris
1861 3522 1944 3596 in-

357 3607 531 3649 seruit
581 3593 931 3661 testimonia;
965 3595 1088 3665 quis
1117 3609 1248 3664 ergo
1276 3609 1386 3648 non
1415 3593 1563 3665 videt
1596 3609 1727 3665 eut_n
1767 3594 1944 3665 scrip-7

355 3665 503 3738 sisse
548 3676 674 3738 post
716 3662 1006 3738 Joannem,
1039 3674 1094 3719 et
1123 3662 1295 3738 multo
1318 3663 1496 3738 magis
1527 3662 1946 3738 postTimothei

357 3733 632 3806 Epheseni
683 3737 927 3808 episcOpi
978 3736 1254 3808 mortem?
1287 3733 1451 3808 enat
1499 3745 1680 3808 autem
1717 3733 1948 3808 Joannis

358 3805 842 3876 evangelium'lib.
878 3805 954 3863 de
987 3807 1210 3864 Caelesti
1236 3807 1446 3876 llierar.
1472 3820 1592 3875 cap.
1627 3805 1682 3876 ᾧ,
1713 3806 1766 3858 in
1816 3806 1945 3876 line,

359 3889 415 3934 et
447 3875 565 3952 cap.
595 3883 633 3935 2
659 3889 717 3936 et
746 3881 840 3944 i5,
882 3890 945 3952 et
976 3879 1069 3952 lib.
1119 3880 1193 3952 _de
1239 3875 1559 3932 Ecclesiast.
1604 3875 1945 3942 llierarcliia,

357 3965 485 4022 cap.
515 3950 573 4017 ἰ,
608 3961 763 4022 parto
789 3952 847 4016 2,
881 3950 1012 4004 illud
1051 3969 1063 4004 :
1102 3950 1364 4020 Quotquot
1418 3957 1593 4001 autem
1648 3955 1948 4022 receperunt

356 4017 498 4089 cuiu,
549 4017 690 4076 dedit
749 4023 824 4076 eis
879 4031 1206 4090 potestatem,
1247 4017 1381 4086 etc.,
1431 4028 1482 4072 et
1528 4019 1736 4088 partel
1771 4017 1942 4072 illud:

359 4093 666 4148 Sermonem
696 4109 861 4148 meum
889 4095 1128 4157 servabit,
1161 4102 1208 4146 et
1244 4091 1313 4146 ad
1345 4105 1458 4144 eum
1486 4091 1764 4154 veniemus,
1813 4098 1943 4156 etc.,

356 4175 417 4218 et
455 4165 606 4232 alibi,
640 4164 1022 4236 Apocalypsim
1061 4178 1190 4219 vero
1220 4163 1315 4236 lib.
1355 4159 1428 4236 de
1461 4161 1686 4236 Ctelesti
1729 4159 1947 4221 Hieran

359 4236 514 4298 chia,
565 4250 614 4290 c.
659 4231 705 4287 ἱ
747 4247 802 4290 et
841 4231 911 4290 i5
944 4236 1134 4290 novies
1177 4253 1188 4288 :
1241 4234 1308 4288 de
1351 4231 1735 4287 Ecclesiastica
1765 4239 1944 4288 autem

356 4319 391 4362 c
411 4321 482 4375 ip.
503 4306 528 4360 1
547 4314 734 4382 etcap.
750 4307 805 4371 ὅ,
820 4315 975 4382 parte
987 4306 1046 4382 ὃ,
1057 4320 1164 4382 quo
1179 4305 1391 4382 loci,ait,
1408 4304 1530 4382 Sive
1540 4318 1780 4382 arcanam
1797 4302 1947 4355 illam

358 4388 408 4430 et
432 4373 728 4449 ‘mysticain
753 4373 962 4432 omnino
999 4373 1244 4449 uisionem
1283 4373 1470 4449 dilecti
1516 4373 1780 4449 discipuli,
1811 4382 1943 4440 etc.,

358 4459 414 4502 et
447 4445 541 4502 lib.
573 4449 642 4504 de
681 4449 890 4504 Divinis
915 4446 1249 4511 nominibus,
1280 4462 1398 4514 cap.
1437 4446 1492 4510 5,
1521 4445 1653 4499 illud
1691 4447 1861 4515 Apoc.
1889 4460 1902 4499 ι
1929 4461 1943 4498 :

363 4520 467 4585 Qui
497 4530 671 4591 est,et
695 4521 940 4591 quierat,
964 4530 1012 4573 et
1043 4519 1128 4591 qui
1155 4528 1394 4591 venturus
1433 4524 1531 4571 est.

436 4590 660 4683 ecce."
708 4586 877 4683 ’τιυοίι
901 4586 1064 4683 si;
1085 4589 1178 4683 (ιιι.
1203 4587 1764 4683 ἓίεὶιξέεηιοιξὶπξὲιξιε
1815 4586 1945 4683 cia!
1977 4622 2026 4683 υ

358 4660 422 4716 S.
456 4661 718 4734 lgnatium
733 4658 810 4716 ex
837 4661 1078 4734 Epistula
1114 4659 1179 4734 ad
1211 4658 1483 4712 Romanos
1526 4659 1736 4734 dicens,
1768 4659 1946 4712 scribit

358 4730 502 4786 enini
526 4741 575 4786 et
609 4732 824 4787 Divinas
845 4730 1107 4803 Ignotius,
1143 4733 1302 4786 Amor
1323 4743 1467 4782 meus
1493 4731 1632 4803 cruci
1658 4731 1795 4800 ﬁxus
1820 4740 1896 4785 est
1926 4745 1946 4785 :

357 4818 526 4873 quam
551 4804 770 4874 quidem
799 4800 1034 4875 lgnatius
1063 4803 1291 4857 Romam
1318 4800 1654 4875 contendens
1682 4803 1732 4856 in
1765 4805 1951 4856 vincu-

359 4869 452 4938 lis.
495 4869 660 4929 et'ad
694 4869 1012 4944 martyrium
1044 4886 1343 4944 properans
1389 4869 1679 4944 scripsisse
1724 4889 1790 4926 ex
1831 4875 1948 4942 ipsa

357 4955 608 5012 constat;
636 4946 690 5001 in
717 4961 780 5002 ea
803 4941 1071 5017 siquidem
1095 4941 1353 4999 Romanis
1373 4943 1468 5017 ait,
1498 4941 1576 4994 De
1608 4941 1766 5012 Syria
1794 4941 1954 5016 usque

359 5017 592 5091 Romam
634 5034 805 5091 pugno
931 5016 1134 5091 bestias,
1160 5017 1238 5091 _in
1266 5016 1400 5091 mari
1451 5023 1690 5091 et‘terra,
1732 5023 1878 5091 nocte
1907 5023 1954 5091 et

359 5088 450 5142 die
478 5089 668 5158 ligatus
704 5085 827 5142 cum
853 5088 1126 5143 duodecim
1152 5085 1438 5158 leo_p_ardis,
1493 5087 1725 5158 hochest,
1764 5085 1950 5158 miliii-

360 5160 484 5225 bus,
508 5155 598 5230 qui
625 5175 706 5214 me
727 5158 1044 5230 custodiunt,
1079 5167 1187 5213 etc.
1221 5156 1275 5211 ld
1303 5166 1436 5211 vero
1461 5156 1839 5230 subv'li‘rajano
1874 5155 1953 5210 l‘a-

360 5227 984 5302 ctum'Martyrologium
1017 5229 1198 5302 ipsum
1214 5228 1514 5302 iestaturl
1547 5227 1849 5302 Februarii,
1899 5235 1953 5282 et

363 5297 728 5373 Hieronymus
751 5297 877 5373 libr.
909 5297 1183 5373 descrip.
1209 5298 1425 5373 Eccies.
1456 5299 1511 5352 in
1540 5297 1768 5373 Ignntio,
1795 5313 1953 5373 secu-

366 5382 456 5426 tus
505 5368 797 5428 Eusebium
837 5372 891 5427 in
934 5368 1208 5427 Chronico
1254 5368 1490 5442 al'lirmat
1535 5368 1678 5442 quod
1721 5371 1958 5442 lgnatius

366 5457 562 5513 pasSus
588 5453 674 5498 est
699 5445 986 5499 undecimo
1013 5444 1233 5514 Trajani
1261 5455 1428 5506 anno,
1459 5440 1664 5495 Christi
1697 5440 1829 5514 vero
1858 5441 1962 5496 110

365 5512 456 5569 vel
504 5515 600 5570 ιιι
639 5525 1018 5585 :qttapt'oplel‘
1062 5512 1219 5570 lateri
1263 5521 1675 5585 consequenter:
1703 5512 1966 5568 debemus

366 5597 495 5654 post
538 5586 598 5643 S.
631 5583 856 5658 Algna’tii
901 5583 1227 5658 martyrium
1290 5583 1581 5654 scripsisse
1650 5583 1966 5658 Dionysium

367 5653 570 5711 librum
612 5653 919 5714 deDivinis
964 5653 1296 5722 nominibus,
1344 5653 1458 5725 quo
1487 5664 1730 5723 tempore
1772 5653 1970 5724 ipsein

369 5727 566 5784 Galliis
606 5729 968 5801 praedicabat;
1017 5739 1073 5785 ct
1123 5737 1250 5784 ante
1277 5742 1450 5784 annos
1483 5737 1539 5782 ut
1585 5727 1869 5782 minimum
1908 5727 1975 5782 15

2051 3315 2104 3362 et
2126 3305 2220 3360 lib.
2249 3305 2320 3361 de
2349 3305 2571 3377 Caelest.
2598 3306 2742 3362 llier.
2767 3320 2886 3376 cap.
2920 3312 2974 3374 9,
3002 3307 3077 3364 Tu
3104 3317 3299 3376 autem,
3329 3324 3358 3362 ο
3383 3306 3480 3377 ﬁli,
3508 3316 3650 3375 etc.,-

2049 3387 2106 3434 et
2142 3377 2280 3434 libro
2311 3377 2380 3432 de
2406 3376 2581 3436 Dii-in.
2616 3393 2762 3434 nom.
2795 3393 2844 3438 e.
2869 3379 2924 3446 2,
2957 3391 3130 3448 parte.
3180 3393 3219 3433 ι.
3261 3376 3432 3435 Nemo
3458 3390 3642 3436 autem

2049 3463 2195 3510 sana:
2227 3448 2428 3506 mentis
2483 3449 2585 3510 sibi
2626 3450 3003 3520 persuadebit,
3038 3450 3353 3521 Dionysium
3404 3451 3498 3506 lilii
3541 3468 3642 3508 no-

2049 3522 2201 3576 tuine
2233 3535 2486 3590 umquam
2519 3521 2667 3583 illum
2701 3535 2953 3590 magnum
2982 3521 3324 3580 'l‘imntheum
3346 3523 3636 3590 vocitasse,

2048 3592 2138 3661 qui
2173 3592 2286 3660 ipso
2321 3593 2574 3663 Dionysio
2600 3591 2874 3664 antiquior
2895 3593 3215 3664 discipulus,
3245 3606 3300 3648 et
3333 3593 3636 3662 Ephesinus

2049 3664 2340 3732 episcopus
2380 3673 2530 3728 erat;
2583 3663 2744 3731 quem
2775 3666 2843 3716 ita
2895 3665 3150 3720 nimirum
3183 3663 3381 3718 Paulus
3407 3665 3642 3718 honora-

2050 3743 2222 3810 rerat,
2250 3742 2332 3810 _ut
2356 3749 2455 3810 sex
2487 3733 2748 3810 epistolas
2775 3735 2876 3810 sub
2903 3748 3024 3810 sitq,
3064 3743 3119 3810 et
3149 3733 3506 3810 ipsius_s_iniol
3539 3748 3639 3788 no-

2049 3804 2195 3862 mine
2250 3801 2610 3872 inscripserit,
2645 3802 2918 3872 inquiens,
2971 3801 3183 3859 Paulus
3223 3813 3268 3856 et
3311 3801 3635 3873 Timotheus,

2050 3885 2182 3939 etc.,
2206 3873 2458 3928 videlicet
2488 3874 2534 3928 ll
2560 3876 2625 3929 ad
2657 3873 2991 3939 Corinthios,
3023 3888 3185 3928 unam
3215 3873 3281 3945 ad
3323 3873 3636 3945 Philippen-

2049 3962 2169 4009 ses,
2199 3946 2426 4008 alteram
2459 3946 2525 4000 ad
2557 3945 2934 4010 Colossenses,
2982 3945 3116 4002 duas
3167 3944 3234 4000 ad
3287 3944 3636 4001 Thessaloni-

2048 4031 2261 4082 censes,
2291 4027 2344 4070 et
2372 4032 2532 4074 unam
2555 4019 2622 4074 ad
2653 4017 3046 4081 Philemonem.
3071 4017 3286 4088 Ergone
3308 4033 3466 4087 quem
3499 4018 3635 4073 Pau-

2051 4090 2135 4144 lus
2173 4089 2274 4144 sibi
2306 4088 2357 4141 in
2393 4090 2789 4157 prmdicationis
2818 4089 3124 4146 ministerio
3151 4103 3463 4158 comparem
3486 4091 3633 4153 lecit,

2050 4160 2341 4231 Dionysius
2390 4160 2702 4219 inferiorem
2749 4162 2991 4217 diceret?
3046 4159 3190 4224 Vidit
3249 4160 3308 4216 S.
3369 4159 3635 4231 Masinius
3691 4188 3694 4190 -

2051 4229 2206 4292 Olim'
2231 4229 2628 4299 dillieultatem,
2679 4242 2736 4290 et
2765 4233 2818 4288 in
2847 4231 3070 4287 scholiis
3109 4231 3176 4286 ad
3211 4231 3305 4285 lib.
3352 4231 3420 4284 de
3451 4230 3629 4284 Divin.

2050 4318 2198 4364 nom.
2228 4303 2363 4360 dixit
2394 4319 2408 4356 :
2440 4305 2712 4366 Quomodo
2761 4319 2978 4374 magnus
3003 4301 3288 4372 Dionysius
3308 4300 3635 4374 Timotheum

2051 4384 2188 4430 uocet
2215 4376 2377 4440 ﬁlium
2399 4375 2765 4439 quwrendum?
2787 4370 2885 4430 Aut
2903 4376 3060 4442 enim,
3087 4370 3235 4427 sicuti
3266 4373 3524 4436 existimo,
3541 4370 3637 4424 hoc

2050 4448 2145 4510 ait,
2176 4446 2312 4499 velut
2345 4446 2632 4514 provectior
2669 4447 2786 4514 ipso
2821 4448 2992 4512 annis,
3033 4456 3080 4498 et
3103 4447 3155 4498 in
3188 4442 3517 4514 philosophin
3542 4458 3634 4493 ex-

2050 4511 2355 4579 cellentior;
2381 4524 2471 4567 aut
2497 4517 2616 4585 quia
2637 4511 2888 4576 imitando
2909 4511 3194 4570 ﬂaminum
3235 4515 3423 4568 diceret
3442 4527 3458 4565 :
3476 4511 3635 4585 Pueri

2053 4586 2299 4654 numquid
2329 4583 2728 4654 pulmentarium
2774 4589 3003 4642 habetis?
3033 4587 3108 4640 vel
3152 4585 3395 4654 quoniam
3425 4598 3509 4635 eos
3553 4583 3641 4649 qui

2051 4657 2430 4724 simplicitatem
2460 4672 2576 4726 quae
2602 4659 2884 4712 secundum
2909 4655 3077 4712 Deum
3102 4665 3178 4712 est
3201 4662 3431 4708 exercent
3455 4669 3642 4726 pueros

2056 4723 2409 4798 appellabant.
2461 4723 2732 4784 Caeterum
2779 4730 2900 4797 quis
2949 4743 3055 4788 non
3107 4726 3252 4798 videt
3297 4723 3489 4798 oumes
3540 4723 3638 4780 has

2055 4797 2422 4868 expositiones
2445 4800 2607 4856 duras
2630 4809 2683 4858 et
2703 4802 2973 4856 extortas?
2999 4808 3054 4856 et
3075 4797 3242 4856 semel
3269 4797 3335 4852 ad
3361 4812 3634 4852 summum

2059 4871 2346 4943 Dionysius
2373 4887 2438 4928 eo
2466 4872 2716 4942 laqueiidi
2745 4887 2942 4943 genere
2973 4883 3216 4928 uteretur
3245 4871 3291 4924 si
3321 4869 3638 4938 improprie,

2057 4955 2110 5000 ct
2132 4959 2227 5014 per
2251 4945 2541 5014 quemdam
2575 4952 2788 5014 tropum
2817 4944 3147 5013 loqueretur,
3171 4955 3473 5014 nuucvero
3495 4956 3638 5014 sem-

2057 5013 2155 5086 per
2179 5013 2302 5073 eum
2328 5015 2492 5070 [illum
2520 5013 2704 5086 vocat;
2731 5016 3028 5086 prmsertim
3050 5018 3174 5084 quia
3195 5016 3299 5068 etsi
3321 5013 3638 5068 Timotheus

2056 5085 2354 5152 conversus
2400 5086 2501 5142 l'uit
2530 5085 2584 5140 in
2609 5085 2915 5156 iuventute,
2951 5095 3186 5142 attamen
3243 5101 3349 5156 quo
3390 5094 3635 5153 tempore

2055 5158 2346 5282 Pioonytsius
2372 5157 2610 5229 scripsit,
2642 5157 2960 5214 senissimus
2984 5168 3152 5228 esset,
3182 5159 3228 5214 si
3251 5165 3496 5214 mortuus
3528 5169 3635 5210 non

2078 5243 2220 5282 uisse
2250 5267 2262 5280 .

2078 5229 2262 5283 uisset.

2129 5301 2192 5355 5°
2221 5298 2352 5372 Vide
2377 5299 2571 5372 iterum
2600 5315 2759 5372 quam
2789 5300 2946 5372 longe
2973 5315 3003 5358 a
3028 5301 3280 5372 DiOnysio
3311 5301 3645 5372 luissetrsan-

2064 5381 2206 5449 ctum
2242 5371 2387 5425 illum
2417 5370 2784 5449 Titiiotlieiim,
2817 5370 2916 5449 nec
2946 5372 3116 5428 semel
3149 5370 3314 5449 lilium
3344 5371 3641 5449 appellare.

2067 5442 2300 5498 Dubium
2349 5441 2564 5514 quidem
2592 5443 2731 5514 apud
2777 5445 2982 5500 nullum
3021 5459 3144 5500 esse
3191 5441 3403 5514 debet,‘_
3429 5441 3648 5494 maioris

2070 5513 2409 5587 auctoritatis
2452 5512 2639 5570 virum
2676 5529 2890 5587 semper
2953 5517 3120 5574 luisse
3170 5514 3330 5587 apud
3357 5512 3649 5587 discipulos

2072 5577 2444 5652 Timotheum,
2478 5602 2638 5656 quam
2666 5577 2868 5652 Titum,
2893 5595 3080 5656 utpote
3108 5577 3266 5659 que-tn
3302 5581 3494 5659 gaulus
3528 5577 3648 5657 νιιξε

2077 5659 2459 5724 honoraverit;
2495 5652 2632 5715 cum
2661 5670 2839 5714 autem
2874 5652 3160 5728 Dionysius
3188 5654 3270 5728 ad
3302 5652 3478 5723 Titum
3510 5652 3648 5728 scri-

2081 5730 2155 5784 bit
2185 5730 2332 5799 (nam
2361 5729 2427 5785 ad
2449 5719 2634 5800 ipsum
2668 5746 2877 5800 quoque
2899 5733 2988 5783 dat
3011 5719 3310 5796 epistolam,
3345 5719 3504 5789 quint
3527 5719 3649 5775 Tri-
