4152 6174
364 236 476 297 293

366 355 435 416 Δ.
465 355 531 418 C.
565 355 688 415 105.

1369 239 1615 300 'FLAVH
1657 237 1839 300 LUCH
1880 236 2138 298 DEXTRI
2179 235 2595 298 CHRONICON.

797 357 1098 432 Vitalique,
1129 369 1185 415 et
1214 358 1400 428 Avito,
1433 359 1527 430 qui
1568 358 1842 430 prolectus
1887 365 2012 430 post
2041 359 2107 414 ad
2137 358 2343 415 insulas
2382 357 2714 415 Fortunatae
2742 364 2950 432 martyr
2993 357 3123 425 luit;
3164 357 3306 417 Attio
3331 360 3398 418 A.
3433 359 3503 416 R.
3533 359 3667 423 856.

3558 238 3666 299 294

798 453 1059 510 Cornelio
1089 452 1298 522 Palma,
1323 460 1381 508 et
1405 451 1486 520 ,P.
1517 451 1760 520 Turano,
1790 451 2095 508 duumviris
2149 451 2753 522 Toletanisfcatbolicis
2782 451 2968 525 _viris;
3009 451 3304 525 multisque

800 545 1164 620 Carpetania,
1191 558 1241 604 et
1271 547 1492 604 aliunde
1518 548 1788 619 episcopis
1817 547 2043 604 coactis.

564 643 690 700 HO.
741 641 896 698 Haud
951 642 1122 698 multo
1155 651 1273 712 post
1323 641 1384 699 S.
1431 640 1722 713 Dionysius
1753 639 2083 712 Areopagita
2129 639 2416 713 Hispanias
2451 639 2675 712 invisit,
2698 649 2758 698 ut
2784 640 2996 714 legatus
3024 654 3057 698 a
3083 641 3150 700 Β.
3181 639 3307 702 Cle-

802 747 992 794 mente
1014 737 1188 793 totius
1217 734 1529 792 Occidentis
1557 734 1864 791 ordinatus.

3539 647 3668 706 861.

1565 870 1846 938 ,ΒινΑιιιι
1883 863 2454 934 COMMENTARIUS.

371 997 511 1065 tum,
525 987 616 1044 sed
634 995 733 1065 aut
761 988 1320 1065 metropolitunorunt,
1341 997 1433 1065 aut
1454 987 1971 1065 crchiepiscoporum
2001 998 2048 1058 Α
2077 1005 2141 1065 ea
2165 1000 2448 1065 permotus
2471 992 2685 1050 ratione
2709 993 2768 1050 S.
2823 991 3105 1065 Eugenius
3131 995 3320 1054 sedem
3402 1000 3680 1060 rimariam

371 1059 577 1131 nomine
621 1059 942 1131 fruerentur.
993 1061 1188 1116 Subdit
1233 1061 1436 1118 deinde
1472 1060 1526 1116 in
1561 1059 1790 1131 epistola
1840 1065 1873 1118 5
1914 1066 1966 1119 itt

369 1129 494 1187 aliis
516 1129 826 1203 civitatibus
857 1133 909 1186 in
933 1134 1128 1203 quibus
1145 1133 1376 1189 comites
1397 1129 1662 1190 exsistere
1691 1132 1964 1201 solebant,

370 1200 788 1275 constituendos
811 1200 1123 1274 episcopos,
1159 1213 1215 1260 et
1237 1205 1292 1260 in
1325 1203 1560 1260 modicis
1589 1205 1834 1272 urbibus,
1867 1200 1967 1275 op.

372 1271 530 1343 pidis,
565 1283 620 1328 et
669 1272 815 1346 villis
847 1271 1233 1346 presbyteros.
1271 1275 1521 1346 idipsum
1573 1275 1774 1331 Lucius
1822 1271 1968 1342 apud

370 1346 700 1416 Stephanum
732 1344 752 1398 1
782 1344 1096 1416 ορὶἐιοιδῖ,
1123 1362 1243 1416 cap.
1269 1344 1549 1412 5,docuit,
1569 1346 1807 1401 refertur
1835 1363 1970 1401 vero

383 1415 510 1470 dist.
536 1416 626 1479 8t),
655 1429 776 1488 cap.
814 1415 997 1482 Urbes,
1030 1418 1112 1473 Itis
1141 1437 1152 1473 :
1192 1415 1355 1474 Urbes
1391 1427 1439 1473 et
1481 1419 1594 1472 loca
1638 1418 1824 1488 quibus
1857 1419 1970 1488 pri-

373 1496 534 1540 mates
565 1487 844 1557 prtesidere
879 1488 1081 1555 debent,
1126 1507 1232 1543 non
1277 1507 1307 1543 a
1358 1489 1643 1550 modernis,
1685 1488 1775 1541 sed
1819 1487 1974 1542 etiam

375 1559 548 1611 multis
570 1568 688 1612 ante
717 1559 992 1614 adventum
1019 1560 1214 1614 Christi
1241 1570 1359 1614 sunt
1382 1569 1591 1613 statuta:
1622 1560 1973 1626 temporibus;

373 1643 593 1702 quarum
617 1630 861 1701 primates
890 1633 1047 1685 etiam
1073 1631 1293 1702 gentiles
1311 1647 1405 1702 pro
1435 1629 1720 1702 majoribus
1739 1633 1972 1702 negotiis

373 1699 730 1773 appellabant,
765 1703 816 1754 in
856 1702 982 1773 ipsis
1016 1699 1132 1755 vero
1157 1699 1371 1755 urbibus
1409 1714 1523 1771 post
1555 1699 1755 1773 Christi
1775 1704 1967 1773 adven:

373 1769 485 1824 tum
529 1771 776 1843 apostoli,
824 1769 886 1826 et'
913 1788 1233 1828 successores
1271 1769 1450 1826 eorum
1497 1769 1850 1843 patriarchas,
1892 1769 1970 1826 vel

371 1844 623 1912 primates
651 1852 951 1910 posuerunt.

449 1913 588 1968 Hinc
617 1909 723 1983 jam
780 1913 998 1967 dubium
1042 1911 1320 1968 oriebatur
1367 1909 1435 1965 de
1490 1911 1626 1967 urbe
1675 1910 1966 1982 deligenda

372 1985 678 2052 primatis:
734 2001 839 2038 non
889 1985 1030 2039 enim
1080 1993 1189 2037 tota
1246 1983 1499 2052 Hispania
1549 1983 1636 2036 uni
1685 1984 1968 2051 eidemque

373 2053 494 2109 urbi
530 2055 790 2109 hactenus
836 2061 1126 2122 paruerat;
1159 2054 1255 2110 sed
1302 2068 1401 2124 pro
1444 2054 1763 2109 diversitate
1801 2057 1968 2124 parti-

373 2129 606 2188 tionunt,
636 2137 769 2195 quas
809 2127 1038 2180 diversis
1069 2127 1406 2196 temporibus
1438 2140 1592 2194 passa
1637 2124 1758 2191 fuit,
1789 2124 1969 2180 diver-

375 2212 469 2252 sos
508 2199 791 2268 gentilium
821 2197 1500 2268 appellabantprimates.
1531 2197 1839 2266 Aliquando
1868 2213 1967 2268 pe-

379 2283 479 2324 nes
522 2267 843 2323 divisionem
879 2267 1152 2336 llispania:
1193 2267 1248 2322 itt
1291 2268 1603 2322 citeriorem
1650 2277 1704 2321 et
1742 2267 1969 2322 ulterio-

377 2353 518 2407 rem,
549 2339 733 2393 ltabito
761 2340 828 2394 ad
860 2337 1075 2395 Iberum
1102 2349 1378 2408 reSpeeIu,
1403 2339 1511 2392 duo
1537 2355 1566 2392 a
1594 2339 1852 2393 Romanis
1876 2339 1970 2393 de-

2078 1062 2258 1137 Toleti
2291 1073 2584 1137 statuecet,
2619 1074 2890 1135 quatenus
2915 1062 3066 1122 unde
3095 1076 3251 1124 vetus
3280 1069 3389 1137 lex,
3420 1071 3550 1128 inde
3582 1074 3678 1132 Dei

2075 1135 2310 1209 veritum
2367 1145 2423 1190 et
2481 1135 2766 1209 Evangelii
2830 1137 3026 1209 gratia
3073 1140 3271 1203 exiret,
3325 1135 3483 1209 juxta
3540 1145 3674 1202 illud

2073 1207 2132 1262 S.
2152 1205 2484 1283 Clementis:
2517 1205 2616 1263 Ubi
2643 1205 2800 1283 primi
2829 1205 2960 1283 legis
2991 1207 3241 1283 Doctores
3270 1205 3438 1283 erant,
3469 1216 3675 1282 episco-

2074 1292 2258 1348 porum
2287 1351 2297 1360 .
2326 1280 2574 1349 primates
2637 1281 2782 1350 poni,
2836 1280 2915 1334 vel
2979 1282 3316 1350 patriarchas
3366 1280 3432 1336 Β.
3489 1280 3678 1343 Petrus

2073 1361 2338 1420 prteceptt.

2149 1419 2397 1493 Denique
2429 1419 2482 1476 id
2513 1420 2750 1476 maxime
2777 1422 2949 1477 movit
2981 1422 3128 1493 quod
3172 1423 3426 1480 Toletum
3458 1428 3676 1485 umbili-

2079 1503 2184 1562 cus
2230 1489 2504 1558 Hispania:
2554 1494 2659 1557 sit,
2689 1493 2744 1546 in
2777 1489 3092 1562 meditullio,
3135 1498 3211 1550 uti
3257 1494 3460 1553 Dexter
3505 1501 3677 1557 semel

2079 1561 2237 1637 dixit,
2286 1563 2677 1637 constitutum;
2712 1566 2998 1631 oportebat
3043 1561 3223 1620 autem
3274 1571 3340 1621 ad
3389 1571 3675 1637 primatem

2077 1635 2230 1710 quasi
2258 1633 2322 1685 ad
2347 1642 2592 1710 centrum
2618 1649 2810 1710 omnes
2839 1651 2869 1689 e
2896 1638 3339 1710 circumferentia
3365 1633 3674 1710 respectum

2076 1701 2303 1781 habere,
2342 1713 2397 1755 ut
2429 1704 2553 1758 inde
2584 1705 2954 1783 sine_magno_
2977 1705 3274 1783 dispendio,
3315 1701 3507 1783 omnes
3534 1713 3682 1783 judi-

2074 1772 2216 1847 cium
2249 1784 2648 1847 exspecmrent.
2688 1773 2759 1830 Ut
2807 1772 2865 1830 u't
2912 1779 2983 1832 sit
3023 1772 3094 1832 de
3143 1779 3386 1847 motivis,
3419 1782 3488 1837 de
3534 1772 3679 1840 iacto

2074 1841 2312 1924 dubitari
2352 1841 2458 1899 non
2493 1847 2635 1911 licet,
2671 1854 2951 1924 postquam
2986 1847 3248 1924 Toletaua
3289 1841 3450 1924 sedes
3481 1857 3679 1924 ampli-

2073 1913 2275 1995 iudinis
2305 1927 2416 1968 sua:
2437 1925 2601 1995 atque
2636 1913 2896 1995 primatus
2940 1933 3048 1973 non
3079 1921 3256 1995 solum
3288 1913 3678 1995 abscriptori-

2074 1982 2200 2048 bus,
2233 2000 2422 2040 verum
2454 1982 2705 2041 etiamin
2741 1989 2859 2043 foro
2882 1994 3227 2045 contentiosa
3273 1982 3549 2052 multoties
3595 1999 3678 2052 vi-

2073 2055 2302 2110 ctoriam
2333 2057 2402 2112 de
2449 2057 2870 2128 Tarraconensi,
2925 2075 2987 2116 ac
3038 2064 3382 2118 Braccarensi
3415 2063 3676 2124 Ecclesiis

2073 2129 2604 2208 cepartavit.__l\'unc
2652 2133 2868 2186 tandem
2931 2134 3151 2208 maximi
3210 2135 3519 2192 ducendum
3565 2151 3671 2208 est,

2077 2197 2332 2279 Dextrum
2399 2201 2859 2279 Barcinonensem
2909 2204 3274 2279 scriptorem,
3328 2197 3672 2279 nequaquam

2073 2266 2500 2324 Tarraconensis
2523 2272 2784 2339 primatus
2807 2266 3144 2339 meminisse,
3161 2266 3281 2330 cum
3309 2266 3486 2333 tamen
3513 2266 3676 2335 nemo

2078 2339 2325 2420 dubitare
2373 2352 2575 2420 posset,
2614 2341 2658 2420 si
2691 2344 3153 2420 aliterdccretum
3186 2347 3313 2420 olim
3345 2347 3411 2402 ab
3441 2351 3678 2420 Aposto-

382 2389 737 2480 signitbantnr
766 2411 1146 2483 proconsules,
1190 2389 1574 2480 proprmtorcs,
1614 2408 1798 2478 legati,
1825 2426 1967 2480 (ξυιυς
2005 2389 2050 2448 Β
2080 2412 2143 2462 lis
2166 2410 2250 2464 vel
2285 2389 2475 2465 eorrum
2517 2389 3673 2483 discipulum;ﬁniiﬁiiu"idiké‘é,"ﬁiiii§-

380 2478 578 2548 stores,
616 2491 708 2537 aut
735 2478 1165 2552 gubernatores;
1192 2478 1577 2552 'pro’citeriore
1609 2494 1795 2552 unus,
1820 2478 1969 2552 alter

383 2567 516 2608 vero
541 2569 635 2620 pro
659 2550 941 2608 ttlteriorc.
970 2550 1212 2608 Licinius
1232 2551 1452 2608 Larcius
1477 2553 1578 2605 sub
1607 2550 1967 2620 Vespasiano,

379 2623 446 2678 L.
481 2626 704 2680 Albinus
726 2626 826 2678 sub
861 2624 1189 2689 Domitiano,
1213 2623 1371 2678 Celer
1403 2622 1504 2678 sub
1531 2622 1745 2689 eodem,
1771 2624 1835 2690 Q.
1862 2622 1973 2678 Ru-

382 2697 525 2750 linus
546 2696 796 2752 Galerius
822 2696 924 2750 sub
943 2695 1206 2758 Adriano,
1235 2697 1407 2751 solam
1433 2694 1742 2749 citeriorem
1766 2695 1966 2764 guber-

387 2779 607 2832 narunt,
647 2768 768 2822 aliis
823 2784 919 2836 pro
964 2767 1228 2821 ulteriore
1270 2765 1602 2821 moderanda
1643 2765 1966 2836 designatis.

384 2838 694 2894 Secundum
746 2835 862 2893 eam
911 2853 1043 2894 vero
1088 2838 1416 2892 divisionem
1464 2853 1566 2908 qua
1609 2835 1869 2906 Hispania
1912 2837 1966 2892 in

386 2921 502 2965 tres
552 2911 862 2980 provincias
891 2909 1250 2972 dividebatur,
1285 2909 1772 2974 Tarracmtensem,
1807 2908 1968 2980 Bazti:

382 2996 505 3036 cam
532 2979 587 3036 et
615 2980 974 3047 Lusitaniam,
1009 2980 1230 3035 totidem
1273 2980 1669 3050 gubernatores
1715 2981 1854 3050 mitti
1901 2979 1971 3035 ad

384 3067 483 3108 eos
509 3053 778 3116 solebant,
805 3069 833 3106 a
861 3050 1088 3107 Claudio
1119 3049 1421 3107 Utttbdnius
1450 3051 1584 3104 Silio
1612 3049 1678 3104 ad
1711 3049 1966 3105 Bmticatn

387 3125 590 3178 missus
631 3136 733 3188 εει,
765 3123 1014 3179 similiter
1039 3123 1207 3178 Aulus
1235 3120 1445 3176 Czecina
1479 3137 1507 3174 a
1540 3122 1776 3188 Nerone,
1805 3139 1834 3172 a
1870 3124 1974 3177 Do-

388 3197 616 3251 mitiano
637 3195 886 3249 Caecilius
909 3193 1203 3258 Classicus,
1220 3207 1251 3247 a
1267 3193 1504 3262 Trajano
1533 3193 1746 3246 Btcvius
1768 3193 1970 3258 Massa,

387 3275 449 3322 et
495 3268 651 3336 paulo
687 3275 810 3335 post
852 3265 1123 3321 Herenius
1154 3265 1418 3336 Senecio,
1444 3263 1671 3336 Baeticus
1715 3263 1832 3333 ipse
1879 3279 1974 3318 na-

388 3333 560 3393 tione.
594 3333 927 3392 Lusitaniam
959 3336 1282 3407 gubernavit
1308 3333 1571 3400 Validius,
1597 3333 1975 3407 Tarraconen-

387 3424 505 3464 sem
540 3409 786 3463 Valerius
812 3406 1078 3474 Julianus,
1118 3417 1176 3462 ut
1213 3418 1441 3461 canoros
1475 3411 1806 3460 omittamus.
1852 3406 1970 3460 Non

387 3495 524 3552 ergo
551 3496 742 3534 omnes
772 3479 1025 3548 Hispana:
1059 3479 1355 3549 provincia:
1397 3479 1488 3532 uni
1533 3476 1818 3602 eidemtp’te
1849 3478 1968 3532 urbi

387 3551 532 3602 intra
563 3551 874 3602 Hisnaniam
898 3552 1245 3602 obediebant.
1275 3565 1383 3602 uno
1407 3549 1707 3602 secundum
1781 3588 1793 3601 .
1824 3549 1968 3602 Petri

387 3549 532 3607 intra
562 3551 874 3621 Hispaniam
898 3552 1245 3615 obediebant,
1275 3565 1383 3620 quo
1407 3549 1707 3621 secundum
1733 3549 1793 3602 Β.
1824 3549 1971 3603 Petri

389 3623 568 3694 legem
612 3620 874 3693 primatus
924 3622 1202 3693 Hispanite
1243 3623 1624 3694 collocaretur.
1661 3620 1971 3694 Praesertim

389 3689 517 3765 quia
548 3689 654 3749 non
685 3709 790 3748 una
829 3689 1075 3748 omnium
1109 3692 1443 3765 nobilissima
1473 3694 1667 3765 civitas
1699 3689 1972 3759 Hispania:

2081 2488 2241 2556 tenus
2273 2483 2569 2556 Tarraconi
2594 2501 2711 2556 sua:
2740 2486 3142 2554 adempturum,
3169 2502 3332 2556 quem
3361 2487 3554 2546 Toleto
3575 2495 3676 2548 de-

2079 2554 2178 2633 dit.
2215 2555 2608 2633 Acceditquod
2639 2554 3311 2633 constantinusidagnus,
3342 2567 3674 2632 metropoles

2083 2626 2277 2700 iterum
2309 2626 2557 2700 dividens
2598 2627 2647 2680 in
2698 2627 2974 2697 Hispanis,
3012 2626 3326 2684 Toletanam
3357 2626 3672 2700 primariam

2085 2693 2259 2751 lassus
2281 2705 2385 2764 est,
2417 2699 2542 2750 dum
2573 2713 2692 2752 eam
2725 2693 2900 2767 primo
2924 2693 3044 2755 loco
3076 2701 3220 2756 inter
3244 2693 3474 2758 exteras
3500 2711 3676 2762 nomi-

2088 2777 2200 2846 nat,
2227 2767 2345 2846 ejus
2377 2768 2572 2846 ditiotii
2607 2769 2674 2825 i9
2697 2771 2984 2846 episcopos
3016 2771 3328 2846 immediate
3355 2776 3672 2846 subiit-iens.

2089 2836 2684 2918 Quod’aputLLucatn
2730 2836 3058 2918 Tudensem,
3107 2854 3160 2918 et
3205 2836 3674 2918 archiepiscopum

2087 2907 2352 2986 Loaysam
2379 2911 2568 2986 videre
2593 2912 2779 2986 quivis
2803 2922 3002 2986 potest,
3028 2915 3116 2983 qui
3139 2917 3313 2986 multa
3343 2907 3412 2986 de
3439 2907 3677 2986 primatu

2084 2977 2352 3036 Toletano
2379 2977 2687 3037 lnculenier
2716 2977 3058 3040 εὼέεειῆιὶιὶ
3108 2984 3262 3041 Notis
3291 2985 3363 3042 ad
3395 2977 3674 3046 decretum

2086 3051 2436 3125 Gundemari.
2465 3056 2886 3125 Quarecaeteris
2918 3056 3251 3125 respondere
3283 3073 3576 3125 possumus
3611 3062 3676 3116 il-

2089 3122 2416 3198 l_ttds\_nicct_i
2470 3123 2708 3198 papte,in
2729 3125 2980 3198 cpistola
3012 3122 3098 3179 'ad
3126 3122 3413 3198 episcopos
3451 3130 3674 3186 Gallae:

2090 3191 2243 3244 Nulli
2264 3191 2907 3273 archiepiscopiprintates
2934 3191 3202 3273 vocentur,
3237 3191 3339 3273 nisi
3361 3198 3552 3273 illicqui
3577 3202 3680 3273 pri-

2087 3279 2198 3315 mas
2221 3272 2390 3338 tenent
2412 3265 2658 3338 civitates,
2675 3281 2895 3338 quarunt
2924 3266 3194 3338 episcopos
3219 3266 3458 3336 Apostoli
3477 3265 3527 3325 et
3553 3265 3668 3328 sitc-

2083 3350 2312 3412 ecssores
2342 3334 2717 3412 Apostolorum
2750 3334 3060 3410 regulariter
3082 3334 3331 3409 primates
3369 3350 3420 3395 et
3459 3347 3682 3412 patriar-

2083 3404 2204 3459 chas
2235 3423 2344 3461 esse
2372 3407 2764 3461 constituerunt.

2153 3477 2256 3545 Qui
2288 3487 2398 3553 tam
2449 3489 2702 3553 accurate
2743 3481 2816 3553 _de
2848 3481 3084 3550 primate
3110 3492 3362 3553 egerunt,
3405 3484 3546 3542 baud
3577 3486 3678 3542 du-

2080 3547 2227 3604 bium
2272 3551 2403 3620 quin
2457 3549 2526 3623 de
2573 3550 2786 3607 caneris
2837 3547 3233 3623 metropolilius
3285 3547 3677 3614 tractaverint:

2079 3636 2250 3690 quare
2278 3637 2399 3674 cum
2433 3621 2643 3690 primus
2671 3623 2913 3679 omnium
2956 3621 3030 3679 in
3059 3625 3315 3694 Hispania
3347 3625 3406 3681 S.
3439 3627 3680 3684 Jac-obus

2081 3705 2189 3763 non
2237 3706 2438 3763 pauccs
2481 3694 2855 3748 constituisset
2883 3697 3253 3763 episcopatus,
3295 3705 3352 3750 et
3400 3699 3543 3752 inter
3584 3713 3682 3754 eos

391 3759 535 3832 erat,
559 3766 654 3839 sed
681 3768 734 3839 in
759 3765 951 3835 quavis
984 3763 1253 3834 lliSpania:
1281 3777 1434 3839 parte
1463 3763 1682 3839 aliquas,
1712 3777 1830 3839 qute
1852 3775 1974 3816 cum
2004 3777 2048 3839 ρ
2081 3759 2359 3839 Toletum,
2391 3760 2715 3839 Braccarum
2742 3773 2796 3817 et
2822 3759 3214 3839 Tarracouatn,
3247 3765 3343 3839 ubi
3380 3764 3674 3839 Eipidium,

393 3831 611 3893 exteris
661 3837 731 3892 de
775 3831 1097 3905 praestantia
1147 3851 1211 3890 ac
1259 3831 1973 3905 nobilitate’decertabant;

400 3923 651 3980 namque,
682 3915 740 3962 ut
769 3903 1108 3980 Pomponius
1134 3907 1269 3962 Mela
1283 3905 1478 3980 _ittijus
1509 3903 1776 3980 temporis
1808 3912 1860 3957 et
1889 3919 1982 3980 pa-

396 3981 516 4034 tria:
543 3975 762 4048 scripsit
801 3979 896 4032 lib.
922 3994 1001 4043 tn,
1033 3995 1158 4048 cap.
1177 3981 1211 4035 6
1237 3996 1250 4034 :
1279 3975 1512 4048 L’rbiunt_
1525 3977 1580 4030 in
1597 3975 1981 4048 mediterraneis

395 4043 697 4105 clarissimi:
728 4052 781 4104 in
827 4043 1207 4104 Tarraconensi
1238 4053 1449 4120 [uerunt
1481 4045 1748 4111 Palantia;
1777 4053 1826 4120 et
1857 4043 1981 4120 u—

392 4123 618 4186 mantia,
649 4137 784 4176 nunc
817 4123 893 4192 (id
919 4130 1004 4177 est
1031 4137 1150 4192 cavo
1177 4115 1299 4191 suo)
1321 4119 1761 4192 Cesarathusta;
1791 4118 1844 4170 in
1863 4115 1984 4192 __Lu-

397 4135 618 4186 mantia,
649 4137 784 4176 nunc
817 4135 893 4192 (ια
919 4135 1004 4177 est
1031 4137 1150 4176 :cvo
1177 4135 1299 4191 sue)
1321 4135 1761 4243 Lmsarathqusta;
1791 4135 1844 4170 m
1877 4135 1983 4171 ωι-

397 4192 896 4264 δὶιαηίαίΕηιει-ἱιπ
925 4194 978 4264 in
1025 4190 1224 4247 Btetica
1270 4191 1493 4264 Astigis,
1577 4191 1803 4264 Aispalis,
1851 4188 1983 4242 Cor-

397 4261 566 4318 duba.
595 4263 697 4336 Aut
724 4266 884 4336 igitur
910 4263 1095 4334 plures
1123 4260 1400 4334 primates
1415 4260 1777 4317 constituendi
1803 4269 1981 4336 erant,

418 4348 503 4389 iro
524 4331 869 4391 multitudine
892 4331 1310 4406 provinciarum,
1337 4343 1429 4388 aut
1449 4337 1494 4388 si
1521 4346 1680 4406 unus,
1704 4345 1811 4386 non
1837 4331 1987 4386 vide-

395 4350 503 4460 pro
524 4350 869 4391 mututuutne
892 4351 1310 4406 provmctarutn,
1337 4350 1429 4388 aut
1449 4350 1494 4388 st
1521 4350 1680 4395 unus,
1704 4350 1788 4386 net

435 4414 562 4460 atur
589 4408 860 4476 generalis
889 4410 950 4465 ὃ.
982 4407 1132 4462 Petri
1158 4408 1343 4478 regula
1366 4405 1572 4478 servari
1605 4416 1788 4474 posse.

470 4473 772 4548 Cmtéroqui
824 4480 986 4534 aliam
1041 4473 1460 4548 philosophandi
1521 4473 1660 4529 viain
1689 4473 1986 4548 suscipere

396 4545 914 4618 potuerunt—Patres
944 4545 1092 4605 illius
1121 4545 1359 4613 concilii,
1389 4555 1482 4602 aut
1508 4546 1701 4618 synodi
1727 4561 1823 4618 pro
1848 4545 1986 4600 deli-

394 4617 574 4692 genda
611 4621 842 4689 primate
873 4619 1146 4692 Hispania:
1180 4619 1424 4692 Ecclesia
1455 4617 1793 4692 congregati,
1827 4631 1986 4692 quam

393 4687 456 4745 S.
485 4687 743 4764 Clemens
765 4693 829 4746 ad
858 4687 1120 4749 Jacobqu
1151 4690 1458 4764 apostolum
1480 4689 1544 4764 in
1567 4687 1742 4764 prima
1763 4687 1988 4764 cpistola

393 4763 622 4832 scripsit
655 4780 669 4818 :
701 4763 767 4816 la
820 4765 927 4818 illis
981 4764 1272 4817 civitatibus
1324 4762 1377 4814 in
1435 4759 1620 4830 quibus
1671 4759 1795 4813 olim
1849 4758 1991 4832 apud

402 4830 657 4907 Ethiticos
687 4834 808 4906 (ait)
836 4835 990 4907 primi
1021 4833 1290 4889 Flamines
1321 4848 1519 4907 eorum,
1551 4842 1700 4901 atque
1729 4833 1884 4907 primi
1921 4830 1992 4907 le:

395 4905 477 4974 gis
528 4901 986 4978 Doctores;e'raut,
1032 4907 1404 4978 episwporuns
1439 4905 1687 4978 primates
1730 4901 1994 4978 poni,_vel

400 4972 833 5050 patriarchasB.
862 4972 1047 5050 Petrus
1063 4972 1338 5050 'pra’c'epit.
1375 4972 1575 5050 Inillis
1601 4983 1774 5026 autem
1807 4973 1992 5050 civita-

399 5049 541 5102 tibus
571 5048 626 5103 in
652 5049 834 5119 quibus
864 5044 1084 5103 dudum'
1112 5044 1256 5118 apud
1295 5046 1573 5119 prtedictos
1617 5051 1765 5098 erant
1809 5044 1996 5096 Archi-

397 5117 673 5190 flamines,
703 5137 830 5188 quos
861 5130 1030 5190 tamen
1068 5117 1290 5173 minores
1329 5117 1590 5190 tenebant,
1619 5130 1771 5186 quam
1795 5129 1996 5190 mento-

401 5185 546 5244 ratos
584 5185 852 5260 primates,
895 5189 1324 5261 archiepiscopus,
1354 5189 1554 5243 institui
1577 5185 1848 5261 prtecepit.
1885 5186 1992 5240 De-

402 5261 525 5334 buit
565 5259 699 5333 ergo
740 5263 945 5334 attendi
985 5259 1266 5334 religionis
1297 5259 1642 5334 destruendte
1674 5261 1898 5334 primas,
1937 5265 1994 5334 et

403 5333 540 5389 inibi
574 5328 854 5389 catholica
874 5328 1134 5390 Ecclesia:
1170 5330 1441 5402 Hispania:
1467 5328 1989 5402 primasconstitui;

405 5419 532 5460 cum
569 5421 700 5462 vero
730 5408 782 5461 in
813 5405 1135 5476 gentilitatis
1157 5400 1304 5476 cultu
1336 5420 1441 5457 non
1466 5411 1621 5476 esset
1657 5401 1725 5476 ab
1756 5417 1860 5456 una
1891 5400 1990 5454 ali-

404 5491 514 5546 qua
536 5478 672 5533 urbe
695 5473 1020 5534 ceterarum
1046 5474 1434 5547 depetnlentia,
1465 5473 1609 5528 inter
1631 5473 1998 5547 viventesgau-

408 5543 519 5604 [em
552 5549 619 5604 ad
665 5551 1041 5620 praescriptum
1089 5543 1225 5618 legis
1269 5545 1454 5620 Moysi
1486 5554 1696 5620 cteterze
1735 5558 1765 5597 a
1796 5543 1998 5620 Toleto

401 5615 806 5690 dependerent,
833 5615 975 5690 quod
1007 5620 1118 5676 illic
1147 5615 1296 5676 esset
1324 5615 1680 5690 celeberrima
1714 5615 2000 5690 totiusOc-

409 5635 474 5676 ne
551 5635 806 5688 nuerent,
833 5635 975 5690 quoa
1007 5635 1118 5676 ttltc
1147 5635 1296 5676 esset
1324 5635 1680 5673 Ceteuet'rnmt
1714 5635 1877 5670 touus
1904 5635 2000 5670 Ut:-

409 5635 648 5768 citfsgttis
697 5692 1115 5768 synagoga_(de_
1133 5689 1477 5768 _qua_ir_iul_ta
1523 5689 1608 5768 in“
1631 5687 2000 5768 superioribus

411 5709 648 5749 ειαειιιιε
697 5709 972 5821 syrmgpga
1014 5709 1104 5764 lue
1153 5709 1254 5762 qua
1307 5709 1477 5744 mutus
1523 5709 1573 5742 ΙΙΙ
1631 5709 2000 5768 διξμιπιυῐιυυδ

411 5765 653 5827 diximus
685 5781 812 5824 ann.
894 5763 1056 5821 omini
1086 5762 1153 5822 ’54
1182 5774 1236 5822 et
1263 5762 1387 5839 57);
1419 5759 1546 5819 hinc
1578 5757 1691 5816 ﬁeri
1720 5757 1908 5836 llllil'il,
1942 5767 2001 5820 ut

2086 3831 2306 3903 Petrum
2335 3842 2388 3903 et
2420 3832 2827 3902 Agatltodorum
2857 3833 3144 3903 episc0pos
3171 3831 3485 3902 constituit;
3517 3831 3682 3894 rebus

2085 3902 2214 3976 lidei
2245 3902 2415 3976 multo
2455 3903 2677 3976 uberius
2719 3902 3056 3974 propagatis,
3085 3903 3361 3976 Eugenius
3399 3917 3454 3962 et
3502 3909 3688 3967 Philo-

2086 3974 2246 4029 theus
2276 3972 2331 4028 in
2359 3972 2790 4050 commodiorem
2813 3972 3354 4050 ordinenLEcélesias
3387 3979 3680 4050 disposue-

2085 4045 2432 4172 ξιὶιιεέι
2459 4046 2527 4100 de
2567 4047 2810 4118 Eugenio
2836 4048 3020 4103 docuit
3056 4047 3260 4104 Dexter
3297 4065 3428 4107 ann.
3461 4045 3677 4110 Domini

2186 4133 2265 4172 νει
2298 4133 2390 4172 UO.

2159 4190 2226 4262 ᾼ.
2261 4187 2321 4244 C.
2350 4189 2630 4262 ιιρε-ι,
2660 4188 2825 4244 Haud
2854 4191 3019 4245 multo
3044 4200 3163 4262 post
3186 4231 3203 4256 ,
3234 4201 3340 4262 etc.
3385 4191 3444 4247 In
3475 4209 3686 4252 excuso

2087 4259 2274 4331 codice
2304 4275 2400 4329 pro
2435 4259 2593 4316 Haud
2614 4271 2732 4315 erat
2755 4264 2852 4324 At,
2883 4265 2978 4316 sed
3009 4259 3445 4331 corruptissime.
3475 4265 3683 4321 Novum

2087 4329 2275 4405 forsan
2311 4331 2472 4405 alicui
2516 4331 2786 4405 videbitur
2834 4333 3153 4405 Dionysium
3177 4329 3226 4405 Va
3263 4333 3464 4389 Dextro
3507 4334 3563 4390 in
3593 4338 3687 4392 lli-

2090 4403 2308 4470 spanias
2352 4402 2588 4457 adduci:
2641 4404 2879 4471 deponet
2925 4402 3104 4458 tamen
3156 4404 3606 4472 admirationem,
3635 4409 3683 4462 si

2091 4474 2401 4528 meminerit
2422 4488 2528 4527 non
2552 4474 2722 4528 solius
2739 4474 2927 4530 Gallia:
2945 4474 3185 4545 (tametsi
3214 4473 3270 4545 in
3292 4489 3358 4530 ea
3383 4477 3502 4544 plus
3527 4477 3684 4534 labo-

2091 4545 2318 4607 raverit,
2337 4554 2394 4598 et
2420 4555 2666 4600 mortuus
2686 4545 2899 4614 fuerit),
2921 4543 3015 4601 sed
3034 4547 3196 4600 totius
3220 4543 3533 4600 Occidentis
3545 4562 3682 4602 con-

2091 4615 2554 4688 stitutumluisse
2598 4615 2832 4688 legatum
2872 4630 2903 4668 a
2947 4616 3005 4670 S.
3041 4616 3359 4688 Clemente:
3391 4632 3562 4685 quare
3583 4618 3686 4688 ipsi

2096 4685 2446 4740 incumbebat
2492 4684 2817 4756 praecipuam
2851 4684 3256 4756 quoqueinter
3297 4684 3488 4742 omnes
3529 4684 3688 4745 Occi-

2094 4758 2278 4812 dentis
2319 4754 2627 4827 provincias
2659 4754 2954 4826 aliquando
2983 4754 3254 4827 invisere,
3286 4771 3352 4812 eo
3385 4761 3686 4827 pmertim

2097 4837 2368 4896 tempore,
2398 4843 2507 4897 quo
2529 4826 2586 4883 S.
2614 4827 2910 4898 Eugeniae,
2929 4826 3285 4884 cbarissimus
3300 4826 3418 4898 ejus
3448 4829 3588 4886 ﬁlius
3621 4849 3686 4889 ac

2095 4899 2499 4972 quodammodo
2521 4899 2844 4972 discipulus,
2875 4900 3238 4972 Ecclesiarum
3263 4903 3596 4972 metropoles
3623 4919 3688 4961 ac

2100 4970 2388 5044 primatem
2418 4970 2814 5044 constituebat,
2859 4982 2914 5027 et
2944 4986 3034 5027 res
3055 4971 3272 5026 illarum
3304 4970 3456 5027 serio
3477 4983 3691 5044 pertra-

2099 5043 2302 5116 ctabat.
2347 5043 2622 5116 Habemus
2665 5044 2830 5098 etiam
2867 5057 2967 5116 pro
3017 5043 3390 5116 Itacveritate
3435 5043 3692 5116 gravissi-

2103 5129 2250 5169 mum
2273 5114 2331 5187 S.
2360 5112 2616 5170 Metltodii
2644 5112 3236 5187 testimoniumtquiin
3265 5114 3384 5170 Vita
3416 5112 3586 5187 ipsius
3611 5117 3691 5173 sic

2097 5188 2220 5244 ait:
2273 5186 2500 5240 Sanctus
2529 5201 2647 5239 vero
2685 5184 2998 5256 Dionysius,
3031 5185 3262 5255 Spiritus
3306 5184 3480 5241 saucii
3517 5191 3693 5243 calore

2098 5271 2345 5310 accensus
2389 5265 2541 5330 atque
2569 5255 2856 5328 apostolica
2894 5259 3202 5330 auctorigate
3241 5261 3506 5329 repletus,
3544 5274 3690 5330 qua:-

2097 5342 2313 5396 cuntque
2341 5343 2374 5380 a
2405 5326 2464 5382 S.
2489 5326 2696 5393 Spiritu
2725 5344 2829 5382 una
2851 5345 2974 5382 cunt
2998 5327 3059 5383 S.
3085 5326 3342 5384 Clemente
3371 5326 3692 5384 dieiua'ora-

2093 5404 2218 5471 puta
2241 5399 2476 5471 gentibus
2502 5397 2899 5453 dessetuinanda
2929 5410 3196 5470 acceperat
3218 5440 3232 5465 ,
3278 5399 3501 5468 ﬁdeliter
3526 5401 3694 5453 omni-

2103 5470 2194 5544 bus
2245 5470 3044 5544 Hesperiis_plagisdistribuit.
3092 5471 3225 5538 Quis
3264 5479 3446 5526 autem
3485 5471 3694 5544 nesciat

2105 5539 2417 5613 Hispaniam
2451 5559 2483 5598 a
2515 5539 2722 5599 Gratiis
2753 5543 3068 5610 ilesiteriam
3096 5545 3318 5606 dictam,
3348 5551 3403 5594 et
3428 5557 3454 5591 a
3486 5539 3693 5613 Latinis

2105 5611 2220 5668 non
2253 5615 2422 5670 semel
2453 5655 2468 5680 ,
2503 5623 2560 5670 ut
2596 5615 2736 5686 apud
2766 5615 3079 5686 Martialem
3122 5613 3310 5686 videre
3341 5619 3425 5663 est
3445 5614 3533 5686 (ut
3551 5611 3694 5669 alios

2104 5688 2372 5758 omittam)
2406 5687 2500 5757 qui
2537 5686 2605 5743 de
2631 5683 2888 5758 'Cprduba
2932 5686 3162 5758 loquens
3184 5683 3388 5758 lib._tx,
3427 5683 3694 5757 epigram.

2106 5759 2197 5828 lii,
2225 5755 2380 5834 cujus
2403 5755 2638 5836 initium,
2669 5755 2736 5816 In
2757 5755 3118 5824 Tartessiacis,
3151 5755 3321 5828 inquit
3348 5765 3363 5809 :
