4152 6174
483 190 589 249 347

1528 193 1757 251 FLAVI!
1797 193 1978 252 LUCII
2023 192 2284 249 DEXTRI
2324 192 2738 252 CllRONICON.

3676 196 3783 257 548

477 303 618 363 A.C.
641 306 764 363 175.
843 305 1192 363 Orationibus
1218 306 1670 377 Christianorum,
1705 308 1973 363 Antonino
1995 304 2062 361 ad
2092 304 2310 376 Quados
2341 290 2632 378 pugnante,
2652 309 3187 383 imernccionemque
3210 325 3428 368 suorum
3462 314 3529 370 Α.
3556 312 3625 369 Β.
3650 314 3777 371 926.

653 399 777 458 180.
927 400 1172 471 timente,
1201 400 1325 457 data
1364 409 1449 458 est
1474 400 1653 473 pluvia
1685 408 1742 457 et
1766 400 2017 456 victoria.

3576 395 3585 407 '
3655 409 3782 468 952.

842 497 1153 553 Antoninus
1182 509 1492 554 consortem
1527 499 1740 570 imperii
1769 499 1898 555 facit
1939 498 2109 554 ﬁliuni
2138 495 2519 554 Commodum.

839 592 1090 661 Utriculi,
1123 595 1289 668 qu:e(
1319 596 1480 651 Baatis
1507 595 1680 666 olim)
1726 596 1920 653 civitas
1947 603 2034 652 est
2060 595 2113 651 in
2151 596 2350 652 Baetica
2375 638 2391 665 ,
2448 611 2622 669 prope
2652 596 2947 669 Hispalim,
2997 608 3156 656 natus
3197 598 3430 670 Lucius,

913 685 1073 743 floret
1098 685 1310 757 Romae,
1341 688 1546 759 ingenii
1573 688 1733 744 laude
1762 688 2035 759 prteclari.

838 779 955 836 Hoc
985 787 1230 849 tempore
1255 794 1449 836 omnes
1475 780 1862 851 Hispaniarum
1897 780 2189 849 Ecclesite,
2218 781 2361 837 sicut
2390 782 2553 837 etiam
2584 782 2706 839 alias
2735 783 2902 840 totius
2938 781 3088 840 orbis
3121 790 3388 840 terrarum
3415 824 3433 851 ,

912 887 942 928 a
978 877 1200 944 paganis
1232 887 1421 943 pacem
1445 882 1701 930 mercata;
1727 883 1878 929 sunt.

1692 985 1951 1044 BIVARII
1990 986 2561 1046 COMMENTARIUS.

485 1133 532 1205 et
560 1120 828 1205 Apollonii
850 1126 1159 1204 martyrum,
1193 1119 1518 1205 qui'cum‘ad
1547 1135 1738 1205 corpus
1770 1120 1840 1203 .S.
1889 1121 2085 1177 Valen-
2112 1128 2165 1185 Α
2189 1114 2550 1205 interficerent.
2591 1121 3050 1205 Ex_s_lant_l_itter:g
3093 1122 3166 1178 M.
3226 1122 3459 1205 Aurelii.
3481 1124 3789 1205 gravissimi

488 1197 586 1251 tini
605 1188 808 1267 uigilias
835 1188 1064 1267 agerent,
1088 1188 1248 1267 jussu
1276 1188 1481 1267 Leontii
1516 1188 1807 1267 consularis
1852 1209 2089 1267 compre-

488 1266 636 1321 hensi
656 1261 844 1333 'gladio
872 1261 991 1316 ctesi
1017 1272 1156 1316 sunt.
1191 1261 1453 1333 [tulerunt
1478 1262 1597 1331 ejus
1625 1272 1779 1326 acta,
1812 1280 1933 1319 cum
1969 1261 2089 1320 ’νη-

488 1324 843 1403 Ιθηιίιιῖνίιει,
871 1334 1067 1406 Petrus
1104 1333 1158 1388 iii
1204 1331 1461 1406 Catalogo
1506 1324 1737 1406 lib._[tii,
1768 1324 1908 1404 ’cap.
1940 1337 2085 1406 1‘22},

491 1407 827 1463 Mombritius
852 1413 1002 1458 tonio
1030 1403 1074 1458 ll
1107 1416 1186 1469 ,et
1211 1403 1405 1459 Surius
1431 1415 1576 1458 tonio
1615 1403 1673 1466 l,
1724 1413 1781 1459 et
1830 1403 1955 1462 ante
1993 1403 2089 1462 eos

494 1478 790 1533 Bliabanus
822 1477 874 1531 iu
904 1475 1294 1546 Martyrologio
1319 1490 1406 1529 im
1428 1475 1648 1531 kalend.
1682 1475 1882 1533 Martii.
1937 1479 2091 1533 Alter

490 1551 654 1605 etiam
706 1547 963 1601 Proculus
999 1547 1053 1601 in
1078 1546 1267 1601 eadem
1307 1546 1528 1601 civitate
1575 1561 1765 1616 passus
1815 1547 1915 1603 fuit
1945 1549 2032 1603 die
2059 1550 2086 1604 i

497 1619 839 1683 Decembris,
872 1619 940 1673 de
980 1632 1090 1687 quo
1142 1618 1441 1671 Romanum
1487 1617 1923 1688 Martyrologium
1974 1619 2093 1675 banc

494 1694 569 1745 ait
603 1709 615 1744 :
651 1692 966 1743 Interamna:
989 1690 1050 1742 δ.
1090 1687 1301 1741 Proculi
1309 1688 1553 1758 fpiscopi
1573 1687 1633 1742 et
1666 1691 1909 1758 martyris
1934 1732 1949 1755 ,
2003 1691 2092 1751 qui

495 1771 608 1833 post
633 1762 794 1833 multa
821 1759 1216 1833 egregiappera
1242 1775 1276 1833 a_
1306 1755 1479 1811 Totila
1500 1755 1947 1833 G_otltorum'r;ege
1968 1761 2090 1828 jits-
2127 1790 2140 1801 -

496 1828 585 1887 sus
622 1839 696 1886 est
727 1829 997 1884 decollari.
1029 1828 1203 1901 Habet
1230 1829 1349 1901 ejus
1378 1838 1496 1884 aeta
1531 1829 1721 1901 Petrus
1752 1832 1803 1901 in
1834 1828 2092 1901 catalogo

500 1904 597 1957 lib.
630 1919 670 1965 ι,
694 1917 816 1971 cap.
845 1901 931 1966 15,
956 1900 1260 1971 asseritque
1286 1900 1356 1954 de
1381 1901 1620 1968 partibus
1648 1899 1820 1971 Syriae
1847 1899 2093 1971 temporc

495 1972 692 2029 Justini
724 1970 1067 2040 imperatoris
1096 1970 1322 2026 Romam
1339 1973 1578 2044 venisse,
1605 1970 1835 2044 eumque
1863 1970 2092 2044 presby-

502 2054 676 2099 terum
722 2045 1030 2099 ordinatum
1062 2057 1091 2095 a
1132 2053 1322 2099 sancto
1367 2042 1653 2097 Valentino
1701 2041 2093 2100 luterainneiisi

503 2116 783 2186 pontifice,
817 2114 1104 2182 eidemque
1131 2128 1227 2182 par
1273 2116 1594 2186 martyrium
1627 2114 1839 2186 sublato
1878 2129 2097 2170 succes-

503 2185 641 2243 sisse
671 2188 722 2241 in
753 2186 1089 2255 episcopatu,
1118 2188 1193 2239 ac'
1214 2186 1428 2239 tandem
1467 2185 1624 2252 jussu
1656 2185 1846 2239 Totila:
1867 2186 2098 2241 decolla-

507 2267 641 2315 tum.
670 2259 932 2314 Existimo
958 2268 1135 2311 tamen
1162 2258 1304 2310 linne
1333 2272 1440 2310 non
1472 2257 1637 2311 fuisse
1665 2256 1978 2326 episcOpnin
2013 2259 2097 2312 ln-

504 2338 925 2388 teramnensein.
959 2329 1053 2382 sed
1082 2328 1461 2390 Narniensem,
1485 2327 1901 2382 etValentinuin
1920 2330 2095 2397 illum,

500 2402 589 2456 cui
620 2403 884 2455 successit
910 2397 963 2453 in
985 2401 1322 2469 episcopatu,
1352 2399 1709 2454 Narniensem
1744 2400 1965 2467 pariter,
1989 2402 2097 2456 non

504 2471 972 2529 hiterainueusem
1013 2472 1299 2540 pra-sulem
1330 2472 1518 2536 fuisse,
1536 2471 1931 2541 irrepsissrq'ie
1948 2489 2099 2526 inen-

501 2543 651 2607 dmn,
675 2553 733 2598 ut
764 2558 860 2611 pro
889 2542 1174 2596 Narniensi
1194 2583 1209 2608 ,
1242 2541 1910 2608 lnteramnensisdicatur,
1939 2559 2098 2598 occa-

501 2615 659 2668 sioiie
686 2614 755 2668 ab
781 2613 888 2667 alio
913 2612 1265 2667 Valentinoct
1285 2614 1516 2668 Proculo
1543 2614 1661 2682 ejus
1686 2612 1838 2667 urbis
1851 2623 2093 2682 accepta.

504 2684 724 2740 Mereor
752 2693 933 2737 autem
962 2697 1029 2736 ex
1057 2697 1123 2738 co
1153 2685 1294 2750 quod
1327 2684 1609 2741 Usuardus
1635 2699 1743 2737 non
1770 2684 1897 2753 legit
1920 2684 2095 2739 Ιηιιν-

502 2771 691 2821 amnre,
724 2756 820 2809 sed
853 2755 1057 2809 civitate
1086 2754 1321 2822 Narnia;
1343 2767 1396 2811 et
1429 2757 1481 2808 iii
1521 2754 1757 2823 antiquis
1789 2770 1920 2811 mss.
1956 2760 2098 2812 Mar-

503 2827 753 2899 tyrologii
786 2826 1012 2899 Itomani
1052 2826 1367 2899 codicibus,
1392 2826 1698 2899 praesertim
1747 2825 1801 2880 in
1842 2843 1909 2882 eo
1953 2830 2094 2899 quod

504 2895 763 2969 liomaiin
797 2896 1040 2969 Ecclesia
1070 2897 1375 2969 S._Cyriaci
1397 2895 2094 2969 omniumivetustissiinuni

503 2967 754 3031 habetur,
778 2969 857 3044 sic
879 2968 1102 3044 legitur;
1121 2967 1321 3044 aruis
1346 2969 1533 3044 natalis
1547 2969 1609 3025 S.
1631 2968 1847 3044 Proculi
1870 2973 2097 3044 episcopi

502 3049 551 3094 et
575 3043 840 3112 martyris.
874 3040 1142 3111 Quidquid
1172 3042 1241 3096 de
1285 3042 1435 3097 urbis
1480 3044 1700 3096 nomine
1737 3042 1805 3097 sit
1830 3083 1844 3106 ,
1886 3040 2093 3099 eertum

503 3119 588 3166 est
616 3113 895 3169 diversum
927 3113 1213 3168 Proculum
1248 3112 1415 3168 fuisse
1435 3128 1463 3166 a
1493 3114 1670 3182 primo
1702 3112 1826 3181 illo,
1854 3116 2094 3183 quando-

505 3183 720 3256 quidem
751 3186 843 3240 ille
880 3186 1160 3240 saecularis
1181 3183 1341 3247 civis,
1375 3186 1462 3239 liic
1492 3186 1781 3256 episcopus
1804 3226 1819 3250 ,
1863 3187 1963 3240 ille
1995 3189 2096 3242 sub

502 3252 762 3328 Romanis
792 3255 1123 3328 principibus
1164 3256 1462 3311 Ecclesium
1489 3252 1935 3327 persequentibus
1962 3299 1976 3323 ,
2010 3261 2096 3313 hic

504 3325 607 3379 sub
631 3326 804 3382 Tetila
838 3325 1029 3396 passus
1051 3337 1156 3391 est,
1187 3328 1388 3381 multos
1405 3336 1537 3397 post
1574 3325 1763 3381 annos.
1808 3329 1951 3383 Duos
1997 3345 2094 3383 au-

506 3401 612 3469 tem
645 3399 868 3469 reperiri
906 3398 1222 3453 Valentinos
1249 3399 1544 3465 episcopos
1567 3409 1623 3453 et
1651 3409 1919 3469 martyres
1942 3441 1956 3463 ,
1988 3416 2095 3455 non

506 3467 835 3541 mirandum,
863 3482 984 3541 cum
1001 3469 1137 3541 alias
1151 3484 1227 3541 ex,
1248 3480 1492 3522 actorum
1521 3478 1575 3524 et
1598 3467 1864 3541 martyr—ii;
1883 3486 1946 3526 ac
1970 3481 2098 3526 tem-

508 3550 696 3604 porum
728 3537 991 3595 distantia
1018 3540 1173 3594 valde
1200 3540 1442 3595 diversos
1469 3555 1591 3596 esse
1613 3537 1843 3596 constet.

578 3607 654 3663 De
678 3609 788 3683 alio
813 3608 871 3664 S.
901 3611 1131 3667 Proculo
1160 3621 1399 3683 martyre
1427 3612 1749 3669 lutei'amiiis
1790 3627 1949 3683 passo
1990 3614 2098 3671 fes-

507 3688 617 3754 tum
644 3681 822 3752 agitur
852 3685 941 3741 die
973 3684 1039 3739 14
1080 3684 1284 3754 Aprilis
1306 3681 1477 3740 simul
1506 3698 1628 3739 cuin
1659 3684 1717 3740 S.
1747 3681 2008 3741 Domuina
2040 3697 2096 3744 et

500 3752 774 3833 sonitibus.
803 3755 1066 3833 Baronius
1098 3752 1271 3833 ipsum
1301 3773 1423 3813 cum
1451 3760 1645 3833 altero,
1694 3758 1764 3815 de
1801 3774 1907 3833 quo
1954 3775 2097 3816 nunc

503 3820 767 3895 diximus,
798 3820 1138 3885 contundens
1164 3831 1476 3902 episcopum
1519 3820 1686 3887 fuisse
1722 3820 2090 3887 existimavit:

2196 1194 2565 1264 Imperatoris,
2597 1195 2794 1263 quibus
2831 1195 2975 1248 illam
3007 1193 3387 1250 Germanicam
3416 1193 3563 1250 sitim
3602 1194 3792 1254 Chris-

2195 1267 2464 1321 tianorum
2502 1266 2661 1337 torte
2702 1265 2938 1319 militum
2987 1266 3434 1331 precationibus,
3492 1266 3792 1337 impetrato

2192 1337 2385 1403 imbre,
2418 1336 2660 1391 sedatam
2692 1346 2938 1391 testatur.
2973 1338 3113 1392 Eam
3149 1336 3437 1405 epistolam
3483 1353 3551 1392 ex
3578 1336 3791 1398 codice

2195 1407 2600 1481 ntsLVaticana‘.
2619 1407 2965 1481 bibliotheca:
2988 1408 3171 1463 reddit
3197 1408 3461 1481 B’jl’QDlll}
3491 1423 3636 1463 anno
3657 1413 3788 1481 176,

2194 1489 2247 1533 et
2275 1478 2588 1547 Onuplirius
2647 1479 2743 1533 lib.
2789 1494 2824 1533 ti
2855 1479 3165 1534 Festoruin.
3215 1479 3365 1533 Multi
3414 1478 3791 1538 Romanarum

2196 1566 2385 1623 rerum
2409 1548 2941 1623 etbtiici‘scriptores
2969 1550 3089 1619 ejus
3116 1551 3460 1623 miraculosic
3484 1552 3701 1623 pluviae,
3733 1563 3795 1609 et

2194 1622 2440 1675 victoria:
2471 1620 2860 1688 meminerunt,
2894 1622 2987 1675 sed
3017 1633 3198 1675 tamen
3230 1621 3359 1675 odio
3380 1619 3702 1678 Christianas
3732 1625 3793 1679 li-

2195 1693 2281 1745 dci
2311 1692 2484 1758 ducti,
2514 1691 2636 1745 aliis
2663 1693 2890 1761 gloriam
2918 1692 3432 1748 attribuuiitJulius
3451 1692 3807 1762 Capitolinus-

2199 1762 2529 1838 Marco__ipsi
2579 1762 2855 1838 Aurelio;_
2887 1763 2987 1838 Dio
3039 1763 3281 1830 Arnuplii
3325 1763 3544 1838 cuidam
3597 1780 3790 1838 mago;

2197 1832 2441 1887 nonnulli
2472 1835 2656 1887 nescio
2682 1838 2767 1889 cui
2827 1834 3046 1890 Juliano
3101 1850 3279 1904 mago.
3322 1837 3591 1889 Cteleruin
3638 1832 3794 1894 re'cte

2198 1903 2514 1977 Xipliilinus
2558 1905 2781 1959 Dionem
2813 1905 3087 1975 redarguit
3116 1906 3393 1971 falsitatis,
3426 1918 3537 1960 tum
3561 1910 3687 1977 quia
3718 1909 3790 1965 Μ.

2198 1975 2457 2029 Aurelius
2511 1990 2804 2043 numquam
2851 1990 3037 2045 magos
3093 1978 3404 2042 consuluit,
3463 1988 3555 2031 aut
3581 1975 3791 2035 'eorum

2197 2060 2368 2114 opere
2400 2046 2703 2101 delectatus
2736 2047 2854 2113 fuit,
2887 2056 2999 2101 tum
3021 2046 3184 2101 etiam
3212 2049 3336 2118 quia
3367 2064 3529 2103 nemo
3554 2049 3675 2104 talis
3689 2053 3795 2108 Ar-

2198 2118 2396 2191 nuptiis
2426 2133 2681 2191 umqumu
2714 2120 2985 2172 meminit.
3018 2119 3094 2191 De
3116 2120 3357 2191 yictoria
3384 2135 3511 2173 vero
3538 2120 3652 2189 ipsa
3682 2139 3791 2191 ope
3816 2152 3819 2161 ι

2197 2188 2628 2243 Christianorum
2654 2189 2947 2257 impetrata
2977 2190 3159 2258 pluvia
3189 2192 3255 2246 de
3273 2191 3481 2258 Quadis
3502 2188 3571 2244 ac
3585 2188 3793 2248 Marem

2201 2261 2417 2314 mannis
2440 2267 2711 2331 reportata
2736 2272 2901 2331 agunt
2930 2262 3268 2317 Claudianus
3299 2265 3354 2316 iii
3385 2278 3436 2315 VI
3484 2260 3785 2319 Consulatu

2200 2331 2423 2386 llouorii
2447 2330 2541 2385 lib.
2576 2347 2613 2401 ι.
2642 2330 2990 2386 Terttilianus
3020 2332 3250 2399 Apolog.
3279 2348 3400 2401 cap.
3430 2334 3464 2388 5
3492 2343 3550 2388 et
3572 2335 3639 2388 ad
3667 2334 3799 2391 Sea-

2203 2403 2383 2472 pulam
2414 2417 2533 2470 cap.
2562 2400 2619 2468 4,
2652 2402 2921 2456 Ειιςρὺίιιε
2968 2402 3164 2458 iterum
3197 2405 3291 2459 lib.
3318 2400 3500 2469 v’cap.
3535 2408 3590 2471 5‘,
3624 2422 3687 2461 ex
3722 2411 3791 2460 A-

2206 2473 2908 2548 pollinare_Hieropelitann
2935 2474 3049 2548 :Ade
3070 2489 3180 2544 quo
3210 2477 3374 2544 paulo
3403 2475 3658 2545 Superius
3680 2480 3797 2548 egit

2207 2544 2424 2599 Dexter.
2458 2545 2646 2615 [tlestat
2676 2546 2853 2599 adhuc
2875 2545 3086 2615 insigne
3112 2548 3246 2601 tanti
3279 2544 3522 2603 miraculi
3551 2544 3797 2604 testiino-

2204 2615 2352 2670 nium
2393 2616 2447 2669 in
2477 2612 2741 2669 Columna
2783 2615 2852 2669 M.
2904 2612 3153 2684 Aurelii,
3186 2618 3373 2673 Romae
3427 2634 3572 2673 nunc
3613 2619 3795 2676 Sancti

2203 2685 2361 2741 Pauli
2390 2695 2717 2754 nuncupata,
2751 2688 2843 2742 ubi
2872 2695 2981 2742 tcta
3035 2689 3115 2741 rei
3149 2690 3370 2744 historia
3418 2692 3676 2746 marmori
3710 2692 3796 2747 iii-

2201 2759 2325 2829 ciaa
2358 2759 2623 2829 cernitur,
2656 2758 2811 2827 cujus
2832 2760 3044 2829 copiam
3069 2757 3331 2814 Duronius
3353 2770 3653 2821 extractam
3681 2762 3795 2818 Ati-

2201 2827 2555 2903 nalibiissuis
2581 2829 2841 2903 inseruit_.
2865 2827 3306 2903 Legioniautem
3337 2832 3493 2902 cujus
3536 2847 3641 2903 ope
3678 2836 3790 2890 vic~

2203 2901 2337 2953 toria
2388 2899 2609 2954 obtenta
2655 2907 2759 2963 est,
2800 2899 3209 2958 Folniinatricis
3276 2899 3475 2958 nomen
3530 2899 3796 2960 indidisse

2200 2986 2391 3044 omnes
2419 2971 2686 3044 scribunt.
2712 2969 2979 3026 Caeterum
3004 2972 3208 3029 milites
3235 2973 3371 3028 inea
3402 2974 3669 3044 Hispanos
3696 2991 3798 3031 ex-

2201 3042 2419 3116 stitisse
2468 3042 2629 3116 satis
2677 3050 2927 3116 testatur'_
2957 3044 3240 3113 inscriptio
3295 3044 3383 3098 illa
3435 3042 3790 3116 sepulcralis,

2199 3129 2360 3185 quam
2392 3113 2571 3169 Julius
2611 3112 2833 3169 loschus
2882 3112 3138 3184 ejusdem
3180 3116 3409 3185 legionis
3447 3112 3604 3173 miles
3647 3118 3795 3173 Iulio

2198 3183 2452 3259 Secundo
2485 3183 3044 3259 libertosuo‘posuiit,
3074 3193 3139 3259 et
3167 3183 3307 3259 apud
3358 3188 3618 3244 Moralem
3652 3189 3794 3259 legi-

2199 3269 2319 3331 mus
2349 3256 2450 3311 sub
2483 3256 2566 3310 bis
2592 3256 2896 3331 verbislib.
2918 3271 3080 3331 iit,_c.
3107 3257 3177 3331 5_8
3203 3257 3399 3331 :Alulio
3424 3259 3664 3331 Secundo
3701 3256 3797 3331 qui

2197 3327 2321 3381 vixit
2351 3342 2477 3382 ann.
2505 3341 2693 3382 xxxvi.
2736 3326 2866 3380 Maii
2904 3327 2972 3381 ι).
3006 3327 3076 3381 Χ.
3123 3328 3183 3385 C.
3220 3328 3403 3385 Julius
3442 3326 3796 3394 loschus,le—

2197 3400 2365 3473 gionis
2392 3396 2953 3473 rxii.‘Fulminat_i-icis,
2998 3401 3180 3456 liberto
3220 3402 3344 3456 bene
3392 3404 3605 3456 merenti
3646 3404 3790 3473 fecit.

2198 3468 2435 3542 Consule
2465 3468 2960 3542 Orosiumrlibq'tt,
2981 3486 3103 3542 cap.
3131 3473 3222 3527 15.

2270 3541 2334 3595 A.
2363 3541 2427 3595 C.
2460 3539 2584 3596 180.
2619 3567 2690 3579 —
2720 3541 2773 3593 t.
2808 3539 3125 3605 Antoninus,
3163 3553 3271 3599 etc.
3304 3544 3591 3600 Consentit
3616 3544 3794 3601 Euse-

2198 3610 2342 3683 bius,
2373 3612 2527 3683 cujus
2550 3610 2667 3683 haec
2689 3620 2814 3665 sunt
2834 3617 3004 3681 verba
3032 3616 3133 3669 boc
3156 3616 3273 3683 ipso
3293 3631 3437 3669 anno
3462 3634 3476 3669 :
3504 3614 3796 3672 Antoninus

2199 3681 2536 3758 Commodum
2559 3682 2730 3758 ﬁlium
2748 3698 2901 3758 suum
2925 3681 3220 3740 consortem
3238 3689 3385 3758 regni
3415 3688 3562 3758 facit.
3586 3687 3704 3754 Qua
3725 3688 3797 3742 de

2199 3770 2258 3808 rc
2274 3756 2616 3823 Lampridius
2640 3753 2695 3807 in
2719 3756 3018 3809 Commodo
3042 3768 3095 3811 et
3124 3758 3239 3812 alii.
3264 3753 3599 3812 Antoninum
3616 3753 3792 3813 istum

2201 3842 2308 3900 non
2347 3827 2517 3900 alium
2554 3840 2732 3900 rquain
2780 3825 2864 3900 Μ.Δ
2885 3828 3175 3900 Aurelium
3224 3829 3521 3900 intelligas.
3558 3827 3799 3886 Consule

505 3906 559 3950 et
588 3910 759 3976 usque
786 3904 851 3955 ad
876 3903 1178 3959 Romanum
1200 3897 1665 3976 Martyrologium
1721 3906 1973 3961 mendum
2022 3904 2097 3960 ir-
2124 3899 2167 3961 C
2201 3898 2479 3976 0r95i9_ms
2509 3899 2607 3976 Ill);
2634 3912 2727 3965 "ll,
2760 3912 2814 3976 (ξε
2845 3897 2933 3976 15:

505 3969 710 4035 repsit;
739 3986 859 4026 cuin
884 3984 1065 4031 tamen
1090 3988 1218 4029 ante
1238 3969 1600 4031 Baronia‘nam
1627 3976 1771 4030 illius
1792 3979 2091 4031 correctio-

505 4051 630 4115 nem
662 4043 849 4115 titulus
877 4046 1120 4115 episcopi
1152 4046 1204 4099 in
1239 4055 1385 4100 textu
1414 4048 1646 4100 deesset.
1679 4046 1747 4100 Et
1774 4049 1852 4100 sic
1876 4061 2097 4112 prorsus

506 4108 797 4187 legendum
827 4108 1304 4172 suadent'caetera
1356 4116 1760 4187 Martyrologia.
1821 4108 2099 4187 usuardus

503 4183 679 4259 solum
713 4185 875 4242 habet
906 4204 919 4240 :
953 4187 1270 4242 Interamais
1303 4187 1369 4242 Β.
1408 4183 1624 4241 Proculi
1653 4183 1915 4259 martyris.
1963 4186 2098 4243 Item

505 4250 567 4307 8.
590 4253 870 4330 _l)omnina:
897 4260 1111 4330 virginis
1136 4276 1253 4312 cum
1265 4262 1417 4314 sociis
1442 4250 2013 4329 virginibnsco'ronalw.
2033 4263 2099 4316 Et

502 4324 692 4379 eadem
730 4329 896 4386 verba
925 4324 1127 4387 habent
1158 4330 1302 4386 Beda
1327 4342 1384 4387 et
1425 4324 1576 4395 Ado,
1609 4337 1666 4386 et
1693 4335 1966 4387 consentit
1998 4333 2098 4388 Pc-

505 4404 619 4451 tt'us
649 4398 965 4473 Galesinus.
987 4404 1066 4459 sic
1096 4404 1376 4473 inquiens,
1428 4403 1735 4458 Intera'nnii
1768 4405 1830 4459 S.
1884 4402 2097 4459 Proculi

502 4472 768 4542 martyris,
796 4474 916 4529 item
940 4472 1218 4530 Doninina:
1232 4475 1444 4547 virginis
1464 4486 1531 4547 et,
1556 4476 1835 4541 sociarum,
1865 4485 1969 4531 etc.
1999 4476 2099 4529 Pe-

503 4548 618 4596 trus
671 4560 889 4619 quoque
952 4547 1243 4619 Equiliuus
1290 4546 1381 4602 lib.
1419 4546 1748 4619 stCatalogi
1799 4561 1927 4618 Cap.
1970 4548 2119 4618 ίόυ,⁵

503 4626 653 4690 num.
687 4615 813 4685 121,
841 4619 956 4675 haec
988 4615 1179 4675 liabet:
1206 4617 1466 4674 Proculus
1496 4615 1783 4690 martyr'ct
1843 4615 2098 4674 Domnina

501 4682 642 4756 virgo
667 4682 808 4764 cunt
830 4693 982 4764 sociis
1005 4692 1286 4764 virginibus
1330 4694 1444 4762 ipso
1489 4694 1574 4747 die
1612 4682 1927 4764 interamnis
1957 4692 2100 4760 passi

501 4767 641 4810 sunt.
666 4759 784 4827 Quo
812 4763 996 4817 videas
1044 4759 1359 4817 nullatenus
1381 4765 1669 4820 Proculum
1694 4763 1859 4818 istum
1888 4759 2100 4831 episco-

506 4831 843 4908 punt_l‘uiss_e,
882 4833 977 4888 sed
1008 4836 1287 4908 dumtaxat
1338 4846 1630 4908 martyrem
1655 4878 1669 4901 ,
1710 4836 1849 4908 sicut
1904 4835 2100 4908 Dexter

506 4901 608 4956 lioc
636 4903 960 4976 locoipsum
996 4906 1260 4968 nominat,
1296 4913 1352 4958 et
1378 4901 1537 4974 quem
1572 4908 1719 4976 prius
1750 4904 2012 4961 Domuina
2045 4912 2100 4959 et

505 4986 724 5046 sorores
746 4975 1150 5030 illustraverunt
1180 4980 1447 5046 sanguine
1476 4975 1596 5032 fuso
1627 4977 1954 5032 nobilitarit.
1986 4976 2096 5032 Alii

504 5042 670 5117 igitur
690 5045 799 5117 duo
825 5047 1041 5117 Proculi
1070 5049 1120 5101 in
1154 5042 1327 5117 Italia,
1361 5047 1451 5103 liic
1499 5060 1678 5104 autem
1736 5051 1789 5103 in
1838 5047 2097 5116 Hispania

505 5115 875 5192 triumpliayit.
911 5116 1046 5175 Vide
1071 5135 1194 5192 quae
1221 5119 1289 5174 de
1316 5115 1384 5175 eo
1413 5128 1469 5174 et
1486 5120 1751 5175 Domniua
1774 5115 2010 5176 diximus
2032 5119 2098 5175 ad

505 5202 705 5242 annum
742 5187 865 5244 160.
1094 5187 1104 5192 ’
1733 5208 1736 5212 ‘

575 5256 990 5333 5.0rationibus
1021 5260 1454 5331 Christianorum,
1479 5272 1585 5320 etc.
1611 5264 1810 5320 Fusius
1832 5263 1947 5318 haec
1975 5276 2096 5333 per-

502 5331 747 5403 sequitur
774 5331 1039 5388 Euscbius
1071 5334 1123 5386 in
1154 5335 1429 5390 Chronico
1452 5378 1465 5399 ,
1519 5350 1661 5391 anno
1710 5336 1919 5391 Domini
1963 5331 2089 5391 1‘76.

501 5403 817 5473 Imperator,
847 5406 944 5472 ait,
980 5404 1270 5459 Antoninus
1312 5406 1485 5461 multis
1510 5408 1779 5463 adversum
1801 5423 1854 5462 se
1881 5421 2095 5460 nasccn-

498 5476 632 5551 tibus
658 5474 804 5535 bellis
824 5492 960 5551 stupe
983 5477 1093 5551 ipse
1117 5476 1384 5551 intererat,
1411 5494 1545 5551 saepe
1572 5480 1726 5533 duces
1751 5478 2096 5551 nobilissimos

498 5547 901 5618 destinaralsin
926 5549 1110 5616 quibus
1147 5548 1304 5602 semel
1331 5547 1661 5618 pertinaciter
1688 5549 1935 5603 exercitui
1961 5593 1976 5614 ,
2009 5548 2097 5615 qui

497 5635 612 5672 cum
642 5634 700 5672 eo
723 5617 1116 5691 inQuadorum
1144 5617 1355 5689 regione
1380 5622 1672 5691 pugnabat,
1723 5622 1807 5673 siti
1842 5633 2096 5691 oppresso

497 5690 670 5755 pluuia
697 5690 944 5745 divinitus
972 5692 1131 5745 missa
1159 5700 1231 5745 est
1262 5706 1278 5742 :
1327 5690 1461 5745 cum
1490 5692 1778 5747 ccontrario
1808 5690 2094 5745 Genaunos

490 5767 537 5813 et
560 5758 832 5817 Sarmatas
856 5762 1081 5831 fulmina
1109 5772 1530 5835 persequerentur
1547 5776 1596 5821 et
1622 5762 1879 5835 plurimos
1908 5776 2091 5818 eorum

2270 3970 2325 4024 2.
2355 3969 2607 4043 Utriculi,
2639 3981 2749 4043 etc.
2782 3971 3000 4034 Strabo,
3029 3971 3125 4026 lib.
3158 3986 3216 4026 iii
3242 3970 3623 4043 Geographiaa,
3650 3972 3799 4027 inter

2204 4041 2502 4113 pracipuos
2527 4040 2749 4113 Baeticae
2770 4044 3070 4113 provincia;
3094 4046 3283 4111 urbes,
3308 4040 3504 4113 quarto
3525 4046 3640 4097 loco
3662 4058 3797 4099 con-

2200 4114 2377 4167 stituit
2407 4112 2591 4167 Btetim
2617 4152 2631 4175 ,
2671 4112 2915 4166 videlicet
2949 4126 3070 4182 post
3100 4112 3405 4170 Cordubam
3428 4159 3442 4181 ,
3493 4112 3702 4178 Gades,
3741 4124 3799 4169 et

2205 4184 2488 4254 Ilispalim.
2538 4182 2729 4255 Utrum
2772 4186 3046 4255 auteniab
3074 4201 3140 4239 co
3168 4184 3327 4241 Bmtis
3354 4187 3551 4241 ﬂuvius
3578 4197 3633 4240 et
3665 4201 3795 4255 pro-

2202 4253 2373 4310 vincia
2412 4267 2520 4311 tota
2555 4254 2750 4307 Baetica
2777 4253 2921 4309 dicta
2949 4254 3149 4320 fuerit,
3187 4272 3257 4312 an
3288 4272 3421 4312 vero
3447 4253 3796 4312 Civitas—lituo

2202 4344 2227 4378 a
2258 4327 2421 4382 ﬂuvio
2453 4340 2651 4381 nomen
2680 4328 2972 4393 acceperit,
2998 4328 3228 4384 delinire
3252 4343 3360 4383 non
3390 4328 3586 4384 audeo.
3616 4327 3795 4383 Latini

2201 4413 2321 4453 eam
2353 4405 2614 4471 vocarunt
2645 4394 2963 4471 Utriculum,
2996 4401 3141 4470 quod
3174 4401 3326 4471 quasi
3359 4401 3413 4454 iu
3440 4401 3622 4454 medio
3653 4399 3797 4454 uteri

2203 4471 2373 4526 totius
2403 4469 2617 4523 Baeticae
2655 4467 2952 4524 constituta
2980 4467 3147 4525 esset.
3193 4467 3367 4526 Hodie
3397 4470 3798 4537 aliquantulum

2203 4548 2412 4597 mutato
2438 4542 2673 4613 gnomine
2698 4580 2713 4605 ,
2750 4537 2938 4613 Utrera
2963 4541 3182 4608 dicitur,
3225 4557 3505 4613 propeque
3537 4542 3795 4609 llisiialim

2201 4613 2403 4670 existit.
2436 4611 2533 4665 Hic
2560 4610 2720 4683 igitur
2750 4612 2975 4682 insignis
3004 4613 3098 4666 ille
3128 4610 3367 4681 Lucius‘,
3412 4610 3497 4669 sui
3532 4615 3797 4683 temporis

2204 4687 2255 4739 in
2288 4683 2525 4739 oratoria
2564 4680 2820 4737 facultate
2853 4680 3144 4750 praclarus
3185 4680 3383 4749 natus,
3418 4686 3609 4741 Romte
3649 4680 3801 4753 post-

2204 4758 2421 4827 modum
2448 4753 3046 4827 veltementerifloruit,
3076 4756 3232 4827 cujus
3257 4771 3381 4811 cum
3415 4770 3606 4827 magna
3635 4757 3802 4812 laude

2205 4825 2452 4881 meminit
2500 4826 2671 4899 Lucas
2712 4825 2981 4899 Tudensis
3011 4826 3063 4879 in
3111 4825 3339 4899 prologo
3377 4830 3461 4884 sui
3491 4826 3753 4883 Chronici
3780 4869 3797 4894 ,

2203 4901 2330 4957 dum
2360 4899 2576 4953 brevem
2605 4896 2893 4970 illustrium
2929 4896 3163 4953 virorum
3194 4896 3322 4954 facit
3347 4901 3677 4970 catalogum,
3705 4900 3798 4970 qui

2205 4972 2258 5027 in
2293 4970 2546 5027 Hispania
2579 4969 2688 5021 nati
2719 4978 2864 5020 sunt.

2273 5047 2326 5101 5.
2351 5040 2469 5096 Hoc
2491 5050 2737 5110 tempore,
2769 5049 2876 5095 etc.
2912 5041 3157 5097 Potuisse
3184 5040 3525 5098 Christianos
3554 5041 3799 5096 vexatio-

2205 5133 2352 5182 nem,
2398 5126 2563 5184 quam
2600 5112 2669 5164 ab
2707 5110 2939 5167 ethnicis
2992 5114 3335 5181 patiebantur
3376 5114 3607 5184 pecunia
3649 5113 3800 5167 redi~

2204 5203 2378 5252 mere,
2406 5197 2637 5239 nervose
2664 5193 2720 5237 et
2749 5184 3028 5255 eleganter
3052 5186 3239 5241 docuit
3261 5187 3321 5240 S.
3343 5184 3538 5241 Petrus
3564 5184 3802 5240 Alexan~

2204 5262 2395 5316 drinus
2423 5255 2710 5324 episcopus
2735 5263 2791 5311 et
2810 5269 3021 5328 martyr
3045 5275 3059 5311 :
3088 5257 3249 5327 idque
3274 5263 3530 5328 constare
3555 5256 3803 5328 esActis

2201 5328 2570 5402 apostolorum
2596 5340 2718 5397 cap.
2737 5343 2860 5402 xvii
2876 5326 3368 5402 probantimnnulli
3394 5345 3409 5402 :_
3425 5326 3805 5402 nam_ibi_l_egi-

2200 5396 2354 5469 inus,
2394 5398 2548 5470 quod
2581 5396 2769 5454 exorta
2803 5396 3211 5455 Thessalonica:
3252 5396 3523 5454 seditione
3553 5398 3605 5452 in
3637 5396 3805 5470 disci-

2199 5464 2379 5544 pulos,
2401 5464 2429 5525 ὁ
2451 5464 2653 5544 Judreis
2670 5471 3093 5526 vociferantibus
3118 5489 3131 5525 :
3159 5470 3495 5544 Quoniam_hi
3512 5470 3601 5538 qui
3621 5468 3802 5523 urbem

2200 5538 2485 5613 concitant,
2506 5551 2553 5595 et
2580 5539 2681 5613 huc
2702 5549 2965 5608 venerunt,
2993 5559 3122 5613 quos
3148 5544 3373 5610 suscepit
3399 5538 3589 5608 Iason,
3619 5552 3803 5594 contra

2201 5618 2406 5670 decreta
2446 5610 2671 5685 Cwsaris
2720 5613 2953 5679 faciunt,
3004 5610 3173 5685 regem
3219 5615 3381 5668 alium
3424 5612 3653 5685 dicentes
3692 5626 3802 5685 esse

2199 5687 2397 5742 Iesum.
2429 5683 2824 5756 Concinit-erunt
2850 5696 3033 5756 ganteni
3063 5682 3264 5756 plebem
3299 5694 3347 5738 et
3384 5684 3650 5756 principes
3677 5682 3799 5734 cici-

2202 5762 2325 5815 tatis
2356 5755 2625 5811 audientes
2664 5753 2791 5809 licet.
2833 5753 3105 5813 Caeteruin
3136 5769 3343 5828 accepta
3378 5754 3732 5826 satisfactione
3765 5767 3800 5806 α
