4122 6172
365 195 477 256 369

1402 206 1633 267 FLAVI!
1672 207 1852 267 LUCII
1892 208 2150 270 DEXTR!
2188 210 2607 272 Cl-IRONICON.

365 312 664 373 A.C.25l.
740 314 1054 375 Alexander
1082 318 1379 391 imperator
1409 326 1630 397 egregie
1662 326 1779 397 pius
1818 326 1873 381 in
1907 335 2134 383 matrem
2178 327 2525 384 Mammeam.

525 408 652 467 255.
728 409 999 484 Origenes
1027 427 1096 470 ex
1124 413 1457 472 Alexandria
1484 417 1555 474 ad
1585 418 1887 475 Cmsaream
1933 418 2235 474 Palaestina:
2280 419 2433 475 abiit.

528 502 654 560 257.
732 502 1047 563 Alexander
1075 505 1374 577 imperator
1401 510 1672 568 occiditur
1710 512 2041 584 Mogontiaci
2070 513 2303 569 tumultu
2335 514 2576 570 militari.

521 593 649 651 258.
724 595 1056 653 Maximinus
1087 598 1245 655 miles
1271 602 1555 673 gregarius
1584 603 1702 659 sine
1730 605 2051 661 auctoritate
2078 616 2302 661 senatus
2342 606 2583 678 eligitur.

522 687 648 746 259.
725 686 1054 748 Maximinus
1092 692 1146 748 in
1189 693 1495 752 Ecclesiam
1541 698 1868 754 catholicam
1902 700 2340 768 persecutionem
2382 709 2590 757 movet.

518 784 646 841 240.
721 785 1060 843 Maximinus
1088 802 1118 844 a
1147 788 1391 861 Pupieno
1416 790 1685 863 Aquileia:
1714 794 1767 850 in
1800 794 1948 850 Italia
1977 794 2264 852 occiditur.

522 882 649 937 241.
722 879 1034 939 Gordianus
1064 883 1284 955 eligitur
1309 886 1606 958 imperator
1632 931 1646 955 ,
1696 889 1897 945 occisis
1944 890 2187 961 Pupieno
2231 898 2287 947 et
2331 890 2544 948 Gabino
2584 890 2797 948 Romae.

519 968 646 1028 245.
678 1017 699 1050 ,
723 971 1035 1030 Gordianus
1065 975 1231 1031 nimis
1259 976 1582 1036 adolescens
1611 981 1938 1038 Parthorum
1968 983 2114 1039 acies
2144 993 2439 1055 exsuperat

508 1064 651 1124 244.
727 1065 1012 1139 Philippus
1036 1067 1329 1141 prmiectus
1358 1074 1617 1143 praetorio
1645 1075 1987 1133 Gordianum
2016 1090 2186 1148 prope
2216 1077 2443 1134 Romam
2474 1084 2651 1134 necat.

3570 221 3678 280 570

3355 335 3424 393 Δ.
3446 333 3513 393 R.
3543 338 3673 395 985.

3542 428 3675 485 986.

3540 522 3673 579 988.

3539 615 3673 672 989.

3537 710 3667 766 990.

3537 803 3670 863 991.

3537 897 3666 956 992.

3536 990 3664 1048 994.

3535 1081 3664 1141 995.

1586 1299 1843 1358 BIVARII
1878 1301 2442 1363 COMMENTARIUS.
2468 1364 2477 1367 _

354 1437 641 1516 gtriusque
662 1434 984 1516 codicibus,
1012 1437 1144 1516 du_m_
1170 1452 1268 1506 pro
1295 1436 1667 1516 urbe_S_alaria
1696 1479 1710 1503 ,
1754 1438 1949 1516 urbem
1979 1437 2029 1498 A
2058 1436 2681 1516 Firmilianus_Cwsar_ew
2704 1440 2984 1516 episcopus
3013 1455 3132 1516 cum
3157 1441 3298 1516 omni
3327 1443 3659 1516 Cappadocia

352 1507 631 1568 Phalarim
662 1507 904 1575 habent,
947 1508 1090 1577 quod
1133 1510 1184 1563 in
1221 1523 1390 1563 causa
1434 1508 1578 1571 fuit,
1631 1517 1689 1562 ut
1728 1507 1948 1578 quidam

353 1583 606 1653 legerent
629 1578 815 1635 Falari
842 1581 895 1634 in
920 1579 1140 1647 Piceno,
1173 1581 1326 1653 cujus
1354 1580 1567 1653 scilicet
1595 1580 1806 1653 Plinius
1838 1594 1947 1653 me-

356 1651 515 1710 minit
545 1652 685 1707 libro
711 1667 792 1722 ιιι,
825 1666 949 1722 cap.
984 1653 1091 1717 15;
1125 1651 1222 1706 sed
1251 1666 1373 1706 cum
1404 1651 1456 1705 id
1488 1651 1666 1705 minus
1694 1651 1817 1722 aliis
1839 1652 1954 1720 pla-

355 1733 535 1789 ceret,
572 1738 669 1793 pro
692 1720 912 1786 Falari,
946 1737 1041 1778 seu
1075 1722 1313 1788 Phalari,
1348 1730 1653 1789 posuerunt
1682 1720 1951 1793 Faleriaa;

354 1794 503 1866 quod
531 1792 741 1866 primus
767 1793 1232 1866 ontniumPetrus
1257 1793 1543 1866 Galesinus
1574 1792 1768 1866 locisce
1795 1792 1949 1866 vide-

358 1863 448 1922 tur
475 1863 658 1921 insue
687 1864 1074 1937 Martyrologio
1113 1883 1127 1918 :
1164 1866 1258 1937 sed
1302 1866 1354 1917 in
1399 1863 1554 1937 Notis
1596 1865 1952 1937 solnm__citat

358 1937 668 1995 Usuardum
692 1978 707 2002 ,
740 1932 1041 2004 qui’tamen
1072 1952 1181 1990 nou
1214 1934 1287 1990 ita
1315 1935 1546 1999 scribit;
1590 1944 1645 1991 et
1673 1932 1951 1988 nihilomi-

356 2026 460 2066 nus
510 2007 711 2063 fatetur
742 2007 961 2063 codices
1001 2021 1133 2062 mss.
1184 2021 1374 2061 carere
1406 2006 1558 2060 urbis
1594 2005 1831 2060 nomine.
1889 2004 1950 2059 lii

358 2079 690 2149 subscripsit
721 2078 876 2133 card.
906 2079 1174 2149 Baronius
1200 2119 1212 2136 .
1255 2087 1310 2132 et
1338 2079 1388 2130 in
1415 2077 1661 2149 [inmane
1687 2076 1950 2149 Martyrg—

353 2151 502 2221 legio
526 2146 597 2205 de
625 2163 765 2221 novo
798 2151 1049 2218 scripsit,
1082 2147 1310 2219 Faleria:
1332 2149 1387 2202 in
1416 2147 1607 2201 Tuscia
1634 2150 1806 2219 passio
1838 2146 1947 2221 SS.

354 2219 669 2287 Graciliani,
718 2230 852 2285 etc.,
886 2235 993 2276 non
1024 2222 1132 2275 alio
1160 2229 1362 2283 motus,
1394 2234 1553 2288 quam
1584 2219 1951 2273 monumentis

353 2293 619 2350 Ecclesia:
644 2292 972 2350 Castellanm
1000 2292 1054 2346 in
1080 2292 1277 2347 Tuscia
1311 2289 1425 2361 (ubi
1456 2300 1770 2361 sanctorum
1804 2302 1949 2343 mar-

355 2376 534 2432 tyrum
562 2365 789 2433 pignora
815 2373 1109 2419 servantur
1134 2363 1152 2429 )
1182 2376 1305 2425 nua:
1342 2360 1544 2415 habent
1576 2360 1805 2433 Faleria:
1829 2403 1844 2428 ,
1893 2367 1951 2415 et

354 2453 465 2492 non
496 2432 696 2500 Fa’lari,
730 2451 836 2492 nec
859 2435 1108 2493 Salaritc.
1143 2433 1252 2490 Sed
1273 2446 1405 2487 vero
1434 2447 1557 2487 cum
1591 2447 1698 2487 non
1738 2432 1810 2487 sit
1842 2445 1949 2497 quo

362 2508 626 2577 probetur
674 2508 894 2565 illorum
954 2514 1433 2562 monumentorum
1476 2512 1681 2577 cert_am
1729 2517 1855 2577 esse
1894 2509 1951 2556 et

354 2573 694 2636 i'nl’allibilem
741 2579 1026 2635 lectionem
1046 2621 1061 2643 ,
1119 2592 1226 2634 non
1257 2588 1546 2645 possumus
1576 2573 1762 2628 Dextri
1795 2583 1949 2645 vetu-

353 2649 656 2705 stissimum
683 2651 917 2721 rejicere
942 2644 1336 2704 teSIimonium.
1370 2645 1681 2721 Quinimmo
1703 2659 1770 2721 e_o
1799 2644 1941 2721 ipso,

352 2721 503 2792 quod
530 2716 843 2778 Sanctorum
876 2731 1177 2792 martyrum
1209 2731 1442 2792 corpora
1469 2717 1692 2792 minime
1718 2716 1946 2792 [tulerim

351 2784 667 2862 servantur,
700 2793 797 2849 sed
823 2791 877 2847 in
905 2784 1148 2860 ejusdem
1172 2784 1466 2862 provinciae
1493 2788 1712 2862 civitate
1728 2784 1946 2862 Castelf

350 2864 502 2932 lana,
534 2857 669 2919 satis
693 2857 1057 2931 convinci—tur,
1089 2857 1197 2918 non
1221 2859 1536 2917 occubuisse
1564 2857 1812 2932 Falerim,
1844 2859 1939 2914 sed

349 2936 412 2991 in
452 2930 556 2990 alia
597 2937 757 3007 longe
782 2934 960 3007 posita
990 2930 1246 3007 regione;
1275 2945 1515 3007 corpora
1540 2930 1685 3007 enim
1716 2940 1936 3007 sancto:

349 3022 479 3064 rum
510 3023 619 3062 non
650 3001 1234 3062 trens'leruutur'facile
1258 3003 1327 3058 de
1354 3003 1477 3057 loco
1503 3002 1558 3056 in
1591 3002 1766 3056 locum
1787 3042 1802 3063 ,
1834 3001 1937 3057 nisi

350 3086 419 3133 ut
461 3088 749 3134 serventur
790 3078 974 3133 tutiori
998 3118 1016 3146 ,
1068 3086 1310 3146 tempore
1345 3072 1615 3145 generalis
1646 3073 1939 3146 provincia:

350 3147 785 3215 devastationis,
838 3157 933 3203 aut
969 3143 1365 3218 persecutionis
1417 3162 1430 3198 :
1480 3143 1936 3218 quemadmodum

348 3220 427 3277 de
454 3222 655 3276 sanctis
683 3212 1053 3290 Hispaniee'in
1089 3220 1521 3290 Sarracenorum
1552 3213 1710 3290 clade
1735 3212 1936 3290 faction

348 3293 460 3347 fuit
494 3309 507 3345 :
537 3299 595 3347 et
633 3300 763 3347 tunc
784 3283 964 3347 'eliam
995 3291 1272 3345 credimus
1310 3286 1603 3342 translatos
1632 3285 1800 3338 fuisse
1836 3283 1936 3339 SS.

350 3362 760 3427 Gracilianum,
812 3372 868 3417 et
914 3360 1310 3417 Felicissimam
1356 3356 1426 3412 ab
1458 3356 1606 3427 urbe
1648 3355 1937 3427 Lusitaniae

352 3432 571 3507 δείξειε-ᾖα
616 3434 667 3487 in
702 3425 1324 3507 castellauam'fuscite.
1352 3425 1475 3507 _Sed
1506 3441 1634 3507 vero
1665 3426 1939 3507 Hispania}

353 3503 570 3561 Salaria
594 3519 787 3560 eversa
813 3512 869 3559 et
894 3503 952 3557 in
977 3502 1311 3558 oblivionem
1332 3500 1479 3563 data,
1502 3498 1721 3553 codices
1745 3498 1938 3551 mutati

350 3580 508 3658 sum.
542 3575 1074 3658 etmarwrasavud
1110 3572 1381 3658 Patet-iam.
1406 3567 1939 3658 ωῖςίξὶςιθξίέξὶιιιξ

352 3655 704 3721 pote_notam
747 3638 1019 3721 civitatein
1047 3690 1063 3717 ,
1110 3645 1205 3721 qui
1245 3646 1621 3721 tamenntonge
1646 3638 1936 3721 admodum

358 3709 550 3786 positi,
592 3717 817 3774 Salaria:
844 3717 987 3773 cmlo
1013 3709 1386 3786 n'ati'l'uerant.
1420 3709 1587 3786 Certe
1630 3711 1686 3786 si
1711 3709 1938 3764 Falerim

358 3781 852 3861 martyresessent,
882 3787 1180 3859 aliquando
1208 3803 1239 3842 a
1271 3784 1574 3861 Castellapa
1610 3781 1743 3836 urbe
1776 3797 1936 3861 repe-

360 3851 533 3915 tiisse't
552 3858 766 3936 Faleria
807 3851 1113 3936 depositum
1155 3872 1346 3936 suum;
1374 3851 1529 3936 quod.
1549 3853 1936 3936 tamenmulla-

359 3940 516 3986 tenus
546 3931 742 3988 iecisse
763 3927 1147 3999 cognoscitur;
1175 3927 1476 3999 quinimmo
1503 3927 1771 3999 ignoravit
1796 3938 1941 3999 sctu-

359 3947 516 3986 tenus
546 3947 742 3988 Iectsse
763 3947 826 3987 CO
871 3947 1147 3997 noscitur;
1175 3947 1476 3999 qmntmtuo
1504 3947 1771 3993 tgnuraut
1796 3947 1935 3977 scul-

355 4016 457 4073 per
480 4018 604 4059 esse
628 4018 779 4059 suos.
823 3947 1286 4072 Eongaudeudum
1330 4000 1494 4073 igitur
1532 3996 1767 4050 Dextero
1810 3994 1895 4049 est
1921 4038 1935 4063 ,

356 4068 449 4144 qui
479 4072 656 4144 lucem
687 4074 741 4127 in
773 4083 917 4129 tanta
942 4068 1106 4144 nobis
1136 4072 1316 4127 attulit
1338 4068 1590 4144 caligine.

430 4145 499 4198 Α.
532 4144 599 4213 C.
627 4142 753 4197 254.
775 4174 846 4213 -_—-
869 4143 1180 4213 Alexander,
1207 4152 1314 4199 etc.
1344 4135 1470 4213 Non
1488 4139 1715 4213 multum
1732 4135 1938 4213 discre-

2058 1526 2173 1564 eunt
2199 1512 2458 1579 invitavit,
2489 1521 2535 1585 et
2556 1512 2648 1585 diu
2666 1512 2832 1585 lenuit
2854 1528 2873 1565 :
2893 1512 2984 1565 sed
3003 1522 3050 1567 et
3072 1512 3211 1567 illud
3230 1517 3368 1585 quod
3392 1512 3460 1567 ad
3483 1513 3660 1571 Mam-

2056 1597 2221 1635 meam
2250 1593 2466 1635 matrem
2498 1582 2786 1657 Alexandri
2800 1583 3142 1657 imperatoris
3181 1582 3482 1655 religiosam
3509 1587 3661 1657 [enti-

2054 1668 2176 1706 nam
2207 1660 2418 1726 regatus
2436 1654 2572 1706 venit
2604 1652 2951 1720 Antiochiam,
2984 1664 3031 1707 et
3062 1671 3261 1710 summo
3282 1652 3481 1711 honore
3509 1652 3658 1714 babi-

2055 1730 2134 1775 (U8
2168 1732 2260 1776 est.

2127 1796 2193 1849 A.
2237 1795 2297 1847 (Ξ.
2342 1793 2471 1848 257.
2502 1823 2573 1835 --
2602 1793 2754 1849 Alex.
2789 1794 2985 1849 Iisdem
3019 1809 3156 1861 pene
3190 1795 3373 1851 verbis
3398 1799 3656 1856 scribitur

2054 1864 2108 1918 in
2136 1862 2415 1938 Chronico
2453 1864 2697 1938 Eusebii,
2736 1866 3129 1938 cuiBaronius
3160 1867 3492 1938 subscribit,
3523 1869 3653 1926 dum

2053 1937 2251 1990 asserit
2276 1937 2380 1991 hoc
2412 1950 2557 2010 anno
2597 1937 2974 2010 Alexandrum
3006 1938 3280 2010 ‘eceisum,
3328 1951 3450 2010 cum
3480 1937 3657 2010 impe-

2052 2016 2230 2081 rasset
2262 2023 2435 2081 annos
2475 2008 2560 2081 l5,
2610 2007 2730 2081 dies
2773 2007 2829 2073 9,
2866 2007 3298 2081 occubuisseque
3342 2007 3652 2081 Maguntitr,

2056 2078 2224 2153 r_tobi|i
2250 2078 2557 2153 Germaniae
2589 2080 2745 2153 urbe,
2770 2079 3312 2153 qttmgMagpntiacum
3336 2094 3365 2133 a
3393 2078 3655 2153 Cornelio

2053 2148 2265 2211 Tacito,
2286 2152 2592 2212 Ammiano.
2618 2148 3010 2216 Alexandrino,
3036 2150 3361 2219 Ptolomaeo,
3384 2151 3580 2210 Oresio
3596 2164 3655 2210 et

2054 2219 2176 2273 aliis
2205 2220 2496 2273 vocitatur.

2126 2290 2195 2345 Α.
2239 2289 2300 2345 C.
2328 2289 2456 2345 258.
2486 2321 2558 2330 —
2586 2288 2929 2355 Maximinus,
2971 2297 3076 2346 etc.
3122 2290 3280 2359 Quod
3321 2292 3407 2347 hic
3448 2294 3650 2352 dicitur

2052 2362 2200 2433 miles
2244 2362 2537 2433 gregarius,
2598 2360 3178 2433 Eusebiuslatinitate
3223 2362 3457 2419 donatus
3500 2380 3529 2417 a
3584 2368 3646 2421 S.

2054 2432 2411 2504 Hieronymo,
2456 2448 2521 2486 ea:
2560 2447 2778 2504 corpore
2816 2432 3052 2498 militari,
3094 2433 3341 2500 exponit,
3381 2437 3461 2490 sic
3499 2438 3648 2492 enim

2054 2501 2127 2557 ait
2150 2520 2164 2556 :
2186 2501 2507 2557 Mduimiuus
2538 2501 2738 2574 primus
2766 2518 2830 2556 ea:
2855 2518 3073 2574 corpore
3099 2504 3316 2557 militari
3345 2506 3456 2560 sine
3478 2505 3648 2561 Sena-

2053 2583 2138 2627 tus
2163 2574 2495 2645 auctoritate,
2534 2573 2597 2645 ab
2641 2574 2870 2645 exercitu
2912 2573 3194 2645 imperator
3233 2574 3423 2629 electus
3451 2586 3547 2633 est.
3588 2578 3643 2635 id

2053 2658 2183 2699 vero
2208 2660 2271 2698 ex
2304 2643 2616 2714 Lampridio
2642 2652 2696 2697 et
2726 2644 2844 2697 aliis
2869 2643 3262 2714 satisconstat.

2121 2715 2189 2770 Α.
2223 2716 2282 2771 C.
2312 2712 2531 2771 2593—-
2553 2713 2872 2768 Maximinus
2895 2716 2950 2767 in
2976 2712 3204 2779 Eccles.,
3237 2724 3343 2771 etc.
3372 2716 3644 2773 Eusebius

2052 2785 2105 2840 in
2146 2786 2420 2841 Chronico
2466 2786 2568 2841 hoc
2606 2786 2725 2851 ipso
2769 2801 2913 2838 anno
2955 2786 3039 2840 sic
3080 2787 3287 2842 habet:
3321 2786 3647 2844 Maximinus

1975 2830 2023 2890 Β
2046 2858 2295 2928 adversus
2324 2830 2684 2912 Ecclesiamiit
2720 2856 3011 2928 sacerdotes
3054 2858 3459 2926 persecutionem
3490 2862 3639 2928 facit.

2044 2927 2170 2999 Fuit
2201 2929 2317 2984 haec
2360 2938 2512 2983 sexta
2550 2929 2602 2999 in
2634 2926 2828 2999 ordine
2869 2942 3076 2991 earum,
3110 2943 3243 2999 quas
3284 2926 3525 2984 Ecclesia
3554 2945 3644 2985 ca-

2046 2997 2249 3053 tholica
2283 3013 2541 3068 perpessa
2571 2998 2691 3064 l'uit,
2726 3007 2784 3051 ut
2810 2998 2932 3066 ipse
2964 2997 3162 3053 fatetur
3188 2999 3388 3053 Dexter
3413 3001 3642 3057 inferius

2040 3071 2334 3201 mtuannum
2378 3068 2593 3125 Domini
2636 3068 2763 3123 260.
2815 3070 3051 3124 Consule
3079 3069 3336 3125 Orosium
3375 3085 3497 3141 cap.
3545 3073 3633 3141 l9,

2063 3156 2079 3194 ι
2179 3155 2275 3195 vn.

2063 3155 2146 3195 [Da
2179 3155 2275 3195 VII.

2113 3215 2181 3264 A.
2213 3210 2452 3284 0.240,
2472 3240 2545 3250 —
2563 3208 2891 3284 ⁸ἆζιιειςὶιιιῐηιιδ
2915 3227 2946 3263 a
2971 3209 3229 3284 Pupieuo,
3259 3218 3362 3266 etc.
3394 3211 3469 3270 Ita
3498 3228 3638 3284 quo-

2041 3295 2148 3348 que
2182 3281 2378 3336 scribit
2416 3280 2691 3336 Eusebius
2733 3295 2879 3335 anno
2924 3280 3200 3351 prasenti,
3236 3296 3267 3335 a
3313 3297 3420 3352 quo
3467 3280 3637 3340 multa

2042 3366 2256 3419 eorum,
2286 3366 2406 3422 qum
2440 3353 2509 3406 ad
2556 3352 2949 3420 imperatorum
2976 3352 3273 3423 historiam
3320 3356 3633 3423 pertinent,

2044 3423 2248 3479 Dexter
2279 3432 2468 3478 mutue
2494 3425 2773 3495 accepisse
2800 3422 3153 3495 conspicitur.
3179 3423 3414 3495 Ducebat
3441 3422 3638 3495 Pupieé-

2041 3508 2145 3549 nus
2183 3495 2458 3564 antiquam
2502 3494 2765 3564 originem
2795 3506 2827 3546 a
2854 3493 3092 3549 Gadibus
3138 3494 3430 3564 Hispaniae,
3462 3493 3535 3550 uti
3564 3513 3633 3552 ex

2039 3565 2430 3620 vetustioribus
2460 3564 2663 3619 notavit
2690 3563 2919 3620 Morales
2949 3564 3014 3619 ad
3043 3563 3249 3619 annum’
3273 3565 3475 3621 Christi
3500 3566 3631 3623 259.

2112 3635 2176 3691 Α.
2207 3634 2269 3690 C.
2295 3636 2424 3707 241.
2455 3665 2526 3677 ---
2548 3634 2870 3707 Gordianus,
2901 3644 3006 3707 etc.
3035 3634 3352 3707 Consonaut
3371 3637 3480 3707 bis,
3509 3654 3633 3702 quae

2039 3709 2287 3761 scribunt
2315 3706 2490 3761 Julius
2519 3706 2875 3773 Capitolinus,
2910 3706 3106 3760 Paulus
3132 3706 3356 3762 Orosius
3390 3706 3484 3762 lib.
3530 3724 3629 3772 vu,

2040 3777 2281 3848 capsit),
2307 3788 2362 3848 et
2391 3776 2684 3848 Eutropius
2714 3777 2841 3829 item
2874 3776 2970 3848 lib.
2994 3776 3389 3848 vu.'Eusebius
3415 3793 3631 3848 quoque

2043 3845 2119 3901 in‘
2149 3845 2456 3911 Chronico,
2500 3847 2653 3915 cujus
2681 3856 2809 3901 sunt
2857 3847 2945 3902 illa
2980 3846 3149 3901 verba
3179 3864 3193 3900 :
3225 3845 3494 3903 Gordiano
3526 3845 3636 3905 Ro-

2042 3935 2180 3993 mam
2210 3920 2439 3993 ingresso
2469 3917 2737 3993 Pupienus
2757 3959 2773 3983 ,
2805 3926 2856 3993 et
2876 3917 3125 3993 Galbinus
3151 3917 3324 3993 (Alias
3350 3918 3628 3993 Balbinus)

2039 3992 2128 4060 qui
2149 3989 2422 4061 imperium
2446 3990 2807 4061 arripuerant,
2838 3990 2894 4043 in
2930 3989 3129 4059 palatio
3159 3990 3313 4043 occisi
3339 4001 3482 4049 sunt.

2113 4073 2179 4129 A.
2210 4074 2272 4130 C.
2305 4073 2433 4130 245.
2461 4103 2533 4114 -——
2568 4072 2863 4129 Gordianus
2885 4117 2900 4141 ,
2949 4084 3055 4130 etc.
3090 4071 3145 4129 Id
3172 4074 3332 4130 etiam
3367 4075 3631 4132 Eusebius

2038 4154 2276 4202 testatur
2319 4150 2421 4201 hoc
2449 4146 2567 4216 ipso
2596 4160 2763 4216 anno.
2794 4145 3103 4203 Gordianus
3142 4145 3401 4213 Saporem
3431 4145 3625 4202 Persa—

354 4219 499 4285 pant
541 4211 760 4288 habet"!
803 4210 1014 4288 Eusebii
1060 4208 1386 4288 verbis,gqui
1432 4211 1485 4267 in
1515 4208 1789 4288 Chrqpiro
1836 4210 1943 4265 hoc
1968 4218 2013 4281 C
2045 4232 2165 4273 rum
2193 4231 2371 4288 regem
2400 4208 2548 4281 vicit,
2583 4215 2739 4287 Syria
2766 4218 2994 4286 expulit,
3026 4208 3369 4288 Antiochiam
3400 4218 3627 4288 recepit,

353 4280 508 4340 anno
557 4284 638 4337 sic
676 4281 839 4338 habet
886 4301 900 4336 :
945 4280 1324 4339 Alexanderin'
1367 4291 1580 4337 matrem
1631 4280 1943 4335 Mammeam

360 4356 513 4412 unice
548 4354 667 4426 pius
702 4355 840 4426 fuit,
873 4362 921 4407 et
952 4355 1011 4426 ob
1037 4355 1092 4408 id
1119 4355 1351 4410 omnibus
1397 4351 1666 4426 amabilis.
1703 4352 1941 4426 Collegia

360 4423 617 4504 instituit,
646 4423 929 4504 inquibus
957 4423 1268 4504 Mammenai
1297 4427 1510 4496 puellae,
1537 4423 1942 4504 et-Mammeani

361 4497 514 4569 pueri
540 4498 592 4552 in
623 4494 1490 4569 memoriammatrisalerentur,
1517 4507 1575 4551 ut
1601 4494 1945 4569 Lampridius

358 4564 549 4625 icribit
577 4583 722 4625 anno
752 4567 918 4625 Urbis
949 4566 1054 4622 984
1078 4582 1092 4632 ;
1116 4564 1396 4620 tediﬁcavit
1422 4569 1583 4623 etiam
1614 4566 1944 4621 Mammeum

362 4653 579 4707 pontem
609 4655 773 4710 super
793 4639 1060 4695 Anienem
1090 4636 1337 4710 ﬂuvium,
1362 4637 1452 4710 qui
1484 4634 1948 4710 hodigeque‘Poute

359 4711 649 4768 Hammelo
677 4707 925 4779 vocatur,
978 4708 1141 4765 tertio
1182 4707 1263 4779 ab
1296 4707 1444 4762 Urbe
1469 4707 1657 4779 lapide
1686 4727 1699 4761 :
1743 4707 1812 4763 de
1837 4721 1946 4776 quo

361 4783 602 4846 loquitur
620 4780 812 4838 Cicero
838 4777 931 4838 lib.
961 4781 1029 4836 tle
1053 4779 1219 4837 claris
1244 4777 1586 4834 Oratoribus.
1611 4777 1800 4835 Fuisse
1815 4794 1948 4833 vero

358 4854 682 4911 ﬂammeam
734 4852 1095 4908 Christianam
1139 4858 1371 4906 testatur
1420 4848 1647 4903 Orosius
1697 4849 1790 4903 lib.
1847 4866 1943 4916 vtt,

355 4941 481 4990 cap.
518 4925 606 4992 l8,
638 4925 886 4995 inquiens
920 4941 934 4979 :
982 4923 1146 4996 Cujus
1171 4931 1337 4996 mater
1366 4920 1627 4996 Mantinea
1654 4917 1948 4996 Christiana

359 4988 661 5067 Origenem
690 4988 1038 5067 presbyterum
1053 4988 1256 5067 'audire
1300 4994 1522 5067 curauit,
1565 4988 1707 5067 quod
1762 4990 1945 5048 itidem

355 5063 591 5137 innuero
617 5063 1215 5137 videtur'ilierouytnus
1241 5066 1378 5137 intra
1405 5063 1676 5137 citandus.

432 5137 499 5193 A.
530 5135 594 5209 (ξ.
618 5136 756 5209 255.
781 5167 853 5209 -έ
876 5132 1144 5209 Origenes,
1177 5146 1282 5192 etc.
1313 5134 1555 5209 Meminit
1578 5132 1944 5209 ejusdemgiti-

357 5212 511 5264 neris
537 5207 786 5279 Origenis
818 5206 1081 5264 Eusebius
1112 5210 1215 5262 hoc
1250 5221 1394 5279 anno
1420 5209 1470 5279 in
1500 5206 1708 5261 Chron.
1731 5221 1788 5279 et
1816 5206 1943 5263 Hie~

357 5275 763 5351 reuymus'lib.
797 5280 865 5335 de
892 5279 1115 5403 ScriBt.,
1141 5293 1194 5333 c.
1239 5275 1309 5333 64
1348 5294 1361 5330 :
1407 5276 1537 5331 Cum
1568 5282 1703 5351 jam,
1743 5278 1941 5349 inquit,

357 5352 547 5403 media
600 5359 729 5403 esset
783 5351 951 5403 aetatis
1052 5350 1277 5403 riaenes.
1332 5356 1381 5403 et
1431 5363 1637 5403 praeter
1686 5348 1941 5403 Ecclesia:

355 5348 547 5406 medim
600 5359 729 5405 esset
783 5351 951 5406 aetatis
1003 5348 1277 5421 Origenes,
1332 5356 1381 5403 et
1431 5348 1637 5421 propter
1686 5348 1946 5421 Ecclesias

356 5421 711 5491 Admittam
739 5421 969 5491 pluribus
1000 5419 1280 5476 haeresibus
1308 5420 1645 5491 vexabantur,
1677 5419 1767 5474 sub
1801 5424 1947 5475 testi-

357 5493 538 5549 nwnio
561 5488 944 5563 Ecclesiastica:
961 5492 1211 5562 epistolas,
1236 5492 1466 5563 Athenas
1492 5507 1582 5563 per
1607 5488 1945 5563 Palaestinam

359 5572 616 5635 pergeret,
639 5581 672 5619 α
690 5562 982 5618 Theeclisto
1012 5573 1057 5617 et
1088 5565 1383 5635 Alexandro
1414 5561 1665 5617 Caisarea:
1692 5571 1747 5635 εί
1758 5561 1947 5619 Hiere-

357 5631 683 5707 selgmorum
706 5635 955 5707 episcopis
978 5634 1237 5707 presbyter
1254 5636 1547 5707 ordinatus,
1575 5640 1682 5689 etc.
1709 5631 1777 5688 Et
1802 5635 1937 5691 infe-

358 5704 481 5767 rius
510 5724 526 5765 :
557 5704 780 5775 Quanta:
803 5704 973 5763 autem
998 5704 1176 5777 gloria:
1196 5706 1372 5778 fuerit,
1403 5706 1521 5763 hinc
1543 5714 1778 5778 apparet,
1805 5708 1941 5779 quod

1996 5200 2005 5205 ,
2048 5137 2181 5197 Erat
2233 5138 2516 5209 Philippus

2047 4289 2245 4343 Carras
2264 4287 2334 4342 et
2369 4288 2591 4341 Nisibim
2621 4288 2862 4357 subegit;
2893 4303 2995 4358 qua
3033 4288 3103 4343 de
3127 4303 3186 4342 re
3216 4287 3458 4343 scribunt
3488 4287 3628 4344 Oro-

2048 4360 2181 4425 sius,
2210 4358 2545 4428 Capitolinus
2566 4365 2627 4428 et
2643 4358 2935 4428 Eutropius
2966 4359 3214 4422 superius
3240 4359 3411 4415 citati.

2119 4430 2186 4486 A.
2219 4426 2279 4483 C.
2305 4429 2435 4484 244.
2457 4458 2531 4469 --
2561 4426 2865 4498 Philippus,
2897 4440 3003 4484 etc.
3031 4429 3282 4485 Nonnulli
3313 4442 3448 4498 quos
3474 4431 3626 4485 card.

2048 4501 2315 4557 Baronius
2342 4500 2729 4571 sequitur,isex
2766 4514 2936 4555 annos
2967 4500 3298 4555 Gordianum
3332 4500 3629 4571 imperasse

2049 4574 2267 4634 docent,
2296 4570 2552 4625 videlicet
2579 4570 2647 4624 ab
2676 4585 2818 4624 anno
2845 4571 3053 4624 Domini
3078 4572 3186 4626 259
3217 4584 3325 4636 quo
3355 4569 3423 4624 in'
3447 4569 3627 4625 Africa

2050 4642 2333 4712 imperium
2355 4640 2602 4709 arripuit,
2636 4640 2889 4712 usquead
2909 4639 3017 4696 246
3042 4655 3148 4710 quo
3163 4655 3193 4694 a
3221 4638 3467 4712 Philippo
3487 4642 3631 4697 occi-

2049 4710 2141 4769 sus
2171 4711 2445 4768 occubuit.
2487 4712 2752 4767 Caeterum
2794 4711 2993 4767 Dexter
3037 4712 3208 4767 solum
3248 4710 3317 4767 de
3354 4711 3630 4767 Gordiano

2048 4785 2158 4855 egit
2189 4784 2261 4839 ab
2286 4783 2406 4854 ejus
2433 4782 2718 4855 electione,
2744 4782 2970 4855 quando
2998 4784 3255 4839 nimirum
3301 4783 3529 4839 sublatis
3559 4785 3629 4840 de

2049 4853 2231 4925 medio
2250 4855 2491 4923 Pupieno
2516 4864 2570 4910 et
2599 4853 2830 4910 Galbino
2859 4856 3007 4911 solus
3042 4869 3270 4923 regnare
3308 4856 3511 4925 erepit;
3545 4857 3631 4911 in—

2048 4924 2376 4984 cidif‘autem
2399 4928 2596 4983 electio
2622 4928 2675 4980 in
2695 4941 2893 4997 annum
2919 4926 3129 4982 Domini
3147 4925 3278 4982 241.
3301 4924 3431 4997 Ejus
3452 4936 3630 4983 autem

2050 5009 2277 5055 mortem
2302 5014 2407 5053 non
2445 4999 2495 5053 in
2539 5013 2739 5053 annum
2761 4996 2889 5067 246,
2922 4998 3015 5053 sed
3052 4999 3105 5053 in
3134 5012 3333 5053 annum
3358 4997 3466 5055 244
3496 4999 3632 5056 inci-

2048 5071 2218 5135 disse,
2249 5078 2446 5135 praeter
2474 5071 2725 5123 Dextrum
2773 5071 2931 5125 decet
2964 5068 3231 5125 Eusebius
3258 5072 3311 5125 in
3338 5070 3631 5127 Chronico.

2604 5140 2823 5210 rmterin
2870 5140 3195 5210 praefectus,
3253 5156 3376 5198 cum
3434 5143 3633 5199 occidit

2048 5211 2380 5283 Gordianum
2408 5224 2436 5264 a
2465 5209 2622 5283 caede
2628 5209 2967 5283 Parthorum
2997 5214 3051 5269 in
3080 5213 3311 5283 patriam
3346 5223 3631 5269 reverten-

2049 5291 2198 5339 tem:
2230 5280 2437 5351 fuitque
2478 5282 2543 5336 ad
2584 5279 2781 5336 Christi
2823 5284 2983 5338 lldem
3020 5279 3318 5341 conversus
3353 5299 3476 5340 cum
3524 5282 3635 5338 lilio

2047 5368 2148 5408 suo
2179 5351 2431 5427 Philippo
2457 5367 2485 5406 a
2534 5352 2609 5427 S._
2643 5352 2835 5427 Pontio
2878 5365 3150 5427 martyre,
3200 5357 3289 5427 qui
3320 5354 3387 5409 ad
3430 5353 3632 5427 Gallias

2048 5419 2391 5496 postmodum
2445 5423 2847 5497 praedicationis
2888 5419 3060 5497 gratia
3110 5419 3415 5497 profectus,
3462 5419 3633 5497 Nicia:

2049 5492 2369 5568 martyrium
2412 5492 2605 5566 passus
2633 5496 2750 5552 fuit.
2799 5492 3002 5553 Ascivit
3031 5492 3212 5568 autem
3257 5494 3532 5568 Philippus
3575 5492 3629 5547 in

1972 5602 2026 5663 ι)
2052 5563 2579 5663 {sataesatae
2601 5563 3632 5663 ..ίξιέρειέξξέεξεηρἒὲἓὲςπιιλυηπῐῑηέέεεξξἮ

2050 5637 2193 5767 aulae
2211 5641 2423 5766 Dtemini
2445 5637 2576 5712 247,
2601 5648 2658 5695 ιιι
2678 5639 3007 5698 Eusebiusin
3023 5637 3293 5693 Chronico
3311 5639 3635 5692 annotatum

2050 5725 2107 5767 rc
2132 5727 2242 5767 mut
2272 5752 2288 5767 .

2045 5725 2288 5783 rcttqutt.
