  <div class='ocr_page' id='page_1' title='image "/cluster/home/n/w/nwhite01/storage/ocr_20150623/31/hvd.32044096580543/195.png"; bbox 0 0 4152 6174; ppageno 0'>
   <div class='ocr_carea' id='block_1_1' title="bbox 513 212 621 272">
    <p class='ocr_par' dir='ltr' id='par_1_1' title="bbox 513 212 621 272">
     <span class='ocr_line' id='line_1_1' title="bbox 513 212 621 272; baseline 0 0"><span class='ocrx_word' id='word_1_1' title='bbox 513 212 621 272; x_wconf 80' lang='grc'><strong>379</strong></span> 
     </span>
    </p>
   </div>
   <div class='ocr_carea' id='block_1_2' title="bbox 1541 197 2748 266">
    <p class='ocr_par' dir='ltr' id='par_1_2' title="bbox 1541 197 2748 266">
     <span class='ocr_line' id='line_1_2' title="bbox 1541 197 2748 266; baseline -0.008 -2"><span class='ocrx_word' id='word_1_2' title='bbox 1541 203 1774 266; x_wconf 79' lang='lat' dir='ltr'><strong>FLAVII</strong></span> <span class='ocrx_word' id='word_1_3' title='bbox 1816 202 1997 264; x_wconf 85' lang='lat' dir='ltr'><strong>LUCli</strong></span> <span class='ocrx_word' id='word_1_4' title='bbox 2039 201 2298 260; x_wconf 78' lang='lat' dir='ltr'><strong>DEXTRI</strong></span> <span class='ocrx_word' id='word_1_5' title='bbox 2338 197 2748 258; x_wconf 73' lang='lat' dir='ltr'><strong>CHRONICON.</strong></span> 
     </span>
    </p>
   </div>
   <div class='ocr_carea' id='block_1_3' title="bbox 3707 192 3810 252">
    <p class='ocr_par' dir='ltr' id='par_1_3' title="bbox 3707 192 3810 252">
     <span class='ocr_line' id='line_1_3' title="bbox 3707 192 3810 252; baseline 0.01 -1"><span class='ocrx_word' id='word_1_6' title='bbox 3707 192 3810 252; x_wconf 80' lang='grc'>580</span> 
     </span>
    </p>
   </div>
   <div class='ocr_carea' id='block_1_4' title="bbox 518 275 3809 402">
    <p class='ocr_par' dir='ltr' id='par_1_4' title="bbox 518 275 3809 402">
     <span class='ocr_line' id='line_1_4' title="bbox 518 275 3809 402; baseline -0.006 -12"><span class='ocrx_word' id='word_1_7' title='bbox 518 333 587 390; x_wconf 73' lang='grc' dir='ltr'>Δ.</span> <span class='ocrx_word' id='word_1_8' title='bbox 620 331 683 389; x_wconf 73' lang='lat' dir='ltr'><strong>t3.</strong></span> <span class='ocrx_word' id='word_1_9' title='bbox 714 329 841 390; x_wconf 72' lang='lat'><strong>255.</strong></span> <span class='ocrx_word' id='word_1_10' title='bbox 946 328 1238 402; x_wconf 91' lang='lat' dir='ltr'><strong>llispanias</strong></span> <span class='ocrx_word' id='word_1_11' title='bbox 1262 369 1277 397; x_wconf 94' lang='lat'><strong>,</strong></span> <span class='ocrx_word' id='word_1_12' title='bbox 1309 327 1400 383; x_wconf 89' lang='lat' dir='ltr'><strong>ubi</strong></span> <span class='ocrx_word' id='word_1_13' title='bbox 1431 325 1633 397; x_wconf 61' lang='lat' dir='ltr'><strong>praedia</strong></span> <span class='ocrx_word' id='word_1_14' title='bbox 1662 331 1821 382; x_wconf 86' lang='lat' dir='ltr'><strong>erant</strong></span> <span class='ocrx_word' id='word_1_15' title='bbox 1849 322 1966 394; x_wconf 86' lang='lat' dir='ltr'><strong>ejus</strong></span> <span class='ocrx_word' id='word_1_16' title='bbox 1992 321 2212 393; x_wconf 91' lang='lat' dir='ltr'><strong>sponsi,</strong></span> <span class='ocrx_word' id='word_1_17' title='bbox 2237 317 2435 386; x_wconf 84' lang='lat' dir='ltr'><strong>venit;</strong></span> <span class='ocrx_word' id='word_1_18' title='bbox 2464 326 2696 389; x_wconf 89' lang='lat' dir='ltr'><strong>postque</strong></span> <span class='ocrx_word' id='word_1_19' title='bbox 2723 313 2942 388; x_wconf 76' lang='lat' dir='ltr'><strong>tempus</strong></span> <span class='ocrx_word' id='word_1_20' title='bbox 2966 275 3213 386; x_wconf 86' lang='lat' dir='ltr'><strong>aliquod,</strong></span> <span class='ocrx_word' id='word_1_21' title='bbox 3239 313 3311 373; x_wconf 77' lang='lat'><strong>25</strong></span> <span class='ocrx_word' id='word_1_22' title='bbox 3339 313 3426 373; x_wconf 89' lang='lat' dir='ltr'><strong>die</strong></span> <span class='ocrx_word' id='word_1_23' title='bbox 3457 315 3524 374; x_wconf 84' lang='lat' dir='ltr'><strong>A.</strong></span> <span class='ocrx_word' id='word_1_24' title='bbox 3552 313 3620 371; x_wconf 69' lang='lat' dir='ltr'><strong>ll.</strong></span> <span class='ocrx_word' id='word_1_25' title='bbox 3653 311 3809 372; x_wconf 75' lang='lat'><strong>1006.</strong></span> 
     </span>
    </p>
   </div>
   <div class='ocr_carea' id='block_1_5' title="bbox 945 408 3429 493">
    <p class='ocr_par' dir='ltr' id='par_1_5' title="bbox 945 408 3429 493">
     <span class='ocr_line' id='line_1_5' title="bbox 945 408 3429 493; baseline -0.005 -14"><span class='ocrx_word' id='word_1_26' title='bbox 945 423 1288 490; x_wconf 89' lang='lat' dir='ltr'><strong>Decembris,</strong></span> <span class='ocrx_word' id='word_1_27' title='bbox 1321 418 1650 493; x_wconf 76' lang='lat' dir='ltr'><strong>virginitatis</strong></span> <span class='ocrx_word' id='word_1_28' title='bbox 1701 417 1945 472; x_wconf 83' lang='lat' dir='ltr'><strong>lauream</strong></span> <span class='ocrx_word' id='word_1_29' title='bbox 1995 412 2241 486; x_wconf 81' lang='lat' dir='ltr'><strong>martyrii</strong></span> <span class='ocrx_word' id='word_1_30' title='bbox 2282 409 2440 468; x_wconf 90' lang='lat' dir='ltr'><strong>laude</strong></span> <span class='ocrx_word' id='word_1_31' title='bbox 2488 425 2588 482; x_wconf 89' lang='lat' dir='ltr'><strong>pro</strong></span> <span class='ocrx_word' id='word_1_32' title='bbox 2629 409 2831 468; x_wconf 87' lang='lat' dir='ltr'><strong>Christi</strong></span> <span class='ocrx_word' id='word_1_33' title='bbox 2875 408 2982 466; x_wconf 88' lang='lat' dir='ltr'><strong>lide</strong></span> <span class='ocrx_word' id='word_1_34' title='bbox 3007 423 3165 481; x_wconf 90' lang='lat' dir='ltr'><strong>passa</strong></span> <span class='ocrx_word' id='word_1_35' title='bbox 3213 409 3429 481; x_wconf 76' lang='lat' dir='ltr'><strong>egregie</strong></span> 
     </span>
    </p>
   </div>
   <div class='ocr_carea' id='block_1_6' title="bbox 949 519 1209 575">
    <p class='ocr_par' dir='ltr' id='par_1_6' title="bbox 949 519 1209 575">
     <span class='ocr_line' id='line_1_6' title="bbox 949 519 1209 575; baseline -0.012 0"><span class='ocrx_word' id='word_1_36' title='bbox 949 519 1209 575; x_wconf 88' lang='lat' dir='ltr'><strong>cumulat.</strong></span> 
     </span>
    </p>
   </div>
   <div class='ocr_carea' id='block_1_7' title="bbox 883 595 3458 673">
    <p class='ocr_par' dir='ltr' id='par_1_7' title="bbox 883 595 3458 673">
     <span class='ocr_line' id='line_1_7' title="bbox 883 595 3458 673; baseline -0.005 -9"><span class='ocrx_word' id='word_1_37' title='bbox 883 607 942 666; x_wconf 92' lang='lat' dir='ltr'><strong>ln</strong></span> <span class='ocrx_word' id='word_1_38' title='bbox 972 607 1252 666; x_wconf 87' lang='lat' dir='ltr'><strong>Lusitania</strong></span> <span class='ocrx_word' id='word_1_39' title='bbox 1279 607 1411 664; x_wconf 87' lang='lat' dir='ltr'><strong>urbe</strong></span> <span class='ocrx_word' id='word_1_40' title='bbox 1435 605 1734 662; x_wconf 80' lang='lat' dir='ltr'><strong>Vectonum</strong></span> <span class='ocrx_word' id='word_1_41' title='bbox 1762 601 2008 659; x_wconf 82' lang='lat' dir='ltr'><strong>Valentia</strong></span> <span class='ocrx_word' id='word_1_42' title='bbox 2041 602 2186 673; x_wconf 87' lang='lat' dir='ltr'><strong>passi</strong></span> <span class='ocrx_word' id='word_1_43' title='bbox 2219 609 2344 656; x_wconf 91' lang='lat' dir='ltr'><strong>sunt</strong></span> <span class='ocrx_word' id='word_1_44' title='bbox 2373 596 2548 656; x_wconf 83' lang='lat' dir='ltr'><strong>sancti</strong></span> <span class='ocrx_word' id='word_1_45' title='bbox 2570 597 2775 656; x_wconf 86' lang='lat' dir='ltr'><strong>Christi</strong></span> <span class='ocrx_word' id='word_1_46' title='bbox 2806 607 3075 670; x_wconf 84' lang='lat' dir='ltr'><strong>martyres</strong></span> <span class='ocrx_word' id='word_1_47' title='bbox 3103 595 3286 665; x_wconf 82' lang='lat' dir='ltr'><strong>Felix,</strong></span> <span class='ocrx_word' id='word_1_48' title='bbox 3320 595 3458 652; x_wconf 80' lang='lat' dir='ltr'><strong>For-</strong></span> 
     </span>
    </p>
   </div>
   <div class='ocr_carea' id='block_1_8' title="bbox 953 689 3464 774">
    <p class='ocr_par' dir='ltr' id='par_1_8' title="bbox 953 689 3464 774">
     <span class='ocr_line' id='line_1_8' title="bbox 953 689 3464 774; baseline -0.005 -13"><span class='ocrx_word' id='word_1_49' title='bbox 953 714 1174 762; x_wconf 90' lang='lat' dir='ltr'><strong>tunatus</strong></span> <span class='ocrx_word' id='word_1_50' title='bbox 1197 751 1211 774; x_wconf 93' lang='lat'><strong>,</strong></span> <span class='ocrx_word' id='word_1_51' title='bbox 1241 712 1298 761; x_wconf 91' lang='lat' dir='ltr'><strong>et</strong></span> <span class='ocrx_word' id='word_1_52' title='bbox 1323 701 1594 759; x_wconf 72' lang='lat' dir='ltr'><strong>Achilreus</strong></span> <span class='ocrx_word' id='word_1_53' title='bbox 1619 715 1649 756; x_wconf 92' lang='lat' dir='ltr'><strong>a</strong></span> <span class='ocrx_word' id='word_1_54' title='bbox 1679 700 1738 758; x_wconf 85' lang='grc'><strong>8.</strong></span> <span class='ocrx_word' id='word_1_55' title='bbox 1783 699 1990 756; x_wconf 72' lang='lat' dir='ltr'><strong>lrencro</strong></span> <span class='ocrx_word' id='word_1_56' title='bbox 2019 696 2171 754; x_wconf 85' lang='lat' dir='ltr'><strong>missi</strong></span> <span class='ocrx_word' id='word_1_57' title='bbox 2203 695 2270 754; x_wconf 90' lang='lat' dir='ltr'><strong>ad</strong></span> <span class='ocrx_word' id='word_1_58' title='bbox 2302 693 2713 768; x_wconf 64' lang='lat' dir='ltr'><strong>praedicandum</strong></span> <span class='ocrx_word' id='word_1_59' title='bbox 2745 703 2937 752; x_wconf 88' lang='lat' dir='ltr'><strong>contra</strong></span> <span class='ocrx_word' id='word_1_60' title='bbox 2969 691 3261 750; x_wconf 85' lang='lat' dir='ltr'><strong>haereticos</strong></span> <span class='ocrx_word' id='word_1_61' title='bbox 3289 689 3464 750; x_wconf 89' lang='lat' dir='ltr'><strong>Gnos-</strong></span> 
     </span>
    </p>
   </div>
   <div class='ocr_carea' id='block_1_9' title="bbox 953 795 1435 868">
    <p class='ocr_par' dir='ltr' id='par_1_9' title="bbox 953 795 1435 868">
     <span class='ocr_line' id='line_1_9' title="bbox 953 795 1435 868; baseline -0.008 -14"><span class='ocrx_word' id='word_1_62' title='bbox 953 798 1088 856; x_wconf 86' lang='lat' dir='ltr'><strong>ticos</strong></span> <span class='ocrx_word' id='word_1_63' title='bbox 1110 798 1183 856; x_wconf 72' lang='lat'><strong>25</strong></span> <span class='ocrx_word' id='word_1_64' title='bbox 1211 795 1435 868; x_wconf 83' lang='lat' dir='ltr'><strong>Aprilis.</strong></span> 
     </span>
    </p>
   </div>
   <div class='ocr_carea' id='block_1_10' title="bbox 1723 877 2587 943">
    <p class='ocr_par' dir='ltr' id='par_1_10' title="bbox 1723 877 2587 943">
     <span class='ocr_line' id='line_1_10' title="bbox 1723 877 2587 943; baseline -0.01 0"><span class='ocrx_word' id='word_1_65' title='bbox 1723 884 1975 943; x_wconf 80' lang='lat' dir='ltr'><strong>BIVARII</strong></span> <span class='ocrx_word' id='word_1_66' title='bbox 2015 877 2587 940; x_wconf 74' lang='lat' dir='ltr'><strong>COMMENTARIUS.</strong></span> 
     </span>
    </p>
   </div>
   <div class='ocr_carea' id='block_1_11' title="bbox 532 1007 3819 1098">
    <p class='ocr_par' dir='ltr' id='par_1_11' title="bbox 532 1007 3819 1098">
     <span class='ocr_line' id='line_1_11' title="bbox 532 1007 3819 1098; baseline -0.01 -10"><span class='ocrx_word' id='word_1_67' title='bbox 532 1032 662 1088; x_wconf 89' lang='lat' dir='ltr'><strong>lium</strong></span> <span class='ocrx_word' id='word_1_68' title='bbox 685 1027 962 1086; x_wconf 88' lang='lat' dir='ltr'><strong>Saxonum</strong></span> <span class='ocrx_word' id='word_1_69' title='bbox 976 1027 1266 1098; x_wconf 87' lang='lat' dir='ltr'><strong>episcopus</strong></span> <span class='ocrx_word' id='word_1_70' title='bbox 1287 1025 1380 1080; x_wconf 87' lang='lat' dir='ltr'><strong>lib.</strong></span> <span class='ocrx_word' id='word_1_71' title='bbox 1410 1024 1527 1080; x_wconf 89' lang='lat' dir='ltr'><strong>nde</strong></span> <span class='ocrx_word' id='word_1_72' title='bbox 1552 1022 1734 1098; x_wconf 76' lang='lat' dir='ltr'><strong>Laude</strong></span> <span class='ocrx_word' id='word_1_73' title='bbox 1754 1018 2115 1098; x_wconf 51' lang='lat' dir='ltr'><strong>Yirginilatis,</strong></span> <span class='ocrx_word' id='word_1_74' title='bbox 2147 1017 2199 1080; x_wconf 85' lang='lat' dir='ltr'><strong>A</strong></span> <span class='ocrx_word' id='word_1_75' title='bbox 2223 1015 2538 1098; x_wconf 57' lang='lat' dir='ltr'><strong>abrasit,“et</strong></span> <span class='ocrx_word' id='word_1_76' title='bbox 2562 1013 2683 1084; x_wconf 88' lang='lat' dir='ltr'><strong>ejus</strong></span> <span class='ocrx_word' id='word_1_77' title='bbox 2710 1009 3097 1098; x_wconf 49' lang='lat' dir='ltr'><strong>locoscr‘ipsit,</strong></span> <span class='ocrx_word' id='word_1_78' title='bbox 3130 1010 3189 1094; x_wconf 72' lang='lat' dir='ltr'><strong>in</strong></span> <span class='ocrx_word' id='word_1_79' title='bbox 3203 1010 3430 1098; x_wconf 65' lang='lat' dir='ltr'><strong>ciuitate</strong></span> <span class='ocrx_word' id='word_1_80' title='bbox 3449 1007 3623 1098; x_wconf 76' lang='lat' dir='ltr'><strong>Tltora</strong></span> <span class='ocrx_word' id='word_1_81' title='bbox 3647 1009 3819 1098; x_wconf 47' lang='grc' dir='ltr'><strong>πόλει.</strong></span> 
     </span>
    </p>
   </div>
   <div class='ocr_carea' id='block_1_12' title="bbox 531 1090 2118 1175">
    <p class='ocr_par' dir='ltr' id='par_1_12' title="bbox 531 1090 2118 1175">
     <span class='ocr_line' id='line_1_12' title="bbox 531 1090 2118 1175; baseline -0.007 -21"><span class='ocrx_word' id='word_1_82' title='bbox 531 1119 690 1175; x_wconf 85' lang='lat' dir='ltr'><strong>quem</strong></span> <span class='ocrx_word' id='word_1_83' title='bbox 720 1099 912 1175; x_wconf 79' lang='lat' dir='ltr'><strong>Surius</strong></span> <span class='ocrx_word' id='word_1_84' title='bbox 943 1090 1233 1175; x_wconf 58' lang='lat' dir='ltr'><strong>intumum</strong></span> <span class='ocrx_word' id='word_1_85' title='bbox 1256 1097 1318 1175; x_wconf 69' lang='grc' dir='ltr'><strong>γι</strong></span> <span class='ocrx_word' id='word_1_86' title='bbox 1341 1090 1883 1175; x_wconf 41' lang='grc' dir='ltr'><strong>ιτειηξιιιιίὶκειῌιίεξιὴ</strong></span> <span class='ocrx_word' id='word_1_87' title='bbox 1913 1092 1984 1148; x_wconf 70' lang='grc'><strong>25</strong></span> <span class='ocrx_word' id='word_1_88' title='bbox 2013 1090 2118 1175; x_wconf 75' lang='lat' dir='ltr'><strong>De.</strong></span> 
     </span>
    </p>
   </div>
   <div class='ocr_carea' id='block_1_13' title="bbox 529 1164 2124 1241">
    <p class='ocr_par' dir='ltr' id='par_1_13' title="bbox 529 1164 2124 1241">
     <span class='ocr_line' id='line_1_13' title="bbox 529 1164 2124 1241; baseline -0.004 -14"><span class='ocrx_word' id='word_1_89' title='bbox 529 1164 785 1239; x_wconf 70' lang='lat' dir='ltr'><strong>e&#39;ctnbris,</strong></span> <span class='ocrx_word' id='word_1_90' title='bbox 816 1170 1059 1241; x_wconf 84' lang='lat' dir='ltr'><strong>ejusdem</strong></span> <span class='ocrx_word' id='word_1_91' title='bbox 1089 1169 1311 1241; x_wconf 80' lang='lat' dir='ltr'><strong>virginis</strong></span> <span class='ocrx_word' id='word_1_92' title='bbox 1335 1168 1591 1241; x_wconf 75' lang='lat' dir='ltr'><strong>natalem.</strong></span> <span class='ocrx_word' id='word_1_93' title='bbox 1622 1165 1781 1241; x_wconf 74' lang='lat' dir='ltr'><strong>Satis</strong></span> <span class='ocrx_word' id='word_1_94' title='bbox 1799 1164 1868 1220; x_wconf 88' lang='lat' dir='ltr'><strong>de</strong></span> <span class='ocrx_word' id='word_1_95' title='bbox 1898 1167 2124 1241; x_wconf 44' lang='lat' dir='ltr'><strong>causeri-</strong></span> 
     </span>
    </p>
   </div>
   <div class='ocr_carea' id='block_1_14' title="bbox 533 1235 2122 1312">
    <p class='ocr_par' dir='ltr' id='par_1_14' title="bbox 533 1235 2122 1312">
     <span class='ocr_line' id='line_1_14' title="bbox 533 1235 2122 1312; baseline -0.004 -13"><span class='ocrx_word' id='word_1_96' title='bbox 533 1245 610 1299; x_wconf 90' lang='lat' dir='ltr'><strong>bit</strong></span> <span class='ocrx_word' id='word_1_97' title='bbox 644 1235 820 1310; x_wconf 82' lang='lat' dir='ltr'><strong>Adon,</strong></span> <span class='ocrx_word' id='word_1_98' title='bbox 847 1235 1118 1312; x_wconf 69' lang='lat' dir='ltr'><strong>idemque</strong></span> <span class='ocrx_word' id='word_1_99' title='bbox 1159 1235 1298 1311; x_wconf 61' lang='lat' dir='ltr'><strong>a&#39;pud</strong></span> <span class='ocrx_word' id='word_1_100' title='bbox 1330 1239 1640 1312; x_wconf 70' lang='lat' dir='ltr'><strong>Equilinum</strong></span> <span class='ocrx_word' id='word_1_101' title='bbox 1681 1237 1909 1312; x_wconf 71' lang='lat' dir='ltr'><strong>legimus</strong></span> <span class='ocrx_word' id='word_1_102' title='bbox 1947 1235 2122 1312; x_wconf 85' lang='lat' dir='ltr'><strong>lib._t,</strong></span> 
     </span>
    </p>
   </div>
   <div class='ocr_carea' id='block_1_15' title="bbox 531 1306 2121 1386">
    <p class='ocr_par' dir='ltr' id='par_1_15' title="bbox 531 1306 2121 1386">
     <span class='ocr_line' id='line_1_15' title="bbox 531 1306 2121 1386; baseline -0.006 -15"><span class='ocrx_word' id='word_1_103' title='bbox 531 1332 652 1386; x_wconf 89' lang='lat' dir='ltr'><strong>cap.</strong></span> <span class='ocrx_word' id='word_1_104' title='bbox 685 1314 773 1370; x_wconf 80' lang='grc'>85.</span> <span class='ocrx_word' id='word_1_105' title='bbox 803 1306 988 1367; x_wconf 73' lang='lat' dir='ltr'><strong>liomte</strong></span> <span class='ocrx_word' id='word_1_106' title='bbox 1014 1306 1228 1383; x_wconf 79' lang='lat' dir='ltr'><strong>quidem</strong></span> <span class='ocrx_word' id='word_1_107' title='bbox 1245 1306 1403 1386; x_wconf 69' lang='lat' dir='ltr'><strong>grta,</strong></span> <span class='ocrx_word' id='word_1_108' title='bbox 1421 1321 1483 1386; x_wconf 74' lang='lat' dir='ltr'><strong>et</strong></span> <span class='ocrx_word' id='word_1_109' title='bbox 1508 1306 1756 1386; x_wconf 70' lang='lat' dir='ltr'><strong>Eugenio</strong></span> <span class='ocrx_word' id='word_1_110' title='bbox 1777 1309 1992 1386; x_wconf 55' lang='lat' dir='ltr'><strong>Dagano</strong></span> <span class='ocrx_word' id='word_1_111' title='bbox 2026 1306 2121 1362; x_wconf 90' lang='lat' dir='ltr'><strong>dc-</strong></span> 
     </span>
    </p>
   </div>
   <div class='ocr_carea' id='block_1_16' title="bbox 534 1377 2125 1457">
    <p class='ocr_par' dir='ltr' id='par_1_16' title="bbox 534 1377 2125 1457">
     <span class='ocr_line' id='line_1_16' title="bbox 534 1377 2125 1457; baseline -0.005 -15"><span class='ocrx_word' id='word_1_112' title='bbox 534 1377 811 1457; x_wconf 73' lang='lat' dir='ltr'><strong>sponsata,</strong></span> <span class='ocrx_word' id='word_1_113' title='bbox 839 1399 868 1439; x_wconf 88' lang='lat' dir='ltr'><strong>a</strong></span> <span class='ocrx_word' id='word_1_114' title='bbox 900 1377 1088 1457; x_wconf 73' lang='lat' dir='ltr'><strong>sorore</strong></span> <span class='ocrx_word' id='word_1_115' title='bbox 1114 1397 1211 1438; x_wconf 88' lang='lat' dir='ltr'><strong>sua</strong></span> <span class='ocrx_word' id='word_1_116' title='bbox 1241 1381 1299 1439; x_wconf 93' lang='lat' dir='ltr'><strong>S.</strong></span> <span class='ocrx_word' id='word_1_117' title='bbox 1327 1377 1615 1457; x_wconf 68' lang='lat' dir='ltr'><strong>Anatholia</strong></span> <span class='ocrx_word' id='word_1_118' title='bbox 1657 1381 1733 1457; x_wconf 74' lang='lat' dir='ltr'><strong>ad</strong></span> <span class='ocrx_word' id='word_1_119' title='bbox 1763 1377 2125 1457; x_wconf 82' lang='lat' dir='ltr'><strong>virginitatem</strong></span> 
     </span>
    </p>
   </div>
   <div class='ocr_carea' id='block_1_17' title="bbox 533 1452 2125 1522">
    <p class='ocr_par' dir='ltr' id='par_1_17' title="bbox 533 1452 2125 1522">
     <span class='ocr_line' id='line_1_17' title="bbox 533 1452 2125 1522; baseline -0.004 -10"><span class='ocrx_word' id='word_1_120' title='bbox 533 1452 853 1513; x_wconf 82' lang='lat' dir='ltr'><strong>servandam</strong></span> <span class='ocrx_word' id='word_1_121' title='bbox 903 1455 1133 1510; x_wconf 88' lang='lat' dir='ltr'><strong>adducta</strong></span> <span class='ocrx_word' id='word_1_122' title='bbox 1176 1464 1263 1509; x_wconf 92' lang='lat' dir='ltr'><strong>est</strong></span> <span class='ocrx_word' id='word_1_123' title='bbox 1307 1454 1516 1509; x_wconf 86' lang='lat' dir='ltr'><strong>visione</strong></span> <span class='ocrx_word' id='word_1_124' title='bbox 1562 1453 1736 1522; x_wconf 81' lang='lat' dir='ltr'><strong>angeli</strong></span> <span class='ocrx_word' id='word_1_125' title='bbox 1783 1452 2125 1522; x_wconf 70' lang='lat' dir='ltr'><strong>prmmonita.</strong></span> 
     </span>
    </p>
   </div>
   <div class='ocr_carea' id='block_1_18' title="bbox 535 1521 2126 1594">
    <p class='ocr_par' dir='ltr' id='par_1_18' title="bbox 535 1521 2126 1594">
     <span class='ocr_line' id='line_1_18' title="bbox 535 1521 2126 1594; baseline -0.006 -9"><span class='ocrx_word' id='word_1_126' title='bbox 535 1531 666 1585; x_wconf 81' lang='lat' dir='ltr'><strong>Cum</strong></span> <span class='ocrx_word' id='word_1_127' title='bbox 695 1543 826 1582; x_wconf 85' lang='lat' dir='ltr'><strong>vero</strong></span> <span class='ocrx_word' id='word_1_128' title='bbox 854 1527 1060 1582; x_wconf 86' lang='lat' dir='ltr'><strong>nubere</strong></span> <span class='ocrx_word' id='word_1_129' title='bbox 1087 1526 1279 1590; x_wconf 82' lang='lat' dir='ltr'><strong>nollet,</strong></span> <span class='ocrx_word' id='word_1_130' title='bbox 1313 1523 1588 1594; x_wconf 85' lang='lat' dir='ltr'><strong>Eugenius</strong></span> <span class='ocrx_word' id='word_1_131' title='bbox 1620 1521 1848 1590; x_wconf 88' lang='lat' dir='ltr'><strong>timens,</strong></span> <span class='ocrx_word' id='word_1_132' title='bbox 1882 1535 1951 1576; x_wconf 92' lang='lat' dir='ltr'><strong>ne</strong></span> <span class='ocrx_word' id='word_1_133' title='bbox 1987 1521 2126 1576; x_wconf 90' lang='lat' dir='ltr'><strong>bona</strong></span> 
     </span>
    </p>
   </div>
   <div class='ocr_carea' id='block_1_19' title="bbox 536 1594 2130 1670">
    <p class='ocr_par' dir='ltr' id='par_1_19' title="bbox 536 1594 2130 1670">
     <span class='ocr_line' id='line_1_19' title="bbox 536 1594 2130 1670; baseline -0.004 -17"><span class='ocrx_word' id='word_1_134' title='bbox 536 1601 705 1670; x_wconf 79' lang='lat' dir='ltr'><strong>ipsius</strong></span> <span class='ocrx_word' id='word_1_135' title='bbox 733 1599 1188 1670; x_wconf 75' lang='lat' dir='ltr'><strong>coull~carentur,</strong></span> <span class='ocrx_word' id='word_1_136' title='bbox 1214 1598 1276 1670; x_wconf 88' lang='lat' dir='ltr'><strong>_si</strong></span> <span class='ocrx_word' id='word_1_137' title='bbox 1308 1597 1521 1665; x_wconf 89' lang='lat' dir='ltr'><strong>publice</strong></span> <span class='ocrx_word' id='word_1_138' title='bbox 1561 1594 1942 1670; x_wconf 40' lang='lat' dir='ltr'><strong>Christianam-</strong></span> <span class='ocrx_word' id='word_1_139' title='bbox 1968 1607 2130 1670; x_wconf 84' lang='lat' dir='ltr'><strong>accu-</strong></span> 
     </span>
    </p>
   </div>
   <div class='ocr_carea' id='block_1_20' title="bbox 534 1662 2126 1738">
    <p class='ocr_par' dir='ltr' id='par_1_20' title="bbox 534 1662 2126 1738">
     <span class='ocr_line' id='line_1_20' title="bbox 534 1662 2126 1738; baseline -0.005 -12"><span class='ocrx_word' id='word_1_140' title='bbox 534 1662 699 1736; x_wconf 71' lang='lat' dir='ltr'><strong>saret,</strong></span> <span class='ocrx_word' id='word_1_141' title='bbox 731 1673 839 1738; x_wconf 84' lang='lat' dir='ltr'><strong>egit</strong></span> <span class='ocrx_word' id='word_1_142' title='bbox 862 1684 985 1724; x_wconf 92' lang='lat' dir='ltr'><strong>cum</strong></span> <span class='ocrx_word' id='word_1_143' title='bbox 1022 1669 1184 1724; x_wconf 91' lang='lat' dir='ltr'><strong>Decio</strong></span> <span class='ocrx_word' id='word_1_144' title='bbox 1213 1662 1562 1738; x_wconf 78' lang='lat' dir='ltr'><strong>imperatore,</strong></span> <span class='ocrx_word' id='word_1_145' title='bbox 1596 1675 1653 1738; x_wconf 82' lang='lat' dir='ltr'><strong>ut</strong></span> <span class='ocrx_word' id='word_1_146' title='bbox 1673 1675 1831 1738; x_wconf 75' lang='lat' dir='ltr'><strong>extra</strong></span> <span class='ocrx_word' id='word_1_147' title='bbox 1860 1662 2048 1738; x_wconf 79' lang='lat' dir='ltr'><strong>urbem</strong></span> <span class='ocrx_word' id='word_1_148' title='bbox 2075 1665 2126 1718; x_wconf 90' lang='lat' dir='ltr'><strong>in</strong></span> 
     </span>
    </p>
   </div>
   <div class='ocr_carea' id='block_1_21' title="bbox 536 1733 2128 1807">
    <p class='ocr_par' dir='ltr' id='par_1_21' title="bbox 536 1733 2128 1807">
     <span class='ocr_line' id='line_1_21' title="bbox 536 1733 2128 1807; baseline -0.007 -10"><span class='ocrx_word' id='word_1_149' title='bbox 536 1733 791 1798; x_wconf 69' lang='lat' dir='ltr'><strong>exsilium</strong></span> <span class='ocrx_word' id='word_1_150' title='bbox 818 1741 1126 1795; x_wconf 80' lang='lat' dir='ltr'><strong>mitteretur</strong></span> <span class='ocrx_word' id='word_1_151' title='bbox 1157 1739 1218 1790; x_wconf 85' lang='lat' dir='ltr'><strong>ad</strong></span> <span class='ocrx_word' id='word_1_152' title='bbox 1252 1733 1451 1807; x_wconf 69' lang='lat' dir='ltr'><strong>praedia</strong></span> <span class='ocrx_word' id='word_1_153' title='bbox 1472 1751 1593 1791; x_wconf 83' lang='lat' dir='ltr'><strong>sua.</strong></span> <span class='ocrx_word' id='word_1_154' title='bbox 1634 1735 1866 1807; x_wconf 68' lang='lat' dir='ltr'><strong>ldipsum</strong></span> <span class='ocrx_word' id='word_1_155' title='bbox 1887 1733 2128 1807; x_wconf 74' lang='lat' dir='ltr'><strong>Anatha-</strong></span> 
     </span>
    </p>
   </div>
   <div class='ocr_carea' id='block_1_22' title="bbox 535 1805 2124 1882">
    <p class='ocr_par' dir='ltr' id='par_1_22' title="bbox 535 1805 2124 1882">
     <span class='ocr_line' id='line_1_22' title="bbox 535 1805 2124 1882; baseline -0.006 -15"><span class='ocrx_word' id='word_1_156' title='bbox 535 1813 624 1869; x_wconf 84' lang='lat' dir='ltr'><strong>liae</strong></span> <span class='ocrx_word' id='word_1_157' title='bbox 652 1812 908 1882; x_wconf 83' lang='lat' dir='ltr'><strong>contigit.</strong></span> <span class='ocrx_word' id='word_1_158' title='bbox 959 1825 1080 1882; x_wconf 72' lang='lat' dir='ltr'><strong>qua:</strong></span> <span class='ocrx_word' id='word_1_159' title='bbox 1121 1805 1500 1882; x_wconf 23' lang='lat' dir='ltr'><strong>Tito‘Aureli‘o</strong></span> <span class='ocrx_word' id='word_1_160' title='bbox 1541 1806 1705 1882; x_wconf 82' lang='lat' dir='ltr'><strong>nobili</strong></span> <span class='ocrx_word' id='word_1_161' title='bbox 1744 1805 1991 1882; x_wconf 54' lang='lat' dir='ltr'><strong>[inritatio</strong></span> <span class='ocrx_word' id='word_1_162' title='bbox 2024 1806 2124 1882; x_wconf 72' lang='lat' dir='ltr'><strong>_de~</strong></span> 
     </span>
    </p>
   </div>
   <div class='ocr_carea' id='block_1_23' title="bbox 531 1877 2131 1955">
    <p class='ocr_par' dir='ltr' id='par_1_23' title="bbox 531 1877 2131 1955">
     <span class='ocr_line' id='line_1_23' title="bbox 531 1877 2131 1955; baseline -0.005 -17"><span class='ocrx_word' id='word_1_163' title='bbox 531 1877 954 1955; x_wconf 54' lang='lat' dir='ltr'><strong>sponsata&#39;erat.</strong></span> <span class='ocrx_word' id='word_1_164' title='bbox 984 1881 1060 1935; x_wconf 87' lang='lat' dir='ltr'><strong>Eo</strong></span> <span class='ocrx_word' id='word_1_165' title='bbox 1081 1890 1325 1955; x_wconf 85' lang='lat' dir='ltr'><strong>tempore</strong></span> <span class='ocrx_word' id='word_1_166' title='bbox 1355 1877 1962 1955; x_wconf 71' lang='lat' dir='ltr'><strong>occisoinnnanissimo</strong></span> <span class='ocrx_word' id='word_1_167' title='bbox 1984 1877 2131 1955; x_wconf 82' lang='lat' dir='ltr'><strong>_dra-</strong></span> 
     </span>
    </p>
   </div>
   <div class='ocr_carea' id='block_1_24' title="bbox 537 1948 2128 2013">
    <p class='ocr_par' dir='ltr' id='par_1_24' title="bbox 537 1948 2128 2013">
     <span class='ocr_line' id='line_1_24' title="bbox 537 1948 2128 2013; baseline -0.007 -3"><span class='ocrx_word' id='word_1_168' title='bbox 537 1948 673 2010; x_wconf 66' lang='lat' dir='ltr'><strong>c&#39;one</strong></span> <span class='ocrx_word' id='word_1_169' title='bbox 701 1955 1065 2010; x_wconf 86' lang='lat' dir='ltr'><strong>Turbulanam</strong></span> <span class='ocrx_word' id='word_1_170' title='bbox 1110 1948 1296 2006; x_wconf 85' lang='lat' dir='ltr'><strong>urbem</strong></span> <span class='ocrx_word' id='word_1_171' title='bbox 1329 1951 1394 2004; x_wconf 91' lang='lat' dir='ltr'><strong>ad</strong></span> <span class='ocrx_word' id='word_1_172' title='bbox 1425 1949 1699 2006; x_wconf 83' lang='lat' dir='ltr'><strong>Christum</strong></span> <span class='ocrx_word' id='word_1_173' title='bbox 1753 1948 2042 2013; x_wconf 79' lang='lat' dir='ltr'><strong>convertit,</strong></span> <span class='ocrx_word' id='word_1_174' title='bbox 2077 1961 2128 2002; x_wconf 90' lang='lat' dir='ltr'><strong>et</strong></span> 
     </span>
    </p>
   </div>
   <div class='ocr_carea' id='block_1_25' title="bbox 537 2021 2132 2098">
    <p class='ocr_par' dir='ltr' id='par_1_25' title="bbox 537 2021 2132 2098">
     <span class='ocr_line' id='line_1_25' title="bbox 537 2021 2132 2098; baseline -0.009 -15"><span class='ocrx_word' id='word_1_175' title='bbox 537 2028 864 2098; x_wconf 73' lang='lat' dir='ltr'><strong>virginitatis</strong></span> <span class='ocrx_word' id='word_1_176' title='bbox 907 2027 1265 2082; x_wconf 87' lang='lat' dir='ltr'><strong>centesimum</strong></span> <span class='ocrx_word' id='word_1_177' title='bbox 1311 2022 1557 2098; x_wconf 72' lang='lat' dir='ltr'><strong>fructum</strong></span> <span class='ocrx_word' id='word_1_178' title='bbox 1595 2022 1958 2098; x_wconf 76' lang='lat' dir='ltr'><strong>diSseminans</strong></span> <span class='ocrx_word' id='word_1_179' title='bbox 2003 2021 2132 2098; x_wconf 74' lang='lat' dir='ltr'><strong>clio-</strong></span> 
     </span>
    </p>
   </div>
   <div class='ocr_carea' id='block_1_26' title="bbox 537 2091 2132 2169">
    <p class='ocr_par' dir='ltr' id='par_1_26' title="bbox 537 2091 2132 2169">
     <span class='ocr_line' id='line_1_26' title="bbox 537 2091 2132 2169; baseline -0.004 -15"><span class='ocrx_word' id='word_1_180' title='bbox 537 2091 657 2155; x_wconf 79' lang='lat' dir='ltr'><strong>rutii</strong></span> <span class='ocrx_word' id='word_1_181' title='bbox 681 2100 750 2154; x_wconf 79' lang='grc'><strong>75</strong></span> <span class='ocrx_word' id='word_1_182' title='bbox 778 2101 1048 2169; x_wconf 85' lang='lat' dir='ltr'><strong>virginum</strong></span> <span class='ocrx_word' id='word_1_183' title='bbox 1072 2095 1383 2166; x_wconf 81' lang='lat' dir='ltr'><strong>aggregavit</strong></span> <span class='ocrx_word' id='word_1_184' title='bbox 1407 2112 1420 2161; x_wconf 91' lang='lat'><strong>;</strong></span> <span class='ocrx_word' id='word_1_185' title='bbox 1450 2094 1645 2164; x_wconf 82' lang='lat' dir='ltr'><strong>quibus</strong></span> <span class='ocrx_word' id='word_1_186' title='bbox 1673 2094 1840 2169; x_wconf 81' lang='lat' dir='ltr'><strong>multa</strong></span> <span class='ocrx_word' id='word_1_187' title='bbox 1871 2091 2132 2147; x_wconf 75' lang='lat' dir='ltr'><strong>doctrina:</strong></span> 
     </span>
    </p>
   </div>
   <div class='ocr_carea' id='block_1_27' title="bbox 535 2165 2134 2239">
    <p class='ocr_par' dir='ltr' id='par_1_27' title="bbox 535 2165 2134 2239">
     <span class='ocr_line' id='line_1_27' title="bbox 535 2165 2134 2239; baseline -0.004 -15"><span class='ocrx_word' id='word_1_188' title='bbox 535 2181 590 2225; x_wconf 86' lang='lat' dir='ltr'><strong>et</strong></span> <span class='ocrx_word' id='word_1_189' title='bbox 621 2165 1003 2227; x_wconf 74' lang='lat' dir='ltr'><strong>miraculorum</strong></span> <span class='ocrx_word' id='word_1_190' title='bbox 1043 2165 1212 2239; x_wconf 82' lang='lat' dir='ltr'><strong>gratia</strong></span> <span class='ocrx_word' id='word_1_191' title='bbox 1246 2165 1526 2223; x_wconf 75' lang='lat' dir='ltr'><strong>illustrata</strong></span> <span class='ocrx_word' id='word_1_192' title='bbox 1569 2165 1819 2239; x_wconf 61' lang='lat' dir='ltr'><strong>praefuit;</strong></span> <span class='ocrx_word' id='word_1_193' title='bbox 1853 2177 2134 2238; x_wconf 75' lang='lat' dir='ltr'><strong>quousque</strong></span> 
     </span>
    </p>
   </div>
   <div class='ocr_carea' id='block_1_28' title="bbox 537 2238 2134 2312">
    <p class='ocr_par' dir='ltr' id='par_1_28' title="bbox 537 2238 2134 2312">
     <span class='ocr_line' id='line_1_28' title="bbox 537 2238 2134 2312; baseline -0.005 -14"><span class='ocrx_word' id='word_1_194' title='bbox 537 2243 782 2312; x_wconf 84' lang='lat' dir='ltr'><strong>Eugenio</strong></span> <span class='ocrx_word' id='word_1_195' title='bbox 810 2260 1012 2312; x_wconf 88' lang='lat' dir='ltr'><strong>sponso</strong></span> <span class='ocrx_word' id='word_1_196' title='bbox 1055 2238 1427 2306; x_wconf 85' lang='lat' dir='ltr'><strong>inacbinaute,</strong></span> <span class='ocrx_word' id='word_1_197' title='bbox 1471 2238 1716 2310; x_wconf 85' lang='lat' dir='ltr'><strong>martyrii</strong></span> <span class='ocrx_word' id='word_1_198' title='bbox 1744 2251 2015 2312; x_wconf 68' lang='lat' dir='ltr'><strong>coronam</strong></span> <span class='ocrx_word' id='word_1_199' title='bbox 2045 2251 2134 2290; x_wconf 87' lang='lat' dir='ltr'><strong>ac-</strong></span> 
     </span>
    </p>
   </div>
   <div class='ocr_carea' id='block_1_29' title="bbox 538 2309 2132 2384">
    <p class='ocr_par' dir='ltr' id='par_1_29' title="bbox 538 2309 2132 2384">
     <span class='ocr_line' id='line_1_29' title="bbox 538 2309 2132 2384; baseline -0.004 -16"><span class='ocrx_word' id='word_1_200' title='bbox 538 2309 703 2382; x_wconf 78' lang='lat' dir='ltr'><strong>cepit,</strong></span> <span class='ocrx_word' id='word_1_201' title='bbox 737 2309 900 2371; x_wconf 87' lang='lat' dir='ltr'><strong>corde</strong></span> <span class='ocrx_word' id='word_1_202' title='bbox 931 2313 1108 2384; x_wconf 82' lang='lat' dir='ltr'><strong>gladio</strong></span> <span class='ocrx_word' id='word_1_203' title='bbox 1141 2327 1420 2382; x_wconf 80' lang='lat' dir='ltr'><strong>percusso,</strong></span> <span class='ocrx_word' id='word_1_204' title='bbox 1455 2309 1722 2384; x_wconf 83' lang='lat' dir='ltr'><strong>utltabet_</strong></span> <span class='ocrx_word' id='word_1_205' title='bbox 1743 2309 2048 2384; x_wconf 85' lang='lat' dir='ltr'><strong>Usuardus,</strong></span> <span class='ocrx_word' id='word_1_206' title='bbox 2080 2317 2132 2361; x_wconf 89' lang='lat' dir='ltr'><strong>et</strong></span> 
     </span>
    </p>
   </div>
   <div class='ocr_carea' id='block_1_30' title="bbox 539 2381 2030 2457">
    <p class='ocr_par' dir='ltr' id='par_1_30' title="bbox 539 2381 2030 2457">
     <span class='ocr_line' id='line_1_30' title="bbox 539 2381 2030 2457; baseline -0.004 -16"><span class='ocrx_word' id='word_1_207' title='bbox 539 2381 840 2442; x_wconf 75' lang='lat' dir='ltr'><strong>liutnanum</strong></span> <span class='ocrx_word' id='word_1_208' title='bbox 873 2381 1312 2457; x_wconf 71' lang='lat' dir='ltr'><strong>Martyrologium</strong></span> <span class='ocrx_word' id='word_1_209' title='bbox 1346 2389 1466 2453; x_wconf 90' lang='lat' dir='ltr'><strong>ipso</strong></span> <span class='ocrx_word' id='word_1_210' title='bbox 1491 2383 1580 2438; x_wconf 90' lang='lat' dir='ltr'><strong>die</strong></span> <span class='ocrx_word' id='word_1_211' title='bbox 1603 2383 1674 2437; x_wconf 70' lang='lat'><strong>25</strong></span> <span class='ocrx_word' id='word_1_212' title='bbox 1697 2381 2030 2457; x_wconf 77' lang='lat' dir='ltr'><strong>Decembris.</strong></span> 
     </span>
    </p>
   </div>
   <div class='ocr_carea' id='block_1_31' title="bbox 609 2450 2126 2529">
    <p class='ocr_par' dir='ltr' id='par_1_31' title="bbox 609 2450 2126 2529">
     <span class='ocr_line' id='line_1_31' title="bbox 609 2450 2126 2529; baseline -0.004 -17"><span class='ocrx_word' id='word_1_213' title='bbox 609 2459 786 2529; x_wconf 90' lang='lat' dir='ltr'><strong>Atque</strong></span> <span class='ocrx_word' id='word_1_214' title='bbox 815 2459 866 2514; x_wconf 92' lang='lat' dir='ltr'><strong>in</strong></span> <span class='ocrx_word' id='word_1_215' title='bbox 902 2460 985 2514; x_wconf 89' lang='lat' dir='ltr'><strong>bis</strong></span> <span class='ocrx_word' id='word_1_216' title='bbox 1013 2450 1215 2513; x_wconf 52' lang='lat' dir='ltr'><strong>&#39;omnes</strong></span> <span class='ocrx_word' id='word_1_217' title='bbox 1254 2450 1642 2529; x_wconf 66' lang='lat' dir='ltr'><strong>consentiunt:</strong></span> <span class='ocrx_word' id='word_1_218' title='bbox 1696 2455 1748 2529; x_wconf 86' lang='lat' dir='ltr'><strong>in</strong></span> <span class='ocrx_word' id='word_1_219' title='bbox 1794 2450 2126 2529; x_wconf 76' lang='lat' dir='ltr'><strong>designanda</strong></span> 
     </span>
    </p>
   </div>
   <div class='ocr_carea' id='block_1_32' title="bbox 538 2523 2126 2598">
    <p class='ocr_par' dir='ltr' id='par_1_32' title="bbox 538 2523 2126 2598">
     <span class='ocr_line' id='line_1_32' title="bbox 538 2523 2126 2598; baseline -0.003 -16"><span class='ocrx_word' id='word_1_220' title='bbox 538 2523 718 2584; x_wconf 80' lang='lat' dir='ltr'><strong>autem</strong></span> <span class='ocrx_word' id='word_1_221' title='bbox 748 2531 867 2585; x_wconf 85' lang='lat' dir='ltr'><strong>loco</strong></span> <span class='ocrx_word' id='word_1_222' title='bbox 897 2541 951 2584; x_wconf 91' lang='lat' dir='ltr'><strong>et</strong></span> <span class='ocrx_word' id='word_1_223' title='bbox 983 2531 1288 2598; x_wconf 84' lang='lat' dir='ltr'><strong>provincia,</strong></span> <span class='ocrx_word' id='word_1_224' title='bbox 1325 2527 1412 2582; x_wconf 92' lang='lat' dir='ltr'><strong>ubi</strong></span> <span class='ocrx_word' id='word_1_225' title='bbox 1444 2528 1502 2582; x_wconf 92' lang='lat' dir='ltr'><strong>S.</strong></span> <span class='ocrx_word' id='word_1_226' title='bbox 1536 2525 1772 2598; x_wconf 62' lang='lat' dir='ltr'><strong>Victoria</strong></span> <span class='ocrx_word' id='word_1_227' title='bbox 1804 2523 2126 2598; x_wconf 75' lang='lat' dir='ltr'><strong>martyrium</strong></span> 
     </span>
    </p>
   </div>
   <div class='ocr_carea' id='block_1_33' title="bbox 538 2595 2122 2670">
    <p class='ocr_par' dir='ltr' id='par_1_33' title="bbox 538 2595 2122 2670">
     <span class='ocr_line' id='line_1_33' title="bbox 538 2595 2122 2670; baseline 0.001 -22"><span class='ocrx_word' id='word_1_228' title='bbox 538 2615 573 2670; x_wconf 83' lang='lat' dir='ltr'><strong>p</strong></span> <span class='ocrx_word' id='word_1_229' title='bbox 592 2615 694 2654; x_wconf 66' lang='lat' dir='ltr'><strong>issa</strong></span> <span class='ocrx_word' id='word_1_230' title='bbox 719 2611 822 2668; x_wconf 84' lang='lat' dir='ltr'><strong>est,</strong></span> <span class='ocrx_word' id='word_1_231' title='bbox 849 2617 954 2655; x_wconf 87' lang='lat' dir='ltr'><strong>non</strong></span> <span class='ocrx_word' id='word_1_232' title='bbox 981 2595 1200 2656; x_wconf 84' lang='lat' dir='ltr'><strong>minima</strong></span> <span class='ocrx_word' id='word_1_233' title='bbox 1229 2607 1313 2654; x_wconf 81' lang='lat' dir='ltr'><strong>est</strong></span> <span class='ocrx_word' id='word_1_234' title='bbox 1334 2595 1626 2654; x_wconf 81' lang='lat' dir='ltr'><strong>dissensio.</strong></span> <span class='ocrx_word' id='word_1_235' title='bbox 1655 2597 1786 2670; x_wconf 81' lang='lat' dir='ltr'><strong>Nam</strong></span> <span class='ocrx_word' id='word_1_236' title='bbox 1820 2597 2122 2670; x_wconf 55' lang='lat' dir='ltr'><strong>Equiﬁnus,</strong></span> 
     </span>
    </p>
   </div>
   <div class='ocr_carea' id='block_1_34' title="bbox 539 2666 2126 2740">
    <p class='ocr_par' dir='ltr' id='par_1_34' title="bbox 539 2666 2126 2740">
     <span class='ocr_line' id='line_1_34' title="bbox 539 2666 2126 2740; baseline -0.003 -14"><span class='ocrx_word' id='word_1_237' title='bbox 539 2666 624 2726; x_wconf 75' lang='lat' dir='ltr'><strong>cui</strong></span> <span class='ocrx_word' id='word_1_238' title='bbox 653 2666 1199 2726; x_wconf 34' lang='lat' dir='ltr'><strong>multi&#39;rccentiorum</strong></span> <span class='ocrx_word' id='word_1_239' title='bbox 1229 2672 1635 2740; x_wconf 81' lang='lat' dir='ltr'><strong>subscripsere,</strong></span> <span class='ocrx_word' id='word_1_240' title='bbox 1663 2668 1930 2740; x_wconf 79' lang='lat' dir='ltr'><strong>scribitiu</strong></span> <span class='ocrx_word' id='word_1_241' title='bbox 1959 2666 2126 2740; x_wconf 58' lang='lat' dir='ltr'><strong>Tibug</strong></span> 
     </span>
    </p>
   </div>
   <div class='ocr_carea' id='block_1_35' title="bbox 541 2737 2126 2811">
    <p class='ocr_par' dir='ltr' id='par_1_35' title="bbox 541 2737 2126 2811">
     <span class='ocr_line' id='line_1_35' title="bbox 541 2737 2126 2811; baseline -0.002 -16"><span class='ocrx_word' id='word_1_242' title='bbox 541 2742 662 2795; x_wconf 88' lang='lat' dir='ltr'><strong>lana</strong></span> <span class='ocrx_word' id='word_1_243' title='bbox 697 2743 915 2797; x_wconf 84' lang='lat' dir='ltr'><strong>civitate</strong></span> <span class='ocrx_word' id='word_1_244' title='bbox 946 2757 1033 2796; x_wconf 76' lang='lat' dir='ltr'><strong>xw</strong></span> <span class='ocrx_word' id='word_1_245' title='bbox 1066 2741 1240 2811; x_wconf 88' lang='lat' dir='ltr'><strong>lapide</strong></span> <span class='ocrx_word' id='word_1_246' title='bbox 1263 2743 1330 2795; x_wconf 86' lang='lat' dir='ltr'><strong>ab</strong></span> <span class='ocrx_word' id='word_1_247' title='bbox 1354 2737 1486 2796; x_wconf 83' lang='lat' dir='ltr'><strong>urbe</strong></span> <span class='ocrx_word' id='word_1_248' title='bbox 1526 2740 1694 2794; x_wconf 76' lang='lat' dir='ltr'><strong>Ruina</strong></span> <span class='ocrx_word' id='word_1_249' title='bbox 1727 2739 2016 2811; x_wconf 59' lang='lat' dir='ltr'><strong>aacidisse,</strong></span> <span class='ocrx_word' id='word_1_250' title='bbox 2042 2737 2126 2792; x_wconf 89' lang='lat' dir='ltr'><strong>cui</strong></span> 
     </span>
    </p>
   </div>
   <div class='ocr_carea' id='block_1_36' title="bbox 542 2809 2131 2884">
    <p class='ocr_par' dir='ltr' id='par_1_36' title="bbox 542 2809 2131 2884">
     <span class='ocr_line' id='line_1_36' title="bbox 542 2809 2131 2884; baseline -0.003 -17"><span class='ocrx_word' id='word_1_251' title='bbox 542 2811 751 2868; x_wconf 87' lang='lat' dir='ltr'><strong>accedit</strong></span> <span class='ocrx_word' id='word_1_252' title='bbox 777 2813 921 2884; x_wconf 89' lang='lat' dir='ltr'><strong>quod</strong></span> <span class='ocrx_word' id='word_1_253' title='bbox 951 2811 1004 2868; x_wconf 92' lang='lat' dir='ltr'><strong>in</strong></span> <span class='ocrx_word' id='word_1_254' title='bbox 1036 2809 1245 2882; x_wconf 79' lang='lat' dir='ltr'><strong>populis</strong></span> <span class='ocrx_word' id='word_1_255' title='bbox 1269 2813 1461 2868; x_wconf 86' lang='lat' dir='ltr'><strong>Marsis</strong></span> <span class='ocrx_word' id='word_1_256' title='bbox 1489 2827 1647 2882; x_wconf 88' lang='lat' dir='ltr'><strong>passa</strong></span> <span class='ocrx_word' id='word_1_257' title='bbox 1675 2813 1904 2877; x_wconf 88' lang='lat' dir='ltr'><strong>dicatur,</strong></span> <span class='ocrx_word' id='word_1_258' title='bbox 1933 2809 2023 2884; x_wconf 77' lang='lat' dir='ltr'><strong>qui</strong></span> <span class='ocrx_word' id='word_1_259' title='bbox 2054 2818 2131 2862; x_wconf 88' lang='lat' dir='ltr'><strong>ta-</strong></span> 
     </span>
    </p>
   </div>
   <div class='ocr_carea' id='block_1_37' title="bbox 540 2882 2132 2954">
    <p class='ocr_par' dir='ltr' id='par_1_37' title="bbox 540 2882 2132 2954">
     <span class='ocr_line' id='line_1_37' title="bbox 540 2882 2132 2954; baseline -0.001 -17"><span class='ocrx_word' id='word_1_260' title='bbox 540 2899 665 2938; x_wconf 88' lang='lat' dir='ltr'><strong>men</strong></span> <span class='ocrx_word' id='word_1_261' title='bbox 688 2884 748 2954; x_wconf 9' lang='lat' dir='ltr'><strong>rin</strong></span> <span class='ocrx_word' id='word_1_262' title='bbox 781 2882 926 2950; x_wconf 74' lang='lat' dir='ltr'><strong>Italia</strong></span> <span class='ocrx_word' id='word_1_263' title='bbox 957 2885 1132 2950; x_wconf 78' lang='lat' dir='ltr'><strong>luere,</strong></span> <span class='ocrx_word' id='word_1_264' title='bbox 1166 2900 1270 2938; x_wconf 90' lang='lat' dir='ltr'><strong>non</strong></span> <span class='ocrx_word' id='word_1_265' title='bbox 1303 2885 1354 2940; x_wconf 90' lang='lat' dir='ltr'><strong>in</strong></span> <span class='ocrx_word' id='word_1_266' title='bbox 1385 2884 1661 2954; x_wconf 86' lang='lat' dir='ltr'><strong>Hispania.</strong></span> <span class='ocrx_word' id='word_1_267' title='bbox 1691 2884 1962 2954; x_wconf 52' lang='lat' dir='ltr'><strong>Caeterum</strong></span> <span class='ocrx_word' id='word_1_268' title='bbox 1995 2882 2132 2936; x_wconf 88' lang='lat' dir='ltr'><strong>Dcx-</strong></span> 
     </span>
    </p>
   </div>
   <div class='ocr_carea' id='block_1_38' title="bbox 542 2953 2129 3025">
    <p class='ocr_par' dir='ltr' id='par_1_38' title="bbox 542 2953 2129 3025">
     <span class='ocr_line' id='line_1_38' title="bbox 542 2953 2129 3025; baseline -0.004 -15"><span class='ocrx_word' id='word_1_269' title='bbox 542 2965 625 3010; x_wconf 90' lang='lat' dir='ltr'><strong>ter</strong></span> <span class='ocrx_word' id='word_1_270' title='bbox 646 2953 716 3010; x_wconf 89' lang='lat' dir='ltr'><strong>ab</strong></span> <span class='ocrx_word' id='word_1_271' title='bbox 744 2955 824 3010; x_wconf 91' lang='lat' dir='ltr'><strong>his</strong></span> <span class='ocrx_word' id='word_1_272' title='bbox 847 2955 1195 3025; x_wconf 82' lang='lat' dir='ltr'><strong>dissentiens,</strong></span> <span class='ocrx_word' id='word_1_273' title='bbox 1225 2953 1563 3010; x_wconf 68' lang='lat' dir='ltr'><strong>Turbulrcin</strong></span> <span class='ocrx_word' id='word_1_274' title='bbox 1594 2954 1900 3009; x_wconf 83' lang='lat' dir='ltr'><strong>Bastetanis</strong></span> <span class='ocrx_word' id='word_1_275' title='bbox 1926 2953 2129 3025; x_wconf 85' lang='lat' dir='ltr'><strong>Tarra-</strong></span> 
     </span>
    </p>
   </div>
   <div class='ocr_carea' id='block_1_39' title="bbox 541 3023 2134 3097">
    <p class='ocr_par' dir='ltr' id='par_1_39' title="bbox 541 3023 2134 3097">
     <span class='ocr_line' id='line_1_39' title="bbox 541 3023 2134 3097; baseline 0 -19"><span class='ocrx_word' id='word_1_276' title='bbox 541 3028 871 3081; x_wconf 83' lang='lat' dir='ltr'><strong>concnsibtts</strong></span> <span class='ocrx_word' id='word_1_277' title='bbox 901 3025 1166 3083; x_wconf 86' lang='lat' dir='ltr'><strong>accidisse</strong></span> <span class='ocrx_word' id='word_1_278' title='bbox 1182 3023 1499 3092; x_wconf 81' lang='lat' dir='ltr'><strong>contendit;</strong></span> <span class='ocrx_word' id='word_1_279' title='bbox 1532 3025 1583 3080; x_wconf 89' lang='lat' dir='ltr'><strong>id</strong></span> <span class='ocrx_word' id='word_1_280' title='bbox 1613 3025 1755 3097; x_wconf 90' lang='lat' dir='ltr'><strong>quod</strong></span> <span class='ocrx_word' id='word_1_281' title='bbox 1787 3024 1916 3080; x_wconf 90' lang='lat' dir='ltr'><strong>mihi</strong></span> <span class='ocrx_word' id='word_1_282' title='bbox 1939 3023 2134 3097; x_wconf 85' lang='lat' dir='ltr'><strong>verisi-</strong></span> 
     </span>
    </p>
   </div>
   <div class='ocr_carea' id='block_1_40' title="bbox 543 3095 2132 3170">
    <p class='ocr_par' dir='ltr' id='par_1_40' title="bbox 543 3095 2132 3170">
     <span class='ocr_line' id='line_1_40' title="bbox 543 3095 2132 3170; baseline -0.001 -18"><span class='ocrx_word' id='word_1_283' title='bbox 543 3097 826 3170; x_wconf 86' lang='lat' dir='ltr'><strong>millimum</strong></span> <span class='ocrx_word' id='word_1_284' title='bbox 873 3099 1000 3154; x_wconf 86' lang='lat' dir='ltr'><strong>iacit</strong></span> <span class='ocrx_word' id='word_1_285' title='bbox 1028 3099 1354 3168; x_wconf 85' lang='lat' dir='ltr'><strong>Althclmus,</strong></span> <span class='ocrx_word' id='word_1_286' title='bbox 1398 3099 1489 3170; x_wconf 89' lang='lat' dir='ltr'><strong>qui</strong></span> <span class='ocrx_word' id='word_1_287' title='bbox 1521 3095 1803 3154; x_wconf 88' lang='lat' dir='ltr'><strong>Tribulam</strong></span> <span class='ocrx_word' id='word_1_288' title='bbox 1835 3097 2020 3154; x_wconf 88' lang='lat' dir='ltr'><strong>urbem</strong></span> <span class='ocrx_word' id='word_1_289' title='bbox 2056 3095 2132 3152; x_wconf 86' lang='lat' dir='ltr'><strong>lc-</strong></span> 
     </span>
    </p>
   </div>
   <div class='ocr_carea' id='block_1_41' title="bbox 538 3169 946 3240">
    <p class='ocr_par' dir='ltr' id='par_1_41' title="bbox 538 3169 946 3240">
     <span class='ocr_line' id='line_1_41' title="bbox 538 3169 946 3240; baseline 0.01 -17"><span class='ocrx_word' id='word_1_290' title='bbox 538 3169 636 3240; x_wconf 84' lang='lat' dir='ltr'><strong>git,</strong></span> <span class='ocrx_word' id='word_1_291' title='bbox 671 3170 796 3240; x_wconf 87' lang='lat' dir='ltr'><strong>dum</strong></span> <span class='ocrx_word' id='word_1_292' title='bbox 825 3171 899 3227; x_wconf 88' lang='lat' dir='ltr'><strong>ait</strong></span> <span class='ocrx_word' id='word_1_293' title='bbox 933 3189 946 3226; x_wconf 90' lang='lat'><strong>:</strong></span> 
     </span>
    </p>
   </div>
   <div class='ocr_carea' id='block_1_42' title="bbox 729 3261 1829 3324">
    <p class='ocr_par' dir='ltr' id='par_1_42' title="bbox 729 3261 1829 3324">
     <span class='ocr_line' id='line_1_42' title="bbox 729 3261 1829 3324; baseline 0 -12"><span class='ocrx_word' id='word_1_294' title='bbox 729 3263 932 3313; x_wconf 87' lang='lat' dir='ltr'><strong>Interea</strong></span> <span class='ocrx_word' id='word_1_295' title='bbox 957 3262 1155 3312; x_wconf 77' lang='lat' dir='ltr'><strong>Romam</strong></span> <span class='ocrx_word' id='word_1_296' title='bbox 1177 3262 1409 3324; x_wconf 88' lang='lat' dir='ltr'><strong>linquens</strong></span> <span class='ocrx_word' id='word_1_297' title='bbox 1433 3261 1648 3313; x_wconf 80' lang='lat' dir='ltr'><strong>Victoria</strong></span> <span class='ocrx_word' id='word_1_298' title='bbox 1672 3263 1829 3324; x_wconf 82' lang='lat' dir='ltr'><strong>virgo,</strong></span> 
     </span>
    </p>
   </div>
   <div class='ocr_carea' id='block_1_43' title="bbox 728 3324 1914 3376">
    <p class='ocr_par' dir='ltr' id='par_1_43' title="bbox 728 3324 1914 3376">
     <span class='ocr_line' id='line_1_43' title="bbox 728 3324 1914 3376; baseline -0.001 -1"><span class='ocrx_word' id='word_1_299' title='bbox 728 3325 881 3375; x_wconf 81' lang='lat' dir='ltr'><strong>Exsul</strong></span> <span class='ocrx_word' id='word_1_300' title='bbox 908 3326 958 3373; x_wconf 91' lang='lat' dir='ltr'><strong>in</strong></span> <span class='ocrx_word' id='word_1_301' title='bbox 983 3326 1214 3375; x_wconf 83' lang='lat' dir='ltr'><strong>exsilium</strong></span> <span class='ocrx_word' id='word_1_302' title='bbox 1237 3324 1518 3376; x_wconf 81' lang='lat' dir='ltr'><strong>Tribulante</strong></span> <span class='ocrx_word' id='word_1_303' title='bbox 1541 3325 1737 3375; x_wconf 90' lang='lat' dir='ltr'><strong>ducitur</strong></span> <span class='ocrx_word' id='word_1_304' title='bbox 1763 3324 1914 3374; x_wconf 85' lang='lat' dir='ltr'><strong>urbis.</strong></span> 
     </span>
    </p>
   </div>
   <div class='ocr_carea' id='block_1_44' title="bbox 543 3429 2133 3501">
    <p class='ocr_par' dir='ltr' id='par_1_44' title="bbox 543 3429 2133 3501">
     <span class='ocr_line' id='line_1_44' title="bbox 543 3429 2133 3501; baseline 0.003 -20"><span class='ocrx_word' id='word_1_305' title='bbox 543 3429 699 3495; x_wconf 78' lang='lat' dir='ltr'><strong>Quod</strong></span> <span class='ocrx_word' id='word_1_306' title='bbox 736 3442 888 3485; x_wconf 89' lang='lat' dir='ltr'><strong>certe</strong></span> <span class='ocrx_word' id='word_1_307' title='bbox 933 3445 1128 3486; x_wconf 88' lang='lat' dir='ltr'><strong>nomen</strong></span> <span class='ocrx_word' id='word_1_308' title='bbox 1174 3431 1396 3501; x_wconf 88' lang='lat' dir='ltr'><strong>pr0pius</strong></span> <span class='ocrx_word' id='word_1_309' title='bbox 1450 3429 1516 3484; x_wconf 88' lang='lat' dir='ltr'><strong>ad</strong></span> <span class='ocrx_word' id='word_1_310' title='bbox 1561 3430 1856 3485; x_wconf 86' lang='lat' dir='ltr'><strong>Turbulam</strong></span> <span class='ocrx_word' id='word_1_311' title='bbox 1903 3429 2133 3501; x_wconf 86' lang='lat' dir='ltr'><strong>accedit,</strong></span> 
     </span>
    </p>
   </div>
   <div class='ocr_carea' id='block_1_45' title="bbox 543 3499 2138 3572">
    <p class='ocr_par' dir='ltr' id='par_1_45' title="bbox 543 3499 2138 3572">
     <span class='ocr_line' id='line_1_45' title="bbox 543 3499 2138 3572; baseline 0.004 -21"><span class='ocrx_word' id='word_1_312' title='bbox 543 3517 706 3572; x_wconf 82' lang='lat' dir='ltr'><strong>quam</strong></span> <span class='ocrx_word' id='word_1_313' title='bbox 752 3501 817 3554; x_wconf 89' lang='lat' dir='ltr'><strong>ad</strong></span> <span class='ocrx_word' id='word_1_314' title='bbox 843 3501 1100 3564; x_wconf 83' lang='lat' dir='ltr'><strong>&#39;l‘ibulitn,</strong></span> <span class='ocrx_word' id='word_1_315' title='bbox 1148 3499 1508 3572; x_wconf 59' lang='lat' dir='ltr'><strong>p&#39;rteterquam</strong></span> <span class='ocrx_word' id='word_1_316' title='bbox 1537 3501 1678 3569; x_wconf 90' lang='lat' dir='ltr'><strong>quod</strong></span> <span class='ocrx_word' id='word_1_317' title='bbox 1711 3516 1910 3556; x_wconf 90' lang='lat' dir='ltr'><strong>nomen</strong></span> <span class='ocrx_word' id='word_1_318' title='bbox 1936 3499 2138 3572; x_wconf 77' lang='lat' dir='ltr'><strong>ltalieze</strong></span> 
     </span>
    </p>
   </div>
   <div class='ocr_carea' id='block_1_46' title="bbox 545 3570 2134 3643">
    <p class='ocr_par' dir='ltr' id='par_1_46' title="bbox 545 3570 2134 3643">
     <span class='ocr_line' id='line_1_46' title="bbox 545 3570 2134 3643; baseline 0.004 -18"><span class='ocrx_word' id='word_1_319' title='bbox 545 3570 698 3627; x_wconf 82' lang='lat' dir='ltr'><strong>urbis</strong></span> <span class='ocrx_word' id='word_1_320' title='bbox 727 3574 963 3642; x_wconf 88' lang='lat' dir='ltr'><strong>priscum</strong></span> <span class='ocrx_word' id='word_1_321' title='bbox 990 3582 1046 3628; x_wconf 91' lang='lat' dir='ltr'><strong>et</strong></span> <span class='ocrx_word' id='word_1_322' title='bbox 1072 3570 1386 3643; x_wconf 77' lang='lat' dir='ltr'><strong>germanum</strong></span> <span class='ocrx_word' id='word_1_323' title='bbox 1417 3572 1586 3626; x_wconf 87' lang='lat' dir='ltr'><strong>Tibur</strong></span> <span class='ocrx_word' id='word_1_324' title='bbox 1631 3571 1752 3636; x_wconf 81' lang='lat' dir='ltr'><strong>fuit,</strong></span> <span class='ocrx_word' id='word_1_325' title='bbox 1785 3589 1888 3625; x_wconf 88' lang='lat' dir='ltr'><strong>non</strong></span> <span class='ocrx_word' id='word_1_326' title='bbox 1915 3571 2091 3628; x_wconf 84' lang='lat' dir='ltr'><strong>Tibuli</strong></span> <span class='ocrx_word' id='word_1_327' title='bbox 2120 3613 2134 3632; x_wconf 87' lang='lat'><strong>.</strong></span> 
     </span>
    </p>
   </div>
   <div class='ocr_carea' id='block_1_47' title="bbox 544 3643 2135 3716">
    <p class='ocr_par' dir='ltr' id='par_1_47' title="bbox 544 3643 2135 3716">
     <span class='ocr_line' id='line_1_47' title="bbox 544 3643 2135 3716; baseline 0 -17"><span class='ocrx_word' id='word_1_328' title='bbox 544 3656 604 3699; x_wconf 93' lang='lat' dir='ltr'><strong>ut</strong></span> <span class='ocrx_word' id='word_1_329' title='bbox 631 3644 791 3716; x_wconf 89' lang='lat' dir='ltr'><strong>vulgo</strong></span> <span class='ocrx_word' id='word_1_330' title='bbox 818 3645 1101 3700; x_wconf 89' lang='lat' dir='ltr'><strong>reteutiori</strong></span> <span class='ocrx_word' id='word_1_331' title='bbox 1132 3644 1394 3700; x_wconf 75' lang='lat' dir='ltr'><strong>Vocabulo</strong></span> <span class='ocrx_word' id='word_1_332' title='bbox 1426 3652 1786 3716; x_wconf 70' lang='lat' dir='ltr'><strong>nuncupatur,</strong></span> <span class='ocrx_word' id='word_1_333' title='bbox 1819 3643 1965 3716; x_wconf 58' lang='lat' dir='ltr'><strong>quod</strong></span> <span class='ocrx_word' id='word_1_334' title='bbox 1994 3643 2135 3716; x_wconf 84' lang='lat' dir='ltr'><strong>apud</strong></span> 
     </span>
    </p>
   </div>
   <div class='ocr_carea' id='block_1_48' title="bbox 541 3713 2134 3784">
    <p class='ocr_par' dir='ltr' id='par_1_48' title="bbox 541 3713 2134 3784">
     <span class='ocr_line' id='line_1_48' title="bbox 541 3713 2134 3784; baseline -0.001 -15"><span class='ocrx_word' id='word_1_335' title='bbox 541 3713 746 3771; x_wconf 74' lang='lat' dir='ltr'><strong>omnes</strong></span> <span class='ocrx_word' id='word_1_336' title='bbox 775 3715 1030 3784; x_wconf 85' lang='lat' dir='ltr'><strong>probatos</strong></span> <span class='ocrx_word' id='word_1_337' title='bbox 1081 3727 1334 3771; x_wconf 88' lang='lat' dir='ltr'><strong>auctores</strong></span> <span class='ocrx_word' id='word_1_338' title='bbox 1360 3716 1544 3771; x_wconf 85' lang='lat' dir='ltr'><strong>videre</strong></span> <span class='ocrx_word' id='word_1_339' title='bbox 1589 3725 1692 3771; x_wconf 91' lang='lat' dir='ltr'><strong>est.</strong></span> <span class='ocrx_word' id='word_1_340' title='bbox 1726 3713 1870 3772; x_wconf 85' lang='lat' dir='ltr'><strong>Sane</strong></span> <span class='ocrx_word' id='word_1_341' title='bbox 1900 3714 2134 3770; x_wconf 90' lang='lat' dir='ltr'><strong>Turbula</strong></span> 
     </span>
    </p>
   </div>
   <div class='ocr_carea' id='block_1_49' title="bbox 2231 1082 3821 1156">
    <p class='ocr_par' dir='ltr' id='par_1_49' title="bbox 2231 1082 3821 1156">
     <span class='ocr_line' id='line_1_49' title="bbox 2231 1082 3821 1156; baseline -0.003 -14"><span class='ocrx_word' id='word_1_342' title='bbox 2231 1105 2345 1142; x_wconf 80' lang='lat' dir='ltr'><strong>cum</strong></span> <span class='ocrx_word' id='word_1_343' title='bbox 2373 1082 2617 1141; x_wconf 82' lang='lat' dir='ltr'><strong>Velinum</strong></span> <span class='ocrx_word' id='word_1_344' title='bbox 2643 1100 2660 1146; x_wconf 87' lang='lat'><strong><em>:</em></strong></span> <span class='ocrx_word' id='word_1_345' title='bbox 2694 1085 2851 1156; x_wconf 86' lang='lat' dir='ltr'><strong>quasi</strong></span> <span class='ocrx_word' id='word_1_346' title='bbox 2895 1082 3125 1138; x_wconf 84' lang='lat' dir='ltr'><strong>liberum</strong></span> <span class='ocrx_word' id='word_1_347' title='bbox 3148 1085 3219 1140; x_wconf 88' lang='lat' dir='ltr'><strong>sit</strong></span> <span class='ocrx_word' id='word_1_348' title='bbox 3251 1082 3542 1156; x_wconf 65' lang='lat' dir='ltr'><strong>unicuique</strong></span> <span class='ocrx_word' id='word_1_349' title='bbox 3575 1091 3821 1156; x_wconf 75' lang='lat' dir='ltr'><strong>sanctam</strong></span> 
     </span>
    </p>
   </div>
   <div class='ocr_carea' id='block_1_50' title="bbox 2229 1152 3823 1226">
    <p class='ocr_par' dir='ltr' id='par_1_50' title="bbox 2229 1152 3823 1226">
     <span class='ocr_line' id='line_1_50' title="bbox 2229 1152 3823 1226; baseline -0.004 -11"><span class='ocrx_word' id='word_1_350' title='bbox 2229 1158 2577 1215; x_wconf 85' lang='lat' dir='ltr'><strong>Anatholiam</strong></span> <span class='ocrx_word' id='word_1_351' title='bbox 2602 1152 2963 1226; x_wconf 68' lang='lat' dir='ltr'><strong>illlCilillCtjuu</strong></span> <span class='ocrx_word' id='word_1_352' title='bbox 2982 1170 3231 1226; x_wconf 82' lang='lat' dir='ltr'><strong>movere.</strong></span> <span class='ocrx_word' id='word_1_353' title='bbox 3255 1152 3596 1210; x_wconf 87' lang='lat' dir='ltr'><strong>Crediderim</strong></span> <span class='ocrx_word' id='word_1_354' title='bbox 3618 1153 3823 1225; x_wconf 91' lang='lat' dir='ltr'><strong>potius,</strong></span> 
     </span>
    </p>
   </div>
   <div class='ocr_carea' id='block_1_51' title="bbox 2230 1225 3826 1302">
    <p class='ocr_par' dir='ltr' id='par_1_51' title="bbox 2230 1225 3826 1302">
     <span class='ocr_line' id='line_1_51' title="bbox 2230 1225 3826 1302; baseline -0.003 -17"><span class='ocrx_word' id='word_1_355' title='bbox 2230 1229 2371 1302; x_wconf 82' lang='lat' dir='ltr'><strong>quod</strong></span> <span class='ocrx_word' id='word_1_356' title='bbox 2400 1244 2464 1302; x_wconf 86' lang='lat' dir='ltr'><strong>ex</strong></span> <span class='ocrx_word' id='word_1_357' title='bbox 2494 1228 2614 1299; x_wconf 86' lang='lat' dir='ltr'><strong>ejus</strong></span> <span class='ocrx_word' id='word_1_358' title='bbox 2645 1225 2888 1302; x_wconf 76' lang='lat' dir='ltr'><strong>historia</strong></span> <span class='ocrx_word' id='word_1_359' title='bbox 2913 1225 3209 1302; x_wconf 60' lang='lat' dir='ltr'><strong>colligitur,</strong></span> <span class='ocrx_word' id='word_1_360' title='bbox 3241 1241 3350 1302; x_wconf 70' lang='lat' dir='ltr'><strong>non</strong></span> <span class='ocrx_word' id='word_1_361' title='bbox 3381 1226 3539 1294; x_wconf 83' lang='lat' dir='ltr'><strong>longe</strong></span> <span class='ocrx_word' id='word_1_362' title='bbox 3576 1239 3606 1279; x_wconf 88' lang='lat' dir='ltr'><strong>a</strong></span> <span class='ocrx_word' id='word_1_363' title='bbox 3636 1237 3826 1302; x_wconf 60' lang='lat' dir='ltr'><strong>sancta</strong></span> 
     </span>
    </p>
   </div>
   <div class='ocr_carea' id='block_1_52' title="bbox 2233 1295 3829 1370">
    <p class='ocr_par' dir='ltr' id='par_1_52' title="bbox 2233 1295 3829 1370">
     <span class='ocr_line' id='line_1_52' title="bbox 2233 1295 3829 1370; baseline -0.004 -13"><span class='ocrx_word' id='word_1_364' title='bbox 2233 1295 2470 1357; x_wconf 75' lang='lat' dir='ltr'><strong>Victoria</strong></span> <span class='ocrx_word' id='word_1_365' title='bbox 2505 1295 2826 1354; x_wconf 77' lang='lat' dir='ltr'><strong>dcenbuisse</strong></span> <span class='ocrx_word' id='word_1_366' title='bbox 2857 1297 2910 1352; x_wconf 92' lang='lat' dir='ltr'><strong>in</strong></span> <span class='ocrx_word' id='word_1_367' title='bbox 2945 1295 3079 1353; x_wconf 79' lang='lat' dir='ltr'><strong>urbe</strong></span> <span class='ocrx_word' id='word_1_368' title='bbox 3107 1297 3269 1370; x_wconf 74' lang='lat' dir='ltr'><strong>Tyar,</strong></span> <span class='ocrx_word' id='word_1_369' title='bbox 3311 1296 3650 1370; x_wconf 78' lang='lat' dir='ltr'><strong>llercaouum</strong></span> <span class='ocrx_word' id='word_1_370' title='bbox 3687 1295 3829 1351; x_wconf 85' lang='lat' dir='ltr'><strong>Tar-</strong></span> 
     </span>
    </p>
   </div>
   <div class='ocr_carea' id='block_1_53' title="bbox 2230 1366 3829 1440">
    <p class='ocr_par' dir='ltr' id='par_1_53' title="bbox 2230 1366 3829 1440">
     <span class='ocr_line' id='line_1_53' title="bbox 2230 1366 3829 1440; baseline -0.003 -14"><span class='ocrx_word' id='word_1_371' title='bbox 2230 1370 2552 1427; x_wconf 86' lang='lat' dir='ltr'><strong>raconensis</strong></span> <span class='ocrx_word' id='word_1_372' title='bbox 2586 1369 2889 1440; x_wconf 69' lang='lat' dir='ltr'><strong>llispanim.</strong></span> <span class='ocrx_word' id='word_1_373' title='bbox 2931 1385 2956 1421; x_wconf 87' lang='lat' dir='ltr'><strong>a</strong></span> <span class='ocrx_word' id='word_1_374' title='bbox 2989 1384 3094 1438; x_wconf 89' lang='lat' dir='ltr'><strong>qua</strong></span> <span class='ocrx_word' id='word_1_375' title='bbox 3124 1366 3360 1436; x_wconf 76' lang='lat' dir='ltr'><strong>Thuris,</strong></span> <span class='ocrx_word' id='word_1_376' title='bbox 3396 1366 3592 1440; x_wconf 68' lang='lat' dir='ltr'><strong>ﬂuvius</strong></span> <span class='ocrx_word' id='word_1_377' title='bbox 3623 1382 3829 1440; x_wconf 80' lang='lat' dir='ltr'><strong>nomen</strong></span> 
     </span>
    </p>
   </div>
   <div class='ocr_carea' id='block_1_54' title="bbox 2232 1436 3832 1509">
    <p class='ocr_par' dir='ltr' id='par_1_54' title="bbox 2232 1436 3832 1509">
     <span class='ocr_line' id='line_1_54' title="bbox 2232 1436 3832 1509; baseline 0.002 -16"><span class='ocrx_word' id='word_1_378' title='bbox 2232 1443 2446 1497; x_wconf 81' lang='lat' dir='ltr'><strong>videtur</strong></span> <span class='ocrx_word' id='word_1_379' title='bbox 2475 1436 2772 1508; x_wconf 69' lang='lat' dir='ltr'><strong>accepisse.</strong></span> <span class='ocrx_word' id='word_1_380' title='bbox 2824 1442 2916 1509; x_wconf 88' lang='lat' dir='ltr'><strong>qui</strong></span> <span class='ocrx_word' id='word_1_381' title='bbox 2954 1436 3256 1496; x_wconf 64' lang='lat' dir='ltr'><strong>Valentiam</strong></span> <span class='ocrx_word' id='word_1_382' title='bbox 3289 1436 3630 1509; x_wconf 66' lang='lat' dir='ltr'><strong>pra-ternuit.</strong></span> <span class='ocrx_word' id='word_1_383' title='bbox 3672 1437 3832 1496; x_wconf 85' lang='lat' dir='ltr'><strong>Unde</strong></span> 
     </span>
    </p>
   </div>
   <div class='ocr_carea' id='block_1_55' title="bbox 2233 1510 3427 1580">
    <p class='ocr_par' dir='ltr' id='par_1_55' title="bbox 2233 1510 3427 1580">
     <span class='ocr_line' id='line_1_55' title="bbox 2233 1510 3427 1580; baseline -0.007 -11"><span class='ocrx_word' id='word_1_384' title='bbox 2233 1514 2286 1569; x_wconf 88' lang='lat' dir='ltr'><strong>in</strong></span> <span class='ocrx_word' id='word_1_385' title='bbox 2319 1513 2455 1568; x_wconf 89' lang='lat' dir='ltr'><strong>actis</strong></span> <span class='ocrx_word' id='word_1_386' title='bbox 2487 1512 2545 1568; x_wconf 89' lang='grc'><strong>8.</strong></span> <span class='ocrx_word' id='word_1_387' title='bbox 2575 1510 2887 1567; x_wconf 85' lang='lat' dir='ltr'><strong>Anatholiae</strong></span> <span class='ocrx_word' id='word_1_388' title='bbox 2917 1511 3113 1580; x_wconf 84' lang='lat' dir='ltr'><strong>legitur</strong></span> <span class='ocrx_word' id='word_1_389' title='bbox 3142 1511 3427 1566; x_wconf 81' lang='lat' dir='ltr'><strong>&#39;rlturium.</strong></span> 
     </span>
    </p>
   </div>
   <div class='ocr_carea' id='block_1_56' title="bbox 2303 1577 3835 1652">
    <p class='ocr_par' dir='ltr' id='par_1_56' title="bbox 2303 1577 3835 1652">
     <span class='ocr_line' id='line_1_56' title="bbox 2303 1577 3835 1652; baseline -0.001 -16"><span class='ocrx_word' id='word_1_390' title='bbox 2303 1585 2532 1650; x_wconf 84' lang='lat' dir='ltr'><strong>Quando</strong></span> <span class='ocrx_word' id='word_1_391' title='bbox 2553 1599 2683 1639; x_wconf 88' lang='lat' dir='ltr'><strong>vero</strong></span> <span class='ocrx_word' id='word_1_392' title='bbox 2706 1583 2765 1639; x_wconf 91' lang='lat' dir='ltr'><strong>S.</strong></span> <span class='ocrx_word' id='word_1_393' title='bbox 2791 1577 3034 1638; x_wconf 80' lang='lat' dir='ltr'><strong>Victoria</strong></span> <span class='ocrx_word' id='word_1_394' title='bbox 3049 1582 3186 1652; x_wconf 87' lang='lat' dir='ltr'><strong>apud</strong></span> <span class='ocrx_word' id='word_1_395' title='bbox 3210 1583 3493 1648; x_wconf 83' lang='lat' dir='ltr'><strong>Dextrum,</strong></span> <span class='ocrx_word' id='word_1_396' title='bbox 3516 1587 3574 1652; x_wconf 81' lang='lat' dir='ltr'><strong>et</strong></span> <span class='ocrx_word' id='word_1_397' title='bbox 3599 1578 3658 1637; x_wconf 90' lang='lat' dir='ltr'><strong>S.</strong></span> <span class='ocrx_word' id='word_1_398' title='bbox 3684 1577 3835 1636; x_wconf 84' lang='lat' dir='ltr'><strong>Ana-</strong></span> 
     </span>
    </p>
   </div>
   <div class='ocr_carea' id='block_1_57' title="bbox 2235 1649 3836 1726">
    <p class='ocr_par' dir='ltr' id='par_1_57' title="bbox 2235 1649 3836 1726">
     <span class='ocr_line' id='line_1_57' title="bbox 2235 1649 3836 1726; baseline -0.001 -19"><span class='ocrx_word' id='word_1_399' title='bbox 2235 1649 2400 1711; x_wconf 20' lang='lat' dir='ltr'><strong>tho’lia</strong></span> <span class='ocrx_word' id='word_1_400' title='bbox 2452 1654 2592 1725; x_wconf 87' lang='lat' dir='ltr'><strong>apud</strong></span> <span class='ocrx_word' id='word_1_401' title='bbox 2646 1655 2954 1726; x_wconf 87' lang='lat' dir='ltr'><strong>Equilinum</strong></span> <span class='ocrx_word' id='word_1_402' title='bbox 2995 1649 3461 1726; x_wconf 72' lang='lat' dir='ltr'><strong>dicunturpassae</strong></span> <span class='ocrx_word' id='word_1_403' title='bbox 3617 1651 3836 1726; x_wconf 72' lang='lat' dir='ltr'><strong>populis</strong></span> 
     </span>
    </p>
   </div>
   <div class='ocr_carea' id='block_1_58' title="bbox 2232 1721 3837 1796">
    <p class='ocr_par' dir='ltr' id='par_1_58' title="bbox 2232 1721 3837 1796">
     <span class='ocr_line' id='line_1_58' title="bbox 2232 1721 3837 1796; baseline -0.001 -14"><span class='ocrx_word' id='word_1_404' title='bbox 2232 1721 2559 1796; x_wconf 74' lang='lat' dir='ltr'><strong>M-irsis,non</strong></span> <span class='ocrx_word' id='word_1_405' title='bbox 2584 1721 2990 1796; x_wconf 87' lang='lat' dir='ltr'><strong>intelligendum</strong></span> <span class='ocrx_word' id='word_1_406' title='bbox 3015 1724 3188 1780; x_wconf 89' lang='lat' dir='ltr'><strong>estde</strong></span> <span class='ocrx_word' id='word_1_407' title='bbox 3213 1724 3319 1796; x_wconf 81' lang='lat' dir='ltr'><strong>illis</strong></span> <span class='ocrx_word' id='word_1_408' title='bbox 3346 1721 3560 1796; x_wconf 83' lang='lat' dir='ltr'><strong>populis</strong></span> <span class='ocrx_word' id='word_1_409' title='bbox 3585 1721 3680 1792; x_wconf 90' lang='lat' dir='ltr'><strong>qui</strong></span> <span class='ocrx_word' id='word_1_410' title='bbox 3705 1736 3837 1796; x_wconf 72' lang='lat' dir='ltr'><strong>spe-</strong></span> 
     </span>
    </p>
   </div>
   <div class='ocr_carea' id='block_1_59' title="bbox 2233 1794 3840 1866">
    <p class='ocr_par' dir='ltr' id='par_1_59' title="bbox 2233 1794 3840 1866">
     <span class='ocr_line' id='line_1_59' title="bbox 2233 1794 3840 1866; baseline -0.002 -14"><span class='ocrx_word' id='word_1_411' title='bbox 2233 1794 2444 1852; x_wconf 89' lang='lat' dir='ltr'><strong>cialiter</strong></span> <span class='ocrx_word' id='word_1_412' title='bbox 2475 1795 2662 1863; x_wconf 87' lang='lat' dir='ltr'><strong>Marsi,</strong></span> <span class='ocrx_word' id='word_1_413' title='bbox 2694 1794 2988 1866; x_wconf 71' lang='lat' dir='ltr'><strong>nuncupati</strong></span> <span class='ocrx_word' id='word_1_414' title='bbox 3016 1805 3170 1862; x_wconf 89' lang='lat' dir='ltr'><strong>sunt,</strong></span> <span class='ocrx_word' id='word_1_415' title='bbox 3204 1807 3258 1852; x_wconf 88' lang='lat' dir='ltr'><strong>et</strong></span> <span class='ocrx_word' id='word_1_416' title='bbox 3299 1794 3633 1866; x_wconf 84' lang='lat' dir='ltr'><strong>samnitibus</strong></span> <span class='ocrx_word' id='word_1_417' title='bbox 3665 1794 3840 1866; x_wconf 81' lang='lat' dir='ltr'><strong>(nunc</strong></span> 
     </span>
    </p>
   </div>
   <div class='ocr_carea' id='block_1_60' title="bbox 2233 1865 3837 1936">
    <p class='ocr_par' dir='ltr' id='par_1_60' title="bbox 2233 1865 3837 1936">
     <span class='ocr_line' id='line_1_60' title="bbox 2233 1865 3837 1936; baseline -0.003 -12"><span class='ocrx_word' id='word_1_418' title='bbox 2233 1868 2492 1935; x_wconf 88' lang='lat' dir='ltr'><strong>Abrutio)</strong></span> <span class='ocrx_word' id='word_1_419' title='bbox 2517 1867 2678 1923; x_wconf 88' lang='lat' dir='ltr'><strong>vieini</strong></span> <span class='ocrx_word' id='word_1_420' title='bbox 2702 1877 2859 1922; x_wconf 89' lang='lat' dir='ltr'><strong>erant</strong></span> <span class='ocrx_word' id='word_1_421' title='bbox 2888 1865 2942 1922; x_wconf 89' lang='lat' dir='ltr'><strong>in</strong></span> <span class='ocrx_word' id='word_1_422' title='bbox 2971 1881 3138 1936; x_wconf 83' lang='lat' dir='ltr'><strong>regno</strong></span> <span class='ocrx_word' id='word_1_423' title='bbox 3161 1866 3545 1935; x_wconf 80' lang='lat' dir='ltr'><strong>Neapolitano.</strong></span> <span class='ocrx_word' id='word_1_424' title='bbox 3569 1865 3662 1920; x_wconf 92' lang='lat' dir='ltr'><strong>ubi</strong></span> <span class='ocrx_word' id='word_1_425' title='bbox 3678 1865 3837 1920; x_wconf 85' lang='lat' dir='ltr'><strong>nant-</strong></span> 
     </span>
    </p>
   </div>
   <div class='ocr_carea' id='block_1_61' title="bbox 2235 1936 3835 2010">
    <p class='ocr_par' dir='ltr' id='par_1_61' title="bbox 2235 1936 3835 2010">
     <span class='ocr_line' id='line_1_61' title="bbox 2235 1936 3835 2010; baseline -0.002 -16"><span class='ocrx_word' id='word_1_426' title='bbox 2235 1956 2339 2010; x_wconf 89' lang='lat' dir='ltr'><strong>que</strong></span> <span class='ocrx_word' id='word_1_427' title='bbox 2372 1953 2472 1994; x_wconf 90' lang='lat' dir='ltr'><strong>nec</strong></span> <span class='ocrx_word' id='word_1_428' title='bbox 2502 1939 2706 2008; x_wconf 80' lang='lat' dir='ltr'><strong>Tityre,</strong></span> <span class='ocrx_word' id='word_1_429' title='bbox 2741 1953 2915 2008; x_wconf 90' lang='lat' dir='ltr'><strong>neque</strong></span> <span class='ocrx_word' id='word_1_430' title='bbox 2943 1937 3145 2005; x_wconf 82' lang='lat' dir='ltr'><strong>Thura,</strong></span> <span class='ocrx_word' id='word_1_431' title='bbox 3181 1936 3835 2010; x_wconf 72' lang='lat' dir='ltr'><strong>neque&#39;l‘hurimnexis-</strong></span> 
     </span>
    </p>
   </div>
   <div class='ocr_carea' id='block_1_62' title="bbox 2238 2007 3842 2080">
    <p class='ocr_par' dir='ltr' id='par_1_62' title="bbox 2238 2007 3842 2080">
     <span class='ocr_line' id='line_1_62' title="bbox 2238 2007 3842 2080; baseline -0.002 -16"><span class='ocrx_word' id='word_1_432' title='bbox 2238 2007 2388 2076; x_wconf 76' lang='lat' dir='ltr'><strong>tunt;</strong></span> <span class='ocrx_word' id='word_1_433' title='bbox 2414 2010 2508 2065; x_wconf 82' lang='lat' dir='ltr'><strong>sed</strong></span> <span class='ocrx_word' id='word_1_434' title='bbox 2532 2007 2858 2080; x_wconf 83' lang='lat' dir='ltr'><strong>quicumque</strong></span> <span class='ocrx_word' id='word_1_435' title='bbox 2885 2019 3195 2080; x_wconf 88' lang='lat' dir='ltr'><strong>serpentum</strong></span> <span class='ocrx_word' id='word_1_436' title='bbox 3221 2007 3406 2064; x_wconf 16' lang='lat' dir='ltr'><strong>Illitll&#39;Sll</strong></span> <span class='ocrx_word' id='word_1_437' title='bbox 3433 2007 3708 2080; x_wconf 69' lang='lat' dir='ltr'><strong>intestatis</strong></span> <span class='ocrx_word' id='word_1_438' title='bbox 3726 2007 3842 2061; x_wconf 84' lang='lat' dir='ltr'><strong>sal-</strong></span> 
     </span>
    </p>
   </div>
   <div class='ocr_carea' id='block_1_63' title="bbox 2235 2078 3843 2144">
    <p class='ocr_par' dir='ltr' id='par_1_63' title="bbox 2235 2078 3843 2144">
     <span class='ocr_line' id='line_1_63' title="bbox 2235 2078 3843 2144; baseline -0.002 -9"><span class='ocrx_word' id='word_1_439' title='bbox 2235 2083 2321 2137; x_wconf 88' lang='lat' dir='ltr'><strong>via</strong></span> <span class='ocrx_word' id='word_1_440' title='bbox 2355 2097 2449 2135; x_wconf 84' lang='lat' dir='ltr'><strong>sua</strong></span> <span class='ocrx_word' id='word_1_441' title='bbox 2484 2078 2876 2141; x_wconf 86' lang='lat' dir='ltr'><strong>tnedcbautur.</strong></span> <span class='ocrx_word' id='word_1_442' title='bbox 2920 2078 3079 2135; x_wconf 81' lang='lat' dir='ltr'><strong>Marsi</strong></span> <span class='ocrx_word' id='word_1_443' title='bbox 3117 2079 3222 2135; x_wconf 91' lang='lat' dir='ltr'><strong>dici</strong></span> <span class='ocrx_word' id='word_1_444' title='bbox 3265 2080 3551 2144; x_wconf 84' lang='lat' dir='ltr'><strong>solebant;</strong></span> <span class='ocrx_word' id='word_1_445' title='bbox 3594 2088 3656 2134; x_wconf 93' lang='lat' dir='ltr'><strong>ut</strong></span> <span class='ocrx_word' id='word_1_446' title='bbox 3697 2078 3843 2134; x_wconf 86' lang='lat' dir='ltr'><strong>inter</strong></span> 
     </span>
    </p>
   </div>
   <div class='ocr_carea' id='block_1_64' title="bbox 2235 2149 3843 2222">
    <p class='ocr_par' dir='ltr' id='par_1_64' title="bbox 2235 2149 3843 2222">
     <span class='ocr_line' id='line_1_64' title="bbox 2235 2149 3843 2222; baseline -0.003 -14"><span class='ocrx_word' id='word_1_447' title='bbox 2235 2154 2373 2208; x_wconf 88' lang='lat' dir='ltr'><strong>alios</strong></span> <span class='ocrx_word' id='word_1_448' title='bbox 2399 2151 2629 2207; x_wconf 87' lang='lat' dir='ltr'><strong>Carolus</strong></span> <span class='ocrx_word' id='word_1_449' title='bbox 2660 2149 3008 2222; x_wconf 88' lang='lat' dir='ltr'><strong>Sthephanus</strong></span> <span class='ocrx_word' id='word_1_450' title='bbox 3032 2153 3085 2205; x_wconf 92' lang='lat' dir='ltr'><strong>in</strong></span> <span class='ocrx_word' id='word_1_451' title='bbox 3111 2151 3448 2206; x_wconf 86' lang='lat' dir='ltr'><strong>Dictionario</strong></span> <span class='ocrx_word' id='word_1_452' title='bbox 3480 2155 3711 2212; x_wconf 84' lang='lat' dir='ltr'><strong>notavit,</strong></span> <span class='ocrx_word' id='word_1_453' title='bbox 3741 2161 3843 2204; x_wconf 87' lang='lat' dir='ltr'><strong>aut</strong></span> 
     </span>
    </p>
   </div>
   <div class='ocr_carea' id='block_1_65' title="bbox 2237 2221 3846 2292">
    <p class='ocr_par' dir='ltr' id='par_1_65' title="bbox 2237 2221 3846 2292">
     <span class='ocr_line' id='line_1_65' title="bbox 2237 2221 3846 2292; baseline -0.003 -13"><span class='ocrx_word' id='word_1_454' title='bbox 2237 2226 2430 2279; x_wconf 88' lang='lat' dir='ltr'><strong>saltem</strong></span> <span class='ocrx_word' id='word_1_455' title='bbox 2476 2223 2554 2278; x_wconf 84' lang='lat' dir='ltr'><strong>illi</strong></span> <span class='ocrx_word' id='word_1_456' title='bbox 2593 2223 2686 2288; x_wconf 88' lang='lat' dir='ltr'><strong>qui</strong></span> <span class='ocrx_word' id='word_1_457' title='bbox 2730 2221 2854 2276; x_wconf 90' lang='lat' dir='ltr'><strong>cum</strong></span> <span class='ocrx_word' id='word_1_458' title='bbox 2900 2222 3250 2292; x_wconf 67' lang='lat' dir='ltr'><strong>serpentibus</strong></span> <span class='ocrx_word' id='word_1_459' title='bbox 3292 2222 3494 2277; x_wconf 87' lang='lat' dir='ltr'><strong>bellum</strong></span> <span class='ocrx_word' id='word_1_460' title='bbox 3538 2221 3846 2292; x_wconf 81' lang='lat' dir='ltr'><strong>gerebant,</strong></span> 
     </span>
    </p>
   </div>
   <div class='ocr_carea' id='block_1_66' title="bbox 2237 2291 3846 2366">
    <p class='ocr_par' dir='ltr' id='par_1_66' title="bbox 2237 2291 3846 2366">
     <span class='ocr_line' id='line_1_66' title="bbox 2237 2291 3846 2366; baseline 0 -19"><span class='ocrx_word' id='word_1_461' title='bbox 2237 2295 2429 2366; x_wconf 89' lang='lat' dir='ltr'><strong>quales</strong></span> <span class='ocrx_word' id='word_1_462' title='bbox 2456 2309 2550 2347; x_wconf 83' lang='lat' dir='ltr'><strong>ros</strong></span> <span class='ocrx_word' id='word_1_463' title='bbox 2577 2293 2741 2349; x_wconf 82' lang='lat' dir='ltr'><strong>fuisse</strong></span> <span class='ocrx_word' id='word_1_464' title='bbox 2763 2291 3005 2358; x_wconf 83' lang='lat' dir='ltr'><strong>constat,</strong></span> <span class='ocrx_word' id='word_1_465' title='bbox 3028 2309 3167 2365; x_wconf 91' lang='lat' dir='ltr'><strong>quos</strong></span> <span class='ocrx_word' id='word_1_466' title='bbox 3198 2291 3521 2366; x_wconf 81' lang='lat' dir='ltr'><strong>Victoriaet</strong></span> <span class='ocrx_word' id='word_1_467' title='bbox 3542 2291 3846 2366; x_wconf 84' lang='lat' dir='ltr'><strong>A_natholia</strong></span> 
     </span>
    </p>
   </div>
   <div class='ocr_carea' id='block_1_67' title="bbox 2237 2363 3845 2436">
    <p class='ocr_par' dir='ltr' id='par_1_67' title="bbox 2237 2363 3845 2436">
     <span class='ocr_line' id='line_1_67' title="bbox 2237 2363 3845 2436; baseline -0.001 -17"><span class='ocrx_word' id='word_1_468' title='bbox 2237 2363 2304 2420; x_wconf 79' lang='lat' dir='ltr'><strong>ad</strong></span> <span class='ocrx_word' id='word_1_469' title='bbox 2335 2365 2612 2421; x_wconf 84' lang='lat' dir='ltr'><strong>Christum</strong></span> <span class='ocrx_word' id='word_1_470' title='bbox 2646 2363 3069 2430; x_wconf 71' lang='lat' dir='ltr'><strong>Converterunt,</strong></span> <span class='ocrx_word' id='word_1_471' title='bbox 3116 2364 3324 2436; x_wconf 88' lang='lat' dir='ltr'><strong>tnaguis</strong></span> <span class='ocrx_word' id='word_1_472' title='bbox 3356 2363 3684 2436; x_wconf 70' lang='lat' dir='ltr'><strong>quibusdam</strong></span> <span class='ocrx_word' id='word_1_473' title='bbox 3714 2377 3845 2418; x_wconf 88' lang='lat' dir='ltr'><strong>scr-</strong></span> 
     </span>
    </p>
   </div>
   <div class='ocr_carea' id='block_1_68' title="bbox 2238 2434 3843 2505">
    <p class='ocr_par' dir='ltr' id='par_1_68' title="bbox 2238 2434 3843 2505">
     <span class='ocr_line' id='line_1_68' title="bbox 2238 2434 3843 2505; baseline -0.003 -12"><span class='ocrx_word' id='word_1_474' title='bbox 2238 2436 2490 2505; x_wconf 89' lang='lat' dir='ltr'><strong>pentibus</strong></span> <span class='ocrx_word' id='word_1_475' title='bbox 2516 2437 2724 2491; x_wconf 85' lang='lat' dir='ltr'><strong>necatis</strong></span> <span class='ocrx_word' id='word_1_476' title='bbox 2755 2445 2916 2502; x_wconf 88' lang='lat' dir='ltr'><strong>atque</strong></span> <span class='ocrx_word' id='word_1_477' title='bbox 2942 2436 2995 2491; x_wconf 91' lang='lat' dir='ltr'><strong>in</strong></span> <span class='ocrx_word' id='word_1_478' title='bbox 3027 2451 3091 2491; x_wconf 89' lang='lat' dir='ltr'><strong>eo</strong></span> <span class='ocrx_word' id='word_1_479' title='bbox 3113 2434 3275 2491; x_wconf 83' lang='lat' dir='ltr'><strong>sensu</strong></span> <span class='ocrx_word' id='word_1_480' title='bbox 3304 2435 3479 2505; x_wconf 89' lang='lat' dir='ltr'><strong>accipi</strong></span> <span class='ocrx_word' id='word_1_481' title='bbox 3508 2434 3715 2490; x_wconf 85' lang='lat' dir='ltr'><strong>debere</strong></span> <span class='ocrx_word' id='word_1_482' title='bbox 3747 2448 3843 2488; x_wconf 84' lang='lat' dir='ltr'><strong>sa-</strong></span> 
     </span>
    </p>
   </div>
   <div class='ocr_carea' id='block_1_69' title="bbox 2231 2506 3499 2577">
    <p class='ocr_par' dir='ltr' id='par_1_69' title="bbox 2231 2506 3499 2577">
     <span class='ocr_line' id='line_1_69' title="bbox 2231 2506 3499 2577; baseline 0 -13"><span class='ocrx_word' id='word_1_483' title='bbox 2231 2510 2298 2564; x_wconf 90' lang='lat' dir='ltr'><strong>tis</strong></span> <span class='ocrx_word' id='word_1_484' title='bbox 2327 2516 2546 2564; x_wconf 86' lang='lat' dir='ltr'><strong>constat</strong></span> <span class='ocrx_word' id='word_1_485' title='bbox 2575 2522 2640 2562; x_wconf 82' lang='lat' dir='ltr'><strong>cx</strong></span> <span class='ocrx_word' id='word_1_486' title='bbox 2674 2506 2978 2574; x_wconf 79' lang='lat' dir='ltr'><strong>Altilelttlo,</strong></span> <span class='ocrx_word' id='word_1_487' title='bbox 3011 2508 3168 2577; x_wconf 87' lang='lat' dir='ltr'><strong>cujus</strong></span> <span class='ocrx_word' id='word_1_488' title='bbox 3200 2507 3292 2562; x_wconf 85' lang='lat' dir='ltr'><strong>illa</strong></span> <span class='ocrx_word' id='word_1_489' title='bbox 3325 2515 3451 2561; x_wconf 90' lang='lat' dir='ltr'><strong>sunt</strong></span> <span class='ocrx_word' id='word_1_490' title='bbox 3483 2521 3499 2564; x_wconf 83' lang='lat'><strong>:</strong></span> 
     </span>
    </p>
   </div>
   <div class='ocr_carea' id='block_1_70' title="bbox 2415 2616 3747 2682">
    <p class='ocr_par' dir='ltr' id='par_1_70' title="bbox 2415 2616 3747 2682">
     <span class='ocr_line' id='line_1_70' title="bbox 2415 2616 3747 2682; baseline -0.004 -10"><span class='ocrx_word' id='word_1_491' title='bbox 2415 2620 2520 2672; x_wconf 81' lang='lat' dir='ltr'><strong>Nec</strong></span> <span class='ocrx_word' id='word_1_492' title='bbox 2540 2633 2635 2670; x_wconf 89' lang='lat' dir='ltr'><strong>non</strong></span> <span class='ocrx_word' id='word_1_493' title='bbox 2662 2626 2715 2682; x_wconf 84' lang='lat' dir='ltr'><strong>et</strong></span> <span class='ocrx_word' id='word_1_494' title='bbox 2731 2618 2962 2679; x_wconf 73' lang='lat' dir='ltr'><strong>Marsum,</strong></span> <span class='ocrx_word' id='word_1_495' title='bbox 2983 2619 3067 2682; x_wconf 89' lang='lat' dir='ltr'><strong>qui</strong></span> <span class='ocrx_word' id='word_1_496' title='bbox 3085 2627 3269 2682; x_wconf 79' lang='lat' dir='ltr'><strong>torvam</strong></span> <span class='ocrx_word' id='word_1_497' title='bbox 3292 2618 3514 2669; x_wconf 79' lang='lat' dir='ltr'><strong>carmine</strong></span> <span class='ocrx_word' id='word_1_498' title='bbox 3539 2616 3747 2681; x_wconf 81' lang='lat' dir='ltr'><strong>dypsam</strong></span> 
     </span>
    </p>
   </div>
   <div class='ocr_carea' id='block_1_71' title="bbox 2667 2678 3180 2748">
    <p class='ocr_par' dir='ltr' id='par_1_71' title="bbox 2667 2678 3180 2748">
     <span class='ocr_line' id='line_1_71' title="bbox 2667 2678 3180 2748; baseline 0.008 -20"><span class='ocrx_word' id='word_1_499' title='bbox 2667 2678 2779 2748; x_wconf 70' lang='lat' dir='ltr'><strong>(hoc</strong></span> <span class='ocrx_word' id='word_1_500' title='bbox 2799 2687 2887 2742; x_wconf 84' lang='lat' dir='ltr'><strong>est,</strong></span> <span class='ocrx_word' id='word_1_501' title='bbox 2912 2678 3180 2746; x_wconf 70' lang='lat' dir='ltr'><strong>serpentem</strong></span> 
     </span>
    </p>
   </div>
   <div class='ocr_carea' id='block_1_72' title="bbox 2415 2742 3564 2804">
    <p class='ocr_par' dir='ltr' id='par_1_72' title="bbox 2415 2742 3564 2804">
     <span class='ocr_line' id='line_1_72' title="bbox 2415 2742 3564 2804; baseline -0.004 -7"><span class='ocrx_word' id='word_1_502' title='bbox 2415 2745 2623 2804; x_wconf 77' lang='lat' dir='ltr'><strong>Ell‘eret,</strong></span> <span class='ocrx_word' id='word_1_503' title='bbox 2647 2742 2869 2801; x_wconf 78' lang='lat' dir='ltr'><strong>ardebat,</strong></span> <span class='ocrx_word' id='word_1_504' title='bbox 2892 2742 3086 2794; x_wconf 85' lang='lat' dir='ltr'><strong>sanctos</strong></span> <span class='ocrx_word' id='word_1_505' title='bbox 3108 2751 3160 2794; x_wconf 91' lang='lat' dir='ltr'><strong>et</strong></span> <span class='ocrx_word' id='word_1_506' title='bbox 3180 2742 3323 2793; x_wconf 87' lang='lat' dir='ltr'><strong>belva</strong></span> <span class='ocrx_word' id='word_1_507' title='bbox 3347 2742 3564 2793; x_wconf 86' lang='lat' dir='ltr'><strong>lacertos</strong></span> 
     </span>
    </p>
   </div>
   <div class='ocr_carea' id='block_1_73' title="bbox 2421 2806 3587 2867">
    <p class='ocr_par' dir='ltr' id='par_1_73' title="bbox 2421 2806 3587 2867">
     <span class='ocr_line' id='line_1_73' title="bbox 2421 2806 3587 2867; baseline -0.007 -10"><span class='ocrx_word' id='word_1_508' title='bbox 2421 2807 2666 2857; x_wconf 86' lang='lat' dir='ltr'><strong>Dentibus</strong></span> <span class='ocrx_word' id='word_1_509' title='bbox 2690 2806 2964 2864; x_wconf 87' lang='lat' dir='ltr'><strong>horrendis,</strong></span> <span class='ocrx_word' id='word_1_510' title='bbox 2993 2811 3047 2855; x_wconf 89' lang='lat' dir='ltr'><strong>et</strong></span> <span class='ocrx_word' id='word_1_511' title='bbox 3067 2807 3193 2855; x_wconf 90' lang='lat' dir='ltr'><strong>rictu</strong></span> <span class='ocrx_word' id='word_1_512' title='bbox 3212 2806 3354 2856; x_wconf 87' lang='lat' dir='ltr'><strong>rodat</strong></span> <span class='ocrx_word' id='word_1_513' title='bbox 3373 2813 3552 2867; x_wconf 83' lang='lat' dir='ltr'><strong>aperto</strong></span> <span class='ocrx_word' id='word_1_514' title='bbox 3573 2819 3587 2866; x_wconf 87' lang='lat'><strong>;</strong></span> 
     </span>
    </p>
   </div>
   <div class='ocr_carea' id='block_1_74' title="bbox 2419 2866 3594 2932">
    <p class='ocr_par' dir='ltr' id='par_1_74' title="bbox 2419 2866 3594 2932">
     <span class='ocr_line' id='line_1_74' title="bbox 2419 2866 3594 2932; baseline -0.003 -11"><span class='ocrx_word' id='word_1_515' title='bbox 2419 2868 2618 2921; x_wconf 85' lang='lat' dir='ltr'><strong>Curavit</strong></span> <span class='ocrx_word' id='word_1_516' title='bbox 2639 2867 2818 2928; x_wconf 87' lang='lat' dir='ltr'><strong>subito,</strong></span> <span class='ocrx_word' id='word_1_517' title='bbox 2837 2867 3150 2932; x_wconf 89' lang='lat' dir='ltr'><strong>disrumpens</strong></span> <span class='ocrx_word' id='word_1_518' title='bbox 3174 2867 3334 2919; x_wconf 88' lang='lat' dir='ltr'><strong>vincla</strong></span> <span class='ocrx_word' id='word_1_519' title='bbox 3357 2866 3594 2919; x_wconf 78' lang='lat' dir='ltr'><strong>Cltelidri.</strong></span> 
     </span>
    </p>
   </div>
   <div class='ocr_carea' id='block_1_75' title="bbox 2235 2977 2567 3034">
    <p class='ocr_par' dir='ltr' id='par_1_75' title="bbox 2235 2977 2567 3034">
     <span class='ocr_line' id='line_1_75' title="bbox 2235 2977 2567 3034; baseline -0.006 0"><span class='ocrx_word' id='word_1_520' title='bbox 2235 2977 2303 3034; x_wconf 84' lang='lat' dir='ltr'><strong>Et</strong></span> <span class='ocrx_word' id='word_1_521' title='bbox 2332 2991 2522 3033; x_wconf 84' lang='lat' dir='ltr'><strong>rursus</strong></span> <span class='ocrx_word' id='word_1_522' title='bbox 2553 2994 2567 3032; x_wconf 89' lang='lat'><strong>:</strong></span> 
     </span>
    </p>
   </div>
   <div class='ocr_carea' id='block_1_76' title="bbox 2423 3087 3622 3154">
    <p class='ocr_par' dir='ltr' id='par_1_76' title="bbox 2423 3087 3622 3154">
     <span class='ocr_line' id='line_1_76' title="bbox 2423 3087 3622 3154; baseline -0.004 -13"><span class='ocrx_word' id='word_1_523' title='bbox 2423 3090 2515 3154; x_wconf 83' lang='lat' dir='ltr'><strong>Qui</strong></span> <span class='ocrx_word' id='word_1_524' title='bbox 2541 3091 2676 3154; x_wconf 88' lang='lat' dir='ltr'><strong>prius</strong></span> <span class='ocrx_word' id='word_1_525' title='bbox 2701 3091 2747 3140; x_wconf 92' lang='lat' dir='ltr'><strong>in</strong></span> <span class='ocrx_word' id='word_1_526' title='bbox 2766 3093 2894 3153; x_wconf 89' lang='lat' dir='ltr'><strong>spira</strong></span> <span class='ocrx_word' id='word_1_527' title='bbox 2916 3088 3124 3154; x_wconf 77' lang='lat' dir='ltr'><strong>Marsum</strong></span> <span class='ocrx_word' id='word_1_528' title='bbox 3144 3087 3622 3154; x_wconf 82' lang='lat' dir='ltr'><strong>sinuara_t_in_ertem,</strong></span> 
     </span>
    </p>
   </div>
   <div class='ocr_carea' id='block_1_77' title="bbox 2422 3147 3533 3214">
    <p class='ocr_par' dir='ltr' id='par_1_77' title="bbox 2422 3147 3533 3214">
     <span class='ocr_line' id='line_1_77' title="bbox 2422 3147 3533 3214; baseline -0.005 -11"><span class='ocrx_word' id='word_1_529' title='bbox 2422 3147 2606 3204; x_wconf 65' lang='lat' dir='ltr'><strong>Idcirco</strong></span> <span class='ocrx_word' id='word_1_530' title='bbox 2621 3147 2808 3203; x_wconf 77' lang='lat' dir='ltr'><strong>cursim</strong></span> <span class='ocrx_word' id='word_1_531' title='bbox 2824 3153 3066 3214; x_wconf 82' lang='lat' dir='ltr'><strong>pergebat</strong></span> <span class='ocrx_word' id='word_1_532' title='bbox 3088 3147 3301 3200; x_wconf 89' lang='lat' dir='ltr'><strong>credere</strong></span> <span class='ocrx_word' id='word_1_533' title='bbox 3324 3150 3533 3214; x_wconf 77' lang='lat' dir='ltr'><strong>Christo,</strong></span> 
     </span>
    </p>
   </div>
   <div class='ocr_carea' id='block_1_78' title="bbox 2425 3211 3582 3280">
    <p class='ocr_par' dir='ltr' id='par_1_78' title="bbox 2425 3211 3582 3280">
     <span class='ocr_line' id='line_1_78' title="bbox 2425 3211 3582 3280; baseline -0.004 -16"><span class='ocrx_word' id='word_1_534' title='bbox 2425 3215 2714 3278; x_wconf 84' lang='lat' dir='ltr'><strong>Agnosceus</strong></span> <span class='ocrx_word' id='word_1_535' title='bbox 2735 3211 2975 3280; x_wconf 85' lang='lat' dir='ltr'><strong>pr0priam</strong></span> <span class='ocrx_word' id='word_1_536' title='bbox 3001 3220 3132 3263; x_wconf 88' lang='lat' dir='ltr'><strong>tanta</strong></span> <span class='ocrx_word' id='word_1_537' title='bbox 3151 3214 3332 3263; x_wconf 88' lang='lat' dir='ltr'><strong>virtute</strong></span> <span class='ocrx_word' id='word_1_538' title='bbox 3349 3211 3582 3262; x_wconf 85' lang='lat' dir='ltr'><strong>salutem.</strong></span> 
     </span>
    </p>
   </div>
   <div class='ocr_carea' id='block_1_79' title="bbox 2239 3292 3848 3368">
    <p class='ocr_par' dir='ltr' id='par_1_79' title="bbox 2239 3292 3848 3368">
     <span class='ocr_line' id='line_1_79' title="bbox 2239 3292 3848 3368; baseline -0.003 -14"><span class='ocrx_word' id='word_1_539' title='bbox 2239 3298 2394 3366; x_wconf 87' lang='lat' dir='ltr'><strong>Quod</strong></span> <span class='ocrx_word' id='word_1_540' title='bbox 2431 3297 2732 3355; x_wconf 86' lang='lat' dir='ltr'><strong>Romanum</strong></span> <span class='ocrx_word' id='word_1_541' title='bbox 2764 3297 3204 3368; x_wconf 81' lang='lat' dir='ltr'><strong>Martyrologium</strong></span> <span class='ocrx_word' id='word_1_542' title='bbox 3229 3295 3295 3350; x_wconf 89' lang='lat' dir='ltr'><strong>de</strong></span> <span class='ocrx_word' id='word_1_543' title='bbox 3317 3296 3373 3350; x_wconf 88' lang='grc'><strong>8.</strong></span> <span class='ocrx_word' id='word_1_544' title='bbox 3411 3292 3648 3348; x_wconf 83' lang='lat' dir='ltr'><strong>Victoria</strong></span> <span class='ocrx_word' id='word_1_545' title='bbox 3671 3308 3848 3365; x_wconf 84' lang='lat' dir='ltr'><strong>agens</strong></span> 
     </span>
    </p>
   </div>
   <div class='ocr_carea' id='block_1_80' title="bbox 2241 3367 3845 3438">
    <p class='ocr_par' dir='ltr' id='par_1_80' title="bbox 2241 3367 3845 3438">
     <span class='ocr_line' id='line_1_80' title="bbox 2241 3367 3845 3438; baseline -0.002 -16"><span class='ocrx_word' id='word_1_546' title='bbox 2241 3370 2549 3438; x_wconf 70' lang='lat' dir='ltr'><strong>prtemittit,</strong></span> <span class='ocrx_word' id='word_1_547' title='bbox 2600 3369 2777 3423; x_wconf 73' lang='lat' dir='ltr'><strong>Roma:</strong></span> <span class='ocrx_word' id='word_1_548' title='bbox 2806 3368 2866 3425; x_wconf 88' lang='lat' dir='ltr'><strong>S.</strong></span> <span class='ocrx_word' id='word_1_549' title='bbox 2910 3367 3177 3432; x_wconf 64' lang='lat' dir='ltr'><strong>Victoriae,</strong></span> <span class='ocrx_word' id='word_1_550' title='bbox 3204 3376 3337 3430; x_wconf 91' lang='lat' dir='ltr'><strong>etc.,</strong></span> <span class='ocrx_word' id='word_1_551' title='bbox 3364 3375 3574 3438; x_wconf 82' lang='lat' dir='ltr'><strong>certum</strong></span> <span class='ocrx_word' id='word_1_552' title='bbox 3610 3374 3696 3420; x_wconf 90' lang='lat' dir='ltr'><strong>est</strong></span> <span class='ocrx_word' id='word_1_553' title='bbox 3730 3381 3845 3419; x_wconf 86' lang='lat' dir='ltr'><strong>non</strong></span> 
     </span>
    </p>
   </div>
   <div class='ocr_carea' id='block_1_81' title="bbox 2242 3437 3844 3508">
    <p class='ocr_par' dir='ltr' id='par_1_81' title="bbox 2242 3437 3844 3508">
     <span class='ocr_line' id='line_1_81' title="bbox 2242 3437 3844 3508; baseline -0.004 -12"><span class='ocrx_word' id='word_1_554' title='bbox 2242 3442 2444 3496; x_wconf 89' lang='lat' dir='ltr'><strong>idcirco</strong></span> <span class='ocrx_word' id='word_1_555' title='bbox 2473 3441 2576 3495; x_wconf 93' lang='lat' dir='ltr'><strong>dici</strong></span> <span class='ocrx_word' id='word_1_556' title='bbox 2611 3439 2822 3507; x_wconf 71' lang='lat' dir='ltr'><strong>Romae,</strong></span> <span class='ocrx_word' id='word_1_557' title='bbox 2857 3438 2999 3508; x_wconf 89' lang='lat' dir='ltr'><strong>quod</strong></span> <span class='ocrx_word' id='word_1_558' title='bbox 3028 3438 3156 3492; x_wconf 89' lang='lat' dir='ltr'><strong>inibi</strong></span> <span class='ocrx_word' id='word_1_559' title='bbox 3205 3451 3364 3506; x_wconf 88' lang='lat' dir='ltr'><strong>passa</strong></span> <span class='ocrx_word' id='word_1_560' title='bbox 3399 3437 3499 3503; x_wconf 90' lang='lat' dir='ltr'><strong>sit,</strong></span> <span class='ocrx_word' id='word_1_561' title='bbox 3531 3450 3656 3492; x_wconf 90' lang='lat' dir='ltr'><strong>cum</strong></span> <span class='ocrx_word' id='word_1_562' title='bbox 3698 3451 3844 3508; x_wconf 6' lang='lat' dir='ltr'><strong>geon-</strong></span> 
     </span>
    </p>
   </div>
   <div class='ocr_carea' id='block_1_82' title="bbox 2241 3507 3844 3580">
    <p class='ocr_par' dir='ltr' id='par_1_82' title="bbox 2241 3507 3844 3580">
     <span class='ocr_line' id='line_1_82' title="bbox 2241 3507 3844 3580; baseline -0.002 -12"><span class='ocrx_word' id='word_1_563' title='bbox 2241 3521 2347 3568; x_wconf 89' lang='lat' dir='ltr'><strong>stet</strong></span> <span class='ocrx_word' id='word_1_564' title='bbox 2388 3510 2528 3580; x_wconf 90' lang='lat' dir='ltr'><strong>apud</strong></span> <span class='ocrx_word' id='word_1_565' title='bbox 2561 3525 2757 3566; x_wconf 91' lang='lat' dir='ltr'><strong>omnes</strong></span> <span class='ocrx_word' id='word_1_566' title='bbox 2800 3507 2928 3565; x_wconf 88' lang='lat' dir='ltr'><strong>alibi</strong></span> <span class='ocrx_word' id='word_1_567' title='bbox 2971 3525 3131 3580; x_wconf 90' lang='lat' dir='ltr'><strong>quam</strong></span> <span class='ocrx_word' id='word_1_568' title='bbox 3169 3508 3356 3580; x_wconf 51' lang='lat' dir='ltr'><strong>Romae</strong></span> <span class='ocrx_word' id='word_1_569' title='bbox 3387 3523 3604 3575; x_wconf 79' lang='lat' dir='ltr'><strong>passam</strong></span> <span class='ocrx_word' id='word_1_570' title='bbox 3633 3507 3844 3574; x_wconf 80' lang='lat' dir='ltr'><strong>fuisse;</strong></span> 
     </span>
    </p>
   </div>
   <div class='ocr_carea' id='block_1_83' title="bbox 2241 3579 3608 3652">
    <p class='ocr_par' dir='ltr' id='par_1_83' title="bbox 2241 3579 3608 3652">
     <span class='ocr_line' id='line_1_83' title="bbox 2241 3579 3608 3652; baseline -0.004 -15"><span class='ocrx_word' id='word_1_571' title='bbox 2241 3582 2334 3644; x_wconf 83' lang='lat' dir='ltr'><strong>sed</strong></span> <span class='ocrx_word' id='word_1_572' title='bbox 2365 3579 2488 3652; x_wconf 85' lang='lat' dir='ltr'><strong>quia</strong></span> <span class='ocrx_word' id='word_1_573' title='bbox 2522 3581 2653 3636; x_wconf 91' lang='lat' dir='ltr'><strong>inibi</strong></span> <span class='ocrx_word' id='word_1_574' title='bbox 2686 3580 2820 3636; x_wconf 81' lang='lat' dir='ltr'><strong>festa</strong></span> <span class='ocrx_word' id='word_1_575' title='bbox 2851 3582 2968 3638; x_wconf 87' lang='lat' dir='ltr'><strong>dies</strong></span> <span class='ocrx_word' id='word_1_576' title='bbox 2993 3581 3169 3648; x_wconf 84' lang='lat' dir='ltr'><strong>agitur</strong></span> <span class='ocrx_word' id='word_1_577' title='bbox 3194 3580 3300 3635; x_wconf 89' lang='lat' dir='ltr'><strong>civi</strong></span> <span class='ocrx_word' id='word_1_578' title='bbox 3329 3579 3608 3652; x_wconf 76' lang='lat' dir='ltr'><strong>Romamn.</strong></span> 
     </span>
    </p>
   </div>
   <div class='ocr_carea' id='block_1_84' title="bbox 2313 3648 3846 3714">
    <p class='ocr_par' dir='ltr' id='par_1_84' title="bbox 2313 3648 3846 3714">
     <span class='ocr_line' id='line_1_84' title="bbox 2313 3648 3846 3714; baseline -0.003 -5"><span class='ocrx_word' id='word_1_579' title='bbox 2313 3648 2464 3709; x_wconf 68' lang='lat' dir='ltr'><strong>5.7a</strong></span> <span class='ocrx_word' id='word_1_580' title='bbox 2493 3652 2784 3714; x_wconf 83' lang='lat' dir='ltr'><strong>Lusitania,</strong></span> <span class='ocrx_word' id='word_1_581' title='bbox 2815 3663 2926 3708; x_wconf 90' lang='lat' dir='ltr'><strong>etc.</strong></span> <span class='ocrx_word' id='word_1_582' title='bbox 2968 3652 3294 3708; x_wconf 90' lang='lat' dir='ltr'><strong>Sanctorum</strong></span> <span class='ocrx_word' id='word_1_583' title='bbox 3333 3649 3529 3704; x_wconf 78' lang='lat' dir='ltr'><strong>Felicis</strong></span> <span class='ocrx_word' id='word_1_584' title='bbox 3557 3658 3613 3704; x_wconf 90' lang='lat' dir='ltr'><strong>et</strong></span> <span class='ocrx_word' id='word_1_585' title='bbox 3657 3648 3846 3704; x_wconf 89' lang='lat' dir='ltr'><strong>socio-</strong></span> 
     </span>
    </p>
   </div>
   <div class='ocr_carea' id='block_1_85' title="bbox 2243 3717 3841 3792">
    <p class='ocr_par' dir='ltr' id='par_1_85' title="bbox 2243 3717 3841 3792">
     <span class='ocr_line' id='line_1_85' title="bbox 2243 3717 3841 3792; baseline -0.003 -12"><span class='ocrx_word' id='word_1_586' title='bbox 2243 3741 2362 3780; x_wconf 89' lang='lat' dir='ltr'><strong>rum</strong></span> <span class='ocrx_word' id='word_1_587' title='bbox 2392 3734 2510 3780; x_wconf 90' lang='lat' dir='ltr'><strong>acta</strong></span> <span class='ocrx_word' id='word_1_588' title='bbox 2535 3731 2756 3780; x_wconf 74' lang='lat' dir='ltr'><strong>ex~taut</strong></span> <span class='ocrx_word' id='word_1_589' title='bbox 2781 3725 2922 3792; x_wconf 89' lang='lat' dir='ltr'><strong>apud</strong></span> <span class='ocrx_word' id='word_1_590' title='bbox 2955 3724 3176 3780; x_wconf 88' lang='lat' dir='ltr'><strong>Surium</strong></span> <span class='ocrx_word' id='word_1_591' title='bbox 3205 3732 3352 3778; x_wconf 83' lang='lat' dir='ltr'><strong>tumo</strong></span> <span class='ocrx_word' id='word_1_592' title='bbox 3385 3720 3460 3785; x_wconf 84' lang='lat' dir='ltr'><strong>ll,</strong></span> <span class='ocrx_word' id='word_1_593' title='bbox 3492 3720 3564 3775; x_wconf 74' lang='lat'><strong>‘35</strong></span> <span class='ocrx_word' id='word_1_594' title='bbox 3591 3717 3804 3792; x_wconf 75' lang='lat' dir='ltr'><strong>Aprilis</strong></span> <span class='ocrx_word' id='word_1_595' title='bbox 3824 3759 3841 3781; x_wconf 86' lang='lat'><strong>.</strong></span> 
     </span>
    </p>
   </div>
   <div class='ocr_carea' id='block_1_86' title="bbox 541 3785 3844 3865">
    <p class='ocr_par' dir='ltr' id='par_1_86' title="bbox 541 3785 3844 3865">
     <span class='ocr_line' id='line_1_86' title="bbox 541 3785 3844 3865; baseline 0.001 -23"><span class='ocrx_word' id='word_1_596' title='bbox 541 3787 841 3865; x_wconf 72' lang='lat' dir='ltr'><strong>Ptoloon</strong></span> <span class='ocrx_word' id='word_1_597' title='bbox 871 3796 1008 3865; x_wconf 72' lang='lat' dir='ltr'><strong>teste</strong></span> <span class='ocrx_word' id='word_1_598' title='bbox 1047 3789 1098 3844; x_wconf 90' lang='lat' dir='ltr'><strong>in</strong></span> <span class='ocrx_word' id='word_1_599' title='bbox 1129 3789 1431 3865; x_wconf 83' lang='lat' dir='ltr'><strong>Bastetanis</strong></span> <span class='ocrx_word' id='word_1_600' title='bbox 1461 3785 1964 3865; x_wconf 58' lang='lat' dir='ltr'><strong>Tarraconensibus</strong></span> <span class='ocrx_word' id='word_1_601' title='bbox 1999 3787 2132 3865; x_wconf 30' lang='lat' dir='ltr'><strong>Allis-</strong></span> <span class='ocrx_word' id='word_1_602' title='bbox 2160 3798 2206 3862; x_wconf 70' lang='grc' dir='ltr'><em>ε</em></span> <span class='ocrx_word' id='word_1_603' title='bbox 2239 3812 2344 3865; x_wconf 91' lang='lat' dir='ltr'><strong>qua</strong></span> <span class='ocrx_word' id='word_1_604' title='bbox 2380 3795 2468 3850; x_wconf 91' lang='lat' dir='ltr'><strong>die</strong></span> <span class='ocrx_word' id='word_1_605' title='bbox 2501 3795 2778 3852; x_wconf 87' lang='lat' dir='ltr'><strong>Usuardus</strong></span> <span class='ocrx_word' id='word_1_606' title='bbox 2817 3785 2873 3850; x_wconf 81' lang='lat' dir='ltr'><strong>et</strong></span> <span class='ocrx_word' id='word_1_607' title='bbox 2904 3794 3202 3848; x_wconf 78' lang='lat' dir='ltr'><strong>Romanum</strong></span> <span class='ocrx_word' id='word_1_608' title='bbox 3236 3785 3681 3865; x_wconf 63' lang='lat' dir='ltr'><strong>Martyrologium</strong></span> <span class='ocrx_word' id='word_1_609' title='bbox 3709 3790 3844 3865; x_wconf 81' lang='lat' dir='ltr'><strong>bre-</strong></span> 
     </span>
    </p>
   </div>
   <div class='ocr_carea' id='block_1_87' title="bbox 580 3857 2129 3931">
    <p class='ocr_par' dir='ltr' id='par_1_87' title="bbox 580 3857 2129 3931">
     <span class='ocr_line' id='line_1_87' title="bbox 580 3857 2129 3931; baseline 0.001 -20"><span class='ocrx_word' id='word_1_610' title='bbox 580 3860 718 3931; x_wconf 82' lang='lat' dir='ltr'><strong>auiae</strong></span> <span class='ocrx_word' id='word_1_611' title='bbox 758 3858 862 3913; x_wconf 85' lang='lat' dir='ltr'><strong>sita</strong></span> <span class='ocrx_word' id='word_1_612' title='bbox 911 3860 1010 3914; x_wconf 84' lang='lat' dir='ltr'><strong>fuit</strong></span> <span class='ocrx_word' id='word_1_613' title='bbox 1036 3903 1051 3924; x_wconf 90' lang='lat'><strong>,</strong></span> <span class='ocrx_word' id='word_1_614' title='bbox 1097 3875 1166 3916; x_wconf 90' lang='lat' dir='ltr'><strong>eo</strong></span> <span class='ocrx_word' id='word_1_615' title='bbox 1203 3861 1322 3915; x_wconf 88' lang='lat' dir='ltr'><strong>loco</strong></span> <span class='ocrx_word' id='word_1_616' title='bbox 1367 3873 1474 3931; x_wconf 89' lang='lat' dir='ltr'><strong>quo</strong></span> <span class='ocrx_word' id='word_1_617' title='bbox 1514 3874 1659 3914; x_wconf 86' lang='lat' dir='ltr'><strong>nunc</strong></span> <span class='ocrx_word' id='word_1_618' title='bbox 1699 3857 1881 3914; x_wconf 82' lang='lat' dir='ltr'><strong>Tervel</strong></span> <span class='ocrx_word' id='word_1_619' title='bbox 1916 3857 2129 3931; x_wconf 83' lang='lat' dir='ltr'><strong>visi_tur.</strong></span> 
     </span>
    </p>
   </div>
   <div class='ocr_carea' id='block_1_88' title="bbox 567 3928 2135 3986">
    <p class='ocr_par' dir='ltr' id='par_1_88' title="bbox 567 3928 2135 3986">
     <span class='ocr_line' id='line_1_88' title="bbox 567 3928 2135 3986; baseline 0.001 -4"><span class='ocrx_word' id='word_1_620' title='bbox 567 3928 772 3983; x_wconf 66' lang='lat' dir='ltr'><strong>&quot;allitur</strong></span> <span class='ocrx_word' id='word_1_621' title='bbox 796 3931 912 3983; x_wconf 85' lang='lat' dir='ltr'><strong>sine</strong></span> <span class='ocrx_word' id='word_1_622' title='bbox 940 3931 1105 3986; x_wconf 90' lang='lat' dir='ltr'><strong>dubio</strong></span> <span class='ocrx_word' id='word_1_623' title='bbox 1132 3928 1524 3986; x_wconf 79' lang='lat' dir='ltr'><strong>Villanovanus</strong></span> <span class='ocrx_word' id='word_1_624' title='bbox 1546 3932 1674 3986; x_wconf 91' lang='lat' dir='ltr'><strong>dum</strong></span> <span class='ocrx_word' id='word_1_625' title='bbox 1703 3929 1982 3985; x_wconf 71' lang='lat' dir='ltr'><strong>contendit</strong></span> <span class='ocrx_word' id='word_1_626' title='bbox 2002 3929 2135 3984; x_wconf 86' lang='lat' dir='ltr'><strong>Ter-</strong></span> 
     </span>
    </p>
   </div>
   <div class='ocr_carea' id='block_1_89' title="bbox 543 3997 2133 4072">
    <p class='ocr_par' dir='ltr' id='par_1_89' title="bbox 543 3997 2133 4072">
     <span class='ocr_line' id='line_1_89' title="bbox 543 3997 2133 4072; baseline 0.002 -20"><span class='ocrx_word' id='word_1_627' title='bbox 543 3999 628 4052; x_wconf 81' lang='lat' dir='ltr'><strong>vel</strong></span> <span class='ocrx_word' id='word_1_628' title='bbox 661 3997 828 4072; x_wconf 79' lang='lat' dir='ltr'><strong>fuisse</strong></span> <span class='ocrx_word' id='word_1_629' title='bbox 855 3999 1240 4072; x_wconf 12' lang='lat' dir='ltr'><strong>iThyarjuliam</strong></span> <span class='ocrx_word' id='word_1_630' title='bbox 1266 4042 1280 4064; x_wconf 92' lang='lat'><strong>,</strong></span> <span class='ocrx_word' id='word_1_631' title='bbox 1324 4015 1432 4056; x_wconf 92' lang='lat' dir='ltr'><strong>non</strong></span> <span class='ocrx_word' id='word_1_632' title='bbox 1454 4015 1595 4072; x_wconf 84' lang='lat' dir='ltr'><strong>vero</strong></span> <span class='ocrx_word' id='word_1_633' title='bbox 1624 4001 1963 4072; x_wconf 76' lang='lat' dir='ltr'><strong>Turbulam;</strong></span> <span class='ocrx_word' id='word_1_634' title='bbox 1995 4015 2133 4072; x_wconf 75' lang='lat' dir='ltr'><strong>con-</strong></span> 
     </span>
    </p>
   </div>
   <div class='ocr_carea' id='block_1_90' title="bbox 543 4069 2135 4141">
    <p class='ocr_par' dir='ltr' id='par_1_90' title="bbox 543 4069 2135 4141">
     <span class='ocr_line' id='line_1_90' title="bbox 543 4069 2135 4141; baseline 0.003 -19"><span class='ocrx_word' id='word_1_635' title='bbox 543 4077 651 4141; x_wconf 83' lang='lat' dir='ltr'><strong>stat</strong></span> <span class='ocrx_word' id='word_1_636' title='bbox 691 4069 973 4141; x_wconf 59' lang='lat' dir='ltr'><strong>siquidem&#39;</strong></span> <span class='ocrx_word' id='word_1_637' title='bbox 1000 4069 1070 4127; x_wconf 73' lang='lat' dir='ltr'><strong>ex</strong></span> <span class='ocrx_word' id='word_1_638' title='bbox 1102 4071 1329 4126; x_wconf 88' lang='lat' dir='ltr'><strong>suismet</strong></span> <span class='ocrx_word' id='word_1_639' title='bbox 1355 4071 1592 4141; x_wconf 73' lang='lat' dir='ltr'><strong>antiqua:</strong></span> <span class='ocrx_word' id='word_1_640' title='bbox 1635 4071 1907 4141; x_wconf 72' lang='lat' dir='ltr'><strong>Hispania:</strong></span> <span class='ocrx_word' id='word_1_641' title='bbox 1937 4070 2135 4126; x_wconf 87' lang='lat' dir='ltr'><strong>tabulis</strong></span> 
     </span>
    </p>
   </div>
   <div class='ocr_carea' id='block_1_91' title="bbox 543 4139 2136 4214">
    <p class='ocr_par' dir='ltr' id='par_1_91' title="bbox 543 4139 2136 4214">
     <span class='ocr_line' id='line_1_91' title="bbox 543 4139 2136 4214; baseline 0 -18"><span class='ocrx_word' id='word_1_642' title='bbox 543 4139 913 4214; x_wconf 83' lang='lat' dir='ltr'><strong>Thyarjuliam</strong></span> <span class='ocrx_word' id='word_1_643' title='bbox 947 4158 1052 4199; x_wconf 92' lang='lat' dir='ltr'><strong>non</strong></span> <span class='ocrx_word' id='word_1_644' title='bbox 1088 4143 1246 4214; x_wconf 89' lang='lat' dir='ltr'><strong>longe</strong></span> <span class='ocrx_word' id='word_1_645' title='bbox 1275 4158 1306 4198; x_wconf 90' lang='lat' dir='ltr'><strong>a</strong></span> <span class='ocrx_word' id='word_1_646' title='bbox 1333 4139 1643 4197; x_wconf 81' lang='lat' dir='ltr'><strong>Tarracone</strong></span> <span class='ocrx_word' id='word_1_647' title='bbox 1658 4139 2047 4214; x_wconf 8' lang='lat' dir='ltr'><strong>isitamyfuisse,</strong></span> <span class='ocrx_word' id='word_1_648' title='bbox 2080 4149 2136 4197; x_wconf 89' lang='lat' dir='ltr'><strong>ct</strong></span> 
     </span>
    </p>
   </div>
   <div class='ocr_carea' id='block_1_92' title="bbox 543 4211 2131 4269">
    <p class='ocr_par' dir='ltr' id='par_1_92' title="bbox 543 4211 2131 4269">
     <span class='ocr_line' id='line_1_92' title="bbox 543 4211 2131 4269; baseline -0.001 -5"><span class='ocrx_word' id='word_1_649' title='bbox 543 4212 679 4266; x_wconf 88' lang='lat' dir='ltr'><strong>mari</strong></span> <span class='ocrx_word' id='word_1_650' title='bbox 724 4214 834 4269; x_wconf 85' lang='lat' dir='ltr'><strong>tere</strong></span> <span class='ocrx_word' id='word_1_651' title='bbox 879 4211 1224 4269; x_wconf 37' lang='lat' dir='ltr'><strong>nroximam’:</strong></span> <span class='ocrx_word' id='word_1_652' title='bbox 1275 4228 1397 4267; x_wconf 87' lang='lat' dir='ltr'><strong>eum</strong></span> <span class='ocrx_word' id='word_1_653' title='bbox 1443 4223 1621 4268; x_wconf 86' lang='lat' dir='ltr'><strong>tamen</strong></span> <span class='ocrx_word' id='word_1_654' title='bbox 1653 4213 1846 4267; x_wconf 85' lang='lat' dir='ltr'><strong>&#39;l‘ervcl</strong></span> <span class='ocrx_word' id='word_1_655' title='bbox 1894 4211 2059 4268; x_wconf 85' lang='lat' dir='ltr'><strong>distet</strong></span> <span class='ocrx_word' id='word_1_656' title='bbox 2106 4231 2131 4264; x_wconf 74' lang='grc' dir='ltr'><strong>τι</strong></span> 
     </span>
    </p>
   </div>
   <div class='ocr_carea' id='block_1_93' title="bbox 542 4282 2136 4354">
    <p class='ocr_par' dir='ltr' id='par_1_93' title="bbox 542 4282 2136 4354">
     <span class='ocr_line' id='line_1_93' title="bbox 542 4282 2136 4354; baseline 0.001 -18"><span class='ocrx_word' id='word_1_657' title='bbox 542 4282 850 4340; x_wconf 83' lang='lat' dir='ltr'><strong>Tarracone</strong></span> <span class='ocrx_word' id='word_1_658' title='bbox 879 4282 1064 4342; x_wconf 86' lang='lat' dir='ltr'><strong>leucas</strong></span> <span class='ocrx_word' id='word_1_659' title='bbox 1094 4289 1214 4354; x_wconf 89' lang='lat' dir='ltr'><strong>plus</strong></span> <span class='ocrx_word' id='word_1_660' title='bbox 1244 4287 1345 4352; x_wconf 75' lang='grc'><strong>40,</strong></span> <span class='ocrx_word' id='word_1_661' title='bbox 1373 4296 1423 4340; x_wconf 91' lang='lat' dir='ltr'><strong>et</strong></span> <span class='ocrx_word' id='word_1_662' title='bbox 1457 4301 1486 4340; x_wconf 92' lang='lat' dir='ltr'><strong>a</strong></span> <span class='ocrx_word' id='word_1_663' title='bbox 1520 4286 1652 4340; x_wconf 92' lang='lat' dir='ltr'><strong>mari</strong></span> <span class='ocrx_word' id='word_1_664' title='bbox 1685 4285 1753 4339; x_wconf 89' lang='lat' dir='ltr'><strong>ad</strong></span> <span class='ocrx_word' id='word_1_665' title='bbox 1785 4283 1879 4352; x_wconf 73' lang='grc'><strong>24,</strong></span> <span class='ocrx_word' id='word_1_666' title='bbox 1922 4299 2026 4353; x_wconf 89' lang='lat' dir='ltr'><strong>qua</strong></span> <span class='ocrx_word' id='word_1_667' title='bbox 2057 4283 2136 4338; x_wconf 86' lang='lat' dir='ltr'><strong>vi-</strong></span> 
     </span>
    </p>
   </div>
   <div class='ocr_carea' id='block_1_94' title="bbox 540 4354 2134 4426">
    <p class='ocr_par' dir='ltr' id='par_1_94' title="bbox 540 4354 2134 4426">
     <span class='ocr_line' id='line_1_94' title="bbox 540 4354 2134 4426; baseline 0.003 -18"><span class='ocrx_word' id='word_1_668' title='bbox 540 4354 744 4410; x_wconf 90' lang='lat' dir='ltr'><strong>delicet</strong></span> <span class='ocrx_word' id='word_1_669' title='bbox 775 4358 1040 4424; x_wconf 88' lang='lat' dir='ltr'><strong>positione</strong></span> <span class='ocrx_word' id='word_1_670' title='bbox 1083 4357 1324 4414; x_wconf 88' lang='lat' dir='ltr'><strong>Turbula</strong></span> <span class='ocrx_word' id='word_1_671' title='bbox 1356 4357 1586 4412; x_wconf 81' lang='lat' dir='ltr'><strong>exstitit.</strong></span> <span class='ocrx_word' id='word_1_672' title='bbox 1629 4355 1740 4412; x_wconf 89' lang='lat' dir='ltr'><strong>Nec</strong></span> <span class='ocrx_word' id='word_1_673' title='bbox 1779 4357 1956 4423; x_wconf 90' lang='lat' dir='ltr'><strong>obest,</strong></span> <span class='ocrx_word' id='word_1_674' title='bbox 1989 4355 2134 4426; x_wconf 86' lang='lat' dir='ltr'><strong>quod</strong></span> 
     </span>
    </p>
   </div>
   <div class='ocr_carea' id='block_1_95' title="bbox 539 4426 2134 4499">
    <p class='ocr_par' dir='ltr' id='par_1_95' title="bbox 539 4426 2134 4499">
     <span class='ocr_line' id='line_1_95' title="bbox 539 4426 2134 4499; baseline 0.001 -19"><span class='ocrx_word' id='word_1_675' title='bbox 539 4426 755 4499; x_wconf 84' lang='lat' dir='ltr'><strong>dicatur</strong></span> <span class='ocrx_word' id='word_1_676' title='bbox 777 4427 833 4484; x_wconf 93' lang='lat' dir='ltr'><strong>S.</strong></span> <span class='ocrx_word' id='word_1_677' title='bbox 883 4429 1115 4485; x_wconf 87' lang='lat' dir='ltr'><strong>Victoria</strong></span> <span class='ocrx_word' id='word_1_678' title='bbox 1165 4429 1410 4484; x_wconf 84' lang='lat' dir='ltr'><strong>Romana</strong></span> <span class='ocrx_word' id='word_1_679' title='bbox 1457 4428 1525 4482; x_wconf 91' lang='lat' dir='ltr'><strong>ad</strong></span> <span class='ocrx_word' id='word_1_680' title='bbox 1558 4429 1760 4499; x_wconf 69' lang='lat' dir='ltr'><strong>prtedia</strong></span> <span class='ocrx_word' id='word_1_681' title='bbox 1809 4428 1997 4497; x_wconf 91' lang='lat' dir='ltr'><strong>sponsi</strong></span> <span class='ocrx_word' id='word_1_682' title='bbox 2037 4428 2134 4482; x_wconf 88' lang='lat' dir='ltr'><strong>de-</strong></span> 
     </span>
    </p>
   </div>
   <div class='ocr_carea' id='block_1_96' title="bbox 539 4498 2132 4570">
    <p class='ocr_par' dir='ltr' id='par_1_96' title="bbox 539 4498 2132 4570">
     <span class='ocr_line' id='line_1_96' title="bbox 539 4498 2132 4570; baseline 0 -18"><span class='ocrx_word' id='word_1_683' title='bbox 539 4498 732 4570; x_wconf 85' lang='lat' dir='ltr'><strong>ducta,</strong></span> <span class='ocrx_word' id='word_1_684' title='bbox 759 4511 818 4556; x_wconf 88' lang='lat' dir='ltr'><strong>ut</strong></span> <span class='ocrx_word' id='word_1_685' title='bbox 839 4510 1100 4570; x_wconf 74' lang='lat' dir='ltr'><strong>przcterea</strong></span> <span class='ocrx_word' id='word_1_686' title='bbox 1131 4501 1480 4558; x_wconf 84' lang='lat' dir='ltr'><strong>existimetur</strong></span> <span class='ocrx_word' id='word_1_687' title='bbox 1503 4498 1670 4570; x_wconf 84' lang='lat' dir='ltr'><strong>prone</strong></span> <span class='ocrx_word' id='word_1_688' title='bbox 1700 4498 1925 4554; x_wconf 83' lang='lat' dir='ltr'><strong>Romam</strong></span> <span class='ocrx_word' id='word_1_689' title='bbox 1957 4499 2132 4554; x_wconf 90' lang='lat' dir='ltr'><strong>locum</strong></span> 
     </span>
    </p>
   </div>
   <div class='ocr_carea' id='block_1_97' title="bbox 539 4569 2134 4642">
    <p class='ocr_par' dir='ltr' id='par_1_97' title="bbox 539 4569 2134 4642">
     <span class='ocr_line' id='line_1_97' title="bbox 539 4569 2134 4642; baseline 0.002 -18"><span class='ocrx_word' id='word_1_690' title='bbox 539 4569 869 4637; x_wconf 70' lang='lat' dir='ltr'><strong>praediorum</strong></span> <span class='ocrx_word' id='word_1_691' title='bbox 922 4573 1129 4638; x_wconf 81' lang='lat' dir='ltr'><strong>fuisse;</strong></span> <span class='ocrx_word' id='word_1_692' title='bbox 1177 4571 1379 4642; x_wconf 89' lang='lat' dir='ltr'><strong>quippe</strong></span> <span class='ocrx_word' id='word_1_693' title='bbox 1422 4569 1544 4626; x_wconf 88' lang='lat' dir='ltr'><strong>cum</strong></span> <span class='ocrx_word' id='word_1_694' title='bbox 1591 4570 1822 4627; x_wconf 82' lang='lat' dir='ltr'><strong>Romani</strong></span> <span class='ocrx_word' id='word_1_695' title='bbox 1875 4570 2134 4642; x_wconf 85' lang='lat' dir='ltr'><strong>Hispania</strong></span> 
     </span>
    </p>
   </div>
   <div class='ocr_carea' id='block_1_98' title="bbox 539 4642 1810 4713">
    <p class='ocr_par' dir='ltr' id='par_1_98' title="bbox 539 4642 1810 4713">
     <span class='ocr_line' id='line_1_98' title="bbox 539 4642 1810 4713; baseline 0.003 -18"><span class='ocrx_word' id='word_1_696' title='bbox 539 4642 821 4712; x_wconf 76' lang='lat' dir='ltr'><strong>subiugata</strong></span> <span class='ocrx_word' id='word_1_697' title='bbox 855 4644 1054 4712; x_wconf 81' lang='lat' dir='ltr'><strong>praedia</strong></span> <span class='ocrx_word' id='word_1_698' title='bbox 1083 4645 1244 4699; x_wconf 90' lang='lat' dir='ltr'><strong>etiam</strong></span> <span class='ocrx_word' id='word_1_699' title='bbox 1279 4645 1423 4699; x_wconf 90' lang='lat' dir='ltr'><strong>illius</strong></span> <span class='ocrx_word' id='word_1_700' title='bbox 1448 4642 1810 4713; x_wconf 85' lang='lat' dir='ltr'><strong>possiderent.</strong></span> 
     </span>
    </p>
   </div>
   <div class='ocr_carea' id='block_1_99' title="bbox 612 4713 2134 4771">
    <p class='ocr_par' dir='ltr' id='par_1_99' title="bbox 612 4713 2134 4771">
     <span class='ocr_line' id='line_1_99' title="bbox 612 4713 2134 4771; baseline 0.001 -3"><span class='ocrx_word' id='word_1_701' title='bbox 612 4714 734 4768; x_wconf 84' lang='lat' dir='ltr'><strong>Pari</strong></span> <span class='ocrx_word' id='word_1_702' title='bbox 769 4717 931 4771; x_wconf 85' lang='lat' dir='ltr'><strong>modo</strong></span> <span class='ocrx_word' id='word_1_703' title='bbox 958 4715 1154 4771; x_wconf 72' lang='lat' dir='ltr'><strong>accidit</strong></span> <span class='ocrx_word' id='word_1_704' title='bbox 1197 4731 1392 4771; x_wconf 82' lang='lat' dir='ltr'><strong>nomen</strong></span> <span class='ocrx_word' id='word_1_705' title='bbox 1425 4714 1578 4770; x_wconf 82' lang='lat' dir='ltr'><strong>urbis</strong></span> <span class='ocrx_word' id='word_1_706' title='bbox 1601 4713 1656 4769; x_wconf 86' lang='lat' dir='ltr'><strong>S.</strong></span> <span class='ocrx_word' id='word_1_707' title='bbox 1704 4715 2014 4770; x_wconf 83' lang='lat' dir='ltr'><strong>Auatltolia:</strong></span> <span class='ocrx_word' id='word_1_708' title='bbox 2041 4729 2134 4770; x_wconf 87' lang='lat' dir='ltr'><strong>so-</strong></span> 
     </span>
    </p>
   </div>
   <div class='ocr_carea' id='block_1_100' title="bbox 541 4785 2135 4854">
    <p class='ocr_par' dir='ltr' id='par_1_100' title="bbox 541 4785 2135 4854">
     <span class='ocr_line' id='line_1_100' title="bbox 541 4785 2135 4854; baseline 0.003 -18"><span class='ocrx_word' id='word_1_709' title='bbox 541 4786 684 4839; x_wconf 90' lang='lat' dir='ltr'><strong>roris</strong></span> <span class='ocrx_word' id='word_1_710' title='bbox 715 4785 968 4843; x_wconf 67' lang='lat' dir='ltr'><strong>Victoriaa</strong></span> <span class='ocrx_word' id='word_1_711' title='bbox 995 4787 1384 4854; x_wconf 67' lang='lat' dir='ltr'><strong>qurereutibus.</strong></span> <span class='ocrx_word' id='word_1_712' title='bbox 1421 4785 1477 4838; x_wconf 91' lang='lat' dir='ltr'><strong>lo</strong></span> <span class='ocrx_word' id='word_1_713' title='bbox 1506 4786 1716 4841; x_wconf 85' lang='lat' dir='ltr'><strong>Adonis</strong></span> <span class='ocrx_word' id='word_1_714' title='bbox 1747 4785 2135 4854; x_wconf 91' lang='lat' dir='ltr'><strong>manuscriptis</strong></span> 
     </span>
    </p>
   </div>
   <div class='ocr_carea' id='block_1_101' title="bbox 539 4855 2135 4928">
    <p class='ocr_par' dir='ltr' id='par_1_101' title="bbox 539 4855 2135 4928">
     <span class='ocr_line' id='line_1_101' title="bbox 539 4855 2135 4928; baseline -0.001 -18"><span class='ocrx_word' id='word_1_715' title='bbox 539 4857 818 4928; x_wconf 81' lang='lat' dir='ltr'><strong>codicibus</strong></span> <span class='ocrx_word' id='word_1_716' title='bbox 846 4859 1045 4928; x_wconf 87' lang='lat' dir='ltr'><strong>legitur</strong></span> <span class='ocrx_word' id='word_1_717' title='bbox 1069 4873 1226 4928; x_wconf 83' lang='lat' dir='ltr'><strong>passa</strong></span> <span class='ocrx_word' id='word_1_718' title='bbox 1252 4858 1306 4912; x_wconf 91' lang='lat' dir='ltr'><strong>in</strong></span> <span class='ocrx_word' id='word_1_719' title='bbox 1333 4855 1558 4911; x_wconf 75' lang='lat' dir='ltr'><strong>civitate</strong></span> <span class='ocrx_word' id='word_1_720' title='bbox 1575 4857 1781 4928; x_wconf 73' lang='lat' dir='ltr'><strong>Tityro,</strong></span> <span class='ocrx_word' id='word_1_721' title='bbox 1808 4867 1863 4928; x_wconf 69' lang='lat' dir='ltr'><strong>et</strong></span> <span class='ocrx_word' id='word_1_722' title='bbox 1885 4857 2135 4912; x_wconf 87' lang='lat' dir='ltr'><strong>similiter</strong></span> 
     </span>
    </p>
   </div>
   <div class='ocr_carea' id='block_1_102' title="bbox 539 4925 2136 5001">
    <p class='ocr_par' dir='ltr' id='par_1_102' title="bbox 539 4925 2136 5001">
     <span class='ocr_line' id='line_1_102' title="bbox 539 4925 2136 5001; baseline 0.002 -22"><span class='ocrx_word' id='word_1_723' title='bbox 539 4927 605 5001; x_wconf 87' lang='lat' dir='ltr'><strong>i_u_</strong></span> <span class='ocrx_word' id='word_1_724' title='bbox 625 4943 830 5001; x_wconf 83' lang='lat' dir='ltr'><strong>excuso</strong></span> <span class='ocrx_word' id='word_1_725' title='bbox 858 4946 873 4996; x_wconf 88' lang='lat'><strong>;</strong></span> <span class='ocrx_word' id='word_1_726' title='bbox 906 4925 1254 5000; x_wconf 55' lang='lat' dir='ltr'><strong>cujus&#39;verba</strong></span> <span class='ocrx_word' id='word_1_727' title='bbox 1277 4939 1439 5001; x_wconf 70' lang='lat' dir='ltr'><strong>sunt:</strong></span> <span class='ocrx_word' id='word_1_728' title='bbox 1469 4929 1506 5001; x_wconf 13' lang='lat'><strong>77</strong></span> <span class='ocrx_word' id='word_1_729' title='bbox 1532 4927 1648 4981; x_wconf 83' lang='lat' dir='ltr'><strong>idus</strong></span> <span class='ocrx_word' id='word_1_730' title='bbox 1668 4925 1820 5001; x_wconf 65' lang='lat' dir='ltr'><strong>Julii</strong></span> <span class='ocrx_word' id='word_1_731' title='bbox 1849 4927 1903 5001; x_wconf 78' lang='lat' dir='ltr'><strong>in</strong></span> <span class='ocrx_word' id='word_1_732' title='bbox 1934 4929 2136 5001; x_wconf 58' lang='lat' dir='ltr'><strong>visitare</strong></span> 
     </span>
    </p>
   </div>
   <div class='ocr_carea' id='block_1_103' title="bbox 542 4996 2138 5072">
    <p class='ocr_par' dir='ltr' id='par_1_103' title="bbox 542 4996 2138 5072">
     <span class='ocr_line' id='line_1_103' title="bbox 542 4996 2138 5072; baseline 0.003 -23"><span class='ocrx_word' id='word_1_733' title='bbox 542 4997 716 5072; x_wconf 64' lang='lat' dir='ltr'><strong>Tityro</strong></span> <span class='ocrx_word' id='word_1_734' title='bbox 743 4996 916 5072; x_wconf 78' lang='lat' dir='ltr'><strong>passio</strong></span> <span class='ocrx_word' id='word_1_735' title='bbox 941 4996 1235 5057; x_wconf 82' lang='lat' dir='ltr'><strong>sanctorum</strong></span> <span class='ocrx_word' id='word_1_736' title='bbox 1262 4998 1556 5072; x_wconf 74' lang='lat' dir='ltr'><strong>Anatltolite</strong></span> <span class='ocrx_word' id='word_1_737' title='bbox 1585 5007 1646 5072; x_wconf 69' lang='lat' dir='ltr'><strong>et</strong></span> <span class='ocrx_word' id='word_1_738' title='bbox 1663 4998 1886 5072; x_wconf 12' lang='lat' dir='ltr'><strong>Aiutlocsis</strong></span> <span class='ocrx_word' id='word_1_739' title='bbox 1913 4996 2138 5072; x_wconf 66' lang='grc' dir='ltr'><strong>διφρε-</strong></span> 
     </span>
    </p>
   </div>
   <div class='ocr_carea' id='block_1_104' title="bbox 537 5069 2135 5145">
    <p class='ocr_par' dir='ltr' id='par_1_104' title="bbox 537 5069 2135 5145">
     <span class='ocr_line' id='line_1_104' title="bbox 537 5069 2135 5145; baseline 0 -23"><span class='ocrx_word' id='word_1_740' title='bbox 537 5070 618 5145; x_wconf 80' lang='lat' dir='ltr'><strong>cio</strong></span> <span class='ocrx_word' id='word_1_741' title='bbox 649 5069 957 5144; x_wconf 72' lang='lat' dir='ltr'><strong>imperatore</strong></span> <span class='ocrx_word' id='word_1_742' title='bbox 977 5089 1004 5145; x_wconf 68' lang='grc' dir='ltr'><strong>Δε</strong></span> <span class='ocrx_word' id='word_1_743' title='bbox 1035 5089 1251 5145; x_wconf 87' lang='lat' dir='ltr'><strong>quorum</strong></span> <span class='ocrx_word' id='word_1_744' title='bbox 1285 5069 1777 5145; x_wconf 71' lang='lat' dir='ltr'><strong>AnotholiaCItristi</strong></span> <span class='ocrx_word' id='word_1_745' title='bbox 1799 5070 1940 5145; x_wconf 76' lang='lat' dir='ltr'><strong>uirgo</strong></span> <span class='ocrx_word' id='word_1_746' title='bbox 1968 5069 2135 5124; x_wconf 82' lang='lat' dir='ltr'><strong>diver-</strong></span> 
     </span>
    </p>
   </div>
   <div class='ocr_carea' id='block_1_105' title="bbox 536 5141 2135 5215">
    <p class='ocr_par' dir='ltr' id='par_1_105' title="bbox 536 5141 2135 5215">
     <span class='ocr_line' id='line_1_105' title="bbox 536 5141 2135 5215; baseline 0.001 -21"><span class='ocrx_word' id='word_1_747' title='bbox 536 5141 609 5194; x_wconf 80' lang='lat' dir='ltr'><strong>sis</strong></span> <span class='ocrx_word' id='word_1_748' title='bbox 632 5141 906 5215; x_wconf 82' lang='lat' dir='ltr'><strong>generibus</strong></span> <span class='ocrx_word' id='word_1_749' title='bbox 931 5141 1206 5215; x_wconf 82' lang='lat' dir='ltr'><strong>plagarum</strong></span> <span class='ocrx_word' id='word_1_750' title='bbox 1234 5152 1436 5215; x_wconf 71' lang='lat' dir='ltr'><strong>muta,</strong></span> <span class='ocrx_word' id='word_1_751' title='bbox 1465 5143 1734 5196; x_wconf 80' lang='lat' dir='ltr'><strong>nouissime</strong></span> <span class='ocrx_word' id='word_1_752' title='bbox 1763 5141 1939 5212; x_wconf 80' lang='lat' dir='ltr'><strong>gladio</strong></span> <span class='ocrx_word' id='word_1_753' title='bbox 1963 5153 2135 5196; x_wconf 81' lang='lat' dir='ltr'><strong>trans-</strong></span> 
     </span>
    </p>
   </div>
   <div class='ocr_carea' id='block_1_106' title="bbox 537 5213 2136 5285">
    <p class='ocr_par' dir='ltr' id='par_1_106' title="bbox 537 5213 2136 5285">
     <span class='ocr_line' id='line_1_106' title="bbox 537 5213 2136 5285; baseline 0.002 -20"><span class='ocrx_word' id='word_1_754' title='bbox 537 5213 800 5285; x_wconf 82' lang='lat' dir='ltr'><strong>verberata</strong></span> <span class='ocrx_word' id='word_1_755' title='bbox 828 5225 899 5268; x_wconf 85' lang='lat' dir='ltr'><strong>cst</strong></span> <span class='ocrx_word' id='word_1_756' title='bbox 930 5213 983 5271; x_wconf 83' lang='lat' dir='ltr'><strong>in</strong></span> <span class='ocrx_word' id='word_1_757' title='bbox 1015 5213 1266 5269; x_wconf 86' lang='lat' dir='ltr'><strong>oratione.</strong></span> <span class='ocrx_word' id='word_1_758' title='bbox 1305 5213 1493 5269; x_wconf 72' lang='lat' dir='ltr'><strong>Audax</strong></span> <span class='ocrx_word' id='word_1_759' title='bbox 1521 5229 1718 5285; x_wconf 83' lang='lat' dir='ltr'><strong>quoque</strong></span> <span class='ocrx_word' id='word_1_760' title='bbox 1759 5215 1812 5266; x_wconf 88' lang='lat' dir='ltr'><strong>in</strong></span> <span class='ocrx_word' id='word_1_761' title='bbox 1847 5215 2136 5285; x_wconf 76' lang='lat' dir='ltr'><strong>custodiam</strong></span> 
     </span>
    </p>
   </div>
   <div class='ocr_carea' id='block_1_107' title="bbox 539 5283 2134 5352">
    <p class='ocr_par' dir='ltr' id='par_1_107' title="bbox 539 5283 2134 5352">
     <span class='ocr_line' id='line_1_107' title="bbox 539 5283 2134 5352; baseline 0.003 -16"><span class='ocrx_word' id='word_1_762' title='bbox 539 5284 710 5351; x_wconf 86' lang='lat' dir='ltr'><strong>datus,</strong></span> <span class='ocrx_word' id='word_1_763' title='bbox 738 5302 832 5341; x_wconf 88' lang='lat' dir='ltr'><strong>nec</strong></span> <span class='ocrx_word' id='word_1_764' title='bbox 858 5302 1002 5342; x_wconf 87' lang='lat' dir='ltr'><strong>mora</strong></span> <span class='ocrx_word' id='word_1_765' title='bbox 1023 5287 1234 5352; x_wconf 85' lang='lat' dir='ltr'><strong>capitali</strong></span> <span class='ocrx_word' id='word_1_766' title='bbox 1255 5287 1510 5340; x_wconf 81' lang='lat' dir='ltr'><strong>sententia</strong></span> <span class='ocrx_word' id='word_1_767' title='bbox 1539 5283 1842 5340; x_wconf 86' lang='lat' dir='ltr'><strong>coronatur.</strong></span> <span class='ocrx_word' id='word_1_768' title='bbox 1866 5283 2134 5342; x_wconf 84' lang='lat' dir='ltr'><strong>C:rterum</strong></span> 
     </span>
    </p>
   </div>
   <div class='ocr_carea' id='block_1_108' title="bbox 535 5356 2136 5428">
    <p class='ocr_par' dir='ltr' id='par_1_108' title="bbox 535 5356 2136 5428">
     <span class='ocr_line' id='line_1_108' title="bbox 535 5356 2136 5428; baseline -0.002 -18"><span class='ocrx_word' id='word_1_769' title='bbox 535 5370 660 5411; x_wconf 90' lang='lat' dir='ltr'><strong>cum</strong></span> <span class='ocrx_word' id='word_1_770' title='bbox 683 5357 999 5414; x_wconf 89' lang='lat' dir='ltr'><strong>crederetur</strong></span> <span class='ocrx_word' id='word_1_771' title='bbox 1023 5361 1072 5411; x_wconf 89' lang='lat' dir='ltr'><strong>in</strong></span> <span class='ocrx_word' id='word_1_772' title='bbox 1097 5357 1243 5413; x_wconf 86' lang='lat' dir='ltr'><strong>italia</strong></span> <span class='ocrx_word' id='word_1_773' title='bbox 1270 5359 1470 5420; x_wconf 88' lang='lat' dir='ltr'><strong>occisa,</strong></span> <span class='ocrx_word' id='word_1_774' title='bbox 1496 5373 1591 5425; x_wconf 88' lang='lat' dir='ltr'><strong>pro</strong></span> <span class='ocrx_word' id='word_1_775' title='bbox 1613 5356 1796 5428; x_wconf 74' lang='lat' dir='ltr'><strong>&#39;l‘hyro</strong></span> <span class='ocrx_word' id='word_1_776' title='bbox 1813 5373 1840 5410; x_wconf 89' lang='lat' dir='ltr'><strong>a</strong></span> <span class='ocrx_word' id='word_1_777' title='bbox 1866 5357 2136 5412; x_wconf 74' lang='lat' dir='ltr'><strong>nonnullis</strong></span> 
     </span>
    </p>
   </div>
   <div class='ocr_carea' id='block_1_109' title="bbox 537 5427 2136 5501">
    <p class='ocr_par' dir='ltr' id='par_1_109' title="bbox 537 5427 2136 5501">
     <span class='ocr_line' id='line_1_109' title="bbox 537 5427 2136 5501; baseline 0 -17"><span class='ocrx_word' id='word_1_778' title='bbox 537 5427 736 5501; x_wconf 76' lang='lat' dir='ltr'><strong>lectum</strong></span> <span class='ocrx_word' id='word_1_779' title='bbox 757 5440 842 5484; x_wconf 91' lang='lat' dir='ltr'><strong>est</strong></span> <span class='ocrx_word' id='word_1_780' title='bbox 868 5429 1071 5501; x_wconf 79' lang='lat' dir='ltr'><strong>Tityre,</strong></span> <span class='ocrx_word' id='word_1_781' title='bbox 1101 5427 1782 5501; x_wconf 56' lang='lat' dir='ltr'><strong>etabaliisfllruriurmet</strong></span> <span class='ocrx_word' id='word_1_782' title='bbox 1803 5430 1853 5482; x_wconf 90' lang='lat' dir='ltr'><strong>in</strong></span> <span class='ocrx_word' id='word_1_783' title='bbox 1889 5428 2136 5501; x_wconf 78' lang='lat' dir='ltr'><strong>Ruinauo</strong></span> 
     </span>
    </p>
   </div>
   <div class='ocr_carea' id='block_1_110' title="bbox 537 5498 2135 5571">
    <p class='ocr_par' dir='ltr' id='par_1_110' title="bbox 537 5498 2135 5571">
     <span class='ocr_line' id='line_1_110' title="bbox 537 5498 2135 5571; baseline 0.003 -21"><span class='ocrx_word' id='word_1_784' title='bbox 537 5498 921 5571; x_wconf 80' lang='lat' dir='ltr'><strong>Martyrologio</strong></span> <span class='ocrx_word' id='word_1_785' title='bbox 952 5498 1196 5557; x_wconf 79' lang='lat' dir='ltr'><strong>additum</strong></span> <span class='ocrx_word' id='word_1_786' title='bbox 1229 5511 1310 5556; x_wconf 91' lang='lat' dir='ltr'><strong>est</strong></span> <span class='ocrx_word' id='word_1_787' title='bbox 1339 5500 1404 5555; x_wconf 85' lang='lat' dir='ltr'><strong>ad</strong></span> <span class='ocrx_word' id='word_1_788' title='bbox 1433 5501 1610 5571; x_wconf 79' lang='lat' dir='ltr'><strong>lacum</strong></span> <span class='ocrx_word' id='word_1_789' title='bbox 1644 5499 1946 5571; x_wconf 76' lang='lat' dir='ltr'><strong>Vulsiuutn,</strong></span> <span class='ocrx_word' id='word_1_790' title='bbox 1976 5508 2033 5555; x_wconf 90' lang='lat' dir='ltr'><strong>ut</strong></span> <span class='ocrx_word' id='word_1_791' title='bbox 2067 5500 2135 5554; x_wconf 85' lang='lat' dir='ltr'><strong>ita</strong></span> 
     </span>
    </p>
   </div>
   <div class='ocr_carea' id='block_1_111' title="bbox 537 5569 2136 5643">
    <p class='ocr_par' dir='ltr' id='par_1_111' title="bbox 537 5569 2136 5643">
     <span class='ocr_line' id='line_1_111' title="bbox 537 5569 2136 5643; baseline 0.001 -18"><span class='ocrx_word' id='word_1_792' title='bbox 537 5569 591 5625; x_wconf 88' lang='lat' dir='ltr'><strong>in</strong></span> <span class='ocrx_word' id='word_1_793' title='bbox 613 5569 808 5627; x_wconf 85' lang='lat' dir='ltr'><strong>Tuscia</strong></span> <span class='ocrx_word' id='word_1_794' title='bbox 837 5569 996 5643; x_wconf 83' lang='lat' dir='ltr'><strong>passa</strong></span> <span class='ocrx_word' id='word_1_795' title='bbox 1025 5569 1657 5643; x_wconf 33' lang='lat' dir='ltr'><strong>asserereturt&#39;l‘andcm</strong></span> <span class='ocrx_word' id='word_1_796' title='bbox 1686 5570 1844 5643; x_wconf 86' lang='lat' dir='ltr'><strong>card._</strong></span> <span class='ocrx_word' id='word_1_797' title='bbox 1868 5570 2136 5643; x_wconf 71' lang='lat' dir='ltr'><strong>Duronius</strong></span> 
     </span>
    </p>
   </div>
   <div class='ocr_carea' id='block_1_112' title="bbox 534 5641 2132 5708">
    <p class='ocr_par' dir='ltr' id='par_1_112' title="bbox 534 5641 2132 5708">
     <span class='ocr_line' id='line_1_112' title="bbox 534 5641 2132 5708; baseline -0.001 -13"><span class='ocrx_word' id='word_1_798' title='bbox 534 5643 799 5698; x_wconf 85' lang='lat' dir='ltr'><strong>relatione</strong></span> <span class='ocrx_word' id='word_1_799' title='bbox 828 5641 884 5701; x_wconf 77' lang='lat' dir='ltr'><strong>et</strong></span> <span class='ocrx_word' id='word_1_800' title='bbox 914 5643 1133 5699; x_wconf 85' lang='lat' dir='ltr'><strong>hortatu</strong></span> <span class='ocrx_word' id='word_1_801' title='bbox 1165 5642 1336 5699; x_wconf 88' lang='lat' dir='ltr'><strong>Curtii</strong></span> <span class='ocrx_word' id='word_1_802' title='bbox 1361 5642 1555 5698; x_wconf 85' lang='lat' dir='ltr'><strong>Franci</strong></span> <span class='ocrx_word' id='word_1_803' title='bbox 1586 5641 1848 5696; x_wconf 86' lang='lat' dir='ltr'><strong>Canonici</strong></span> <span class='ocrx_word' id='word_1_804' title='bbox 1881 5642 1937 5696; x_wconf 83' lang='grc'><strong>8.</strong></span> <span class='ocrx_word' id='word_1_805' title='bbox 1965 5641 2132 5708; x_wconf 83' lang='lat' dir='ltr'><strong>Petri,</strong></span> 
     </span>
    </p>
   </div>
   <div class='ocr_carea' id='block_1_113' title="bbox 533 5711 2130 5788">
    <p class='ocr_par' dir='ltr' id='par_1_113' title="bbox 533 5711 2130 5788">
     <span class='ocr_line' id='line_1_113' title="bbox 533 5711 2130 5788; baseline -0.001 -21"><span class='ocrx_word' id='word_1_806' title='bbox 533 5715 755 5772; x_wconf 81' lang='lat' dir='ltr'><strong>verbum</strong></span> <span class='ocrx_word' id='word_1_807' title='bbox 784 5716 941 5785; x_wconf 79' lang='lat' dir='ltr'><strong>illud,</strong></span> <span class='ocrx_word' id='word_1_808' title='bbox 974 5717 1030 5774; x_wconf 82' lang='lat' dir='ltr'><strong>in</strong></span> <span class='ocrx_word' id='word_1_809' title='bbox 1057 5716 1261 5774; x_wconf 77' lang='lat' dir='ltr'><strong>civitate</strong></span> <span class='ocrx_word' id='word_1_810' title='bbox 1290 5713 1462 5788; x_wconf 75' lang='lat' dir='ltr'><strong>Tityre</strong></span> <span class='ocrx_word' id='word_1_811' title='bbox 1491 5712 1559 5770; x_wconf 86' lang='lat' dir='ltr'><strong>ad</strong></span> <span class='ocrx_word' id='word_1_812' title='bbox 1586 5713 1786 5771; x_wconf 80' lang='lat' dir='ltr'><strong>Lucum</strong></span> <span class='ocrx_word' id='word_1_813' title='bbox 1817 5711 2094 5770; x_wconf 81' lang='lat' dir='ltr'><strong>Vulsinum</strong></span> <span class='ocrx_word' id='word_1_814' title='bbox 2114 5754 2130 5781; x_wconf 92' lang='lat'><strong>,</strong></span> 
     </span>
    </p>
   </div>
   <div class='ocr_carea' id='block_1_114' title="bbox 2167 5183 2216 5244">
    <p class='ocr_par' dir='ltr' id='par_1_114' title="bbox 2167 5183 2216 5244">
     <span class='ocr_line' id='line_1_114' title="bbox 2167 5183 2216 5244; baseline 0 0"><span class='ocrx_word' id='word_1_815' title='bbox 2167 5183 2216 5244; x_wconf 90' lang='lat' dir='ltr'><strong>D</strong></span> 
     </span>
    </p>
   </div>
   <div class='ocr_carea' id='block_1_115' title="bbox 2240 3861 3845 3934">
    <p class='ocr_par' dir='ltr' id='par_1_115' title="bbox 2240 3861 3845 3934">
     <span class='ocr_line' id='line_1_115' title="bbox 2240 3861 3845 3934; baseline 0 -16"><span class='ocrx_word' id='word_1_816' title='bbox 2240 3861 2380 3921; x_wconf 77' lang='lat' dir='ltr'><strong>viter</strong></span> <span class='ocrx_word' id='word_1_817' title='bbox 2404 3883 2592 3921; x_wconf 88' lang='lat' dir='ltr'><strong>eorum</strong></span> <span class='ocrx_word' id='word_1_818' title='bbox 2629 3877 2756 3922; x_wconf 88' lang='lat' dir='ltr'><strong>acta</strong></span> <span class='ocrx_word' id='word_1_819' title='bbox 2794 3867 3184 3934; x_wconf 80' lang='lat' dir='ltr'><strong>perstringunt,</strong></span> <span class='ocrx_word' id='word_1_820' title='bbox 3233 3863 3316 3919; x_wconf 85' lang='lat' dir='ltr'><strong>bis</strong></span> <span class='ocrx_word' id='word_1_821' title='bbox 3356 3861 3580 3934; x_wconf 78' lang='lat' dir='ltr'><strong>verbis;</strong></span> <span class='ocrx_word' id='word_1_822' title='bbox 3619 3861 3845 3934; x_wconf 62' lang='lat' dir='ltr'><strong>civitate</strong></span> 
     </span>
    </p>
   </div>
   <div class='ocr_carea' id='block_1_116' title="bbox 2245 3930 3843 4006">
    <p class='ocr_par' dir='ltr' id='par_1_116' title="bbox 2245 3930 3843 4006">
     <span class='ocr_line' id='line_1_116' title="bbox 2245 3930 3843 4006; baseline -0.002 -15"><span class='ocrx_word' id='word_1_823' title='bbox 2245 3937 2486 3992; x_wconf 77' lang='lat' dir='ltr'><strong>Valentia</strong></span> <span class='ocrx_word' id='word_1_824' title='bbox 2513 3937 2704 3992; x_wconf 83' lang='lat' dir='ltr'><strong>natalis</strong></span> <span class='ocrx_word' id='word_1_825' title='bbox 2734 3930 3251 3992; x_wconf 45' lang='lat' dir='ltr'><strong>sanctorum—Felicis</strong></span> <span class='ocrx_word' id='word_1_826' title='bbox 3294 3933 3612 4006; x_wconf 82' lang='lat' dir='ltr'><strong>presbyteri,</strong></span> <span class='ocrx_word' id='word_1_827' title='bbox 3642 3930 3843 3988; x_wconf 80' lang='lat' dir='ltr'><strong>Fortu-</strong></span> 
     </span>
    </p>
   </div>
   <div class='ocr_carea' id='block_1_117' title="bbox 2237 4007 3839 4076">
    <p class='ocr_par' dir='ltr' id='par_1_117' title="bbox 2237 4007 3839 4076">
     <span class='ocr_line' id='line_1_117' title="bbox 2237 4007 3839 4076; baseline -0.004 -13"><span class='ocrx_word' id='word_1_828' title='bbox 2237 4011 2366 4075; x_wconf 85' lang='lat' dir='ltr'><strong>nati,</strong></span> <span class='ocrx_word' id='word_1_829' title='bbox 2399 4019 2446 4063; x_wconf 88' lang='lat' dir='ltr'><strong>et</strong></span> <span class='ocrx_word' id='word_1_830' title='bbox 2489 4007 2711 4065; x_wconf 81' lang='lat' dir='ltr'><strong>Achillei</strong></span> <span class='ocrx_word' id='word_1_831' title='bbox 2740 4009 3110 4071; x_wconf 86' lang='lat' dir='ltr'><strong>diaconorum,</strong></span> <span class='ocrx_word' id='word_1_832' title='bbox 3141 4007 3229 4076; x_wconf 85' lang='lat' dir='ltr'><strong>qui</strong></span> <span class='ocrx_word' id='word_1_833' title='bbox 3255 4023 3372 4061; x_wconf 87' lang='lat' dir='ltr'><strong>cum</strong></span> <span class='ocrx_word' id='word_1_834' title='bbox 3405 4009 3685 4060; x_wconf 80' lang='lat' dir='ltr'><strong>maximam</strong></span> <span class='ocrx_word' id='word_1_835' title='bbox 3708 4019 3839 4076; x_wconf 84' lang='lat' dir='ltr'><strong>par-</strong></span> 
     </span>
    </p>
   </div>
   <div class='ocr_carea' id='block_1_118' title="bbox 2237 4076 3844 4149">
    <p class='ocr_par' dir='ltr' id='par_1_118' title="bbox 2237 4076 3844 4149">
     <span class='ocr_line' id='line_1_118' title="bbox 2237 4076 3844 4149; baseline -0.002 -17"><span class='ocrx_word' id='word_1_836' title='bbox 2237 4089 2334 4133; x_wconf 77' lang='lat' dir='ltr'><strong>tem</strong></span> <span class='ocrx_word' id='word_1_837' title='bbox 2359 4081 2676 4142; x_wconf 70' lang='lat' dir='ltr'><strong>supradicta:</strong></span> <span class='ocrx_word' id='word_1_838' title='bbox 2705 4079 2845 4134; x_wconf 82' lang='lat' dir='ltr'><strong>urbis</strong></span> <span class='ocrx_word' id='word_1_839' title='bbox 2871 4079 2938 4133; x_wconf 85' lang='lat' dir='ltr'><strong>ad</strong></span> <span class='ocrx_word' id='word_1_840' title='bbox 2965 4079 3119 4149; x_wconf 82' lang='lat' dir='ltr'><strong>ﬁdem</strong></span> <span class='ocrx_word' id='word_1_841' title='bbox 3155 4076 3348 4132; x_wconf 81' lang='lat' dir='ltr'><strong>Christi</strong></span> <span class='ocrx_word' id='word_1_842' title='bbox 3375 4076 3779 4149; x_wconf 69' lang='lat' dir='ltr'><strong>conuenissent,</strong></span> <span class='ocrx_word' id='word_1_843' title='bbox 3810 4092 3844 4128; x_wconf 79' lang='grc' dir='ltr'><em>α</em></span> 
     </span>
    </p>
   </div>
   <div class='ocr_carea' id='block_1_119' title="bbox 2236 4146 3845 4215">
    <p class='ocr_par' dir='ltr' id='par_1_119' title="bbox 2236 4146 3845 4215">
     <span class='ocr_line' id='line_1_119' title="bbox 2236 4146 3845 4215; baseline -0.001 -12"><span class='ocrx_word' id='word_1_844' title='bbox 2236 4151 2363 4204; x_wconf 83' lang='lat' dir='ltr'><strong>duce</strong></span> <span class='ocrx_word' id='word_1_845' title='bbox 2392 4149 2631 4206; x_wconf 82' lang='lat' dir='ltr'><strong>Cornelio</strong></span> <span class='ocrx_word' id='word_1_846' title='bbox 2657 4152 2708 4205; x_wconf 86' lang='lat' dir='ltr'><strong>in</strong></span> <span class='ocrx_word' id='word_1_847' title='bbox 2740 4146 2996 4204; x_wconf 77' lang='lat' dir='ltr'><strong>carcerem</strong></span> <span class='ocrx_word' id='word_1_848' title='bbox 3018 4149 3145 4203; x_wconf 84' lang='lat' dir='ltr'><strong>trusi</strong></span> <span class='ocrx_word' id='word_1_849' title='bbox 3165 4158 3316 4215; x_wconf 84' lang='lat' dir='ltr'><strong>sunt;</strong></span> <span class='ocrx_word' id='word_1_850' title='bbox 3339 4147 3525 4202; x_wconf 74' lang='lat' dir='ltr'><strong>deinde</strong></span> <span class='ocrx_word' id='word_1_851' title='bbox 3549 4146 3845 4201; x_wconf 76' lang='lat' dir='ltr'><strong>diutissime</strong></span> 
     </span>
    </p>
   </div>
   <div class='ocr_carea' id='block_1_120' title="bbox 2237 4218 3841 4290">
    <p class='ocr_par' dir='ltr' id='par_1_120' title="bbox 2237 4218 3841 4290">
     <span class='ocr_line' id='line_1_120' title="bbox 2237 4218 3841 4290; baseline -0.003 -15"><span class='ocrx_word' id='word_1_852' title='bbox 2237 4222 2510 4288; x_wconf 57' lang='lat' dir='ltr'><strong>verberati,</strong></span> <span class='ocrx_word' id='word_1_853' title='bbox 2543 4222 2878 4289; x_wconf 81' lang='lat' dir='ltr'><strong>cruribusque</strong></span> <span class='ocrx_word' id='word_1_854' title='bbox 2899 4221 3179 4290; x_wconf 76' lang='lat' dir='ltr'><strong>confractis</strong></span> <span class='ocrx_word' id='word_1_855' title='bbox 3206 4221 3343 4274; x_wconf 86' lang='lat' dir='ltr'><strong>circa</strong></span> <span class='ocrx_word' id='word_1_856' title='bbox 3364 4218 3665 4290; x_wconf 76' lang='lat' dir='ltr'><strong>vertiginem</strong></span> <span class='ocrx_word' id='word_1_857' title='bbox 3691 4225 3841 4290; x_wconf 84' lang='lat' dir='ltr'><strong>rota-</strong></span> 
     </span>
    </p>
   </div>
   <div class='ocr_carea' id='block_1_121' title="bbox 2239 4288 3844 4363">
    <p class='ocr_par' dir='ltr' id='par_1_121' title="bbox 2239 4288 3844 4363">
     <span class='ocr_line' id='line_1_121' title="bbox 2239 4288 3844 4363; baseline -0.002 -17"><span class='ocrx_word' id='word_1_858' title='bbox 2239 4310 2353 4346; x_wconf 88' lang='lat' dir='ltr'><strong>rum</strong></span> <span class='ocrx_word' id='word_1_859' title='bbox 2389 4295 2628 4356; x_wconf 79' lang='lat' dir='ltr'><strong>astricti,</strong></span> <span class='ocrx_word' id='word_1_860' title='bbox 2673 4288 2870 4363; x_wconf 71' lang='lat' dir='ltr'><strong>funium</strong></span> <span class='ocrx_word' id='word_1_861' title='bbox 2913 4288 3116 4363; x_wconf 85' lang='lat' dir='ltr'><strong>quoque</strong></span> <span class='ocrx_word' id='word_1_862' title='bbox 3156 4293 3208 4344; x_wconf 85' lang='lat' dir='ltr'><strong>in</strong></span> <span class='ocrx_word' id='word_1_863' title='bbox 3245 4288 3454 4362; x_wconf 80' lang='lat' dir='ltr'><strong>equulci</strong></span> <span class='ocrx_word' id='word_1_864' title='bbox 3502 4289 3844 4363; x_wconf 65' lang='lat' dir='ltr'><strong>suspensione</strong></span> 
     </span>
    </p>
   </div>
   <div class='ocr_carea' id='block_1_122' title="bbox 2239 4358 3844 4435">
    <p class='ocr_par' dir='ltr' id='par_1_122' title="bbox 2239 4358 3844 4435">
     <span class='ocr_line' id='line_1_122' title="bbox 2239 4358 3844 4435; baseline 0.001 -21"><span class='ocrx_word' id='word_1_865' title='bbox 2239 4365 2502 4432; x_wconf 75' lang='lat' dir='ltr'><strong>perpessi,</strong></span> <span class='ocrx_word' id='word_1_866' title='bbox 2544 4363 2614 4417; x_wconf 80' lang='lat' dir='ltr'><strong>(ul</strong></span> <span class='ocrx_word' id='word_1_867' title='bbox 2643 4358 2935 4418; x_wconf 61' lang='lat' dir='ltr'><strong>eitrcntuni</strong></span> <span class='ocrx_word' id='word_1_868' title='bbox 2958 4358 3136 4435; x_wconf 80' lang='lat' dir='ltr'><strong>gladio</strong></span> <span class='ocrx_word' id='word_1_869' title='bbox 3171 4358 3521 4435; x_wconf 60' lang='lat' dir='ltr'><strong>consummati</strong></span> <span class='ocrx_word' id='word_1_870' title='bbox 3555 4368 3698 4414; x_wconf 86' lang='lat' dir='ltr'><strong>sunt.</strong></span> <span class='ocrx_word' id='word_1_871' title='bbox 3747 4358 3844 4435; x_wconf 74' lang='lat' dir='ltr'><strong>liis</strong></span> 
     </span>
    </p>
   </div>
   <div class='ocr_carea' id='block_1_123' title="bbox 2239 4429 3843 4490">
    <p class='ocr_par' dir='ltr' id='par_1_123' title="bbox 2239 4429 3843 4490">
     <span class='ocr_line' id='line_1_123' title="bbox 2239 4429 3843 4490; baseline -0.003 0"><span class='ocrx_word' id='word_1_872' title='bbox 2239 4429 2384 4490; x_wconf 84' lang='lat' dir='ltr'><strong>Beda</strong></span> <span class='ocrx_word' id='word_1_873' title='bbox 2413 4443 2465 4490; x_wconf 88' lang='lat' dir='ltr'><strong>et</strong></span> <span class='ocrx_word' id='word_1_874' title='bbox 2490 4435 2608 4490; x_wconf 85' lang='lat' dir='ltr'><strong>Ado</strong></span> <span class='ocrx_word' id='word_1_875' title='bbox 2633 4450 2695 4488; x_wconf 91' lang='lat' dir='ltr'><strong>ac</strong></span> <span class='ocrx_word' id='word_1_876' title='bbox 2726 4435 2908 4488; x_wconf 65' lang='lat' dir='ltr'><strong>caeteri</strong></span> <span class='ocrx_word' id='word_1_877' title='bbox 2934 4429 3307 4489; x_wconf 71' lang='lat' dir='ltr'><strong>consentiunt.</strong></span> <span class='ocrx_word' id='word_1_878' title='bbox 3343 4431 3480 4488; x_wconf 87' lang='lat' dir='ltr'><strong>Illud</strong></span> <span class='ocrx_word' id='word_1_879' title='bbox 3511 4445 3644 4486; x_wconf 82' lang='lat' dir='ltr'><strong>vero</strong></span> <span class='ocrx_word' id='word_1_880' title='bbox 3675 4429 3843 4485; x_wconf 85' lang='lat' dir='ltr'><strong>valde</strong></span> 
     </span>
    </p>
   </div>
   <div class='ocr_carea' id='block_1_124' title="bbox 2237 4500 3839 4575">
    <p class='ocr_par' dir='ltr' id='par_1_124' title="bbox 2237 4500 3839 4575">
     <span class='ocr_line' id='line_1_124' title="bbox 2237 4500 3839 4575; baseline -0.003 -14"><span class='ocrx_word' id='word_1_881' title='bbox 2237 4518 2651 4561; x_wconf 87' lang='lat' dir='ltr'><strong>controversum</strong></span> <span class='ocrx_word' id='word_1_882' title='bbox 2693 4515 2797 4574; x_wconf 83' lang='lat' dir='ltr'><strong>est,</strong></span> <span class='ocrx_word' id='word_1_883' title='bbox 2830 4519 2949 4575; x_wconf 75' lang='lat' dir='ltr'><strong>qure</strong></span> <span class='ocrx_word' id='word_1_884' title='bbox 2982 4506 3052 4560; x_wconf 86' lang='lat' dir='ltr'><strong>sit</strong></span> <span class='ocrx_word' id='word_1_885' title='bbox 3082 4504 3172 4559; x_wconf 89' lang='lat' dir='ltr'><strong>illa</strong></span> <span class='ocrx_word' id='word_1_886' title='bbox 3203 4503 3334 4559; x_wconf 92' lang='lat' dir='ltr'><strong>urbs</strong></span> <span class='ocrx_word' id='word_1_887' title='bbox 3368 4500 3839 4575; x_wconf 64' lang='lat' dir='ltr'><strong>Valentja_,_sanc-</strong></span> 
     </span>
    </p>
   </div>
   <div class='ocr_carea' id='block_1_125' title="bbox 2241 4572 3846 4646">
    <p class='ocr_par' dir='ltr' id='par_1_125' title="bbox 2241 4572 3846 4646">
     <span class='ocr_line' id='line_1_125' title="bbox 2241 4572 3846 4646; baseline -0.004 -14"><span class='ocrx_word' id='word_1_888' title='bbox 2241 4587 2418 4632; x_wconf 88' lang='lat' dir='ltr'><strong>torttm</strong></span> <span class='ocrx_word' id='word_1_889' title='bbox 2450 4576 2713 4646; x_wconf 87' lang='lat' dir='ltr'><strong>sanguine</strong></span> <span class='ocrx_word' id='word_1_890' title='bbox 2744 4572 3038 4640; x_wconf 81' lang='lat' dir='ltr'><strong>decorata;</strong></span> <span class='ocrx_word' id='word_1_891' title='bbox 3071 4575 3224 4630; x_wconf 90' lang='lat' dir='ltr'><strong>multi</strong></span> <span class='ocrx_word' id='word_1_892' title='bbox 3265 4589 3501 4646; x_wconf 80' lang='lat' dir='ltr'><strong>namque</strong></span> <span class='ocrx_word' id='word_1_893' title='bbox 3530 4572 3721 4646; x_wconf 64' lang='lat' dir='ltr'><strong>Gallia:</strong></span> <span class='ocrx_word' id='word_1_894' title='bbox 3754 4587 3846 4646; x_wconf 80' lang='lat' dir='ltr'><strong>ur-</strong></span> 
     </span>
    </p>
   </div>
   <div class='ocr_carea' id='block_1_126' title="bbox 2237 4641 3845 4716">
    <p class='ocr_par' dir='ltr' id='par_1_126' title="bbox 2237 4641 3845 4716">
     <span class='ocr_line' id='line_1_126' title="bbox 2237 4641 3845 4716; baseline -0.002 -15"><span class='ocrx_word' id='word_1_895' title='bbox 2237 4647 2360 4704; x_wconf 90' lang='lat' dir='ltr'><strong>bem</strong></span> <span class='ocrx_word' id='word_1_896' title='bbox 2403 4641 2575 4702; x_wconf 76' lang='lat' dir='ltr'><strong>fuisse</strong></span> <span class='ocrx_word' id='word_1_897' title='bbox 2611 4646 2847 4714; x_wconf 90' lang='lat' dir='ltr'><strong>docent,</strong></span> <span class='ocrx_word' id='word_1_898' title='bbox 2877 4657 2931 4701; x_wconf 90' lang='lat' dir='ltr'><strong>et</strong></span> <span class='ocrx_word' id='word_1_899' title='bbox 2976 4646 3046 4701; x_wconf 88' lang='lat' dir='ltr'><strong>ita</strong></span> <span class='ocrx_word' id='word_1_900' title='bbox 3087 4647 3137 4701; x_wconf 91' lang='lat' dir='ltr'><strong>in</strong></span> <span class='ocrx_word' id='word_1_901' title='bbox 3172 4641 3424 4716; x_wconf 79' lang='lat' dir='ltr'><strong>Romano</strong></span> <span class='ocrx_word' id='word_1_902' title='bbox 3450 4641 3845 4716; x_wconf 81' lang='lat' dir='ltr'><strong>Martyrologio</strong></span> 
     </span>
    </p>
   </div>
   <div class='ocr_carea' id='block_1_127' title="bbox 2237 4714 3843 4785">
    <p class='ocr_par' dir='ltr' id='par_1_127' title="bbox 2237 4714 3843 4785">
     <span class='ocr_line' id='line_1_127' title="bbox 2237 4714 3843 4785; baseline -0.002 -13"><span class='ocrx_word' id='word_1_903' title='bbox 2237 4718 2498 4785; x_wconf 74' lang='lat' dir='ltr'><strong>scriptum</strong></span> <span class='ocrx_word' id='word_1_904' title='bbox 2528 4727 2634 4785; x_wconf 89' lang='lat' dir='ltr'><strong>est,</strong></span> <span class='ocrx_word' id='word_1_905' title='bbox 2664 4733 2762 4775; x_wconf 91' lang='lat' dir='ltr'><strong>nec</strong></span> <span class='ocrx_word' id='word_1_906' title='bbox 2789 4719 2982 4772; x_wconf 92' lang='lat' dir='ltr'><strong>mirum</strong></span> <span class='ocrx_word' id='word_1_907' title='bbox 3017 4731 3137 4771; x_wconf 92' lang='lat' dir='ltr'><strong>cum</strong></span> <span class='ocrx_word' id='word_1_908' title='bbox 3171 4717 3222 4771; x_wconf 92' lang='lat' dir='ltr'><strong>in</strong></span> <span class='ocrx_word' id='word_1_909' title='bbox 3262 4714 3510 4772; x_wconf 89' lang='lat' dir='ltr'><strong>Usuardo</strong></span> <span class='ocrx_word' id='word_1_910' title='bbox 3536 4714 3759 4785; x_wconf 88' lang='lat' dir='ltr'><strong>quoque</strong></span> <span class='ocrx_word' id='word_1_911' title='bbox 3782 4725 3843 4769; x_wconf 88' lang='lat' dir='ltr'><strong>et</strong></span> 
     </span>
    </p>
   </div>
   <div class='ocr_carea' id='block_1_128' title="bbox 2240 4785 3844 4857">
    <p class='ocr_par' dir='ltr' id='par_1_128' title="bbox 2240 4785 3844 4857">
     <span class='ocr_line' id='line_1_128' title="bbox 2240 4785 3844 4857; baseline -0.002 -13"><span class='ocrx_word' id='word_1_912' title='bbox 2240 4788 2428 4845; x_wconf 83' lang='lat' dir='ltr'><strong>Adone</strong></span> <span class='ocrx_word' id='word_1_913' title='bbox 2459 4789 2598 4844; x_wconf 89' lang='lat' dir='ltr'><strong>idem</strong></span> <span class='ocrx_word' id='word_1_914' title='bbox 2626 4789 2953 4857; x_wconf 88' lang='lat' dir='ltr'><strong>reperiatur.</strong></span> <span class='ocrx_word' id='word_1_915' title='bbox 2988 4787 3186 4844; x_wconf 79' lang='lat' dir='ltr'><strong>Dexter</strong></span> <span class='ocrx_word' id='word_1_916' title='bbox 3217 4804 3346 4842; x_wconf 74' lang='lat' dir='ltr'><strong>vero</strong></span> <span class='ocrx_word' id='word_1_917' title='bbox 3373 4786 3647 4854; x_wconf 75' lang='lat' dir='ltr'><strong>lliSpaniae</strong></span> <span class='ocrx_word' id='word_1_918' title='bbox 3671 4785 3844 4857; x_wconf 78' lang='lat' dir='ltr'><strong>fuisse</strong></span> 
     </span>
    </p>
   </div>
   <div class='ocr_carea' id='block_1_129' title="bbox 2239 4856 3842 4931">
    <p class='ocr_par' dir='ltr' id='par_1_129' title="bbox 2239 4856 3842 4931">
     <span class='ocr_line' id='line_1_129' title="bbox 2239 4856 3842 4931; baseline -0.003 -16"><span class='ocrx_word' id='word_1_919' title='bbox 2239 4861 2550 4926; x_wconf 86' lang='lat' dir='ltr'><strong>contendit;</strong></span> <span class='ocrx_word' id='word_1_920' title='bbox 2579 4856 2947 4931; x_wconf 82' lang='lat' dir='ltr'><strong>idquemultis</strong></span> <span class='ocrx_word' id='word_1_921' title='bbox 2969 4859 3094 4914; x_wconf 89' lang='lat' dir='ltr'><strong>aliis</strong></span> <span class='ocrx_word' id='word_1_922' title='bbox 3119 4858 3340 4931; x_wconf 78' lang='lat' dir='ltr'><strong>placuit,</strong></span> <span class='ocrx_word' id='word_1_923' title='bbox 3367 4857 3673 4931; x_wconf 65' lang='lat' dir='ltr'><strong>prtesg&#39;tim</strong></span> <span class='ocrx_word' id='word_1_924' title='bbox 3723 4856 3842 4924; x_wconf 86' lang='lat' dir='ltr'><strong>epi-</strong></span> 
     </span>
    </p>
   </div>
   <div class='ocr_carea' id='block_1_130' title="bbox 2239 4925 3843 5002">
    <p class='ocr_par' dir='ltr' id='par_1_130' title="bbox 2239 4925 3843 5002">
     <span class='ocr_line' id='line_1_130' title="bbox 2239 4925 3843 5002; baseline -0.002 -14"><span class='ocrx_word' id='word_1_925' title='bbox 2239 4947 2406 5000; x_wconf 86' lang='lat' dir='ltr'><strong>scopo</strong></span> <span class='ocrx_word' id='word_1_926' title='bbox 2420 4925 2674 5002; x_wconf 77' lang='lat' dir='ltr'><strong>Equilino</strong></span> <span class='ocrx_word' id='word_1_927' title='bbox 2701 4930 2797 4984; x_wconf 94' lang='lat' dir='ltr'><strong>lib.</strong></span> <span class='ocrx_word' id='word_1_928' title='bbox 2829 4945 2903 4997; x_wconf 84' lang='lat' dir='ltr'><strong>tv,</strong></span> <span class='ocrx_word' id='word_1_929' title='bbox 2927 4925 3146 5002; x_wconf 48' lang='lat' dir='ltr'><strong>cap83&#39;,</strong></span> <span class='ocrx_word' id='word_1_930' title='bbox 3167 4929 3258 5002; x_wconf 89' lang='lat' dir='ltr'><strong>ubi</strong></span> <span class='ocrx_word' id='word_1_931' title='bbox 3275 4925 3483 5002; x_wconf 87' lang='lat' dir='ltr'><strong>inquit:</strong></span> <span class='ocrx_word' id='word_1_932' title='bbox 3507 4925 3666 4984; x_wconf 69' lang='lat' dir='ltr'><strong>Felix</strong></span> <span class='ocrx_word' id='word_1_933' title='bbox 3690 4943 3843 4999; x_wconf 76' lang='lat' dir='ltr'><strong>pres-</strong></span> 
     </span>
    </p>
   </div>
   <div class='ocr_carea' id='block_1_131' title="bbox 2240 5001 3846 5074">
    <p class='ocr_par' dir='ltr' id='par_1_131' title="bbox 2240 5001 3846 5074">
     <span class='ocr_line' id='line_1_131' title="bbox 2240 5001 3846 5074; baseline -0.004 -17"><span class='ocrx_word' id='word_1_934' title='bbox 2240 5003 2403 5074; x_wconf 76' lang='lat' dir='ltr'><strong>byter,</strong></span> <span class='ocrx_word' id='word_1_935' title='bbox 2440 5001 2758 5057; x_wconf 80' lang='lat' dir='ltr'><strong>Fortunatus</strong></span> <span class='ocrx_word' id='word_1_936' title='bbox 2791 5011 2836 5057; x_wconf 83' lang='lat' dir='ltr'><strong>et</strong></span> <span class='ocrx_word' id='word_1_937' title='bbox 2860 5001 3138 5074; x_wconf 58' lang='lat' dir='ltr'><strong>Achilleus</strong></span> <span class='ocrx_word' id='word_1_938' title='bbox 3165 5001 3404 5066; x_wconf 84' lang='lat' dir='ltr'><strong>diaconi,</strong></span> <span class='ocrx_word' id='word_1_939' title='bbox 3440 5011 3489 5055; x_wconf 80' lang='lat' dir='ltr'><strong>et</strong></span> <span class='ocrx_word' id='word_1_940' title='bbox 3527 5008 3781 5074; x_wconf 66' lang='lat' dir='ltr'><strong>martyres</strong></span> <span class='ocrx_word' id='word_1_941' title='bbox 3809 5015 3846 5052; x_wconf 82' lang='grc' dir='ltr'><em>α</em></span> 
     </span>
    </p>
   </div>
   <div class='ocr_carea' id='block_1_132' title="bbox 2241 5069 3845 5146">
    <p class='ocr_par' dir='ltr' id='par_1_132' title="bbox 2241 5069 3845 5146">
     <span class='ocr_line' id='line_1_132' title="bbox 2241 5069 3845 5146; baseline -0.005 -15"><span class='ocrx_word' id='word_1_942' title='bbox 2241 5069 2303 5131; x_wconf 58' lang='grc'>8⁷.</span> <span class='ocrx_word' id='word_1_943' title='bbox 2337 5073 2540 5146; x_wconf 76' lang='lat' dir='ltr'><strong>[remeo</strong></span> <span class='ocrx_word' id='word_1_944' title='bbox 2567 5073 2806 5146; x_wconf 72' lang='lat' dir='ltr'><strong>episcopo</strong></span> <span class='ocrx_word' id='word_1_945' title='bbox 2848 5072 3182 5146; x_wconf 73' lang='lat' dir='ltr'><strong>Lugdunensi</strong></span> <span class='ocrx_word' id='word_1_946' title='bbox 3217 5074 3284 5146; x_wconf 64' lang='lat' dir='ltr'><strong>at!</strong></span> <span class='ocrx_word' id='word_1_947' title='bbox 3315 5076 3496 5146; x_wconf 59' lang='lat' dir='ltr'><strong>urbem</strong></span> <span class='ocrx_word' id='word_1_948' title='bbox 3544 5069 3845 5146; x_wconf 68' lang='lat' dir='ltr'><strong>Valentiam</strong></span> 
     </span>
    </p>
   </div>
   <div class='ocr_carea' id='block_1_133' title="bbox 2240 5142 3839 5212">
    <p class='ocr_par' dir='ltr' id='par_1_133' title="bbox 2240 5142 3839 5212">
     <span class='ocr_line' id='line_1_133' title="bbox 2240 5142 3839 5212; baseline -0.003 -12"><span class='ocrx_word' id='word_1_949' title='bbox 2240 5161 2355 5212; x_wconf 72' lang='lat' dir='ltr'><strong>qum</strong></span> <span class='ocrx_word' id='word_1_950' title='bbox 2381 5152 2456 5199; x_wconf 83' lang='lat' dir='ltr'><strong>est</strong></span> <span class='ocrx_word' id='word_1_951' title='bbox 2480 5142 2661 5198; x_wconf 82' lang='lat' dir='ltr'><strong>civitas</strong></span> <span class='ocrx_word' id='word_1_952' title='bbox 2696 5142 2969 5212; x_wconf 72' lang='lat' dir='ltr'><strong>Hispania:</strong></span> <span class='ocrx_word' id='word_1_953' title='bbox 3009 5144 3077 5198; x_wconf 82' lang='lat' dir='ltr'><strong>ad</strong></span> <span class='ocrx_word' id='word_1_954' title='bbox 3109 5142 3500 5212; x_wconf 76' lang='lat' dir='ltr'><strong>prwdicandum</strong></span> <span class='ocrx_word' id='word_1_955' title='bbox 3529 5143 3694 5208; x_wconf 86' lang='lat' dir='ltr'><strong>missi,</strong></span> <span class='ocrx_word' id='word_1_956' title='bbox 3726 5151 3839 5196; x_wconf 88' lang='lat' dir='ltr'><strong>etc.</strong></span> 
     </span>
    </p>
   </div>
   <div class='ocr_carea' id='block_1_134' title="bbox 2245 5213 3844 5287">
    <p class='ocr_par' dir='ltr' id='par_1_134' title="bbox 2245 5213 3844 5287">
     <span class='ocr_line' id='line_1_134' title="bbox 2245 5213 3844 5287; baseline -0.004 -16"><span class='ocrx_word' id='word_1_957' title='bbox 2245 5215 2392 5271; x_wconf 90' lang='lat' dir='ltr'><strong>Idem</strong></span> <span class='ocrx_word' id='word_1_958' title='bbox 2444 5217 2638 5287; x_wconf 89' lang='lat' dir='ltr'><strong>legitur</strong></span> <span class='ocrx_word' id='word_1_959' title='bbox 2688 5217 2740 5272; x_wconf 93' lang='lat' dir='ltr'><strong>in</strong></span> <span class='ocrx_word' id='word_1_960' title='bbox 2783 5213 3062 5287; x_wconf 80' lang='lat' dir='ltr'><strong>Chronica</strong></span> <span class='ocrx_word' id='word_1_961' title='bbox 3091 5217 3232 5285; x_wconf 89' lang='lat' dir='ltr'><strong>regis</strong></span> <span class='ocrx_word' id='word_1_962' title='bbox 3273 5213 3593 5287; x_wconf 75' lang='lat' dir='ltr'><strong>A_lphonsi._</strong></span> <span class='ocrx_word' id='word_1_963' title='bbox 3621 5214 3844 5287; x_wconf 81' lang='lat' dir='ltr'><strong>et_sub-</strong></span> 
     </span>
    </p>
   </div>
   <div class='ocr_carea' id='block_1_135' title="bbox 2245 5281 3844 5356">
    <p class='ocr_par' dir='ltr' id='par_1_135' title="bbox 2245 5281 3844 5356">
     <span class='ocr_line' id='line_1_135' title="bbox 2245 5281 3844 5356; baseline -0.003 -15"><span class='ocrx_word' id='word_1_964' title='bbox 2245 5281 2707 5356; x_wconf 72' lang='lat' dir='ltr'><strong>scribunt&#39;graves</strong></span> <span class='ocrx_word' id='word_1_965' title='bbox 2736 5298 3010 5354; x_wconf 87' lang='lat' dir='ltr'><strong>auctores,</strong></span> <span class='ocrx_word' id='word_1_966' title='bbox 3037 5281 3278 5342; x_wconf 77' lang='lat' dir='ltr'><strong>Joannes</strong></span> <span class='ocrx_word' id='word_1_967' title='bbox 3303 5281 3556 5341; x_wconf 74' lang='lat' dir='ltr'><strong>Vassams</strong></span> <span class='ocrx_word' id='word_1_968' title='bbox 3579 5281 3844 5356; x_wconf 54' lang='lat' dir='ltr'><strong>inpuro—</strong></span> 
     </span>
    </p>
   </div>
   <div class='ocr_carea' id='block_1_136' title="bbox 2244 5355 3844 5428">
    <p class='ocr_par' dir='ltr' id='par_1_136' title="bbox 2244 5355 3844 5428">
     <span class='ocr_line' id='line_1_136' title="bbox 2244 5355 3844 5428; baseline -0.001 -17"><span class='ocrx_word' id='word_1_969' title='bbox 2244 5358 2367 5413; x_wconf 90' lang='lat' dir='ltr'><strong>nico</strong></span> <span class='ocrx_word' id='word_1_970' title='bbox 2399 5357 2465 5413; x_wconf 89' lang='lat' dir='ltr'><strong>ad</strong></span> <span class='ocrx_word' id='word_1_971' title='bbox 2498 5355 2697 5414; x_wconf 80' lang='lat' dir='ltr'><strong>annum</strong></span> <span class='ocrx_word' id='word_1_972' title='bbox 2738 5359 2950 5414; x_wconf 91' lang='lat' dir='ltr'><strong>Domini</strong></span> <span class='ocrx_word' id='word_1_973' title='bbox 2979 5359 3118 5428; x_wconf 73' lang='lat'><strong>9.00,</strong></span> <span class='ocrx_word' id='word_1_974' title='bbox 3155 5358 3451 5418; x_wconf 75' lang='lat' dir='ltr'><strong>lleuterus,</strong></span> <span class='ocrx_word' id='word_1_975' title='bbox 3483 5356 3576 5428; x_wconf 88' lang='lat' dir='ltr'><strong>qui</strong></span> <span class='ocrx_word' id='word_1_976' title='bbox 3601 5355 3844 5428; x_wconf 69' lang='lat' dir='ltr'><strong>afﬁrmat</strong></span> 
     </span>
    </p>
   </div>
   <div class='ocr_carea' id='block_1_137' title="bbox 2241 5427 3842 5501">
    <p class='ocr_par' dir='ltr' id='par_1_137' title="bbox 2241 5427 3842 5501">
     <span class='ocr_line' id='line_1_137' title="bbox 2241 5427 3842 5501; baseline -0.004 -15"><span class='ocrx_word' id='word_1_977' title='bbox 2241 5429 2425 5486; x_wconf 86' lang='lat' dir='ltr'><strong>Setavi</strong></span> <span class='ocrx_word' id='word_1_978' title='bbox 2460 5431 2510 5484; x_wconf 90' lang='lat' dir='ltr'><strong>in</strong></span> <span class='ocrx_word' id='word_1_979' title='bbox 2562 5445 2730 5501; x_wconf 90' lang='lat' dir='ltr'><strong>regno</strong></span> <span class='ocrx_word' id='word_1_980' title='bbox 2773 5429 3034 5486; x_wconf 74' lang='lat' dir='ltr'><strong>Valentia:</strong></span> <span class='ocrx_word' id='word_1_981' title='bbox 3076 5436 3298 5486; x_wconf 85' lang='lat' dir='ltr'><strong>exstare</strong></span> <span class='ocrx_word' id='word_1_982' title='bbox 3341 5427 3604 5501; x_wconf 83' lang='lat' dir='ltr'><strong>templum</strong></span> <span class='ocrx_word' id='word_1_983' title='bbox 3644 5427 3842 5482; x_wconf 87' lang='lat' dir='ltr'><strong>horum</strong></span> 
     </span>
    </p>
   </div>
   <div class='ocr_carea' id='block_1_138' title="bbox 2236 5498 3841 5573">
    <p class='ocr_par' dir='ltr' id='par_1_138' title="bbox 2236 5498 3841 5573">
     <span class='ocr_line' id='line_1_138' title="bbox 2236 5498 3841 5573; baseline -0.002 -19"><span class='ocrx_word' id='word_1_984' title='bbox 2236 5511 2551 5573; x_wconf 87' lang='lat' dir='ltr'><strong>sanctorum</strong></span> <span class='ocrx_word' id='word_1_985' title='bbox 2577 5498 2896 5573; x_wconf 78' lang='lat' dir='ltr'><strong>martyrum,</strong></span> <span class='ocrx_word' id='word_1_986' title='bbox 2921 5509 2974 5556; x_wconf 93' lang='lat' dir='ltr'><strong>et</strong></span> <span class='ocrx_word' id='word_1_987' title='bbox 2994 5515 3024 5555; x_wconf 89' lang='lat' dir='ltr'><strong>a</strong></span> <span class='ocrx_word' id='word_1_988' title='bbox 3049 5501 3259 5573; x_wconf 67' lang='lat' dir='ltr'><strong>civibus</strong></span> <span class='ocrx_word' id='word_1_989' title='bbox 3276 5499 3424 5573; x_wconf 73' lang='lat' dir='ltr'><strong>velut</strong></span> <span class='ocrx_word' id='word_1_990' title='bbox 3441 5498 3688 5573; x_wconf 80' lang='lat' dir='ltr'><strong>ipsorum</strong></span> <span class='ocrx_word' id='word_1_991' title='bbox 3709 5511 3841 5573; x_wconf 71' lang='lat' dir='ltr'><strong>apo-</strong></span> 
     </span>
    </p>
   </div>
   <div class='ocr_carea' id='block_1_139' title="bbox 2239 5567 3842 5638">
    <p class='ocr_par' dir='ltr' id='par_1_139' title="bbox 2239 5567 3842 5638">
     <span class='ocr_line' id='line_1_139' title="bbox 2239 5567 3842 5638; baseline -0.002 -12"><span class='ocrx_word' id='word_1_992' title='bbox 2239 5571 2412 5628; x_wconf 89' lang='lat' dir='ltr'><strong>stolos</strong></span> <span class='ocrx_word' id='word_1_993' title='bbox 2444 5567 2735 5638; x_wconf 58' lang='lat' dir='ltr'><strong>venerari;</strong></span> <span class='ocrx_word' id='word_1_994' title='bbox 2753 5582 2807 5626; x_wconf 89' lang='lat' dir='ltr'><strong>et</strong></span> <span class='ocrx_word' id='word_1_995' title='bbox 2834 5571 3159 5626; x_wconf 88' lang='lat' dir='ltr'><strong>Laurentius</strong></span> <span class='ocrx_word' id='word_1_996' title='bbox 3182 5569 3410 5625; x_wconf 85' lang='lat' dir='ltr'><strong>Padilla.</strong></span> <span class='ocrx_word' id='word_1_997' title='bbox 3437 5567 3503 5625; x_wconf 79' lang='lat' dir='ltr'><strong>Et</strong></span> <span class='ocrx_word' id='word_1_998' title='bbox 3529 5567 3842 5625; x_wconf 84' lang='lat' dir='ltr'><strong>verisimili-</strong></span> 
     </span>
    </p>
   </div>
   <div class='ocr_carea' id='block_1_140' title="bbox 2236 5641 3838 5714">
    <p class='ocr_par' dir='ltr' id='par_1_140' title="bbox 2236 5641 3838 5714">
     <span class='ocr_line' id='line_1_140' title="bbox 2236 5641 3838 5714; baseline -0.002 -17"><span class='ocrx_word' id='word_1_999' title='bbox 2236 5654 2317 5698; x_wconf 92' lang='lat' dir='ltr'><strong>ter</strong></span> <span class='ocrx_word' id='word_1_1000' title='bbox 2339 5643 2622 5699; x_wconf 86' lang='lat' dir='ltr'><strong>deducitur</strong></span> <span class='ocrx_word' id='word_1_1001' title='bbox 2640 5660 2703 5699; x_wconf 78' lang='lat' dir='ltr'><strong>ex</strong></span> <span class='ocrx_word' id='word_1_1002' title='bbox 2727 5643 2794 5698; x_wconf 88' lang='lat' dir='ltr'><strong>iis</strong></span> <span class='ocrx_word' id='word_1_1003' title='bbox 2807 5659 2927 5712; x_wconf 66' lang='lat' dir='ltr'><strong>qua:</strong></span> <span class='ocrx_word' id='word_1_1004' title='bbox 2949 5641 3201 5714; x_wconf 88' lang='lat' dir='ltr'><strong>superius</strong></span> <span class='ocrx_word' id='word_1_1005' title='bbox 3220 5643 3468 5714; x_wconf 81' lang='lat' dir='ltr'><strong>diximus</strong></span> <span class='ocrx_word' id='word_1_1006' title='bbox 3490 5641 3548 5697; x_wconf 92' lang='lat' dir='ltr'><strong>S.</strong></span> <span class='ocrx_word' id='word_1_1007' title='bbox 3575 5641 3838 5714; x_wconf 71' lang='lat' dir='ltr'><strong>lrenmum</strong></span> 
     </span>
    </p>
   </div>
   <div class='ocr_carea' id='block_1_141' title="bbox 2235 5706 3834 5786">
    <p class='ocr_par' dir='ltr' id='par_1_141' title="bbox 2235 5706 3834 5786">
     <span class='ocr_line' id='line_1_141' title="bbox 2235 5706 3834 5786; baseline -0.006 -13"><span class='ocrx_word' id='word_1_1008' title='bbox 2235 5715 2408 5773; x_wconf 88' lang='lat' dir='ltr'><strong>libros</strong></span> <span class='ocrx_word' id='word_1_1009' title='bbox 2436 5731 2563 5774; x_wconf 92' lang='lat' dir='ltr'><strong>suos</strong></span> <span class='ocrx_word' id='word_1_1010' title='bbox 2591 5725 2780 5774; x_wconf 89' lang='lat' dir='ltr'><strong>contra</strong></span> <span class='ocrx_word' id='word_1_1011' title='bbox 2808 5706 3192 5774; x_wconf 67' lang='lat' dir='ltr'><strong>Gnostieorum</strong></span> <span class='ocrx_word' id='word_1_1012' title='bbox 3217 5713 3453 5772; x_wconf 77' lang='lat' dir='ltr'><strong>luereses</strong></span> <span class='ocrx_word' id='word_1_1013' title='bbox 3485 5712 3745 5786; x_wconf 84' lang='lat' dir='ltr'><strong>scripisse</strong></span> <span class='ocrx_word' id='word_1_1014' title='bbox 3766 5706 3834 5766; x_wconf 90' lang='lat' dir='ltr'><strong>ad</strong></span> 
     </span>
    </p>
   </div>
  </div>
