4148 6172
505 197 613 257 385

505 314 573 378 Δ.
603 314 665 373 C.
693 311 824 373 260.

1556 196 1786 254 FLAVII
1822 195 2004 256 LUCII
2042 191 2305 254 DEXTRI
2343 190 2763 250 CHRONICON.

934 314 1281 383 Saturninus,
1311 322 1365 372 et
1392 313 1665 372 Revocata
1692 315 1867 388 virgo,
1898 315 1998 371 sub
2041 313 2190 371 Julio
2233 308 2520 378 Minervio,
2571 310 2625 366 in
2676 288 3058 382 perseeutione
3104 307 3452 379 imperatoris
3472 306 3812 370 A.B.10U.

3699 192 3810 253 58$

934 404 1233 476 Valeriani,
1265 423 1386 481 quae
1429 409 1658 480 septima
1690 417 1777 465 est
1804 408 2105 479 eademque
2126 421 2251 481 quae
2280 405 2382 463 sub
2411 404 2579 462 Decio
2609 420 2625 459 :
2655 412 2814 462 sexta
2839 418 2971 461 vero
3013 402 3118 461 sub
3161 402 3457 462 Maximino

929 501 1169 572 Caesare,
1202 514 1348 558 anno
1376 515 1407 557 a
1434 500 1603 557 natali
1633 500 1851 557 Domini
1877 516 2136 558 ccxxxrx.

3617 522 3736 551 σέο-δέ

865 597 924 655 in
956 596 1087 655 sede
1115 597 1264 654 Petri
1291 595 1535 652 succedit
1580 593 1880 666 Zephirino
1908 594 2189 662 Callistus,
2220 594 2443 651 Callisto
2476 602 2660 650 autem
2690 592 2954 661 urbanus,
2986 591 3202 649 urbano
3230 593 3457 666 Calpur-

935 691 1060 749 nius
1088 690 1414 755 Pontianus,
1430 688 1701 745 Pontiano
1728 690 1988 757 Anteros,
2016 690 2225 744 Antero
2266 685 2564 753 Fabianus,
2599 685 2838 742 Fabiano
2868 684 3178 752 Cornelius,
3201 684 3461 744 Cornelio

929 787 1151 855 Lucius,
1172 786 1343 842 Lucio
1364 782 1695 854 Stephanus.
1717 781 1995 854 Stephano
2008 789 2191 839 autem
2210 781 2422 846 Xistus,
2440 779 2599 837 Xisto
2624 794 2756 837 vero
2776 779 2832 839 S.
2857 777 3169 852 Dionysius.

874 880 992 938 Sub
1017 879 1178 935 Xisto
1206 877 1416 948 patitur
1440 876 1627 932 Romae
1654 875 1988 932 Laurentius
2014 873 2269 931 Oscensis
2297 872 2590 945 Hispanus.

867 971 1047 1031 Toleti
1073 970 1174 1027 sub
1206 969 1347 1026 Xiin
1372 984 1533 1041 papa:
1559 969 1737 1040 legato
1766 968 2063 1025 concilium
2097 976 2443 1024 contractum
2468 976 2575 1024 est.

663 1065 791 1124 265.
864 1065 923 1124 S.
954 1063 1201 1121 Celerina
1226 1062 1284 1119 in
1304 1060 1610 1129 Lusitania,
1632 1059 1882 1131 abneptis
1904 1059 1966 1115 L.
1991 1059 2237 1131 Pompeii
2259 1058 2519 1126 Celerini,
2544 1073 2665 1130 qum
2690 1056 2935 1129 exceptis
2956 1057 3009 1114 in
3031 1056 3453 1131 PortujSenensi

3642 1057 3803 1117 10M.

938 1155 999 1215 S.
1032 1154 1283 1227 Torpetis
1309 1152 1412 1211 sub
1437 1151 1655 1210 Nerone
1684 1152 1943 1225 martyris
1972 1148 2149 1207 sacris
2176 1149 2445 1223 reliquiis,
2476 1148 2582 1206 fuit
2609 1150 2824 1223 egregia
2854 1147 3055 1207 Christi
3086 1158 3415 1223 martyr.....

1734 1309 1994 1369 BIVARII
2029 1308 2605 1368 COMMENTARIUS.

514 1458 699 1514 Ranae
719 1454 841 1510 item
860 1463 1161 1510 sanctorum
1184 1461 1475 1525 martyrum
1505 1451 1806 1519 Saturnini,
1838 1460 1949 1509 etc.
2000 1450 2106 1525 Sed
2136 1444 2191 1506 Δ
2216 1450 2479 1525 memoria
2536 1450 2597 1525 S.
2621 1448 2893 1525 Celerius:
2949 1451 3003 1525 in
3056 1451 3174 1525 Vita
3220 1450 3280 1525 S.
3310 1449 3561 1525 Torpetis
3581 1493 3599 1521 ,
3650 1468 3814 1523 quam

517 1528 645 1584 huic
676 1528 883 1582 auctori
912 1541 1029 1581 mos
1057 1535 1141 1582 est
1172 1524 1360 1582 Romae
1411 1525 1722 1591 ascribere,
1747 1537 1886 1594 quos
1915 1538 1984 1579 ex
2008 1524 2116 1581 Ho-

518 1612 680 1655 mano
710 1598 1095 1669 Martyrologio
1124 1603 1346 1669 sanctos
1383 1594 1487 1651 sibi
1534 1595 1688 1669 legit,
1733 1603 1791 1649 ut
1821 1595 1873 1649 in
1926 1594 2114 1669 multis

517 1671 638 1726 aliis
687 1664 922 1739 quorum
975 1664 1141 1723 urbes
1188 1669 1243 1722 in
1294 1667 1538 1722 Romano
1585 1664 1884 1722 reticentur
1930 1665 2114 1721 videre

522 1750 628 1799 08L

594 1811 1038 1868 Persecutionem
1080 1807 1359 1864 Valeriani
1410 1806 1659 1863 eamdem
1709 1805 1840 1862 dicit
1886 1807 2111 1876 Dexter,

522 1898 644 1954 qua:
669 1883 770 1937 sub
801 1882 966 1937 Decio
988 1890 1304 1954 cmptarest,
1330 1887 1501 1954 atque
1528 1878 1670 1954 adeo
1694 1878 1978 1947 septimam
2029 1894 2118 1934 or-

522 1948 653 2009 dine
685 1970 697 2007 :
740 1954 832 2007 alii
867 1963 1046 2007 tamen
1080 1948 1289 2020 quibus
1314 1948 1536 2020 diversa
1584 1948 1821 2020 videtur,
1867 1957 2113 2020 octavam

525 2032 868 2095 nuncupant.
895 2020 1055 2095 Certe
1082 2018 1447 2095 Hieronymus
1473 2019 1570 2095 Eb.
1603 2018 1672 2095 de
1690 2019 1980 2095 Scriptuin
2013 2022 2118 2075 Me-

529 2089 741 2159 thodio',
772 2104 829 2149 et
858 2094 912 2149 in
946 2093 1055 2147 vita
1088 2092 1235 2147 Pauli
1291 2089 1449 2162 primi
1473 2089 1756 2162 Eremitte.
1809 2101 1865 2147 et
1889 2090 2117 2159 Optatus

527 2166 624 2222 lib.
651 2169 685 2223 5
729 2180 891 2221 unam
917 2161 1557 2233 eamdemque’asserunt
1581 2161 1683 2216 sub
1715 2162 1972 2233 Decio_et
2015 2164 2120 2233 Vae

529 2237 783 2307 leriano;
807 2250 912 2307 qua
943 2234 1012 2307 de
1040 2250 1101 2290 re
1134 2231 1251 2304 lege
1281 2233 1573 2307 Baroniurn
1612 2233 1671 2307 _i_n
1702 2235 1845 2307 notis
1886 2231 2117 2288 Romani

529 2303 902 2379 Martyrolo'gii
947 2305 1013 2359 ad
1048 2307 1113 2363 lt)
1140 2303 1367 2379 Augusti
1409 2304 1571 2379 lit._b.
1601 2304 1739 2379 Qum
1765 2304 1819 2379 iri
1854 2312 2001 2359 textu
2027 2320 2118 2359 se-

568 2374 768 2434 uun'tur
818 2374 888 2433 de
938 2388 1089 2430 sexta
1148 2379 1251 2430 sub
1303 2374 1614 2439 Maximino,
1654 2374 1905 2429 videlicet
1943 2383 2117 2430 ortam

554 2446 700 2505 uisse
745 2464 891 2503 anno
947 2446 1364 2516 239,corrnpta
1424 2446 1587 2500 nimis
1626 2456 1783 2500 erant
1831 2448 1883 2501 in
1931 2446 2118 2501 codice

531 2519 718 2575 Dextri
750 2519 1057 2587 impresso;
1090 2516 1166 2572 ibi
1192 2519 1334 2572 enim
1364 2516 1668 2586 legebatur;
1696 2516 1845 2587 Anno
1875 2534 1909 2570 a
1938 2516 2123 2572 Natali

530 2590 746 2645 Domini
774 2586 1121 2643 ducentesimo
1167 2589 1455 2659 trigesimo,
1488 2586 1811 2659 Septembris
1820 2589 2077 2659 _secttnda
2100 2603 2121 2652 ;

528 2676 652 2717 cum
685 2671 865 2714 tamen
888 2661 1110 2715 omnino
1133 2657 1417 2727 legendum
1444 2660 1536 2724 sit,
1566 2675 1703 2712 anno
1725 2675 1757 2712 a
1785 2657 1971 2712 Natali
2013 2658 2122 2713 Do-

530 2731 658 2785 mini
685 2730 834 2796 259;
866 2745 991 2785 nam
1025 2730 1228 2785 Dexter
1271 2729 1388 2799 ipse
1442 2728 1496 2784 id
1543 2731 1594 2784 in
1639 2729 2017 2800 superioribus
2044 2730 2124 2785 ta-

529 2810 692 2857 tetur.

530 2957 819 3000 manorum
838 2942 1153 3014 pontiﬁcum
1177 2942 1244 2997 ab
1257 2957 1400 2997 anno
1418 2941 1539 3011 199,
1570 2958 1677 3012 quo
1707 2941 2126 3014 deiVictoreZe-

528 3014 745 3086 pherini
775 3012 1179 3086 praedecessore
1226 3021 1413 3086 egerat
1465 3029 1636 3086 usque
1666 3012 1752 3086 Aad
1779 3012 2120 3084 Dionysium,

528 3083 623 3156 qui
671 3083 1145 3155 his'temporibus
1199 3084 1433 3156 regebat,
1464 3083 1801 3156 AEcClcsiam:
1861 3083 2125 3139 consonat

530 3154 663 3213 vero
702 3156 871 3213 series
899 3154 1015 3211 haec
1044 3154 1372 3212 omnimodis
1422 3154 1508 3211 bis
1537 3171 1674 3223 quas
1714 3157 1898 3211 caeteri
1930 3167 2123 3211 aucto-

529 3242 620 3283 res
656 3228 953 3284 conﬁciunt
978 3226 1126 3282 Vitas
1167 3229 1516 3284 Summorum
1547 3226 1871 3282 Pontiﬁcum
1917 3229 2123 3282 descri-

529 3297 933 3369 bentestquos
958 3299 1215 3352 consulas
1260 3298 1420 3369 velim
1447 3337 1464 3366 ,
1523 3313 1646 3352 nam
1675 3297 1744 3353 de
1784 3313 1847 3353 re
1877 3299 2041 3365 incili,
2068 3306 2124 3353 et

533 3376 685 3423 certa
709 3368 839 3422 nihil
871 3368 1111 3423 scribere
1141 3368 1317 3423 libuit.

604 3438 659 3492 4.
691 3438 803 3493 Sub
829 3437 1005 3503 Xisto,
1037 3448 1143 3492 etc.
1174 3438 1290 3493 Non
1320 3447 1404 3493 est
1432 3452 1650 3504 sensus,
1683 3437 1822 3507 quod
1847 3437 1951 3494 hoc
1979 3453 2122 3494 anno

531 3506 643 3563 260
670 3510 930 3579 martyrio
972 3518 1264 3564 coronatus
1310 3510 1380 3563 sit
1420 3507 1474 3564 S.
1506 3509 1849 3575 Laurentius,
1880 3509 1975 3565 scd
1998 3523 2119 3564 cum

535 3579 606 3634 de
636 3579 695 3635 S.
726 3576 884 3636 Χίέιο
918 3580 1125 3635 mentio
1169 3579 1345 3647 licret,
1374 3579 1492 3647 ejus
1525 3581 1809 3635 occasione
1833 3579 1903 3635 de
1932 3590 2122 3636 sancto

534 3649 834 3707 Laurentio
861 3651 1120 3722 scriptum
1144 3660 1247 3706 est.
1267 3651 1461 3722 Neque
1486 3650 1637 3722 enim
1662 3650 1819 3706 dicit:
1846 3649 1900 3705 Η
1905 3668 1963 3706 oc
1983 3667 2120 3705 anno

532 3722 764 3794 patitur,
805 3721 890 3794 rel
946 3722 1218 3794 absolute,
1254 3721 1462 3777 Patitur
1514 3721 1576 3779 S.
1610 3721 1955 3791 Laurentius,
1988 3732 2120 3788 elc.,

530 3791 651 3865 Sed,
682 3791 776 3848 sub
807 3793 959 3848 Xisto
983 3793 1199 3862 patitur,
1221 3806 1353 3860 etc.,
1404 3805 1461 3850 ut
1489 3794 1555 3848 Im
1574 3809 1606 3850 c
1637 3796 1797 3865 verba
1829 3794 2123 3865 superiori-

534 3864 638 3918 lms
671 3866 752 3919 sic
795 3865 1212 3933 eunjungantur,
1243 3864 1397 3921 Xisto
1440 3882 1556 3921 vero
1587 3865 1648 3922 8.
1679 3864 1986 3937 Dionysius.
2011 3864 2121 3921 Sub

535 3932 690 3987 Xisto
734 3936 929 3987 valitur
973 3935 1035 3987 8.
1069 3935 1398 3987 Laurentius-
1445 3946 1590 3987 elc.:
1641 3945 1698 3987 et
1744 3939 1997 3987 similiter
2036 3950 2121 3987 se-

594 3936 690 3987 isto

536 4005 755 4073 quentia
778 4020 794 4058 :
839 4003 1007 4079 Toleti
1029 4007 1123 4059 sub
1144 4005 1195 4060 Χ
1202 4007 1288 4060 isti
1313 4003 1656 4079 paptelegato
1682 4004 1973 4079 concilium
1991 4023 2123 4079 con-

539 4081 764 4128 tractum
803 4084 900 4130 est.
932 4073 1066 4129 Nam
1095 4090 1161 4129 eo
1193 4073 1324 4144 ipso'
1346 4073 1489 4143 quod
1536 4073 1651 4131 haec
1673 4077 1775 4131 sub
1800 4075 1956 4133 Xisto
1983 4076 2122 4132 facta

537 4153 695 4216 sunt,
735 4145 816 4216 lit,
860 4153 919 4200 ut
945 4154 1074 4200 ante
1098 4160 1297 4201 annum
1327 4148 1435 4204 260
1462 4145 1775 4203 acciderint.
1809 4148 1962 4216 Quod
1991 4161 2123 4203 vero

676 2841 754 2927 ’1η
775 2871 895 2928 sede
919 2869 1086 2937 Petri,
1112 2879 1219 2926 etc.
1245 2868 1481 2926 instituit
1507 2870 1609 2926 hoc
1637 2870 1760 2926 loco
1789 2871 1986 2925 seriem
2019 2871 2125 2925 Ro-
2153 2841 2201 2902 Β

733 3936 933 4005 patit_ur_
973 3935 1035 3989 8.
1069 3935 1399 4005 Laurentius,
1445 3946 1590 4001 etc.;
1641 3945 1698 3991 et
1744 3935 1997 3992 similiter
2036 3950 2161 3991 se-.

2221 1521 2387 1596 habet
2406 1522 2753 1596 blombritius
2791 1534 2923 1596 tom.
2948 1522 3019 1594 ll,
3049 1531 3107 1578 et
3134 1522 3390 1596 Rabanus
3419 1521 3471 1579 in
3495 1521 3819 1596 Martyrolo-

2219 1594 2308 1663 gio
2359 1609 2411 1648 tv
2442 1591 2552 1647 kal.
2580 1594 2787 1662 Aprilis
2816 1594 2936 1663 ejus
2983 1591 3395 1650 conversionem
3449 1604 3505 1648 et
3545 1591 3663 1650 acta
3697 1596 3818 1654 fuse

2220 1666 2585 1733 prosequitur.
2623 1665 2905 1733 Equiliuus
2938 1665 3032 1719 lib.
3062 1680 3114 1727 ν,
3148 1681 3269 1731 cap.
3302 1666 3359 1732 8,
3393 1673 3516 1736 post
3546 1672 3821 1724 narratio-

2220 1749 2345 1808 nem
2398 1737 2646 1808 martyrii
2670 1736 3036 1808 S._'l‘orpetis,
3088 1736 3231 1808 apud
3272 1735 3424 1808 Pisas
3454 1735 3666 1793 Tuscite
3721 1754 3817 1794 ur-

2219 1805 2367 1869 bem,
2390 1805 2698 1879 Sttbjn'ngit:
2735 1806 2866 1879 Ejus
2895 1822 3081 1873 corpus
3101 1806 3157 1862 in
3195 1807 3436 1879 navicula
3464 1809 3671 1879 cariosa
3697 1825 3818 1866 cum

2223 1891 2351 1930 cane
2376 1886 2423 1930 et
2451 1876 2676 1950 gallo’in
2704 1876 2846 1931 mure
2874 1879 3169 1950 exponitur,
3194 1888 3250 1931 ut
3280 1878 3359 1950 uel
3401 1895 3433 1931 α
3463 1878 3636 1934 bestiis
3665 1881 3818 1936 rode-

2220 1956 2384 2020 retur,
2434 1948 2512 2020 uel
2537 1950 2599 2020 in
2613 1964 2753 2002 mare
2780 1948 3123 2020 mergeretur;
3152 1949 3335 2020 angelo
3363 1958 3532 2004 tamen
3558 1951 3695 2005 duce
3722 1969 3819 2007 na-

2219 2019 2391 2071 vicula
2432 2019 2501 2071 ad
2547 2018 3132 2086 Hispaniam'devenit.
3178 2019 3248 2074 Et
3303 2037 3337 2075 a
3373 2022 3623 2076 senatrice
3664 2020 3820 2077 Chri-

2220 2090 2394 2164 stiana
2440 2088 2960 2164 Celerinanomine,
3010 2107 3140 2164 quato
3175 2092 3321 2164 regni
3359 2092 3635 2146 dimidium
3684 2095 3822 2148 obti-

2222 2160 2392 2233 nebat,
2445 2161 2497 2214 in
2532 2162 2733 2233 somnis
2782 2160 3032 2217 divinitus
3072 2160 3360 2233 admonita,
3417 2178 3606 2233 corpus
3650 2167 3819 2220 sancti

2220 2232 2481 2302 reperitur
2524 2232 2579 2285 in
2624 2245 2777 2302 portu
2806 2234 2896 2302 qui
2937 2232 3129 2287 dicitur
3160 2232 3357 2288 Sinos:
3398 2243 3447 2288 et
3464 2232 3625 2302 juxta
3670 2233 3819 2292 littus

2221 2299 2505 2373 honoriﬁce
2549 2299 2794 2368 sepelitur
2819 2299 2910 2358 ittt
2958 2303 3168 2359 kalend.
3209 2303 3383 2359 Junii.
3455 2299 3554 2360 Ubi
3586 2315 3820 2373 postmo-

2223 2372 2346 2426 dum
2395 2372 2637 2446 Ecclesia
2684 2375 2903 2446 desuper
2942 2390 3040 2429 suo
3100 2376 3304 2429 nomine
3343 2374 3648 2443 fabricatur.
3706 2375 3817 2433 Fe-

2221 2453 2359 2516 rtum
2409 2446 2523 2516 ejus
2566 2444 2649 2499 die
2691 2444 2858 2516 ipsius
2888 2446 3224 2516 depositionis
3254 2446 3461 2516 ibidem
3503 2447 3811 2505 celebratur.

2223 2512 2304 2568 De
2343 2512 2632 2572 sanctitate
2654 2512 2783 2571 vero
2809 2512 3077 2571 Celerinre
3105 2515 3222 2571 haec
3252 2515 3417 2573 habet
3447 2517 3734 2574 Galesinus
3763 2522 3814 2574 iu

2224 2584 2631 2657 Martyrologio,
2672 2585 2762 2642 die
2804 2588 2868 2642 l7
2899 2588 3019 2642 Maii
3059 2605 3071 2641 :
3101 2585 3169 2640 In
3194 2586 3458 2657 Hispania
3489 2601 3687 2644 sancta:
3722 2588 3818 2645 Cc-

2225 2653 2423 2730 lerime,
2455 2653 2572 2730 quote
2599 2658 2743 2730 illius
2773 2660 3053 2729 provincia:
3074 2660 3251 2730 regina
3282 2653 3565 2730 (regulam
3597 2675 3695 2715 seu
3727 2677 3815 2717 se-

2223 2725 2487 2800 nutricetn
2518 2725 2785 2800 intelligo)
2813 2730 2985 2783 studio
3010 2725 3334 2800 inﬂammata
3361 2725 3674 2786 Christiana:
3692 2731 3820 2787 reli-

2225 2797 2414 2874 gionis,
2447 2814 2560 2852 cum
2583 2797 2709 2853 alta
2732 2797 2962 2874 pieegit,
3018 2797 3131 2874 tum
3160 2802 3311 2874 regiis
3359 2801 3541 2874 apibus
3570 2805 3817 2874 templum

2228 2818 2414 2868 granis,
2447 2818 2560 2852 cum
2583 2818 2692 2853 aua
2732 2818 2814 2871 pte
2837 2819 2865 2856 e
2904 2818 2962 2864 tt,
3018 2818 3131 2854 tum
3160 2818 3214 2853 re
3252 2818 3311 2856 ns
3359 2818 3541 2874 aptans
3570 2818 3817 2874 tentptunt

2228 2868 2450 2944 miriﬁc_o
2496 2886 2646 2944 opere
2682 2818 3064 2940 excedifgratum
3084 2869 3148 2924 Β.
3179 2818 3412 2938 1%rpetis
3454 2875 3697 2944 martyris
3720 2892 3817 2928 no-

2228 2940 2366 2993 mine
2389 2937 2501 3014 Deo
2528 2937 2781 3014 dicatum.
2810 2937 3115 3014 perpetuum
3143 2956 3253 2998 sua:
3280 2937 3488 3014 pietatis
3512 2937 3818 3000 monumen-

2228 3011 2625 3086 tum,,re_liquit.
2651 3011 2997 3086 Prtemiserat
3016 3011 3288 3086 :_Pisis_in_’
3304 3013 3490 3086 Tuscia
3515 3014 3577 3071 S.
3612 3014 3818 3086 Torpe-

2226 3080 2316 3146 tis,
2366 3080 2514 3153 cujus
2544 3082 2653 3136 dies
2709 3084 2899 3138 natalis
2949 3099 3004 3150 ttt
3034 3083 3139 3138 Ital.
3171 3082 3323 3153 Maii,
3371 3085 3467 3139 Iioc
3516 3097 3685 3141 autem
3722 3080 3817 3143 die

2226 3152 2497 3206 translatio
2536 3169 2654 3226 qua:
2710 3155 2763 3229 in
2804 3153 3118 3229 Hispaniam
3146 3152 3544 3229 admirabiliter,
3597 3174 3656 3210 eo
3700 3159 3817 3229 ipso

2225 3239 2384 3296 anno,
2410 3240 2510 3292 quo
2530 3224 2838 3296 martyrium
2883 3224 3040 3288 obiit,
3086 3226 3225 3296 facta
3270 3238 3384 3293 est,
3416 3224 3816 3286 celebraturlltt

2224 3293 2380 3348 Notis
2430 3310 2559 3350 vero
2604 3293 2796 3350 asSerit
2828 3311 3047 3364 passum
3081 3295 3248 3352 fuisse
3287 3313 3433 3352 anno
3477 3299 3687 3354 Domini
3718 3299 3814 3355 64.

2229 3365 2427 3440 Denter
2476 3380 2671 3435 prteter
2697 3367 2961 3422 Celerinm
2992 3369 3270 3440 pietatem,
3303 3370 3566 3440 martyrio
3594 3369 3813 3426 tandem

2225 3434 2427 3508 obiissc
2455 3434 2698 3503 :innotat;
2723 3448 2915 3503 esmue
2941 3434 3077 3494 satis
3103 3440 3421 3506 verisimile,
3447 3434 3594 3508 'rpiod
3612 3442 3817 3497 nobilis

2225 3507 2440 3580 mulier,
2472 3523 2591 3577 qlia:
2634 3518 2738 3580 tam
2765 3509 2976 3576 publice
3004 3508 3366 3565 Christianam
3401 3507 3562 3567 Iidem
3592 3513 3819 3580 proﬁte-

2224 3577 2400 3642 batur,
2436 3588 2660 3649 urgente
2698 3578 3355 3653 Neronisperseeutione,
3385 3581 3453 3637 atl
3487 3577 3814 3653 supplicium

2225 3658 2554 3723 raperetur,
2606 3651 3044 3723 quandoquidem
3099 3652 3231 3706 nulli
3282 3651 3604 3723 parcebatur
3650 3654 3816 3709 Chri-

2224 3721 2424 3779 stiano.
2475 3731 2528 3775 et
2559 3722 2727 3775 multo
2759 3720 2940 3778 minus
2973 3723 3263 3795 nobilibus,
3283 3720 3485 3795 'utpote
3513 3724 3605 3796 qui
3648 3725 3814 3783 tidem

2227 3805 2546 3860 promovere
2574 3799 2842 3860 poterant.

2297 3863 2449 3929 Quod
2481 3864 2547 3917 ad
2593 3878 2789 3918 nomen
2818 3864 3090 3921 Celerinae
3138 3876 3367 3932 spectat.
3401 3866 3565 3921 fuisse
3592 3865 3724 3921 olim
3758 3867 3811 3922 in

2226 3932 2478 3989 Callaecia
2526 3950 2693 4004 supra
2724 3934 3058 4002 Gronuicos,
3106 3946 3160 3991 et
3197 3938 3515 4000 Braccaras,
3544 3938 3811 4006 quosdam

2228 4006 2582 4077 populosuqni
2615 4006 2847 4061 Celeriui
2895 4008 3366 4077 nuncupabantur,
3399 4020 3652 4064 auctores
3683 4017 3815 4065 sunt

2227 4073 2438 4129 Plinius
2459 4073 2554 4132 lib.
2578 4077 2633 4144 5,
2654 4086 2711 4132 et
2729 4077 3056 4133 Ptolomaeus
3081 4073 3133 4133 in
3164 4081 3344 4134 tabula
3379 4079 3649 4148 llispanite
3674 4079 3811 4135 Tar-

2228 4148 2563 4223 raconensis,
2590 4150 2681 4223 qui
2705 4150 2907 4223 asserit
2933 4165 3029 4223 eos
3054 4150 3122 4204 ad
3150 4153 3326 4206 Avum
3352 4150 3576 4223 ﬂuvium
3620 4150 3811 4223 (hodie

539 4215 738 4271 dicitur
792 4215 1356 4291 Laurentiuspassus
1400 4219 1501 4274 sub
1548 4218 1723 4282 Xisto,
1768 4219 1842 4275 ita
1890 4217 2119 4289 intelligi
2145 4220 2189 4283 ο
2222 4215 2352 4291 Avia
2377 4215 2924 4291 dictutn):habitasse.
2958 4220 3111 4276 Dicta
3145 4233 3429 4291 propterea
3476 4215 3687 4276 videtur
3706 4220 3811 4277 Ce-

540 4298 774 4360 oportet,
830 4297 887 4342 ut
942 4287 1046 4343 sub
1092 4287 1211 4360 ejus
1263 4291 1578 4360 episcopatu
1621 4302 1749 4345 ante
1785 4287 2119 4347 successoris

539 4358 868 4432 electionem
924 4362 1134 4432 occisus
1193 4359 1384 4429 fuerit;
1440 4358 1546 4416 non
1599 4362 1947 4432 tamenquod
1975 4362 2120 4418 illius

539 4429 645 4484 vita
677 4430 907 4486 durante
928 4430 1250 4486 Laurentius
1272 4432 1440 4489 vitam
1466 4448 1587 4488 cum
1619 4444 1791 4488 morte
1821 4429 2121 4488 currimuta-

534 4501 695 4558 verit.
724 4500 860 4558 Vide
880 4503 1083 4559 etiama
1104 4504 1301 4559 Dextro
1325 4504 1630 4570 delinitnm,
1655 4503 2006 4560 Laurentium
2020 4503 2120 4559 sub

542 4571 838 4645 Valeriano
889 4589 1133 4645 passum,
1165 4591 1271 4631 non
1316 4576 1420 4630 sub
1466 4576 1653 4642 Decio,
1707 4579 1761 4631 in
1814 4591 1922 4645 quo
1969 4575 2122 4631 multi

545 4644 855 4715 liallucinati
880 4644 1047 4703 multa
1077 4648 1366 4715 scripsere.
1392 4647 1497 4706 Sed
1523 4649 1591 4711 de
1612 4664 1673 4703 ea
1703 4663 1762 4703 re
1790 4644 2005 4703 abunde
2032 4663 2118 4701 sa-

543 4714 635 4787 tis.
666 4730 732 4772 ac
758 4715 1034 4787 subtiliter
1057 4718 1276 4787 scripsit
1316 4719 1467 4774 card.
1498 4719 1768 4774 Baronius
1798 4720 1849 4774 in
1874 4718 2029 4774 Notis
2055 4717 2123 4773 ad

547 4786 763 4857 iOAug.
783 4786 1012 4860 Romani
1032 4786 1423 4860 Martyrologii,
1451 4791 1538 4843 ubi
1559 4789 1873 4860 Catalogum
1905 4788 2128 4844 conﬁcit

543 4870 732 4912 eorum
764 4859 857 4928 qui
878 4857 945 4931 S.
973 4857 1250 4913 Laurentii
1283 4857 1534 4931 martyris
1560 4857 2121 4931 laudes'cecineruut:

544 4940 674 4995 quas
737 4937 796 4983 ut
838 4929 1149 4984 notissimas
1199 4929 1574 4999 prmteriuitto.
1612 4929 1847 4985 Consule
1891 4947 2011 5001 qua:
2060 4931 2128 4986 de

544 5011 663 5071 eius
686 5000 995 5071 parentibus
1015 5001 1335 5071 scripsimus
1361 5002 1414 5054 in
1438 5001 1812 5070 superioribus
1832 5001 1899 5056 ad
1916 5000 2126 5063 annum

543 5065 815 5129 248.'ubi
866 5072 935 5127 de
983 5065 1215 5129 concilio
1254 5073 1348 5127 illo
1391 5065 1653 5128 Toletano
1692 5087 1754 5128 es
1805 5074 2132 5128 auctoritate

544 5140 605 5221 S.
662 5138 925 5198 Vincentii
983 5141 1223 5200 Ferrerii
1265 5151 1322 5200 et
1370 5143 1601 5199 aliorum
1657 5144 1918 5200 nonnulla
1968 5154 2126 5199 nota-

534 5226 584 5267 Ἣ
593 5224 733 5267 mus.

614 5288 680 5338 A.
714 5281 778 5341 C.
805 5281 936 5340 265.
961 5312 1035 5357 ς·-
1062 5283 1258 5341 Sancta
1303 5285 1572 5352 Celerina,
1629 5296 1736 5344 etc.
1787 5284 2133 5357 Sttbintelligi

543 5364 785 5429 oportet,
815 5366 907 5429 aut
951 5354 1133 5411 forsan
1168 5358 1219 5412 in
1253 5360 1441 5414 codice
1463 5358 1640 5424 deest,
1669 5361 1821 5429 floret
1850 5354 2130 5414 miraculu-

544 5424 662 5500 rum
701 5424 894 5500 gloria,
941 5428 1210 5500 nutuquid
1272 5430 1469 5494 simile,
1514 5446 1636 5486 cum
1669 5424 1828 5485 enim
1879 5434 1934 5485 in
1985 5439 2134 5484 textu

547 5496 752 5554 vixisse
791 5497 1003 5554 dicatur
1025 5496 1259 5555 Neronis
1310 5511 1573 5569 tempore,
1625 5501 1971 5558 manifestum
2028 5510 2131 5565 est,

546 5583 915 5641 nequaquam;
942 5585 1064 5625 esse
1110 5571 1448 5626 referendam
1479 5573 1596 5640 ejus
1627 5582 1855 5628 mortem
1915 5572 1981 5626 atl
2013 5570 2129 5627 huic

544 5639 811 5712 tempora,
840 5639 1047 5698 scilicet
1072 5642 1139 5696 ad
1168 5657 1367 5697 annum
1402 5639 1611 5697 Domini
1642 5641 1769 5707 265,
1793 5642 1888 5698 sed
1919 5657 2125 5698 memo-

534 5711 675 5769 riam
722 5721 780 5770 ct
806 5712 1035 5784 gloriam
1085 5714 1470 5772 miraculorum
1521 5713 1710 5788 ipsius.
1742 5712 1990 5774 Celebris
2040 5724 2124 5772 est

2158 5608 2207 5669 Ι)

2221 4287 2392 4363 lerina
2419 4290 2485 4345 ab
2514 4288 2573 4344 L.
2600 4289 2859 4358 Pompeio
2884 4287 3157 4357 Celerino,
3203 4287 3361 4361 cujus
3390 4304 3508 4349 erat
3537 4292 3809 4363 abneptis,

2222 4361 2301 4413 sic
2329 4359 2500 4435 dioto,
2534 4372 2601 4435 ut
2637 4363 2824 4434 credo,
2874 4377 2903 4416 a
2950 4359 3283 4435 perdomitis
3302 4364 3585 4435 Celerinis.
3616 4359 3813 4420 Fuisse

2224 4445 2353 4485 vero
2384 4432 2763 4504 Pompeiorum
2791 4432 3014 4504 stirpem
3047 4436 3099 4490 in
3132 4433 3384 4504 Hispania
3414 4433 3547 4490 illud
3575 4438 3811 4489 convin-

2223 4507 2318 4577 cit,
2343 4502 2503 4577 -quod
2553 4503 2758 4577 Plinius
2808 4502 3088 4577 deA'Sexto
3124 4502 3390 4577 Pompeio
3414 4513 3618 4571 narrat,
3666 4504 3813 4576 quod

2226 4572 2480 4649 nimirum
2508 4588 2632 4649 cum
2668 4575 2939 4649 Hispania:
2982 4576 3251 4633 citerioris
3271 4572 3545 4649 'princeps
3569 4572 3816 4649 existens

2226 4644 2437 4718 horreis
2466 4647 2579 4699 suis
2606 4644 2933 4702 ventilandis
2948 4644 3601 4718 prtesiderctfcorreptus
3618 4647 3816 4702 dolore

2227 4715 2508 4791 podagrae,
2531 4717 2719 4791 mersit
2742 4717 2796 4773 in
2822 4715 3055 4791 triticum
3085 4735 3206 4775 sese
3228 4734 3395 4790 super
3421 4715 3616 4791 genua,
3669 4718 3821 4774 leva-

2229 4798 2424 4856 tusque
2465 4787 2682 4844 siccatis
2730 4790 2955 4855 pedibus
3006 4790 3238 4846 mirabili
3279 4787 3460 4853 modo,
3509 4806 3576 4844 co
3621 4800 3814 4858 postea

2228 4858 2472 4914 remedio
2494 4875 2624 4915 usus
2650 4868 2753 4932 est.
2786 4860 2997 4932 Primus
3020 4862 3398 4930 Pompeiorum
3422 4860 3517 4932 qui
3545 4863 3599 4915 in
3626 4860 3821 4930 Hispa-

2230 4932 2374 5003 niam
2429 4931 2638 5003 trajecit
2680 4930 2779 4986 fuit
2805 4931 2870 4997 ρ.
2903 4932 3189 5003 Pompeius
3217 4942 3405 4988 contra
3444 4930 3824 4988 Numantinos

2230 5001 2543 5077 missusLab
2573 5001 3069 5077 eisque_sup_eratus
3098 5014 3305 5077 turpem
3327 5014 3379 5059 et
3402 5004 3821 5077 ignominiosam

2232 5088 2417 5143 pacem
2442 5071 2591 5144 fecit,
2608 5071 3059 5131 utrel'ert'Florns
3076 5076 3167 5131 lib.
3185 5071 3242 5130 it.
3261 5076 3391 5144 Ejus
3409 5071 3580 5144 nepos
3599 5074 3821 5131 fuitCn.

2232 5142 2522 5217 Pompeius
2534 5144 2781 5217 Magnus,
2797 5146 2886 5217 qui
2900 5155 3087 5201 contra
3105 5142 3409 5203 Sertorium
3432 5142 3823 5216 inﬁﬂispanians

2234 5214 2509 5289 proiectus
2532 5214 2730 5273 Metelli
2759 5214 2930 5288 copiis
2959 5232 3082 5273 sese
3106 5217 3411 5289 conjunxit,
3437 5214 3669 5287 eumque
3688 5231 3826 5289 cum

2235 5295 2345 5340 tota
2363 5285 2611 5360 lectione
2637 5285 2872 5344 sustulit.
2897 5289 3060 5360 Cujus
3081 5285 3224 5346 [ilius
3248 5290 3345 5345 Cn.
3374 5291 3503 5345 item
3527 5285 3829 5358 Pumpeius

2237 5356 2377 5426 apud
2408 5356 3191 5433 Mundamoﬂispaniaa'urbem
3241 5360 3480 5433 terrestri
3510 5356 3700 5433 praelii)
3726 5375 3829 5414 su-

2237 5439 2455 5502 peratus
2502 5431 2618 5487 fuit.
2670 5430 3051 5501 Pompeiorum
3094 5430 3256 5502 igitur
3302 5431 3479 5488 fausta
3514 5430 3715 5502 proles
3755 5434 3829 5486 S.

2238 5500 2486 5557 Celerina
2539 5502 2679 5572 fuit,
2750 5500 3185 5574 qumwreliqnias
3249 5503 3309 5559 S.
3367 5500 3618 5574 Tui-petis
3672 5501 3832 5574 Sinis

2241 5575 2473 5647 excepit.
2535 5573 2728 5630 Exstat
2791 5573 3062 5644 hodieque
3107 5575 3167 5647 in
3214 5573 3519 5647 Lusitania,
3556 5573 3826 5646 oppidum

2233 5643 2431 5715 ipsum,
2488 5660 2684 5700 nomen
2707 5643 2988 5715 antiquum
3018 5644 3280 5713 retinens,
3325 5647 3397 5701 ad
3444 5643 3610 5703 oram'
3638 5643 3832 5702 maris

2227 5713 2451 5788 Oceani,
2477 5727 2637 5792 portu
2659 5724 2716 5773 et
2744 5713 3040 5789 piscatione
3060 5717 3192 5776 satis
3221 5718 3457 5779 celebre.

3558 5779 3636 5793 64..
