4148 6172
350 233 451 296 ιὶι

1398 227 1628 287 Fann
1664 223 1850 287 LUCll
1889 221 2148 286 nnx'rnt
2189 173 2607 282 canonicos.

3538 211 3646 272 ης

1569 406 1832 468 BIVARII
1868 399 2441 462 COMMENTARIUS.

357 554 576 613 codices
615 554 964 612 correctione
1009 553 1275 624 indigere,
1319 551 1448 608 dum
1485 549 1733 624 nonnulli
1771 547 1942 604 Sena-
1970 544 2020 605 Α
2045 538 2264 624 celebre
2290 539 2363 624 ll.
2388 536 2616 624 Maximi
2626 534 3028 624 testimonium,
3056 531 3111 590 in
3136 534 3338 605 hymno
3358 531 3428 590 de
3452 531 3646 590 eodem

357 626 494 698 grim
542 625 747 682 faciunt
789 622 1178 698 Epagrensem,
1220 624 1314 678 alii
1353 639 1484 698 vero
1531 622 1942 698 Biguerrensem

359 692 698 768 Episcopum.
733 699 798 754 Et
826 692 1041 766 quidem
1077 711 1171 765 per
1197 711 1256 751 se
1292 697 1428 749 satis
1455 692 1798 768 manifestum
1827 694 1941 768 est,

361 758 647 840 utramque
668 758 952 840 lectionem
980 758 1101 822 esse
1125 774 1456 840 corruptam,
1476 762 1742 840 siquidem
1769 758 1944 840 nullus

361 837 462 894 fuit
499 833 756 909 umquam
781 839 1146 913 episcopatus
1193 833 1521 913 Epagrensis
1547 833 1618 888 ’in
1663 833 1943 913 Hispania.

362 917 457 966 aut
484 907 683 978 prope,
708 909 864 979 cujus
892 915 1069 964 exstet
1095 909 1377 979 memorias;
1411 907 1789 979 Biguerrensis
1817 914 1947 955 vero

367 977 565 1050 eratin
590 977 788 1036 Galliis
817 979 975 1050 longe
1003 979 1210 1034 distans
1235 979 1312 1050 ab
1343 977 1589 1042 Iliberri;
1626 981 1947 1050 contentique

363 1049 505 1119 apud
546 1065 736 1106 omnes
776 1041 1041 1120 ejusmodi
1089 1049 1379 1104 concilium
1419 1063 1539 1120 esse
1580 1041 1944 1117 provinciale,

363 1136 431 1176 ex
459 1121 726 1191 episcopis
759 1119 1038 1175 dumtaxat
1084 1120 1334 1190 Hispanis
1375 1119 1694 1191 collectum;
1731 1129 1835 1191 nec
1865 1121 1950 1168 est

365 1185 1054 1262 probabile'persecutione
1093 1185 1374 1262 ingruente
1413 1189 1542 1259 (sub
1569 1203 1673 1262 qua
1704 1185 1950 1262 celebra-

367 1256 479 1336 ium
509 1261 615 1333 est)
652 1256 921 1336 integrum
951 1261 1124 1336 fuisse
1149 1256 1388 1320 externis
1421 1256 1698 1336 episcopis
1724 1256 1789 1310 ad
1818 1269 1950 1336 con:

365 1334 551 1457 silium
582 1325 866 1402 accede're,
908 1332 1126 1402 quando
1166 1347 1272 1388 non
1317 1325 1572 1388 omnibus
1609 1325 1863 1397 Hispanis
1896 1325 1948 1380 id

401 1411 548 1457 atum
569 1413 706 1457 erat.

401 1411 548 1458 atum
569 1413 706 1460 erat.

440 1473 503 1528 6°
535 1473 866 1530 Secundinus
892 1472 1300 1529 Castulonensis.
1329 1472 1463 1539 Quae
1505 1481 1561 1526 et
1602 1468 1705 1539 ubi
1732 1465 1955 1539 Castulo

371 1543 532 1600 fuerit
572 1544 809 1600 diximus
858 1544 912 1598 in
959 1543 1266 1600 Comment.
1319 1537 1385 1596 ad
1437 1556 1637 1596 annum
1683 1537 1772 1593 66.
1827 1537 1958 1591 Erat

368 1614 496 1670 olim
520 1618 571 1670 in
596 1631 660 1672 ea
686 1617 820 1671 urbe
845 1615 1003 1669 sedes
1033 1613 1358 1683 episcopalis
1388 1626 1496 1667 non
1520 1609 1774 1683 ignobilis
1799 1606 1957 1663 Tole-

371 1694 511 1760 tana:
529 1681 1643 1760 inetropolis._Porro'§ecu’ndiniepiscom
1666 1692 1956 1760 successor

371 1755 618 1811 Anianus
650 1747 772 1821 fuit,
800 1757 890 1823 qui
928 1771 1073 1811 anno
1102 1755 1314 1809 Domini
1338 1747 1711 1808 547'interfuit
1747 1757 1800 1804 et
1825 1747 1956 1804 sub-

370 1827 596 1898 scripsit
624 1843 746 1898 cum
775 1824 1274 1898 ilosioWSardicensi
1305 1824 1568 1898 Concilio.

444 1889 752 1970 75_Pardus
781 1895 892 1970 [_A_l.
933 1894 1257 1970 Panlardu‘s]
1299 1893 1651 1970 Mentcsanus.
1692 1889 1951 1970 Nonnulli

365 1968 756 2022 eximimarunt
784 1960 1094 2023 ’Mentesam
1139 1960 1304 2020 fuisse
1350 1964 1538 2018 urbem
1569 1963 1740 2030 ipsam
1786 1960 1954 2016 Gien-

366 2052 597 2093 nensem
626 2053 724 2094 seu
765 2039 936 2103 Jaé’n;
966 2039 1168 2092 rectius
1207 2045 1386 2090 tamen
1414 2034 1646 2089 Moralcs
1671 2030 1956 2103 contendit

366 2107 524 2179 sitam
571 2107 731 2162 fuisse
769 2102 936 2179 prope
967 2107 1246 2163 Cazorlam
1278 2107 1329 2161 in
1363 2121 1584 2179 nemore
1613 2104 1673 2160 S.
1696 2102 1939 2179 'l:homte,

368 2177 423 2249 id
469 2179 643 2234 ruinis
691 2174 819 2249 ipsis
866 2174 972 2237 non
1018 2179 1208 2234 leviter
1253 2176 1676 2249 ostentantibus.
1721 2174 1956 2249 lsegatur

367 2247 595 2321 Morales
621 2244 724 2304 lib:
748 2266 797 2304 γι
833 2251 975 2308 Hist.
1009 2249 1234 2321 HiSpan.
1267 2263 1388 2318 Cap.
1434 2247 1488 2302 5.
1528 2248 1654 2301 Erat
1685 2244 1813 2299 olim
1853 2246 1956 2298 sub

368 2319 624 2393 Toletana
650 2325 956 2393 metropoli.

440 2389 503 2446 8°
536 2388 750 2446 Flavius
793 2385 1177 2451 lliberritanus.
1222 2390 1471 2461 Quidam“
1499 2387 1714 2445 codices
1755 2385 1958 2461 habent

370 2461 786 2534 Eliberritauus,
817 2466 911 2520 sed
940 2479 1103 2534 parva
1134 2473 1217 2534 est
1239 2459 1536 2534 discordia;
1564 2473 1684 2534 nam
1715 2470 1777 2510 ea
1804 2459 1954 2517 urbs,

357 2530 490 2606 'quze
517 2533 642 2588 olim
676 2535 744 2590 ab
773 2530 1350 2606 llispaitisetiLatiuis
1389 2531 1628 2606 Iliberris
1661 2541 1960 2606 nuncupa-

367 2600 770 2682 liatur,_post_ea
810 2600 1085 2682 in'Gotbis
1114 2603 1376 2682 Eliberris
1415 2603 1557 2682 dicta
1601 2600 1817 2682 fuitnnt
1861 2612 1958 2682 nos

373 2673 506 2746 tavit
559 2671 812 2732 blendoza
853 2677 1106 2746 superius
1152 2675 1368 2730 citatus.
1416 2671 1808 2746 Sedes-ipsius
1840 2678 1959 2746 egat

367 2745 704 2872 inﬁgaganea
751 2739 1110 2820 llispaleusis,
1152 2755 1209 2801 et
1255 2746 1310 2801 iu
1361 2759 1423 2800 ea
1472 2739 1760 2800 concilium
1812 2739 1958 2796 cele-

407 2829 465 2871 ra
507 2825 644 2872 atur.

407 2825 644 2872 rabatur.

441 2885 506 2941 9"
537 2887 818 2960 Cantonius
849 2889 1176 2960 Virgilguus.
1216 2885 1430 2960 Alicubi
1471 2883 1670 2940 dicitur
1707 2881 1956 2960 Corsica-

373 2971 498 3024 nus,
529 2959 625 3014 sed
655 2952 975 3029 perperam';
1006 2958 1242 3029 Corsica,
1258 2957 1523 3029 siquidem
1555 2963 1777 3029 nonest
1804 2952 1957 3029 urbis

372 3043 592 3101 nomen,
615 3025 736 3099 qua:
755 3025 923 3086 sedes
951 3027 1278 3101 episcopalis
1299 3025 1391 3101 sit,
1422 3028 1518 3082 sed
1551 3027 1745 3101 insula,
1773 3039 1894 3101 nec_
1905 3025 1955 3077 in

373 3094 746 3168 HiSpania'aut
776 3101 875 3170 ipsi
908 3094 1174 3170 proxima.
1202 3098 1510 3170 Vit-gitanus
1537 3097 1824 3170 episcOpus
1851 3094 1958 3170 To-

374 3165 559 3242 leta’no
588 3165 835 3242 parebai.
878 3165 1050 3227 Porro
1088 3165 1584 3242 sinusiVirgitanus
1623 3166 1690 3242 ab
1722 3181 1781 3242 ea
1817 3165 1958 3242 urbe
2018 3179 2021 3181 '

373 3241 551 3296 dictus
589 3237 1078 3299 'manifestissimus
1121 3237 1392 3295 omnibus
1420 3247 1524 3300 est,
1573 3239 1660 3305 qui
1702 3237 1958 3290 nimirum

374 3313 519 3367 inter
571 3313 918 3369 (laridcmum
972 3322 1026 3369 et
1083 3311 1484 3368 Scombrarium
1535 3307 1951 3378 promontoria,

377 3385 535 3454 vulgo
573 3384 697 3438 cubo
744 3383 807 3438 de
846 3383 1028 3439 Gattas
1072 3393 1128 3439 et
1165 3381 1302 3454 cubo,
1329 3381 1393 3435 de
1445 3377 1955 3454 Palas,_intcrjacet.

373 3449 615 3510 Consule
642 3471 760 3510 oua:
787 3455 855 3510 de
880 3469 940 3510 ea
971 3454 1210 3510 diximus
1238 3452 1306 3507 ad
1339 3465 1538 3506 annum
1570 3449 1660 3505 54.

453 3523 549 3579 100
589 3521 823 3580 Liberius
870 3525 1225 3580 Emeritensis.
1278 3523 1401 3579 Fuit
1451 3521 1538 3576 hic
1577 3523 1820 3592 pontifex
1859 3537 1959 3578 suo

376 3610 498 3651 aevo
522 3595 754 3651 celebris
798 3596 1204 3661 admodunnut
1233 3594 1324 3663 qni
1357 3610 1460 3648 non
1497 3595 1671 3648 Solum
1715 3595 1957 3649 [liberri-

379 3676 519 3721 tanzc
566 3665 800 3737 synodo,
839 3668 934 3722 sed
979 3667 1139 3722 etiam
1188 3664 1491 3737 Arelatensi
1537 3664 1863 3737 interfuerit,
1905 3673 1962 3719 et

379 3734 763 3808 subscripserit
787 3756 802 3799 ;
827 3753 947 3792 cum
973 3753 1078 3808 quo
1103 3739 1266 3792 etiam
1289 3734 1557 3808 affuerunt
1582 3736 1800 3808 Arelate
1829 3750 1964 3788 non-

383 3807 514 3862 nulli
539 3804 1256 3879 presbyterorutn'suorum,
1288 3816 1344 3879 et
1375 3804 1964 3879 Florentiusdiaconns

381 3875 574 3948 ipsius,
597 3875 764 3946 quiin
793 3879 910 3949 ejus
941 3879 1117 3935 locum
1139 3877 1438 3949 succedens
1465 3891 1602 3949 unus
1624 3875 1722 3949 fuit
1744 3875 1962 3949 Patrum

384 3946 600 4004 concilii
646 3946 1020 4015 Sardicensis;
1072 3958 1130 4003 ut
1175 3965 1244 4004 ex
1298 3947 1416 4014 ejus
1471 3946 1964 4016 subscriptionibus

385 4019 791 4089 comprobatur.
826 4019 959 4087 Vide
989 4021 1244 4075 Moralem
1279 4017 1373 4072 lib.
1400 4033 1434 4071 χ
1462 4031 1582 4089 cap.
1612 4016 1682 4070 3‘2.
1705 4028 1759 4072 et
1781 4018 1872 4073 56.

457 4087 554 4146 H0
587 4089 651 4146 S.
685 4090 924 4146 Valerius
950 4089 1463 4158 Cresaraugustanus.
1499 4087 1596 4142 llic
1620 4089 1710 4142 ille
1731 4089 1812 4142 vir
1841 4103 1967 4142 san-

382 4161 576 4218 ctitate
602 4162 801 4224 clarus,
836 4178 993 4230 quem
1025 4161 1388 4216 clarissimum
1428 4159 1553 4214 fecit
1576 4159 1846 4216 Vincentii
1875 4175 1965 4211 ar-

383 4231 694 4302 chidiaconi
731 4234 813 4286 sui
853 4232 1024 4302 gloria
1059 4231 1256 4301 :cujus
1296 4231 1726 4302 illustrissimum
1758 4240 1964 4300 marty.

386 4301 530 4358 rium
557 4311 667 4357 toto
697 4303 830 4359 orbe
855 4299 1020 4368 canit,
1055 4311 1108 4358 et
1131 4299 1360 4358 miratur
1392 4301 1652 4356 Ecclesia.
1679 4299 1813 4356 Cum
1839 4299 1969 4356 vero

387 4373 508 4442 ejus
538 4373 681 4428 sedis
710 4375 894 4444 plures
923 4368 1424 4444 ejusdem'nominis
1444 4372 1715 4444 antisutes
1737 4387 1853 4444 aevo
1876 4372 1969 4426 illo

387 4444 613 4510 fuerint,
643 4442 873 4500 credunt
909 4443 1179 4509 nonnulli,
1223 4458 1331 4497 non
1378 4442 1690 4498 interfuisse
1735 4443 1972 4497 Iliberri-

391 4524 518 4568 tano
541 4525 786 4570 sanctum
813 4515 1087 4570 Valerium
1117 4515 1233 4580 ejus
1262 4513 1494 4568 nominis
1529 4514 1782 4581 primum,
1816 4515 1972 4581 cujus

2047 621 2291 683 martyre
2321 612 2394 666 ita
2421 609 2671 666 canentis
2701 627 2714 662 :

2231 743 2360 797 Hinc
2384 743 2548 808 prodis
2567 741 2773 793 rutilans
2789 741 2875 806 (de
2893 740 3008 792 sede
3025 739 3086 791 Β.
3109 738 3285 793 Mariti
3303 740 3365 792 de
3388 737 3644 802 Columna)

2355 823 2474 876 ﬁdei
2499 824 2798 886 spectandus
2817 826 2866 874 in
2889 825 3056 885 armis,

2297 889 2418 938 Inde
2443 884 2706 938 Valentino
2728 887 2815 935 das
2835 884 3128 936 documenta
3145 884 3266 936 solo.

2237 951 2393 1001 [noue
2412 949 2729 1001 lliberritano
2747 948 2834 997 das
2853 948 3062 996 maxima
3082 955 3210 997 cmtu

2297 1009 2449 1072 Signa
2474 1013 2543 1060 tui
2569 1009 2760 1072 infracti
2781 1011 2995 1071 pectoris
3020 1014 3073 1057 et
3096 1009 3229 1072 fidei.

2236 1070 2412 1125 Tristis
2431 1086 2504 1132 es,
2523 1085 2553 1119 ο
2576 1071 2764 1134 Valeri,
2787 1070 2987 1134 genitor
3008 1070 3289 1134 fortissime,
3307 1070 3429 1134 tanti

2297 1130 2552 1196 Pectoris;
2575 1133 2669 1184 hoc
2692 1130 2828 1183 socio
2845 1130 3010 1194 praelia
3033 1143 3197 1181 nonne
3222 1130 3398 1182 subis?

2051 1280 2358 1336 Subscribit
2380 1292 2594 1351 quoque
2611 1279 2787 1334 eidem
2829 1278 3116 1335 sentcntiae
3168 1278 3230 1334 D.
3270 1277 3646 1335 Ferdinandus

2053 1351 2122 1409 de
2153 1352 2430 1416 Mendoza,
2464 1354 2633 1406 citato
2677 1351 2816 1405 loco.

2128 1423 2223 1475 1'20
2256 1420 2531 1475 Decentius
2574 1420 2924 1490 Legionensis.
2982 1419 3152 1477 Sedes
3197 1418 3314 1476 haec
3362 1419 3644 1478 notissima

2057 1497 2143 1549 est
2181 1492 2321 1560 apud
2355 1505 2566 1547 omnes.

2074 1578 2082 1585 '
2131 1559 2231 1616 156
2260 1561 2581 1616 Melanthius
2630 1559 2927 1616 Toletanus.
2959 1559 3295 1616 Crediderim
3335 1559 3480 1616 hunc
3520 1561 3649 1616 sub-

2059 1632 2366 1700 scripsisse,
2416 1647 2522 1686 non
2552 1633 2695 1699 quod
2743 1632 2986 1687 decimus
3029 1634 3221 1687 tertius
3248 1632 3398 1687 locus
3426 1632 3503 1687 illi
3551 1646 3650 1701 pro

2058 1703 2317 1766 dignitate
2342 1703 2699 1768 contingeret,
2728 1716 2848 1756 cum
2902 1703 3078 1769 potius
3103 1703 3258 1770 jussu
3306 1701 3474 1770 ipsius
3505 1703 3654 1758 velut

2058 1771 2308 1841 primatis
2333 1771 2621 1826 concilium
2648 1782 2894 1826 coactum
2921 1771 3102 1832 fuerit.
3135 1780 3271 1828 teste
3293 1772 3521 1837 Dextro;
3553 1772 3650 1829 sed

2055 1843 2201 1912 quia,
2238 1851 2299 1912 ut
2322 1857 2468 1906 reor,
2491 1841 2753 1896 hactenus
2770 1842 3204 1911 subscripserant
3229 1842 3438 1904 Patres,
3469 1843 3560 1912 qui
3593 1845 3648 1898 in

1985 1915 2028 1974 B
2057 1911 2228 1967 cornu
2279 1911 2454 1968 felicis
2485 1911 2728 1980 prtesidis
2777 1922 2959 1979 erant;
3001 1921 3055 1968 et
3101 1929 3241 1968 nunc
3291 1911 3648 1975 Melanthius.

2057 1983 2205 2038 velut
2232 1993 2392 2049 caput
2439 1983 2661 2038 alterius
2709 1996 2902 2042 cornu.
2953 1985 3158 2053 primus
3184 1983 3489 2039 subscribit.
3537 1984 3650 2038 Nisi

2058 2054 2192 2109 velis
2219 2054 2566 2108 tumultuario
2597 2067 2810 2124 omnes,
2839 2063 2894 2108 et
2938 2057 3056 2109 sine
3087 2064 3336 2124 respectu
3375 2054 3650 2124 dignitatis

2058 2124 2471 2189 subscripsisse.
2499 2123 2574 2179 De
2597 2122 2890 2180 Melanthio
2914 2125 3081 2179 multa
3104 2122 3334 2180 diximus
3357 2125 3424 2179 ad
3441 2122 3648 2179 annum

2056 2195 2195 2256 287,
2253 2196 2556 2264 iterumque
2609 2194 2834 2264 inferius
2879 2196 3123 2264 dicemus
3176 2197 3242 2249 ad
3293 2210 3492 2249 annum
3521 2194 3648 2250 510.

2061 2263 2230 2320 All‘tut
2253 2279 2375 2319 cum
2405 2263 2598 2320 eodem
2626 2264 2686 2318 S.
2706 2263 2856 2318 Felix
2881 2263 3174 2320 Toletanus
3213 2264 3651 2328 archidiaconus,

2061 2336 2223 2404 paulo
2253 2343 2376 2404 post
2414 2335 2555 2402 apud
2587 2333 2844 2404 llispalim
2888 2335 3148 2404 martyrio
3198 2343 3520 2404 coronatus,
3559 2335 3652 2404 qui

2060 2403 2183 2460 cum
2218 2405 2381 2459 Hosio
2409 2418 2646 2459 canones
2676 2403 3005 2459 lliberritaui
3031 2403 3252 2459 concilii
3281 2403 3527 2472 digessit,
3586 2403 3653 2459 dc

2061 2490 2168 2546 quo
2199 2483 2379 2546 postea
2407 2490 2557 2529 num.
2599 2473 2684 2528 l2.

2135 2547 2231 2602 Ηο
2283 2544 2572 2600 Ianuarius
2623 2547 2685 2598 de
2709 2544 3006 2610 Caliabria,
3037 2558 3132 2600 seu
3159 2543 3421 2600 Saliabria
3445 2586 3459 2609 ,
3515 2544 3652 2599 urbe

2061 2617 2376 2742 eﬁiSCOpali,
2400 2616 2724 2671 Emeritensi
2765 2615 3052 2683 metropoli
3079 2617 3342 2686 subjecta,
3379 2630 3498 2684 qua!
3529 2615 3651 2684 fuit,

2061 2703 2093 2741 u
2137 2689 2315 2741 inunc
2346 2698 2430 2742 est
2475 2685 2802 2742 Montanies.
2837 2695 2896 2740 ut
2941 2686 3166 2742 Moralio
3208 2685 3426 2742 videtur
3455 2687 3547 2742 lib.
3581 2702 3651 2742 ι.

2061 2685 2148 2742 ubi
2174 2702 2315 2741 nunc
2346 2698 2430 2742 est
2475 2685 2802 2755 Montanjes,
2837 2695 2896 2740 ut
2941 2685 3187 2743 Moralio’
3208 2685 3426 2742 videtur
3455 2687 3547 2743 lib.
3581 2702 3652 2750 ι,

2059 2772 2191 2828 cap.
2212 2756 2303 2813 32.
2347 2756 2662 2828 Corrigendi
2719 2757 2942 2828 proinde
2986 2756 3204 2812 codices
3256 2757 3652 2823 conciliorum,

2060 2827 2152 2896 qui
2182 2827 2381 2884 habent
2409 2827 2646 2894 Salaria,
2695 2839 2748 2882 et
2776 2827 2867 2882 alii
2902 2827 3145 2889 Sabaria,
3177 2844 3316 2882 nunc
3345 2829 3562 2882 Alcazar
3591 2831 3655 2883 de

2061 2897 2113 2952 la
2142 2898 2270 3022 Sall,
2290 2899 2384 2955 sed
2416 2914 2732 2970 perperam,
2783 2914 2904 2954 cum
2940 2913 3002 2954 ea
3034 2914 3140 2953 non
3171 2899 3332 2954 luerit
3359 2898 3522 2954 sedes
3544 2899 3657 2969 epi-

2064 2984 2226 3022 scona
2258 2987 2325 3022 IS.

2064 2984 2325 3035 scopatts.

2135 3039 2233 3096 15°
2271 3039 2564 3093 Vincentius
2593 3037 2984 3093 Ossonobcnst's.
3011 3038 3137 3091 Fuit
3158 3039 3286 3094 olim
3317 3039 3434 3104 ejus
3484 3039 3658 3095 nomi-

2064 3109 2149 3163 nis
2170 3109 2302 3162 urbs
2321 3107 2625 3172 notissima,
2652 3116 2706 3162 et
2731 3108 3029 3162 catbedrali
3059 3106 3322 3176 dignitate
3348 3119 3559 3172 ornata,
3592 3123 3657 3164 ac

2065 3179 2310 3248 subjecta
2333 3176 2676 3248 Emeritensi,
2701 3192 2806 3232 non
2840 3178 2997 3248 longe
3022 3192 3050 3230 a
3077 3191 3234 3232 sacro
3259 3181 3654 3247 promontorio,

1987 3269 2033 3334 ρ
2067 3245 2328 3334 ubinunc
2359 3257 2461 3334 est.
2490 3245 2818 3334 Estombar,“
2840 3247 2886 3302 si
2929 3245 3493 3334 barreri‘oncredimus
3514 3289 3528 3310 ,
3570 3245 3658 3304 vel

2064 3319 2155 3374 ubi
2179 3319 2362 3375 Selvas
2382 3319 2510 3374 urbs
2530 3319 2873 3388 episc0palis,
2898 3327 2956 3373 ut
2976 3317 3152 3388 placet
3172 3317 3418 3386 Moralio,
3445 3317 3656 3375 Resen-

2062 3389 2174 3454 dio,
2206 3399 2260 3444 et
2277 3388 2548 3444 Marinum.
3545 3406 3556 3417 -

2137 3463 2233 3516 16°
2261 3459 2907 3528 QuintianusElborensis.
2941 3460 3033 3516 Sic
3062 3475 3092 3515 a
3120 3460 3312 3518 Gothis
3342 3471 3531 3517 vocata
3562 3461 3685 3517 fuit

2065 3531 2241 3586 Ebura
2273 3530 2789 3603 nobilisLusitaniae
2819 3531 3036 3596 civitas,
3068 3532 3222 3603 cujus
3253 3533 3412 3588 sedes
3445 3533 3660 3588 Emeri-'

2065 3603 2204 3657 lensi
2248 3601 2587 3670 subjacebat.

2138 3674 2233 3726 17°
2268 3673 2549 3727 Successus
2571 3674 2634 3723 dc
2658 3670 2943 3725 Eliocrota.
2973 3672 3177 3725 Civitas
3209 3672 3304 3726 fuit
3329 3672 3656 3739 episcopalis

2065 3741 2166 3796 sub
2188 3742 2370 3796 Toleta
2381 3756 2444 3794 na
2470 3741 2779 3806 mctrOpoli,
2794 3741 2863 3795 de
2883 3756 2988 3810 qua
3012 3743 3064 3794 in
3088 3740 3459 3810 superioribus
3480 3749 3657 3794 actum

2067 3820 2150 3866 est
2179 3811 2244 3863 ad
2278 3825 2478 3863 annum
2508 3812 2597 3875 54,
2629 3811 2717 3863 ubi
2757 3809 3009 3879 suspicati
3041 3825 3229 3864 sumus
3256 3824 3378 3864 esse
3411 3809 3664 3865 Vallado-

2068 3881 2165 3937 (id.
2200 3879 2386 4004 lAt‘l'uit
2431 3894 2555 3936 cum
2607 3879 2865 3951 episcopo
2920 3879 3188 3937 Successo
3237 3880 3522 3937 Liberatus
3551 3882 3668 3953 ejus

2069 3967 2194 4004 ores
2216 3968 2265 4004 )V
2295 3968 2377 4004 er.

2109 3965 2377 4008 resbvter.

2069 3967 2626 4094 ρῐῗῗὲἱῑθιῖίῃεήἰαηαε
2649 4020 2979 4077 Bastetanus.
3024 4021 3180 4078 Nunc
3220 4037 3283 4078 ea
3315 4021 3444 4077 urbs
3470 4023 3670 4080 dicitur

2069 4093 2231 4158 Baza,
2266 4102 2322 4148 et
2350 4093 2498 4148 caret
2520 4095 2809 4164 episc0po,
2832 4108 2941 4163 quo
2965 4104 3145 4150 tamen
3176 4095 3304 4149 olim
3338 4094 3499 4149 fruita
3549 4103 3670 4164 est,

2069 4164 2459 4234 sjiectabatque
2489 4162 2554 4219 ad
2584 4162 2931 4229 metmpolim
2964 4164 3307 4220 Toletanam.

2144 4235 2240 4289 19°
2273 4233 2538 4288 Patricius
2568 4235 2945 4306 Malacitanus.
2980 4235 3151 4291 Habet
3178 4236 3372 4306 itidem,
3397 4250 3540 4291 nunc
3554 4238 3672 4306 epi-

2073 4315 2404 4428 scopum,'et
2434 4307 2593 4375 vulgo
2643 4305 2860 4375 Malaga
2891 4305 3092 4360 dicitur
3126 4324 3137 4358 :
3168 4307 3269 4361 sub
3312 4305 3668 4374 Hispalicensi

2074 4387 2322 4428 mctrono
2351 4392 2386 4428 ι.

2074 4387 2386 4444 metropoli.

2097 4485 2106 4492 -
2147 4443 2418 4502 Hactenus
2447 4443 2514 4499 de
2543 4443 2812 4513 episcopis
2855 4455 2910 4499 et
2940 4443 3167 4500 urbibus
3197 4460 3408 4508 eorum,
3458 4446 3546 4514 qui
3575 4444 3668 4498 lli-

2075 4517 2364 4572 berritanre
2396 4515 2607 4584 synodo
2638 4514 3030 4580 interfuerunt,
3066 4527 3246 4569 actum
3279 4533 3309 4568 a
3353 4515 3511 4568 nobis
3556 4526 3668 4579 est;

388 4585 466 4656 S.
487 4585 800 4656 Vincentius
831 4600 1017 4640 comes
1053 4584 1171 4644 fuit,
1205 4583 1651 4656 sedsccundum.
1690 4584 1885 4639 Verum
1918 4584 1968 4638 id
2000 4651 2039 4656 _
2070 4587 2180 4656 jam
2213 4587 2279 4641 de
2296 4583 3298 4656 presbyterisibitlemconsistentibus
3317 4585 3670 4651 dicamus,tle

389 4674 421 4712 e
445 4655 582 4710 falso
608 4656 700 4710 illo
732 4656 1000 4726 principio
1031 4666 1210 4728 ortum
1239 4654 1446 4728 habuit,
1473 4669 1581 4725 quo
1607 4656 1971 4728 auctoresisti
2000 4651 2272 4728 unibus
2297 4651 2659 4728 actaconcilii
2708 4657 2822 4728 hsce
2861 4654 3062 4728 habent
3093 4671 3106 4707 :

391 4741 678 4797 perperam
718 4728 966 4797 credunt,
1001 4727 1288 4782 cancilium
1334 4727 1506 4793 ipsum
1545 4740 1689 4797 anno
1728 4726 1832 4781 524
1866 4727 1972 4781 Ι.)οο

392 4795 554 4864 mini,
585 4800 665 4854 vel
687 4796 830 4852 circa
861 4798 1220 4861 celebratum,
1247 4811 1356 4866 quo
1381 4806 1627 4863 tempore
1646 4795 1704 4851 S.
1725 4797 1971 4852 Valerius

393 4868 656 4924 :erumnis
682 4879 737 4924 et
777 4868 1070 4937 angoribus
1114 4868 1397 4937 confectus
1439 4867 1598 4920 vitam
1645 4883 1767 4922 cum
1799 4875 1972 4922 morte

397 4939 585 5008 procul
605 4939 770 4994 dubio
791 4936 1218 4994 commutaverat
1234 4957 1244 4987 τ
1260 4936 1405 5008 quod
1426 4945 1606 4992 tamen
1630 4952 1788 5006 quam
1812 4937 1976 5008 longe

397 5007 427 5087 ει
459 5024 590 5064 vero
619 5012 709 5072 sit,
741 5011 794 5066 in
824 5011 1200 5087 superioribus
1234 5007 1447 5087 abunde
1482 5016 1838 5087 monstratum
1868 5007 1973 5087 est.

399 5078 574 5135 Immo
601 5096 729 5136 vero
759 5078 1250 5137 cutn'celebratum
1289 5081 1361 5135 sit
1398 5082 1614 5150 vigente
1657 5079 1977 5134 Diocletiani

401 5151 800 5222 persecutione,
855 5152 999 5222 quod
1052 5166 1289 5209 canones
1333 5150 1451 5222 ejus
1489 5152 1821 5222 ostendunt,
1872 5163 1980 5222 non

403 5221 544 5277 alius
571 5237 732 5292 quam
759 5219 1029 5278 Vincentii
1063 5224 1323 5292 magister
1349 5221 1426 5275 illi
1455 5219 1676 5276 all‘uisse
1715 5220 1980 5276 dicendus

405 5301 510 5348 est.
540 5292 880 5363 Quapropter
906 5292 1056 5347 multi
1089 5294 1318 5348 credunt
1339 5292 1470 5363 inibi
1496 5307 1712 5362 quoque
1742 5307 1983 5362 praesen-

409 5371 520 5418 tem
549 5362 715 5420 fuisSe
738 5363 799 5419 S.
837 5363 1203 5434 Vincentium,
1230 5377 1330 5418 nec
1347 5362 1443 5417 abs
1468 5377 1545 5428 re,
1574 5377 1698 5417 cum
1718 5377 1982 5434 nusquam

397 5434 772 5490 archidiaconi
799 5449 928 5491 suos
947 5433 1261 5492 desererent
1291 5435 1598 5504 episcopos,
1631 5443 1688 5489 et
1721 5436 1774 5487 in
1795 5435 1982 5490 conci-

399 5505 493 5559 liis
517 5506 670 5575 juxta
703 5505 850 5572 ipsos
887 5506 1186 5570 adstarent,
1228 5513 1283 5558 ut
1322 5519 1388 5560 ex
1423 5505 1725 5558 Arelatensi
1767 5514 1822 5559 et
1859 5504 1986 5559 aliis

400 5576 614 5646 liquet.-
641 5591 761 5646 qua:
792 5577 928 5631 ratio
962 5579 1015 5632 in
1049 5575 1329 5631 Vincentio
1360 5575 1549 5631 fortius
1578 5583 1768 5646 urget,
1804 5584 1988 5645 utpote

403 5647 504 5717 qui
542 5644 614 5700 ob
642 5644 1090 5717 impedimentum
1129 5647 1320 5717 linguae
1350 5647 1541 5717 quos.
1577 5645 1822 5717 Valerius
1851 5644 1988 5717 deti:

406 5715 670 5793 uehatur,
722 5715 900 5795 lingua
943 5727 1091 5780 esset
1127 5715 1387 5795 episcopi.
1434 5716 1704 5778 Habemus
1756 5716 1876 5788 ejus
1909 5715 1992 5786 rei

2147 4725 2506 4799 Residentious
2534 4725 2690 4799 etiarn
2711 4724 2894 4799 viginti
2937 4741 3028 4780 sea:
3056 4724 3362 4796 presbyteris
3380 4766 3396 4793 ,
3447 4726 3637 4799 supple
3655 4768 3674 4796 ,

2073 4799 2161 4869 qui
2183 4807 2321 4869 sunt,
2351 4796 2434 4869 vel
2466 4795 2594 4866 quid
2623 4795 2840 4869 simile:

2150 4871 2211 4924 1ο
2237 4864 2526 4924 Restitutus
2547 4865 2810 4938 presbyter
2833 4867 2896 4920 de
2926 4864 3128 4936 Elepel.
3157 4865 3238 4938 ita
3261 4879 3291 4919 a
3314 4865 3495 4922 Gotbo
3525 4883 3676 4924 ama-

2079 4941 2273 5019 nuensi
2303 4937 2566 5019 scriptum
2595 4937 2718 5019 fuit,
2753 4951 2874 4992 cum
2929 4949 3107 5019 tamen
3155 4937 3440 5019 legendum
3484 4940 3574 5019 sit,
3605 4939 3676 4995 de

2078 5010 2302 5080 llipula,
2376 5009 2518 5082 quod
2557 5008 2815 5082 oppidum
2866 5008 2970 5064 sub
3021 5008 3362 5082 lliberritauo
3419 5011 3676 5082 episcopo

2081 5079 2233 5146 erat,
2275 5091 2331 5136 et
2376 5081 2465 5134 ubi
2498 5095 2640 5134 nunc
2673 5079 2908 5134 Granata
2952 5087 3067 5142 est,
3109 5079 3388 5145 exstabat,
3447 5079 3680 5137 unde'et

2083 5155 2238 5208 Mons
2266 5160 2487 5206 sanctus
2519 5152 2571 5204 in
2603 5149 2798 5204 tabulis
2826 5150 3093 5219 plumbeis
3123 5150 3192 5204 ibi
3220 5153 3450 5220 repertis
3474 5168 3678 5206 nuncu-

2084 5231 2248 5292 patur
2279 5220 2834 5293 llipulitanus._Porro
2876 5223 2933 5276 S.
2969 5221 3269 5293 Restitutus
3293 5225 3561 5293 martyrio
3581 5237 3678 5276 co—

2086 5291 2310 5346 ronatus
2343 5299 2449 5357 est,
2483 5302 2539 5346 ut
2584 5291 2812 5345 inferius
2842 5307 2961 5346 cum
2996 5292 3201 5347 Dextro
3251 5291 3516 5355 dicemus,
3550 5306 3676 5346 cum

2087 5363 2249 5489 sociis
2269 5361 2494 5418 Castore
2519 5372 2574 5418 et
2604 5363 2887 5431 Crispulo,
2917 5364 3011 5433 qui
3041 5362 3205 5418 etiam
3241 5363 3476 5420 concilio
3505 5365 3678 5416 inter-

2113 5444 2330 5489 uerunt.

2113 5444 2330 5490 nerunt.

2160 5507 2222 5559 2°
2259 5503 2464 5559 Natalis
2493 5504 2557 5559 de
2588 5503 2818 5570 Orsuna,
2861 5504 3066 5560 scilicet
3087 5505 3390 5572 presbyter,
3418 5513 3538 5572 auge
3577 5514 3685 5572 vox

2097 5577 2150 5632 in
2180 5578 2393 5632 caeteris
2423 5591 2662 5650 quoque_
2684 5568 3130 5650 subintelligitur.
3163 5568 3270 5630 Sed
3307 5568 3446 5650 vero
3484 5568 3687 5650 lVatalis

2097 5658 2406 5717 assumptus
2428 5638 2511 5703 est
2531 5638 2599 5702 ad
2622 5646 2935 5703 Toletanam
2959 5638 3142 5700 s'cdem
3167 5653 3289 5712 post
3307 5638 3682 5717 Melanthium,

2099 5717 2166 5780 de
2186 5705 2298 5792 quo'
2317 5718 2427 5776 suis
2447 5717 2582 5780 locis
2604 5719 2792 5778 multa.
2817 5718 3026 5780 Orsuna
3047 5705 3263 5786 ipsa'est
3289 5721 3434 5768 nunc
3459 5705 3689 5775 Ossuna'.
