4148 6172
594 238 702 295 M7

596 349 732 412 AlC.
761 347 890 408 500.

1634 233 1868 293 FLAVI!
1901 230 2080 290 LUCll
2123 227 2382 286 DEXTRI
2421 227 2840 286 CIIRONICON.

1036 343 1254 418 (pollice
1291 343 1556 418 virgineo)
1588 342 1879 400 durissimo
1922 341 2160 398 carectis
2188 354 2343 406 saxo,
2373 339 2530 411 signo
2565 338 2764 403 crucis,
2795 347 2849 392 et
2879 334 3080 394 ibidem
3109 333 3303 391 relicto
3334 333 3386 390 in
3415 334 3557 395 hanc
3595 334 3903 396 AJLlOSl.

3793 226 3908 287 ΜΒ

1034 443 1180 503 diem
1208 441 1506 517 digitorum
1530 450 1597 500 et'
1613 441 1796 499 crucis
1818 443 2011 511 signo;
2040 437 2388 509 impollutum
2426 437 2482 492 in
2515 434 2767 492 oratione
2794 433 3042 508 spiritum
3069 432 3180 492 Deo
3209 429 3467 523 reddidit.

1814 581 2072 642 BIVARII
2109 579 2676 641 COMMENTARIUS.

1037 695 1176 760 Quod
1211 708 1410 760 crucem
1431 696 1646 760 signavit

1041 758 1109 810 Ut
1129 761 1179 809 in
1201 758 1334 810 molli
1355 758 1490 810 cera.

607 870 998 940 Exstatusque
1025 867 1079 922 in
1105 865 1593 940 hodiernamgdiem
1625 864 1858 940 in_an_tro
1877 861 2114 940 carceris
2134 859 2194 915 S.

606 939 892 1014 Leucadiae
910 932 944 1014 ',_
988 953 1160 1010 pr0pe
1206 937 1404 1014 altare
1431 937 1600 1006 ipsius
1643 935 1870 1014 virginis
1909 932 2199 1014 ad___coru.u

609 1010 886 1083 Evangelii
924 1003 1004 1083 in'
1026 1003 1189 1083 muro
1213 1009 1352 1077 lapis
1389 1003 1510 1078 ipse
1546 1021 1714 1083 cruce
1741 1005 1863 1076 ejus
1893 1003 2092 1073 pollice
2092 1003 2196 1083 3i-

613 1073 1142 1155 gnatu's,_snb_crateg
1167 1073 1341 1155 ferrea
1368 1073 1696 1142 custoditus.
1730 1073 1892 1147 quem
1919 1073 2201 1155 διηπορο-

611 1144 744 1210 mini
789 1144 924 1208 [621
967 1151 1146 1207 Toleti
1191 1149 1432 1206 existens
1474 1144 1772 1205 veneratus
1815 1161 1932 1201 sum
1969 1161 1984 1202 :
2027 1144 2200 1199 altare

607 1236 791 1280 autem
826 1226 1000 1296 ipsum
1035 1237 1102 1278 ex
1137 1237 1410 1296 marmore
1435 1221 1749 1296 alabastrite
1778 1225 2196 1296 constructum,

613 1297 786 1352 tribus
809 1291 1121 1369 distinctum
1149 1291 1414 1369 historiis,
1449 1291 2063 1369 totidem_reprcese_ntat
2081 1297 2199 1369 acta

615 1365 860 1437 martyrii
897 1365 973 1437 S._
1000 1363 1299 1437 Leocadite.
1356 1359 1410 1418 lu
1441 1363 1606 1437 priori
1636 1361 1702 1415 ad
1732 1359 2203 1437 cornn_Evangclii

615 1430 825 1493 sistitur
853 1435 1119 1501 Daciano;
1155 1436 1206 1489 in
1238 1435 1406 1489 altera
1435 1430 1555 1500 quas
1580 1435 1632 1488 in
1668 1430 1849 1486 medio
1879 1430 2065 1484 altaris
2094 1439 2200 1501 est,

613 1507 908 1564 crudeliter
932 1524 962 1562 a
991 1498 1316 1562 satellitibus
1340 1498 1675 1574 ﬂagellatur;
1712 1504 1766 1557 in
1798 1501 1956 1557 tertia
1985 1515 2108 1574 quae
2135 1498 2203 1552 ad

613 1593 782 1634 cornu
805 1579 1046 1647 epistola:
1067 1577 1240 1645 vergit
1264 1579 1316 1632 in
1338 1570 1558 1631 carcere
1581 1576 1785 1647 clausa,
1818 1586 1982 1647 super
2005 1570 2202 1626 nudam

617 1644 851 1704 humum
863 1653 1069 1718 jaceus,
1106 1644 1282 1703 reddit
1305 1648 1574 1718 spiritum.
1608 1644 2058 1718 Quo_videas_eos
2088 1655 2204 1693 om-

616 1736 717 1776 nes
747 1712 978 1775 deiiéere
1007 1712 1097 1788 qui
1125 1719 1237 1772 sola
1267 1712 1502 1788 carceris
1541 1715 1792 1788 custodia
1823 1712 2058 1788 credunt
2091 1727 2208 1765 ma-

615 1799 851 1846 ceratam
887 1783 1054 1845 fuisse
1082 1790 1140 1843 8.
1169 1787 1490 1843 Leocadiam
1517 1831 1531 1854 ,
1583 1798 1636 1840 et
1683 1785 1888 1839 nullum
1917 1783 2060 1854 aliud
2092 1791 2205 1854 tor-

619 1872 859 1916 mentum
882 1861 1191 1929 pertulisse.
1210 1860 1352 1914 Sane
1371 1853 1602 1928 hymnus
1618 1859 1670 1929 in
1685 1857 1944 1929 honorem
1964 1853 2206 1922 ejusdem

617 1931 847 2002 virginis
875 1927 994 2002 cani
1024 1931 1219 2002 solitus
1248 1930 1298 2002 in
1329 1927 1604 1982 Breviario
1636 1927 1867 2002 Gothico
1900 1937 2206 2002 correptam

617 1997 806 2066 fuisse,
838 2001 890 2055 id
920 2013 1023 2066 est,
1051 2001 1369 2056 verberibus
1395 2015 1593 2055 caesam
1627 1999 1898 2064 at‘lirmat;
1931 2011 2091 2069 quem
2121 1997 2208 2051 hic

617 2074 798 2144 placet
826 2075 1065 2130 inserere
1099 2090 1113 2128 :

1115 2166 1438 2217 Sanctissimae
1456 2162 1713 2213 Leocadiae

1053 2229 1288 2278 Solemne
1310 2228 1488 2276 festum
1516 2226 1714 2283 prodiit,

1057 2294 1164 2347 Quo
1192 2303 1311 2340 vana
1337 2297 1484 2337 terra:
1507 2294 1764 2348 despuens

1052 2351 1126 2400 Ad
1153 2364 1305 2412 regna
1327 2350 1440 2400 coeli
1459 2351 1667 2399 transiit.

1120 2411 1307 2463 Omnes
1332 2413 1499 2462 venite
1525 2412 1792 2474 supplices,

1056 2474 1225 2537 Cordis
1249 2481 1438 2537 reatum
1463 2475 1659 2537 pandite
1681 2487 1695 2523 :

1056 2535 1323 2586 Gaudendo
1347 2535 1676 2592 vota‘solvite,

1059 2598 1268 2660 Deoque
1291 2605 1462 2659 grates
1483 2599 1695 2647 reddite.

1121 2656 1240 2708 Haec
1263 2656 1474 2721 namque
1498 2661 1637 2719 virgo
1659 2656 1837 2708 nobilis

1057 2721 1239 2784 Exorta
1262 2721 1397 2784 claro
1420 2723 1646 2784 germine
1670 2735 1682 2784 ς

1057 2782 1290 2833 Confessa
1309 2782 1549 2833 Christum
1574 2782 1764 2830 fortiter

1057 2845 1236 2896 Poenas
1252 2844 1469 2894 libenter
1496 2844 1716 2906 pertulit.

1121 2907 1354 2968 Correpta
1371 2905 1508 2968 jussu
1533 2905 1750 2967 praesidis

1062 2967 1212 3018 Uncis
1234 2967 1413 3028 ligatur
1438 2967 1634 3028 ferreis,

1057 3029 1123 3094 Lit
1138 3028 1440 3094 vinculorum
1464 3028 1704 3094 pondere,

1058 3092 1208 3142 Fides
1227 3092 1403 3153 puellae
1425 3091 1650 3142 cederet.

1124 3154 1227 3204 Illic
1249 3167 1341 3216 per
1365 3154 1711 3204 abstinentiam

1055 3217 1246 3268 Christo
1264 3217 1462 3278 placere
1485 3217 1707 3276 cogitans
1729 3227 1745 3263 :

1059 3277 1278 3328 Laudum
1299 3277 1528 3340 rependit
1550 3279 1750 3339 gratias,

1060 3339 1369 3400 Precumque
1392 3339 1549 3390 refert
1573 3340 1808 3387 victimas.

1122 3401 1222 3451 Sed
1243 3399 1354 3448 mox
1381 3408 1434 3450 ut
1457 3400 1510 3450 S.
1531 3399 1736 3450 Eulalia:

1059 3461 1271 3511 Mortem
1293 3469 1529 3511 sacratam
1556 3460 1827 3523 comperit;

1058 3523 1114 3572 In
1139 3525 1368 3583 carceraii
1387 3523 1596 3583 vinculo,

1061 3582 1196 3636 Caelo
1213 3582 1395 3634 refudit
1416 3585 1655 3645 spiritum.

1121 3646 1280 3710 Nunc,
1299 3647 1438 3709 virgo
1458 3655 1641 3710 sancta,
1665 3657 1967 3710 quaesumus;

1061 3706 1122 3772 Et
1141 3706 1445 3772 lacry’mando
1467 3706 1708 3772 poscimus
1733 3721 1749 3758 :

1057 3769 1123 3834 Ut
1146 3769 1322 3834 probra
1342 3769 1502 3819 nostra
1519 3770 1696 3834 diluas,

1055 3833 1119 3884 Et
1140 3841 1247 3882 vota
1267 3833 1459 3883 Christo
1476 3833 1716 3895 perferas.

1119 3895 1193 3945 'I‘u
1219 3902 1383 3944 nostra
1406 3895 1529 3959 ciij
1549 3895 1746 3959 inclyta,

1058 3955 1135 4007 Tu
1156 3970 1213 4005 es
1235 3963 1434 4018 patrona
1452 3955 1667 4006 Vernula
1687 3971 1700 4006 :

1060 4018 1136 4065 Ah
1159 4015 1297 4066 urbis
1320 4015 1464 4077 bujus
1488 4021 1699 4068 termino

1059 4077 1238 4128 Procul
1260 4078 1453 4139 repelle
1475 4079 1692 4126 taedium.

1122 4139 1230 4188 Non
1253 4140 1405 4203 hostis
1427 4139 1505 4187 bic
1528 4140 1810 4203 praevaleat,

1057 4200 1165 4264 Non
1185 4202 1400 4264 morbus,
1427 4207 1512 4250 aut
1533 4203 1740 4264 penuria
1763 4215 1776 4252 :

1062 4262 1282 4326 ljecedat
1299 4262 1443 4312 omne
1469 4262 1686 4326 noiium,

1061 4325 1122 4376 Et
1140 4325 1420 4376 conferatur
1436 4325 1758 4378 commodum.

1122 4387 1205 4436 Sic
1227 4389 1321 4438 vita
1343 4388 1494 4437 rebus
1517 4387 1700 4450 adluat,

1060 4448 1139 4500 Nc
1159 4450 1304 4499 corda
1327 4450 1448 4499 luxu
1472 4448 1701 4500 sor-deant
1725 4463 1739 4499 :

1060 4511 1358 4576 Qunctisque
1375 4512 1445 4576 de
1466 4513 1751 4562 criminibus

1057 4573 1290 4637 Do_netur'
1305 4574 1625 4637 indulgentia.

1123 4635 1230 4687 Deo
1254 4635 1490 4700 perennis
1511 4637 1666 4698 gloria
1681 4675 1696 4700 ,

1063 4696 1127 4747 Et
1147 4696 1416 4762 gratiarum
1434 4696 1578 4762 copia
1604 4714 1615 4748 :

1062 4761 1349 4823 Qui'cuncta
1373 4761 1522 4811 voluit
1541 4768 1784 4823 tempora,

1059 4820 1123 4871 Et
1147 4830 1322 4885 regnat
1340 4830 1454 4872 ante
1473 4820 1668 4871 saecula.
1692 4820 1868 4871 Arnen.

627 4946 853 5004 Accedit
877 4947 1035 5004 dictis
1057 4991 1072 5016 ,
1110 4949 1256 5018 quod
1291 4950 1360 5004 de
1389 4950 1577 5006 eadem
1610 4949 1816 5020 virgine
1845 4951 1899 5006 in
1931 4949 2214 5006 Breviario

631 5020 1210 5095 quoque§almantino
1239 5020 1521 5087 asseritur,
1555 5023 1775 5094 fremens
1801 5021 2059 5077 Daciantts
2081 5040 2214 5095 pra:-

629 5089 762 5156 cepit
803 5091 1053 5166 militibus
1066 5091 1268 5166 _m_ultis
1312 5089 1577 5148 tormentis
1614 5109 1724 5148 eam
1753 5095 1988 5165 afﬂigere
2033 5111 2052 5149 :
2081 5089 2213 5166 'pro-

632 5173 816 5243 perans
853 5162 1020 5243 itaque
1058 5161 1306 5243 E_l_b_oram
1329 5205 1346 5230 ,
1385 5175 1535 5243 εις-,ρ
1583 5161 1891 5243 quibtts'ut
1928 5161 2209 5243 minimum

631 5231 872 5310 innuitur
897 5273 912 5297 ,
959 5231 1191 5310 ﬂagellis
1219 5249 1413 5310 cresam
1456 5231 1643 5310 fuisse.
1673 5236 1778 5292 Sed
1805 5237 1959 5310 quod
1989 5237 2209 5310 minime

630 5303 777 5378 ferro
812 5303 976 5378 vitam
1020 5303 1253 5378 ﬁnierit,
1304 5304 1428 5362 inde
1467 5307 1665 5378 factum
1697 5315 1783 5362 est
1804 5303 1834 5373 ,’
1867 5319 1921 5362 ut
1953 5309 2004 5364 in
2032 5308 2211 5363 oiticio

629 5370 1001 5428 ecclesiastico
1049 5370 1260 5448 Gothici
1312 5377 1570 5434 Breviarii
1620 5370 1880 5448 perpetuo
1934 5381 2213 5434 entIie's‘S'tt‘

631 5451 992 5513 nuncupetur;
1014 5445 1156 5501 unde
1179 5447 1229 5500 in
1248 5447 1435 5504 eadem
1457 5445 1703 5505 oratione
1720 5445 1955 5504 dicitur:
1976 5448 2214 5504 Gloriosa

629 5516 768 5586 facta
788 5523 861 5567 est
882 5515 1022 5586 virgo
1045 5526 1158 5582 tua,
1183 5517 1402 5592 Christe,
1433 5519 1715 5592 Leocadia,
1742 5535 1857 5589 qua:
1886 5523 2216 5592 consurgenti

623 5600 833 5660 aurora
856 5598 1158 5660 comparata
1177 5629 1194 5656 ,
1226 5588 1447 5660 pulchra
1481 5600 1632 5658 atque
1669 5588 1831 5660 electa
1859 5601 1916 5644 ut
1945 5592 2023 5645 sol
2045 5632 2061 5658 ,
2080 5588 2215 5659 Ἶρι-ο·

629 5655 780 5728 (tatur
810 5665 859 5728 et
889 5655 1060 5722 luna;
1104 5655 1236 5713 dum'
1267 5659 1478 5716 clariori
1516 5655 1740 5715 rutilant:
1783 5659 1975 5716 lumine
2003 5704 2017 5728 ,
2048 5655 2116 5716 et
2158 5673 2214 5718 ut

625 5724 754 5782 luna
783 5725 937 5798 plena
964 5729 1201 5786 clarescit
1229 5732 1283 5788 in
1309 5734 1658 5807 confessione,
1690 5740 1741 5790 et
1765 5740 1820 5787 ut
1842 5733 1922 5790 sol
1941 5724 2174 5806 ﬂagrans
2193 5775 2210 5804 ,

2219 692 2272 754 Α

2300 699 2450 756 atque
2477 689 2885 743 imminutionem
2912 689 2995 743 sui
3021 689 3255 743 nesciens
3277 728 3291 754 ,
3334 689 3630 744 sanctitatis
3673 690 3902 759 persistit

2299 761 2355 842 in
2381 776 2535 842 ppere
2554 762 2589 842 ?_
2616 759 2698 814 Da
2725 776 2846 831 ergo
2872 759 3038 822 nobis,
3071 770 3128 813 ut
3159 776 3252 842 per
3278 775 3393 813 eam
3421 761 3633 842 apudnte
3650 779 3748 840 pro
3768 764 3898 842 uotis

2301 833 2677 904 indulgentiam
2717 848 3032 904 mereamur,
3077 831 3170 900 qui
3209 847 3359 904 nunc
3372 848 3464 899 pro
3487 831 3688 886 delictis
3715 832 3797 888 vel
3821 831 3904 887 la-

2303 901 2508 975 crymas
2535 903 2840 975 fundimus.
2861 902 2946 975 uel
2972 904 3190 975 gemitus
3218 901 3538 975 exhibetan
3569 905 3754 957 Amen.

2377 973 2543 1030 Hunc
2562 977 2736 1029 locum
2769 973 2870 1028 sibi
2899 973 3387 1043 vendic:tt_additio
3417 974 3476 1029 8.
3502 973 3808 1029 Braulionis
3832 974 3899 1029 ad

2305 1047 2561 1102 Dextrum
2586 1062 2601 1110 ;
2635 1045 2892 1098 nimirum
2913 1060 3050 1098 anno
3077 1043 3284 1098 Domini
3306 1045 3433 1110 512,
3459 1043 3697 1100 Toletani
3719 1047 3903 1115 ﬁdeles

2305 1116 2368 1172 S.
2394 1115 2664 1171 Leocadite
2689 1117 2906 1186 martyri
2939 1132 3000 1168 ac
3023 1115 3145 1180 civi,
3173 1132 3384 1170 sacram
3405 1117 3569 1170 a’dcm
3591 1116 3677 1170 ubi
3698 1119 3905 1185 sepulta

2294 1191 2438 1260 jacet
2465 1228 2481 1253 ,
2513 1189 2739 1260 erigunt
2760 1203 2779 1240 :
2822 1202 2938 1255 qua:
2965 1187 3195 1241 secunda
3220 1187 3405 1260 domus
3428 1204 3605 1260 sacra
3623 1197 3696 1260 est
3724 1188 3778 1241 in
3809 1187 3904 1241 illa

2240 2083 2290 2143 B

2241 3456 2288 3520 C

2244 4845 2301 4907 D

2306 1260 2519 1330 civitate,
2543 1303 2557 1328 ,
2595 1257 3332 1330 maximequefrequentatur.
3365 1258 3440 1313 lbi
3471 1257 3740 1330 siquidem
3769 1273 3908 1315 non-

2305 1330 2452 1386 nulla
2481 1329 2741 1386 Toletana
2770 1329 3001 1386 concilia
3027 1328 3304 1385 celebrata
3326 1339 3472 1385 sunt.

2637 1461 2704 1500 DE
2744 1457 2965 1500 SANC'I'IS
3003 1459 3248 1499 EULALIIS
3284 1461 3566 1500 APPENDIX.

2384 1536 2572 1591 Obiter
2596 1535 2701 1591 hoc
2730 1537 2850 1591 loco
2883 1537 2952 1592 dc
2982 1537 3040 1591 S.
3073 1537 3280 1592 Eulalia
3309 1538 3636 1594 Emeritensi
3665 1539 3904 1596 mentio-

2310 1624 2436 1664 nem
2468 1608 2672 1662 faciens
2702 1609 2923 1671 Dexter,
2955 1607 3170 1662 videtur
3202 1608 3252 1660 in
3286 1609 3536 1678 originali
3564 1626 3687 1677 suo,
3717 1611 3904 1666 debito

2310 1680 2430 1753 loco
2458 1678 2722 1753 littSitlSAtie
2753 1679 2940 1753 eadem
2970 1720 2984 1744 ,
3017 1693 3082 1753 ac
3111 1679 3179 1733 de
3209 1678 3330 1749 ejus
3360 1683 3506 1753 socia
3537 1693 3590 1753 et
3620 1681 3902 1753 convirgi-

2313 1751 2420 1805 nali
2468 1750 2527 1806 S.
2565 1749 2706 1805 Julia
2749 1750 2952 1804 dixisse
2976 1795 2991 1816 ,
3043 1751 3234 1804 deesse
3269 1762 3446 1805 tamen
3477 1751 3730 1806 dolemus
3759 1749 3903 1809 id'in

2311 1821 2500 1876 codice
2528 1830 2753 1885 nostro;
2802 1822 2942 1874 sicut
2978 1829 3032 1875 et
3076 1823 3338 1876 memoria
3375 1821 3434 1878 S.
3461 1822 3685 1878 Eulalize
3716 1824 3904 1880 Barci-

2313 1893 2597 1948 nonensis.
2624 1891 2762 1946 illud
2799 1894 3045 1959 proiecto
3076 1892 3324 1948 mirabile
3348 1892 3639 1948 admodum
3665 1894 3718 1949 in
3752 1908 3901 1950 utra-

2315 1979 2424 2032 que
2445 1965 2705 2024 cernitur,
2736 1963 2878 2032 quod
2905 1979 3012 2017 non
3037 1964 3211 2016 solum
3235 1963 3425 2017 eodem
3451 1965 3689 2028 nomine,
3711 1966 3902 2020 eadem

2315 2041 2574 2116 aetateet
2607 2033 2799 2088 eadem
2841 2033 3245 2116 persecutione_
3272 2037 3758 2116 participaverint,
3805 2039 3904 2116 sed

2318 2105 2608 2177 simillimis
2633 2105 3013 2177 martyriorum
3042 2105 3333 2173 generibus
3357 2149 3372 2173 ,
3425 2107 3750 2177 paribusque
3792 2108 3898 2162 mi-

2318 2175 2520 2230 raculis
2548 2176 2606 2228 in
2636 2187 2810 2230 morte
2841 2175 3140 2230 nobilitata:
3179 2176 3326 2242 sint;
3371 2187 3430 2232 ut
3457 2192 3563 2232 non
3594 2175 3677 2232 sit
3695 2179 3896 2233 mirum

2319 2247 2613 2301 nonnullos
2639 2256 2922 2300 auctorum
2951 2257 3304 2301 emeritorum
3335 2263 3428 2302 eas
3452 2248 3771 2304 coniudissc
3794 2294 3811 2316 ,
3841 2260 3904 2304 ut

2318 2317 2621 2388 Equilinus,
2656 2317 2747 2372 lib.
2775 2333 2826 2388 ι,
2857 2333 2981 2387 cap.
3011 2315 3100 2388 54,
3135 2317 3330 2373 iecisse
3356 2321 3743 2387 convincitur,
3776 2315 3906 2375 dum

2319 2387 2438 2443 eam
2465 2404 2585 2457 qua:
2616 2404 2643 2441 a
2679 2387 3000 2459 presbytero
3031 2387 3242 2459 Donato
3273 2389 3468 2445 edocta
3499 2390 3564 2445 10
3595 2391 3909 2447 Decembris

2317 2460 2666 2525 celebratur,
2716 2458 3173 2514 BarCinonensem
3219 2458 3385 2514 inisse
3429 2462 3747 2516 existimat:
3805 2463 3901 2516 sed

2318 2531 2456 2584 falso
2486 2538 2540 2584 et
2565 2537 2759 2602 contra
2786 2532 3059 2602 seipsum,
3101 2545 3223 2602 nam
3253 2533 3370 2600 ipse
3402 2532 3687 2602 Equilinus
3714 2544 3842 2587 ante
3871 2533 3907 2589 6

2317 2603 2490 2656 solum
2513 2599 2688 2668 capita
2713 2600 2954 2667 ejusdem
2983 2599 3128 2668 libri,
3161 2599 3388 2656 Eulalia:
3413 2599 3772 2658 Emeritensis
3797 2620 3909 2659 me-

2319 2672 2696 2744 minit,_agens
2722 2671 2790 2725 de
2817 2680 2999 2725 sancta
3024 2670 3286 2744 Leucadia
3313 2689 3343 2744 ξν
3366 2675 3512 2728 unde
3553 2677 3906 2744 postmodum

2317 2741 2404 2816 s_ui
2434 2741 2640 2816 oblitus
2673 2751 2955 2816 utramque
2994 2741 3255 2816 confudit.
3311 2743 3379 2797 Et
3425 2741 3654 2800 Eulalia:
3684 2745 3907 2816 quidem

2319 2814 2688 2888 Emeritensis
2724 2813 3195 2888 actadnculenter
3237 2828 3392 2888 sacro
3443 2816 3657 2888 hymno
3703 2813 3912 2872 cecinit

2319 2884 2650 2955 Prudentius
2678 2883 3179 2955 inPeristepbano,
3212 2885 3302 2955 qui
3335 2887 3386 2939 in
3419 2883 3700 2942 Br'eviario
3729 2888 3906 2942 sancti

2319 2954 2510 3027 Isidori
2534 2954 2747 3027 recitari
2777 2955 2971 3027 solitus
2995 2954 3170 3009 fuitin
3194 2954 3610 3027 ipsiusivirginis
3630 2957 3772 3012 festo
3799 2977 3814 3013 :
3840 2959 3910 3012 ad

2317 3025 2590 3099 epito_m_en
2607 3024 2919 3099 redactasic
2935 3041 2997 3080 ea
3014 3028 3285 3099 capressit
3297 3026 3416 3083 Ado
3432 3024 3490 3083 in
3500 3029 3908 3099 Martyrologio:

2319 3097 2473 3169 Apud
2499 3095 2783 3169 Emeritam
2813 3095 2860 3148 Η
2867 3097 3085 3163 ispanite
3109 3097 3366 3152 civitatem
3387 3099 3558 3153 natale
3582 3095 3777 3169 sancta:
3800 3095 3912 3153 Eu-

2318 3168 2716 3242 laliteuirginis,
2739 3182 2995 3242 qu_te_cum
3014 3176 3139 3242 esset
3155 3171 3494 3242 annorumrll’i
3507 3173 3662 3242 jussu
3690 3168 3913 3225 Daciani

2321 3237 2612 3311 pra’sidis'(
2640 3237 2757 3309 lege
2782 3237 3169 3311 Calpurniani,
3213 3254 3371 3308 quem
3408 3237 3611 3296 habent
3647 3251 3765 3297 acta
3802 3242 3908 3296 Da-

2318 3309 2459 3384 ciani
2478 3350 2506 3384 ,Α
2537 3307 2758 3384 ut'rcor,
2792 3307 3056 3384 ministri)
3089 3307 3315 3381 plurima
3343 3319 3600 3366 tormenta
3623 3328 3872 3384 perpessa
3893 3353 3910 3374 .

2321 3381 2592 3454 nouissime
2613 3381 2666 3432 in
2690 3379 2906 3448 equuleo
2945 3379 3228 3454 suspensa,
3262 3391 3309 3434 et
3337 3379 3649 3454 cxungulata
3669 3427 3684 3451 ,
3717 3379 3914 3450 (oculis

2319 3450 2618 3526 ardentibus
2644 3461 2954 3526 enj‘utroque
2977 3450 3435 3526 latereappositis,
3463 3450 3644 3526 Iiausto
3666 3450 3783 3523 igne
3804 3457 3916 3526 spio

2323 3522 2480 3595 ritum
2502 3520 2796 3595 .reddidit;
2825 3529 2878 3595 et
2888 3562 2902 3582 ,
2933 3520 3253 3595 cernentibus
3279 3522 3618 3589 Christianis,
3649 3520 3707 3579 isi
3743 3520 3916 3595 specie

2321 3589 2572 3646 columba:
2601 3591 2759 3645 niueae
2785 3591 2968 3646 coelum
2999 3593 3162 3660 petiit.
3187 3591 3350 3649 Cu'us
3373 3595 3576 3650 beatum
3602 3589 3795 3667 corpus
3822 3613 3919 3664 per

2323 3662 2556 3716 triduum
2600 3663 2749 3718 iussu
2786 3663 3023 3718 nrwsidis
3069 3614 3308 3718 pependit
3351 3667 3408 3718 in
3445 3668 3588 3718 liano
3632 3681 3649 3718 :
3697 3666 3790 3718 sed
3829 3668 3919 3718 cui

3272 3668 3308 3719 it
3351 3667 3408 3720 in
3445 3668 3588 3737 ligno
3632 3681 3649 3718 :
3697 3666 3790 3720 sed
3829 3668 3919 3719 cui

2323 3662 2556 3734 triduum
2596 3663 2749 3732 jussu
2786 3663 3023 3734 praesidis
3067 3680 3227 3734 pepen

2322 3733 2549 3807 humana
2591 3735 2782 3804 fuerint
2822 3733 3073 3807 obsequia
3099 3736 3350 3807 denegata
3375 3777 3392 3803 ,
3437 3733 3663 3793 coelestia
3701 3741 3917 3806 {uerunt

2320 3805 2499 3879 munia
2528 3819 2804 3879 concessa;
2830 3821 2954 3879 nam
2981 3806 3074 3858 nia:
3111 3805 3329 3879 desuper
3360 3824 3544 3879 corpus
3583 3805 3773 3879 puella
3801 3809 3917 3879 ad-

2319 3875 2526 3951 spersit,
2550 3873 2763 3951 utquod
2784 3878 2848 3951 ait
2868 3885 3084 3946 utraque
3105 3873 3250 3951 parte
3271 3873 3534 3951 appositus
3554 3873 3691 3950 ignis
3710 3878 3917 3934 ardoris

2318 3944 2672 4021 autiacendio
2695 3944 3133 4021 con/ingraverat.
3165 3944 3594 4021 nivali'candore'
3607 3959 3916 4021 coapertum

2320 4015 2495 4088 diuina
2517 4017 2686 4088 gratia
2713 4015 2995 4088 dealbaret.
3015 4016 3206 4088 Sicque
3227 4036 3258 4072 a
3302 4019 3608 4074 Christianis
3631 4015 3920 4075 reuerenter

2319 4084 2536 4159 ablata;
2584 4096 2632 4140 et
2668 4084 3138 4159 deuotionedebita
3177 4090 3271 4144 sub
3306 4107 3453 4144 sacro
3480 4090 3640 4144 altari
3676 4093 3921 4159 deposita

2319 4157 2890 4232 miraculqumgloria
2916 4158 3240 4232 illustratur.
3287 4162 3414 4216 llzec
3444 4161 3536 4218 ille
3563 4177 3628 4215 ex
3657 4157 3920 4232 praedicto

2319 4227 2543 4301 Aurelio
2573 4227 2889 4301 Prudentia.
2928 4230 3086 4301 _Audi
3119 4247 3261 4286 nunc
3289 4273 3304 4298 ,
3350 4247 3537 4301 quaeso
3563 4275 3579 4299 ,
3621 4227 3746 4300 qua:
3775 4231 3915 4286 Pru-

2321 4297 2536 4384 dentius
2564 4300 2690 4384 ipse
2734 4301 2804 4356 de
2842 4299 3034 4356 eadem
3069 4297 3312 4377 martyre
3337 4297 3541 4359 scribat
3568 4297 3871 4375 ‘in’bymno
3903 4343 3921 4369 ,

2321 4379 2477 4439 cujus
2507 4379 2716 4426 initium
2747 4386 2797 4439 ξ,

2758 4463 2997 4528 Germine
3020 4463 3198 4528 nobilis
3219 4463 3404 4515 Eulalia
3422 4500 3440 4528 ,

2691 4525 2874 4576 Mentis
2890 4535 2943 4576 et
2963 4527 3126 4578 indole
3150 4527 3383 4586 nobilior.

2696 4586 2965 4650 Emeritam
2989 4602 3126 4638 sacra
3154 4591 3294 4650 virgo
3317 4602 3479 4650 suam,

2696 4649 2843 4714 Cujus
2875 4651 2938 4700 ab
2962 4652 3119 4702 ubere
3141 4649 3403 4714 progenita
3424 4649 3522 4712 est.

2695 4711 2902 4763 Ossibus
2924 4718 3086 4776 ornat,
3110 4711 3278 4763 amore
3304 4713 3439 4764 colit.

2326 4791 2404 4850 De
2431 4794 2694 4866 martyrio
2719 4796 2800 4851 sic
2828 4795 2986 4865 paulo
3015 4794 3244 4850 inferius
3275 4810 3291 4849 :

2758 4884 2865 4936 Nec
2885 4897 3020 4934 mora
3041 4885 3298 4950 carniﬁces
3315 4887 3504 4950 gemini

2697 4946 2884 4997 Juncea
2908 4955 3108 5009 pectora
3129 4946 3406 4998 dilacerant
3434 4963 3447 4999 :

2695 5009 2756 5072 Et
2774 5009 2904 5072 latus
2923 5010 3108 5072 ungula
3130 5013 3432 5071 vlrgineum.

2694 5070 2862 5135 [’ulsat
2885 5070 3156 5135 utrimque,
3183 5070 3234 5123 ei
3260 5073 3319 5121 ad
3343 5083 3452 5122 ossa
3475 5075 3614 5122 secat

2686 5132 2875 5184 Eulalia
2900 5132 3191 5184 numerante
3220 5141 3378 5184 notas.

2317 5243 2552 5298 Rursum
2573 5257 2697 5297 cum
2718 5241 2772 5296 in
2797 5239 3030 5311 equuleo
3053 5239 3251 5310 posita,
3278 5238 3725 5311 lampadibusque
3751 5239 3818 5297 ad
3854 5241 3936 5296 la-

2319 5323 2431 5369 tera
2447 5313 2724 5440 tappti’sétis
2749 5323 2969 5378 exusta,
3018 5326 3149 5384 rogo
3189 5312 3547 5368 nihilominus
3585 5312 3933 5370 circumdata

2318 5399 2441 5442 esse
2472 5425 2487 5442 .
2515 5399 2578 5441 su
2662 5395 2699 5439 tt
2725 5401 2739 5439 :

2757 5496 2973 5546 Flamma
2998 5510 3208 5560 crepans
3230 5496 3365 5547 volat
3387 5497 3435 5545 in
3455 5495 3658 5562 faciem,

2695 5558 2896 5621 Perque
2915 5571 3078 5608 comas
3092 5558 3354 5621 ‘vegetata,
3383 5566 3529 5620 caput

2695 5620 2927 5684 roupat,
2949 5620 3320 5684 exsuperatque
3340 5621 3531 5682 apicem
3551 5633 3567 5670 :

2692 5681 2849 5745 Virgo
2864 5682 3026 5745 eitum
3045 5681 3254 5745 cupiens
3274 5681 3480 5741 obitum,

2695 5743 2920 5810 Appetit,
2941 5748 2997 5796 et
3015 5743 3142 5797 bibit
3165 5757 3255 5796 ore
3278 5757 3473 5806 rogum.

3696 5639 3733 5684 ﬁ
