  <div class='ocr_page' id='page_1' title='image "/cluster/home/n/w/nwhite01/storage/ocr_20150623/31/hvd.32044096580543/236.png"; bbox 0 0 4148 6172; ppageno 0'>
   <div class='ocr_carea' id='block_1_1' title="bbox 353 213 436 272">
    <p class='ocr_par' dir='ltr' id='par_1_1' title="bbox 353 213 436 272">
     <span class='ocr_line' id='line_1_1' title="bbox 353 213 436 272; baseline 0 0"><span class='ocrx_word' id='word_1_1' title='bbox 353 213 436 272; x_wconf 70' lang='grc'><strong>461</strong></span> 
     </span>
    </p>
   </div>
   <div class='ocr_carea' id='block_1_2' title="bbox 353 329 665 390">
    <p class='ocr_par' dir='ltr' id='par_1_2' title="bbox 353 329 665 390">
     <span class='ocr_line' id='line_1_2' title="bbox 353 329 665 390; baseline -0.003 -2"><span class='ocrx_word' id='word_1_2' title='bbox 353 330 407 388; x_wconf 84' lang='grc' dir='ltr'><strong>Δ.</strong></span> <span class='ocrx_word' id='word_1_3' title='bbox 435 329 498 389; x_wconf 85' lang='lat' dir='ltr'><strong>C.</strong></span> <span class='ocrx_word' id='word_1_4' title='bbox 539 331 665 390; x_wconf 79' lang='lat'><strong>508.</strong></span> 
     </span>
    </p>
   </div>
   <div class='ocr_carea' id='block_1_3' title="bbox 1375 214 2584 277">
    <p class='ocr_par' dir='ltr' id='par_1_3' title="bbox 1375 214 2584 277">
     <span class='ocr_line' id='line_1_3' title="bbox 1375 214 2584 277; baseline 0.002 -5"><span class='ocrx_word' id='word_1_5' title='bbox 1375 214 1608 274; x_wconf 75' lang='lat' dir='ltr'><strong>FLAVI]</strong></span> <span class='ocrx_word' id='word_1_6' title='bbox 1643 215 1825 276; x_wconf 81' lang='lat' dir='ltr'><strong>LUC&quot;</strong></span> <span class='ocrx_word' id='word_1_7' title='bbox 1867 217 2128 275; x_wconf 81' lang='lat' dir='ltr'><strong>DEXTRI</strong></span> <span class='ocrx_word' id='word_1_8' title='bbox 2167 217 2584 277; x_wconf 75' lang='lat' dir='ltr'><strong>CHRONICON.</strong></span> 
     </span>
    </p>
   </div>
   <div class='ocr_carea' id='block_1_4' title="bbox 779 329 3630 414">
    <p class='ocr_par' dir='ltr' id='par_1_4' title="bbox 779 329 3630 414">
     <span class='ocr_line' id='line_1_4' title="bbox 779 329 3630 414; baseline 0.006 -26"><span class='ocrx_word' id='word_1_9' title='bbox 779 345 1020 388; x_wconf 76' lang='lat' dir='ltr'><strong>eteorum</strong></span> <span class='ocrx_word' id='word_1_10' title='bbox 1044 329 1254 399; x_wconf 84' lang='lat' dir='ltr'><strong>urbem,</strong></span> <span class='ocrx_word' id='word_1_11' title='bbox 1285 330 1376 388; x_wconf 90' lang='lat' dir='ltr'><strong>ubi</strong></span> <span class='ocrx_word' id='word_1_12' title='bbox 1408 331 1801 402; x_wconf 70' lang='lat' dir='ltr'><strong>praedicaverat</strong></span> <span class='ocrx_word' id='word_1_13' title='bbox 1825 332 1998 403; x_wconf 88' lang='lat' dir='ltr'><strong>prius,</strong></span> <span class='ocrx_word' id='word_1_14' title='bbox 2029 342 2084 392; x_wconf 92' lang='lat' dir='ltr'><strong>et</strong></span> <span class='ocrx_word' id='word_1_15' title='bbox 2109 335 2458 406; x_wconf 79' lang='lat' dir='ltr'><strong>postmodum</strong></span> <span class='ocrx_word' id='word_1_16' title='bbox 2488 336 2805 403; x_wconf 74' lang='lat' dir='ltr'><strong>pmdicavit</strong></span> <span class='ocrx_word' id='word_1_17' title='bbox 2831 352 2848 405; x_wconf 90' lang='lat'><strong>;</strong></span> <span class='ocrx_word' id='word_1_18' title='bbox 2879 348 3272 414; x_wconf 84' lang='lat' dir='ltr'><strong>peragrataque</strong></span> <span class='ocrx_word' id='word_1_19' title='bbox 3295 342 3447 404; x_wconf 81' lang='lat' dir='ltr'><strong>A.R.</strong></span> <span class='ocrx_word' id='word_1_20' title='bbox 3471 347 3630 409; x_wconf 82' lang='lat' dir='ltr'><strong>l059.</strong></span> 
     </span>
    </p>
   </div>
   <div class='ocr_carea' id='block_1_5' title="bbox 3526 229 3633 290">
    <p class='ocr_par' dir='ltr' id='par_1_5' title="bbox 3526 229 3633 290">
     <span class='ocr_line' id='line_1_5' title="bbox 3526 229 3633 290; baseline 0.019 -2"><span class='ocrx_word' id='word_1_21' title='bbox 3526 229 3633 290; x_wconf 70' lang='grc' dir='ltr'><strong>4ὕὲ</strong></span> 
     </span>
    </p>
   </div>
   <div class='ocr_carea' id='block_1_6' title="bbox 769 423 3280 502">
    <p class='ocr_par' dir='ltr' id='par_1_6' title="bbox 769 423 3280 502">
     <span class='ocr_line' id='line_1_6' title="bbox 769 423 3280 502; baseline 0.006 -22"><span class='ocrx_word' id='word_1_22' title='bbox 769 433 882 480; x_wconf 91' lang='lat' dir='ltr'><strong>tota</strong></span> <span class='ocrx_word' id='word_1_23' title='bbox 911 423 1078 480; x_wconf 92' lang='lat' dir='ltr'><strong>ferme</strong></span> <span class='ocrx_word' id='word_1_24' title='bbox 1107 423 1390 494; x_wconf 80' lang='lat' dir='ltr'><strong>Hispania,</strong></span> <span class='ocrx_word' id='word_1_25' title='bbox 1423 425 1710 481; x_wconf 85' lang='lat' dir='ltr'><strong>Martulam</strong></span> <span class='ocrx_word' id='word_1_26' title='bbox 1739 440 2016 494; x_wconf 84' lang='lat' dir='ltr'><strong>reversus,</strong></span> <span class='ocrx_word' id='word_1_27' title='bbox 2046 441 2074 480; x_wconf 91' lang='lat' dir='ltr'><strong>a</strong></span> <span class='ocrx_word' id='word_1_28' title='bbox 2102 427 2329 498; x_wconf 66' lang='lat' dir='ltr'><strong>praefato</strong></span> <span class='ocrx_word' id='word_1_29' title='bbox 2343 428 2525 499; x_wconf 86' lang='lat' dir='ltr'><strong>judice</strong></span> <span class='ocrx_word' id='word_1_30' title='bbox 2538 430 3042 502; x_wconf 68' lang='lat' dir='ltr'><strong>comprehenditur.</strong></span> <span class='ocrx_word' id='word_1_31' title='bbox 3066 433 3280 494; x_wconf 82' lang='lat' dir='ltr'><strong>Deinde</strong></span> 
     </span>
    </p>
   </div>
   <div class='ocr_carea' id='block_1_7' title="bbox 766 518 3280 600">
    <p class='ocr_par' dir='ltr' id='par_1_7' title="bbox 766 518 3280 600">
     <span class='ocr_line' id='line_1_7' title="bbox 766 518 3280 600; baseline 0.004 -24"><span class='ocrx_word' id='word_1_32' title='bbox 766 520 820 576; x_wconf 91' lang='lat' dir='ltr'><strong>in</strong></span> <span class='ocrx_word' id='word_1_33' title='bbox 850 518 1081 588; x_wconf 91' lang='lat' dir='ltr'><strong>equuleo</strong></span> <span class='ocrx_word' id='word_1_34' title='bbox 1108 525 1425 588; x_wconf 74' lang='lat' dir='ltr'><strong>torquetur;</strong></span> <span class='ocrx_word' id='word_1_35' title='bbox 1459 528 1582 589; x_wconf 90' lang='lat' dir='ltr'><strong>post</strong></span> <span class='ocrx_word' id='word_1_36' title='bbox 1627 519 1681 574; x_wconf 92' lang='lat' dir='ltr'><strong>in</strong></span> <span class='ocrx_word' id='word_1_37' title='bbox 1710 533 1986 575; x_wconf 88' lang='lat' dir='ltr'><strong>carcerem</strong></span> <span class='ocrx_word' id='word_1_38' title='bbox 2013 520 2337 590; x_wconf 82' lang='lat' dir='ltr'><strong>conjicitur;</strong></span> <span class='ocrx_word' id='word_1_39' title='bbox 2384 536 2449 578; x_wconf 89' lang='lat' dir='ltr'><strong>ac</strong></span> <span class='ocrx_word' id='word_1_40' title='bbox 2485 521 2681 580; x_wconf 89' lang='lat' dir='ltr'><strong>deinde</strong></span> <span class='ocrx_word' id='word_1_41' title='bbox 2719 524 2943 580; x_wconf 88' lang='lat' dir='ltr'><strong>suborto</strong></span> <span class='ocrx_word' id='word_1_42' title='bbox 2985 527 3134 597; x_wconf 89' lang='lat' dir='ltr'><strong>gravi</strong></span> <span class='ocrx_word' id='word_1_43' title='bbox 3181 543 3280 600; x_wconf 91' lang='lat' dir='ltr'><strong>per</strong></span> 
     </span>
    </p>
   </div>
   <div class='ocr_carea' id='block_1_8' title="bbox 766 613 3278 686">
    <p class='ocr_par' dir='ltr' id='par_1_8' title="bbox 766 613 3278 686">
     <span class='ocr_line' id='line_1_8' title="bbox 766 613 3278 686; baseline 0.004 -17"><span class='ocrx_word' id='word_1_44' title='bbox 766 615 952 670; x_wconf 86' lang='lat' dir='ltr'><strong>urbem</strong></span> <span class='ocrx_word' id='word_1_45' title='bbox 977 621 1308 681; x_wconf 86' lang='lat' dir='ltr'><strong>terraemotu,</strong></span> <span class='ocrx_word' id='word_1_46' title='bbox 1341 613 1547 684; x_wconf 88' lang='lat' dir='ltr'><strong>pariete</strong></span> <span class='ocrx_word' id='word_1_47' title='bbox 1567 623 1856 670; x_wconf 89' lang='lat' dir='ltr'><strong>corrueute</strong></span> <span class='ocrx_word' id='word_1_48' title='bbox 1889 613 2194 672; x_wconf 80' lang='lat' dir='ltr'><strong>Marcianus</strong></span> <span class='ocrx_word' id='word_1_49' title='bbox 2212 613 2552 686; x_wconf 74' lang='lat' dir='ltr'><strong>deprimitur.</strong></span> <span class='ocrx_word' id='word_1_50' title='bbox 2589 617 2794 674; x_wconf 85' lang='lat' dir='ltr'><strong>Deinde</strong></span> <span class='ocrx_word' id='word_1_51' title='bbox 2825 628 3045 677; x_wconf 90' lang='lat' dir='ltr'><strong>sanctus</strong></span> <span class='ocrx_word' id='word_1_52' title='bbox 3063 621 3278 679; x_wconf 89' lang='lat' dir='ltr'><strong>Bricius</strong></span> 
     </span>
    </p>
   </div>
   <div class='ocr_carea' id='block_1_9' title="bbox 762 705 3271 781">
    <p class='ocr_par' dir='ltr' id='par_1_9' title="bbox 762 705 3271 781">
     <span class='ocr_line' id='line_1_9' title="bbox 762 705 3271 781; baseline 0.004 -18"><span class='ocrx_word' id='word_1_53' title='bbox 762 721 794 763; x_wconf 89' lang='lat' dir='ltr'><strong>a</strong></span> <span class='ocrx_word' id='word_1_54' title='bbox 821 706 986 762; x_wconf 86' lang='lat' dir='ltr'><strong>Petro</strong></span> <span class='ocrx_word' id='word_1_55' title='bbox 1015 705 1253 776; x_wconf 85' lang='lat' dir='ltr'><strong>(quidam</strong></span> <span class='ocrx_word' id='word_1_56' title='bbox 1284 705 1496 778; x_wconf 86' lang='lat' dir='ltr'><strong>putant)</strong></span> <span class='ocrx_word' id='word_1_57' title='bbox 1521 705 1781 778; x_wconf 87' lang='lat' dir='ltr'><strong>episcopo</strong></span> <span class='ocrx_word' id='word_1_58' title='bbox 1806 707 2144 776; x_wconf 88' lang='lat' dir='ltr'><strong>Bracarensi,</strong></span> <span class='ocrx_word' id='word_1_59' title='bbox 2175 717 2232 764; x_wconf 90' lang='lat' dir='ltr'><strong>et</strong></span> <span class='ocrx_word' id='word_1_60' title='bbox 2256 708 2326 764; x_wconf 89' lang='lat' dir='ltr'><strong>ab</strong></span> <span class='ocrx_word' id='word_1_61' title='bbox 2355 709 2548 781; x_wconf 88' lang='lat' dir='ltr'><strong>angelo</strong></span> <span class='ocrx_word' id='word_1_62' title='bbox 2574 709 2926 778; x_wconf 78' lang='lat' dir='ltr'><strong>exhilaratus,</strong></span> <span class='ocrx_word' id='word_1_63' title='bbox 2954 728 2987 769; x_wconf 91' lang='lat' dir='ltr'><strong>a</strong></span> <span class='ocrx_word' id='word_1_64' title='bbox 3024 716 3271 773; x_wconf 88' lang='lat' dir='ltr'><strong>custodia</strong></span> 
     </span>
    </p>
   </div>
   <div class='ocr_carea' id='block_1_10' title="bbox 760 797 3274 873">
    <p class='ocr_par' dir='ltr' id='par_1_10' title="bbox 760 797 3274 873">
     <span class='ocr_line' id='line_1_10' title="bbox 760 797 3274 873; baseline 0.006 -19"><span class='ocrx_word' id='word_1_65' title='bbox 760 798 974 870; x_wconf 89' lang='lat' dir='ltr'><strong>publica</strong></span> <span class='ocrx_word' id='word_1_66' title='bbox 1004 797 1293 864; x_wconf 89' lang='lat' dir='ltr'><strong>educitur;</strong></span> <span class='ocrx_word' id='word_1_67' title='bbox 1329 797 1596 872; x_wconf 79' lang='lat' dir='ltr'><strong>longeque</strong></span> <span class='ocrx_word' id='word_1_68' title='bbox 1626 815 1690 857; x_wconf 89' lang='lat' dir='ltr'><strong>ac</strong></span> <span class='ocrx_word' id='word_1_69' title='bbox 1733 802 1840 858; x_wconf 91' lang='lat' dir='ltr'><strong>late</strong></span> <span class='ocrx_word' id='word_1_70' title='bbox 1870 816 1967 871; x_wconf 91' lang='lat' dir='ltr'><strong>per</strong></span> <span class='ocrx_word' id='word_1_71' title='bbox 1995 802 2248 859; x_wconf 75' lang='lat' dir='ltr'><strong>Baeticam</strong></span> <span class='ocrx_word' id='word_1_72' title='bbox 2271 843 2286 870; x_wconf 93' lang='lat'><strong>,</strong></span> <span class='ocrx_word' id='word_1_73' title='bbox 2319 801 2685 873; x_wconf 78' lang='lat' dir='ltr'><strong>Lusitaniam,</strong></span> <span class='ocrx_word' id='word_1_74' title='bbox 2721 814 2779 861; x_wconf 90' lang='lat' dir='ltr'><strong>et</strong></span> <span class='ocrx_word' id='word_1_75' title='bbox 2811 806 3274 869; x_wconf 82' lang='lat' dir='ltr'><strong>Terraconensem</strong></span> 
     </span>
    </p>
   </div>
   <div class='ocr_carea' id='block_1_11' title="bbox 763 888 3281 970">
    <p class='ocr_par' dir='ltr' id='par_1_11' title="bbox 763 888 3281 970">
     <span class='ocr_line' id='line_1_11' title="bbox 763 888 3281 970; baseline 0.007 -25"><span class='ocrx_word' id='word_1_76' title='bbox 763 888 1090 961; x_wconf 67' lang='lat' dir='ltr'><strong>praedicans,</strong></span> <span class='ocrx_word' id='word_1_77' title='bbox 1114 890 1183 946; x_wconf 90' lang='lat' dir='ltr'><strong>ad</strong></span> <span class='ocrx_word' id='word_1_78' title='bbox 1210 906 1368 948; x_wconf 89' lang='lat' dir='ltr'><strong>suam</strong></span> <span class='ocrx_word' id='word_1_79' title='bbox 1397 893 1585 948; x_wconf 90' lang='lat' dir='ltr'><strong>urbem</strong></span> <span class='ocrx_word' id='word_1_80' title='bbox 1613 907 1889 962; x_wconf 79' lang='lat' dir='ltr'><strong>reversus,</strong></span> <span class='ocrx_word' id='word_1_81' title='bbox 1914 893 2149 965; x_wconf 86' lang='lat' dir='ltr'><strong>septimo</strong></span> <span class='ocrx_word' id='word_1_82' title='bbox 2176 894 2301 952; x_wconf 83' lang='lat' dir='ltr'><strong>idus</strong></span> <span class='ocrx_word' id='word_1_83' title='bbox 2323 895 2451 953; x_wconf 82' lang='lat' dir='ltr'><strong>Julii</strong></span> <span class='ocrx_word' id='word_1_84' title='bbox 2481 899 2675 968; x_wconf 88' lang='lat' dir='ltr'><strong>plenus</strong></span> <span class='ocrx_word' id='word_1_85' title='bbox 2704 898 2950 970; x_wconf 91' lang='lat' dir='ltr'><strong>dierum,</strong></span> <span class='ocrx_word' id='word_1_86' title='bbox 2982 910 3039 958; x_wconf 87' lang='lat' dir='ltr'><strong>et</strong></span> <span class='ocrx_word' id='word_1_87' title='bbox 3062 917 3281 962; x_wconf 87' lang='lat' dir='ltr'><strong>sancto-</strong></span> 
     </span>
    </p>
   </div>
   <div class='ocr_carea' id='block_1_12' title="bbox 760 983 3281 1064">
    <p class='ocr_par' dir='ltr' id='par_1_12' title="bbox 760 983 3281 1064">
     <span class='ocr_line' id='line_1_12' title="bbox 760 983 3281 1064; baseline 0.008 -26"><span class='ocrx_word' id='word_1_88' title='bbox 760 999 876 1038; x_wconf 88' lang='lat' dir='ltr'><strong>rum</strong></span> <span class='ocrx_word' id='word_1_89' title='bbox 907 998 1134 1054; x_wconf 90' lang='lat' dir='ltr'><strong>operum</strong></span> <span class='ocrx_word' id='word_1_90' title='bbox 1177 983 1246 1039; x_wconf 93' lang='lat' dir='ltr'><strong>ad</strong></span> <span class='ocrx_word' id='word_1_91' title='bbox 1284 984 1483 1042; x_wconf 66' lang='lat' dir='ltr'><strong>celum</strong></span> <span class='ocrx_word' id='word_1_92' title='bbox 1517 987 1690 1042; x_wconf 75' lang='lat' dir='ltr'><strong>victor</strong></span> <span class='ocrx_word' id='word_1_93' title='bbox 1716 987 2040 1058; x_wconf 87' lang='lat' dir='ltr'><strong>commigrat</strong></span> <span class='ocrx_word' id='word_1_94' title='bbox 2081 1005 2093 1041; x_wconf 91' lang='lat'>:</span> <span class='ocrx_word' id='word_1_95' title='bbox 2142 999 2492 1062; x_wconf 86' lang='lat' dir='ltr'><strong>astantesque</strong></span> <span class='ocrx_word' id='word_1_96' title='bbox 2534 991 2864 1049; x_wconf 85' lang='lat' dir='ltr'><strong>confirmant</strong></span> <span class='ocrx_word' id='word_1_97' title='bbox 2891 995 3012 1064; x_wconf 86' lang='lat' dir='ltr'><strong>ejus</strong></span> <span class='ocrx_word' id='word_1_98' title='bbox 3044 999 3281 1057; x_wconf 87' lang='lat' dir='ltr'><strong>animam</strong></span> 
     </span>
    </p>
   </div>
   <div class='ocr_carea' id='block_1_13' title="bbox 758 1077 3024 1158">
    <p class='ocr_par' dir='ltr' id='par_1_13' title="bbox 758 1077 3024 1158">
     <span class='ocr_line' id='line_1_13' title="bbox 758 1077 3024 1158; baseline 0.007 -27"><span class='ocrx_word' id='word_1_99' title='bbox 758 1078 928 1132; x_wconf 89' lang='lat' dir='ltr'><strong>instar</strong></span> <span class='ocrx_word' id='word_1_100' title='bbox 955 1077 1357 1134; x_wconf 57' lang='lat' dir='ltr'><strong>candidissima;</strong></span> <span class='ocrx_word' id='word_1_101' title='bbox 1385 1080 1654 1138; x_wconf 77' lang='lat' dir='ltr'><strong>columba:</strong></span> <span class='ocrx_word' id='word_1_102' title='bbox 1682 1083 2062 1154; x_wconf 79' lang='lat' dir='ltr'><strong>pulcherrimis</strong></span> <span class='ocrx_word' id='word_1_103' title='bbox 2091 1087 2303 1144; x_wconf 89' lang='lat' dir='ltr'><strong>meritis</strong></span> <span class='ocrx_word' id='word_1_104' title='bbox 2338 1087 2723 1158; x_wconf 89' lang='lat' dir='ltr'><strong>locupletatam</strong></span> <span class='ocrx_word' id='word_1_105' title='bbox 2752 1091 3024 1149; x_wconf 80' lang='lat' dir='ltr'><strong>evolasse.</strong></span> 
     </span>
    </p>
   </div>
   <div class='ocr_carea' id='block_1_14' title="bbox 689 1171 3282 1256">
    <p class='ocr_par' dir='ltr' id='par_1_14' title="bbox 689 1171 3282 1256">
     <span class='ocr_line' id='line_1_14' title="bbox 689 1171 3282 1256; baseline 0.007 -26"><span class='ocrx_word' id='word_1_106' title='bbox 689 1171 872 1244; x_wconf 75' lang='lat' dir='ltr'><strong>Serpa:</strong></span> <span class='ocrx_word' id='word_1_107' title='bbox 904 1175 956 1227; x_wconf 91' lang='lat' dir='ltr'><strong>in</strong></span> <span class='ocrx_word' id='word_1_108' title='bbox 1003 1172 1199 1230; x_wconf 67' lang='lat' dir='ltr'><strong>Baetica</strong></span> <span class='ocrx_word' id='word_1_109' title='bbox 1237 1171 1434 1230; x_wconf 92' lang='lat' dir='ltr'><strong>ﬂorent</strong></span> <span class='ocrx_word' id='word_1_110' title='bbox 1471 1177 1647 1232; x_wconf 85' lang='lat' dir='ltr'><strong>sancti</strong></span> <span class='ocrx_word' id='word_1_111' title='bbox 1691 1188 1964 1248; x_wconf 88' lang='lat' dir='ltr'><strong>martyres</strong></span> <span class='ocrx_word' id='word_1_112' title='bbox 1992 1177 2289 1246; x_wconf 88' lang='lat' dir='ltr'><strong>Proculus,</strong></span> <span class='ocrx_word' id='word_1_113' title='bbox 2323 1190 2379 1236; x_wconf 91' lang='lat' dir='ltr'><strong>et</strong></span> <span class='ocrx_word' id='word_1_114' title='bbox 2421 1181 2697 1247; x_wconf 85' lang='lat' dir='ltr'><strong>Hilarion,</strong></span> <span class='ocrx_word' id='word_1_115' title='bbox 2727 1199 2866 1256; x_wconf 83' lang='lat' dir='ltr'><strong>quos</strong></span> <span class='ocrx_word' id='word_1_116' title='bbox 2902 1187 3067 1242; x_wconf 90' lang='lat' dir='ltr'><strong>etiam</strong></span> <span class='ocrx_word' id='word_1_117' title='bbox 3105 1188 3282 1247; x_wconf 70' lang='lat' dir='ltr'><strong>Cratci</strong></span> 
     </span>
    </p>
   </div>
   <div class='ocr_carea' id='block_1_15' title="bbox 758 1267 3280 1352">
    <p class='ocr_par' dir='ltr' id='par_1_15' title="bbox 758 1267 3280 1352">
     <span class='ocr_line' id='line_1_15' title="bbox 758 1267 3280 1352; baseline 0.006 -29"><span class='ocrx_word' id='word_1_118' title='bbox 758 1267 1042 1323; x_wconf 91' lang='lat' dir='ltr'><strong>celebrant</strong></span> <span class='ocrx_word' id='word_1_119' title='bbox 1065 1267 1134 1324; x_wconf 92' lang='lat' dir='ltr'><strong>ob</strong></span> <span class='ocrx_word' id='word_1_120' title='bbox 1164 1269 1468 1324; x_wconf 86' lang='lat' dir='ltr'><strong>sanctitatis</strong></span> <span class='ocrx_word' id='word_1_121' title='bbox 1487 1269 1757 1340; x_wconf 83' lang='lat' dir='ltr'><strong>gloriam;</strong></span> <span class='ocrx_word' id='word_1_122' title='bbox 1781 1273 1871 1341; x_wconf 87' lang='lat' dir='ltr'><strong>qui</strong></span> <span class='ocrx_word' id='word_1_123' title='bbox 1902 1270 2006 1326; x_wconf 89' lang='lat' dir='ltr'><strong>sub</strong></span> <span class='ocrx_word' id='word_1_124' title='bbox 2027 1270 2264 1342; x_wconf 86' lang='lat' dir='ltr'><strong>Trajano</strong></span> <span class='ocrx_word' id='word_1_125' title='bbox 2291 1273 2646 1344; x_wconf 85' lang='lat' dir='ltr'><strong>imperatore,</strong></span> <span class='ocrx_word' id='word_1_126' title='bbox 2677 1275 2748 1331; x_wconf 75' lang='grc' dir='ltr'><strong>Μ.</strong></span> <span class='ocrx_word' id='word_1_127' title='bbox 2773 1279 3001 1335; x_wconf 87' lang='lat' dir='ltr'><strong>Aurelio</strong></span> <span class='ocrx_word' id='word_1_128' title='bbox 3027 1283 3280 1352; x_wconf 57' lang='lat' dir='ltr'><strong>praeside,</strong></span> 
     </span>
    </p>
   </div>
   <div class='ocr_carea' id='block_1_16' title="bbox 763 1362 3286 1439">
    <p class='ocr_par' dir='ltr' id='par_1_16' title="bbox 763 1362 3286 1439">
     <span class='ocr_line' id='line_1_16' title="bbox 763 1362 3286 1439; baseline 0.006 -21"><span class='ocrx_word' id='word_1_129' title='bbox 763 1365 908 1435; x_wconf 89' lang='lat' dir='ltr'><strong>passi</strong></span> <span class='ocrx_word' id='word_1_130' title='bbox 950 1362 1402 1419; x_wconf 88' lang='lat' dir='ltr'><strong>sunt.&#39;Proculus</strong></span> <span class='ocrx_word' id='word_1_131' title='bbox 1440 1365 1618 1434; x_wconf 89' lang='lat' dir='ltr'><strong>primo</strong></span> <span class='ocrx_word' id='word_1_132' title='bbox 1667 1364 1876 1420; x_wconf 90' lang='lat' dir='ltr'><strong>facibus</strong></span> <span class='ocrx_word' id='word_1_133' title='bbox 1923 1365 1976 1419; x_wconf 92' lang='lat' dir='ltr'><strong>in</strong></span> <span class='ocrx_word' id='word_1_134' title='bbox 2020 1363 2266 1422; x_wconf 89' lang='lat' dir='ltr'><strong>humeris</strong></span> <span class='ocrx_word' id='word_1_135' title='bbox 2301 1376 2356 1423; x_wconf 92' lang='lat' dir='ltr'><strong>et</strong></span> <span class='ocrx_word' id='word_1_136' title='bbox 2391 1379 2578 1424; x_wconf 84' lang='lat' dir='ltr'><strong>ventre</strong></span> <span class='ocrx_word' id='word_1_137' title='bbox 2615 1369 2886 1439; x_wconf 88' lang='lat' dir='ltr'><strong>aduritur,</strong></span> <span class='ocrx_word' id='word_1_138' title='bbox 2925 1372 3124 1430; x_wconf 89' lang='lat' dir='ltr'><strong>deinde</strong></span> <span class='ocrx_word' id='word_1_139' title='bbox 3161 1378 3286 1434; x_wconf 88' lang='lat' dir='ltr'><strong>telis</strong></span> 
     </span>
    </p>
   </div>
   <div class='ocr_carea' id='block_1_17' title="bbox 766 1454 3285 1538">
    <p class='ocr_par' dir='ltr' id='par_1_17' title="bbox 766 1454 3285 1538">
     <span class='ocr_line' id='line_1_17' title="bbox 766 1454 3285 1538; baseline 0.006 -28"><span class='ocrx_word' id='word_1_140' title='bbox 766 1455 1144 1526; x_wconf 87' lang='lat' dir='ltr'><strong>frequentibus</strong></span> <span class='ocrx_word' id='word_1_141' title='bbox 1171 1455 1492 1510; x_wconf 85' lang='lat' dir='ltr'><strong>vulneratus</strong></span> <span class='ocrx_word' id='word_1_142' title='bbox 1519 1454 1688 1520; x_wconf 89' lang='lat' dir='ltr'><strong>obiit;</strong></span> <span class='ocrx_word' id='word_1_143' title='bbox 1721 1455 1966 1510; x_wconf 86' lang='lat' dir='ltr'><strong>llilariou</strong></span> <span class='ocrx_word' id='word_1_144' title='bbox 2000 1469 2135 1512; x_wconf 86' lang='lat' dir='ltr'><strong>vero</strong></span> <span class='ocrx_word' id='word_1_145' title='bbox 2165 1464 2288 1527; x_wconf 89' lang='lat' dir='ltr'><strong>post</strong></span> <span class='ocrx_word' id='word_1_146' title='bbox 2315 1458 2494 1515; x_wconf 90' lang='lat' dir='ltr'><strong>varios</strong></span> <span class='ocrx_word' id='word_1_147' title='bbox 2522 1463 2823 1531; x_wconf 88' lang='lat' dir='ltr'><strong>cruciatus,</strong></span> <span class='ocrx_word' id='word_1_148' title='bbox 2849 1463 3068 1521; x_wconf 88' lang='lat' dir='ltr'><strong>tandem</strong></span> <span class='ocrx_word' id='word_1_149' title='bbox 3088 1467 3285 1538; x_wconf 86' lang='lat' dir='ltr'><strong>capitis</strong></span> 
     </span>
    </p>
   </div>
   <div class='ocr_carea' id='block_1_18' title="bbox 759 1549 1884 1620">
    <p class='ocr_par' dir='ltr' id='par_1_18' title="bbox 759 1549 1884 1620">
     <span class='ocr_line' id='line_1_18' title="bbox 759 1549 1884 1620; baseline 0 -16"><span class='ocrx_word' id='word_1_150' title='bbox 759 1549 1096 1606; x_wconf 85' lang='lat' dir='ltr'><strong>abscissione</strong></span> <span class='ocrx_word' id='word_1_151' title='bbox 1120 1549 1443 1620; x_wconf 83' lang='lat' dir='ltr'><strong>martyrium</strong></span> <span class='ocrx_word' id='word_1_152' title='bbox 1467 1550 1884 1606; x_wconf 85' lang='lat' dir='ltr'><strong>consummavit.</strong></span> 
     </span>
    </p>
   </div>
   <div class='ocr_carea' id='block_1_19' title="bbox 691 1642 3286 1723">
    <p class='ocr_par' dir='ltr' id='par_1_19' title="bbox 691 1642 3286 1723">
     <span class='ocr_line' id='line_1_19' title="bbox 691 1642 3286 1723; baseline 0.005 -24"><span class='ocrx_word' id='word_1_153' title='bbox 691 1643 749 1699; x_wconf 83' lang='lat' dir='ltr'><strong>In</strong></span> <span class='ocrx_word' id='word_1_154' title='bbox 780 1643 1056 1700; x_wconf 88' lang='lat' dir='ltr'><strong>Lusitania</strong></span> <span class='ocrx_word' id='word_1_155' title='bbox 1096 1643 1318 1700; x_wconf 83' lang='lat' dir='ltr'><strong>civitate</strong></span> <span class='ocrx_word' id='word_1_156' title='bbox 1349 1642 1618 1714; x_wconf 90' lang='lat' dir='ltr'><strong>Callensi,</strong></span> <span class='ocrx_word' id='word_1_157' title='bbox 1657 1661 1777 1716; x_wconf 66' lang='lat' dir='ltr'><strong>quas</strong></span> <span class='ocrx_word' id='word_1_158' title='bbox 1815 1661 1984 1718; x_wconf 90' lang='lat' dir='ltr'><strong>prope</strong></span> <span class='ocrx_word' id='word_1_159' title='bbox 2030 1647 2367 1706; x_wconf 67' lang='lat' dir='ltr'><strong>Castralaalia</strong></span> <span class='ocrx_word' id='word_1_160' title='bbox 2413 1649 2517 1706; x_wconf 84' lang='lat' dir='ltr'><strong>sita</strong></span> <span class='ocrx_word' id='word_1_161' title='bbox 2552 1658 2667 1718; x_wconf 89' lang='lat' dir='ltr'><strong>est,</strong></span> <span class='ocrx_word' id='word_1_162' title='bbox 2711 1661 2899 1706; x_wconf 87' lang='lat' dir='ltr'><strong>sancta</strong></span> <span class='ocrx_word' id='word_1_163' title='bbox 2931 1649 3286 1723; x_wconf 86' lang='lat' dir='ltr'><strong>Uvilgefortis</strong></span> 
     </span>
    </p>
   </div>
   <div class='ocr_carea' id='block_1_20' title="bbox 765 1734 2045 1808">
    <p class='ocr_par' dir='ltr' id='par_1_20' title="bbox 765 1734 2045 1808">
     <span class='ocr_line' id='line_1_20' title="bbox 765 1734 2045 1808; baseline 0.003 -19"><span class='ocrx_word' id='word_1_164' title='bbox 765 1734 946 1803; x_wconf 91' lang='lat' dir='ltr'><strong>ﬂoret,</strong></span> <span class='ocrx_word' id='word_1_165' title='bbox 977 1749 1078 1807; x_wconf 92' lang='lat' dir='ltr'><strong>pro</strong></span> <span class='ocrx_word' id='word_1_166' title='bbox 1109 1734 1218 1792; x_wconf 86' lang='lat' dir='ltr'><strong>fide</strong></span> <span class='ocrx_word' id='word_1_167' title='bbox 1243 1743 1298 1792; x_wconf 91' lang='lat' dir='ltr'><strong>et</strong></span> <span class='ocrx_word' id='word_1_168' title='bbox 1325 1737 1584 1804; x_wconf 87' lang='lat' dir='ltr'><strong>pudicitia</strong></span> <span class='ocrx_word' id='word_1_169' title='bbox 1610 1747 1840 1794; x_wconf 90' lang='lat' dir='ltr'><strong>mortem</strong></span> <span class='ocrx_word' id='word_1_170' title='bbox 1867 1752 2045 1808; x_wconf 84' lang='lat' dir='ltr'><strong>passa.</strong></span> 
     </span>
    </p>
   </div>
   <div class='ocr_carea' id='block_1_21' title="bbox 695 1825 3019 1910">
    <p class='ocr_par' dir='ltr' id='par_1_21' title="bbox 695 1825 3019 1910">
     <span class='ocr_line' id='line_1_21' title="bbox 695 1825 3019 1910; baseline 0.003 -27"><span class='ocrx_word' id='word_1_171' title='bbox 695 1825 998 1897; x_wconf 84' lang='lat' dir='ltr'><strong>Urgabonae</strong></span> <span class='ocrx_word' id='word_1_172' title='bbox 1027 1827 1080 1882; x_wconf 93' lang='lat' dir='ltr'><strong>in</strong></span> <span class='ocrx_word' id='word_1_173' title='bbox 1109 1825 1309 1882; x_wconf 60' lang='lat' dir='ltr'><strong>Baetica</strong></span> <span class='ocrx_word' id='word_1_174' title='bbox 1341 1827 1442 1883; x_wconf 87' lang='lat' dir='ltr'><strong>sub</strong></span> <span class='ocrx_word' id='word_1_175' title='bbox 1470 1828 1702 1898; x_wconf 64' lang='lat' dir='ltr'><strong>praiside</strong></span> <span class='ocrx_word' id='word_1_176' title='bbox 1731 1829 1967 1888; x_wconf 89' lang='lat' dir='ltr'><strong>Daciano</strong></span> <span class='ocrx_word' id='word_1_177' title='bbox 1999 1830 2249 1888; x_wconf 88' lang='lat' dir='ltr'><strong>Bonosus</strong></span> <span class='ocrx_word' id='word_1_178' title='bbox 2284 1843 2340 1890; x_wconf 94' lang='lat' dir='ltr'><strong>et</strong></span> <span class='ocrx_word' id='word_1_179' title='bbox 2371 1833 2700 1892; x_wconf 72' lang='lat' dir='ltr'><strong>Maximinus</strong></span> <span class='ocrx_word' id='word_1_180' title='bbox 2728 1844 3019 1910; x_wconf 84' lang='lat' dir='ltr'><strong>martyres.</strong></span> 
     </span>
    </p>
   </div>
   <div class='ocr_carea' id='block_1_22' title="bbox 695 1917 3281 2000">
    <p class='ocr_par' dir='ltr' id='par_1_22' title="bbox 695 1917 3281 2000">
     <span class='ocr_line' id='line_1_22' title="bbox 695 1917 3281 2000; baseline 0.008 -26"><span class='ocrx_word' id='word_1_181' title='bbox 695 1918 1023 1991; x_wconf 76' lang='lat' dir='ltr'><strong>Carthagine</strong></span> <span class='ocrx_word' id='word_1_182' title='bbox 1053 1917 1331 1988; x_wconf 90' lang='lat' dir='ltr'><strong>Spartaria</strong></span> <span class='ocrx_word' id='word_1_183' title='bbox 1363 1919 1466 1975; x_wconf 89' lang='lat' dir='ltr'><strong>sub</strong></span> <span class='ocrx_word' id='word_1_184' title='bbox 1494 1921 1758 1992; x_wconf 88' lang='lat' dir='ltr'><strong>Daciano,</strong></span> <span class='ocrx_word' id='word_1_185' title='bbox 1787 1923 2022 1995; x_wconf 58' lang='lat' dir='ltr'><strong>praeside</strong></span> <span class='ocrx_word' id='word_1_186' title='bbox 2063 1925 2337 1998; x_wconf 76' lang='lat' dir='ltr'><strong>Hispania:</strong></span> <span class='ocrx_word' id='word_1_187' title='bbox 2376 1938 2430 1984; x_wconf 92' lang='lat' dir='ltr'><strong>et</strong></span> <span class='ocrx_word' id='word_1_188' title='bbox 2459 1927 2758 1986; x_wconf 89' lang='lat' dir='ltr'><strong>Galliarum</strong></span> <span class='ocrx_word' id='word_1_189' title='bbox 2784 1971 2802 2000; x_wconf 87' lang='lat'><strong>,</strong></span> <span class='ocrx_word' id='word_1_190' title='bbox 2840 1940 3044 1990; x_wconf 67' lang='lat' dir='ltr'><strong>sanctae</strong></span> <span class='ocrx_word' id='word_1_191' title='bbox 3078 1933 3281 1994; x_wconf 87' lang='lat' dir='ltr'><strong>Christi</strong></span> 
     </span>
    </p>
   </div>
   <div class='ocr_carea' id='block_1_23' title="bbox 1548 2059 2416 2126">
    <p class='ocr_par' dir='ltr' id='par_1_23' title="bbox 1548 2059 2416 2126">
     <span class='ocr_line' id='line_1_23' title="bbox 1548 2059 2416 2126; baseline 0.008 -10"><span class='ocrx_word' id='word_1_192' title='bbox 1548 2059 1807 2119; x_wconf 75' lang='lat' dir='ltr'><strong>BIVARII</strong></span> <span class='ocrx_word' id='word_1_193' title='bbox 1844 2063 2416 2126; x_wconf 77' lang='lat' dir='ltr'><strong>COMMENTARIUS.</strong></span> 
     </span>
    </p>
   </div>
   <div class='ocr_carea' id='block_1_24' title="bbox 333 2169 3646 2252">
    <p class='ocr_par' dir='ltr' id='par_1_24' title="bbox 333 2169 3646 2252">
     <span class='ocr_line' id='line_1_24' title="bbox 333 2169 3646 2252; baseline 0.005 -19"><span class='ocrx_word' id='word_1_194' title='bbox 333 2173 694 2252; x_wconf 68' lang='lat' dir='ltr'><strong>multitudines</strong></span> <span class='ocrx_word' id='word_1_195' title='bbox 723 2171 1067 2252; x_wconf 68' lang='lat' dir='ltr'><strong>omnipotenti</strong></span> <span class='ocrx_word' id='word_1_196' title='bbox 1095 2169 1231 2252; x_wconf 84' lang='lat' dir='ltr'><strong>_Deo</strong></span> <span class='ocrx_word' id='word_1_197' title='bbox 1258 2172 1627 2252; x_wconf 38' lang='grc' dir='ltr'><strong>Ιιιιενξῖιιᾴρξηε.ἱ</strong></span> <span class='ocrx_word' id='word_1_198' title='bbox 1650 2175 1846 2252; x_wconf 81' lang='lat' dir='ltr'><strong>quievit</strong></span> <span class='ocrx_word' id='word_1_199' title='bbox 1886 2177 1941 2232; x_wconf 88' lang='lat' dir='ltr'><strong>in</strong></span> <span class='ocrx_word' id='word_1_200' title='bbox 1968 2184 2020 2240; x_wconf 76' lang='grc' dir='ltr'><strong>Α</strong></span> <span class='ocrx_word' id='word_1_201' title='bbox 2048 2179 2267 2252; x_wconf 63' lang='grc' dir='ltr'><strong>βαθείῃ-ε</strong></span> <span class='ocrx_word' id='word_1_202' title='bbox 2295 2182 2569 2252; x_wconf 84' lang='lat' dir='ltr'><strong>recepisse</strong></span> <span class='ocrx_word' id='word_1_203' title='bbox 2585 2193 2796 2238; x_wconf 87' lang='lat' dir='ltr'><strong>certum</strong></span> <span class='ocrx_word' id='word_1_204' title='bbox 2818 2197 2883 2238; x_wconf 91' lang='lat' dir='ltr'><strong>ac</strong></span> <span class='ocrx_word' id='word_1_205' title='bbox 2909 2193 3102 2239; x_wconf 88' lang='lat' dir='ltr'><strong>notum</strong></span> <span class='ocrx_word' id='word_1_206' title='bbox 3123 2194 3234 2252; x_wconf 90' lang='lat' dir='ltr'><strong>est;</strong></span> <span class='ocrx_word' id='word_1_207' title='bbox 3259 2195 3314 2242; x_wconf 88' lang='lat' dir='ltr'><strong>et</strong></span> <span class='ocrx_word' id='word_1_208' title='bbox 3337 2187 3646 2248; x_wconf 86' lang='lat' dir='ltr'><strong>observavit</strong></span> 
     </span>
    </p>
   </div>
   <div class='ocr_carea' id='block_1_25' title="bbox 332 2243 3644 2325">
    <p class='ocr_par' dir='ltr' id='par_1_25' title="bbox 332 2243 3644 2325">
     <span class='ocr_line' id='line_1_25' title="bbox 332 2243 3644 2325; baseline 0.005 -26"><span class='ocrx_word' id='word_1_209' title='bbox 332 2264 480 2325; x_wconf 60' lang='lat' dir='ltr'><strong>pace.</strong></span> <span class='ocrx_word' id='word_1_210' title='bbox 505 2243 1492 2325; x_wconf 42' lang='lat' dir='ltr'><strong>Roman.Martyrologium-eximimit</strong></span> <span class='ocrx_word' id='word_1_211' title='bbox 1512 2243 1714 2325; x_wconf 75' lang='lat' dir='ltr'><strong>judicia</strong></span> <span class='ocrx_word' id='word_1_212' title='bbox 1738 2261 1938 2325; x_wconf 61' lang='lat' dir='ltr'><strong>nomen</strong></span> <span class='ocrx_word' id='word_1_213' title='bbox 2047 2251 2284 2325; x_wconf 43' lang='grc' dir='ltr'><strong>μοι-διες.</strong></span> <span class='ocrx_word' id='word_1_214' title='bbox 2308 2251 2401 2305; x_wconf 90' lang='lat' dir='ltr'><strong>lib.</strong></span> <span class='ocrx_word' id='word_1_215' title='bbox 2425 2243 2652 2325; x_wconf 40' lang='grc' dir='ltr'><strong>ᾔνεον.</strong></span> <span class='ocrx_word' id='word_1_216' title='bbox 2680 2253 2748 2307; x_wconf 73' lang='grc'><strong>52</strong></span> <span class='ocrx_word' id='word_1_217' title='bbox 2780 2271 2793 2305; x_wconf 89' lang='lat'><strong>:</strong></span> <span class='ocrx_word' id='word_1_218' title='bbox 2819 2254 3083 2325; x_wconf 73' lang='lat' dir='ltr'><strong>ejusmodi</strong></span> <span class='ocrx_word' id='word_1_219' title='bbox 3106 2243 3299 2312; x_wconf 74' lang='lat' dir='ltr'><strong>suniin</strong></span> <span class='ocrx_word' id='word_1_220' title='bbox 3328 2243 3644 2318; x_wconf 39' lang='lat' dir='ltr'><strong>Baetica—iu:</strong></span> 
     </span>
    </p>
   </div>
   <div class='ocr_carea' id='block_1_26' title="bbox 330 2313 1940 2391">
    <p class='ocr_par' dir='ltr' id='par_1_26' title="bbox 330 2313 1940 2391">
     <span class='ocr_line' id='line_1_26' title="bbox 330 2313 1940 2391; baseline -0.009 -15"><span class='ocrx_word' id='word_1_221' title='bbox 330 2313 586 2391; x_wconf 83' lang='lat' dir='ltr'><strong>inquiens</strong></span> <span class='ocrx_word' id='word_1_222' title='bbox 619 2335 634 2372; x_wconf 87' lang='lat'><strong>:</strong></span> <span class='ocrx_word' id='word_1_223' title='bbox 668 2315 779 2372; x_wconf 86' lang='lat' dir='ltr'><strong>Sub</strong></span> <span class='ocrx_word' id='word_1_224' title='bbox 811 2313 1083 2391; x_wconf 61' lang='lat' dir='ltr'><strong>Marciano</strong></span> <span class='ocrx_word' id='word_1_225' title='bbox 1103 2313 1290 2391; x_wconf 73' lang='lat' dir='ltr'><strong>judice</strong></span> <span class='ocrx_word' id='word_1_226' title='bbox 1310 2313 1374 2391; x_wconf 65' lang='lat' dir='ltr'><strong>in</strong></span> <span class='ocrx_word' id='word_1_227' title='bbox 1401 2313 1726 2391; x_wconf 73' lang='lat' dir='ltr'><strong>confessione</strong></span> <span class='ocrx_word' id='word_1_228' title='bbox 1755 2316 1940 2372; x_wconf 84' lang='lat' dir='ltr'><strong>Domi-</strong></span> 
     </span>
    </p>
   </div>
   <div class='ocr_carea' id='block_1_27' title="bbox 329 2385 1936 2456">
    <p class='ocr_par' dir='ltr' id='par_1_27' title="bbox 329 2385 1936 2456">
     <span class='ocr_line' id='line_1_27' title="bbox 329 2385 1936 2456; baseline -0.003 -9"><span class='ocrx_word' id='word_1_229' title='bbox 329 2393 383 2447; x_wconf 87' lang='lat' dir='ltr'><strong>ni</strong></span> <span class='ocrx_word' id='word_1_230' title='bbox 405 2385 583 2444; x_wconf 55' lang='lat' dir='ltr'><strong>&#39;multa</strong></span> <span class='ocrx_word' id='word_1_231' title='bbox 613 2403 820 2455; x_wconf 86' lang='lat' dir='ltr'><strong>passus,</strong></span> <span class='ocrx_word' id='word_1_232' title='bbox 851 2397 957 2441; x_wconf 89' lang='lat' dir='ltr'><strong>etc.</strong></span> <span class='ocrx_word' id='word_1_233' title='bbox 986 2385 1277 2456; x_wconf 59' lang='lat' dir='ltr'><strong>Equ&#39;ilinus</strong></span> <span class='ocrx_word' id='word_1_234' title='bbox 1309 2385 1484 2441; x_wconf 80' lang='lat' dir='ltr'><strong>fusius</strong></span> <span class='ocrx_word' id='word_1_235' title='bbox 1513 2386 1631 2456; x_wconf 88' lang='lat' dir='ltr'><strong>ejus</strong></span> <span class='ocrx_word' id='word_1_236' title='bbox 1656 2398 1777 2442; x_wconf 87' lang='lat' dir='ltr'><strong>acta</strong></span> <span class='ocrx_word' id='word_1_237' title='bbox 1810 2404 1936 2456; x_wconf 87' lang='lat' dir='ltr'><strong>pro-</strong></span> 
     </span>
    </p>
   </div>
   <div class='ocr_carea' id='block_1_28' title="bbox 326 2455 1940 2529">
    <p class='ocr_par' dir='ltr' id='par_1_28' title="bbox 326 2455 1940 2529">
     <span class='ocr_line' id='line_1_28' title="bbox 326 2455 1940 2529; baseline -0.002 -11"><span class='ocrx_word' id='word_1_238' title='bbox 326 2471 555 2518; x_wconf 85' lang='lat' dir='ltr'><strong>secutus</strong></span> <span class='ocrx_word' id='word_1_239' title='bbox 605 2459 698 2514; x_wconf 90' lang='lat' dir='ltr'><strong>lib.</strong></span> <span class='ocrx_word' id='word_1_240' title='bbox 723 2473 779 2512; x_wconf 82' lang='lat' dir='ltr'><strong>vr</strong></span> <span class='ocrx_word' id='word_1_241' title='bbox 806 2499 821 2522; x_wconf 92' lang='lat'><strong>,</strong></span> <span class='ocrx_word' id='word_1_242' title='bbox 861 2455 1084 2529; x_wconf 63' lang='lat' dir='ltr'><strong>cap.“</strong></span> <span class='ocrx_word' id='word_1_243' title='bbox 1119 2475 1131 2510; x_wconf 89' lang='lat'>:</span> <span class='ocrx_word' id='word_1_244' title='bbox 1161 2455 1360 2529; x_wconf 83' lang='lat' dir='ltr'><strong>Britius</strong></span> <span class='ocrx_word' id='word_1_245' title='bbox 1387 2455 1553 2529; x_wconf 28' lang='lat' dir='ltr'><strong>_(ait)’</strong></span> <span class='ocrx_word' id='word_1_246' title='bbox 1578 2455 1851 2529; x_wconf 84' lang='lat' dir='ltr'><strong>episcopus</strong></span> <span class='ocrx_word' id='word_1_247' title='bbox 1886 2461 1940 2514; x_wconf 91' lang='lat' dir='ltr'><strong>in</strong></span> 
     </span>
    </p>
   </div>
   <div class='ocr_carea' id='block_1_29' title="bbox 328 2527 1940 2594">
    <p class='ocr_par' dir='ltr' id='par_1_29' title="bbox 328 2527 1940 2594">
     <span class='ocr_line' id='line_1_29' title="bbox 328 2527 1940 2594; baseline -0.003 -5"><span class='ocrx_word' id='word_1_248' title='bbox 328 2534 544 2589; x_wconf 80' lang='lat' dir='ltr'><strong>civitate</strong></span> <span class='ocrx_word' id='word_1_249' title='bbox 571 2530 809 2584; x_wconf 81' lang='lat' dir='ltr'><strong>Martuia</strong></span> <span class='ocrx_word' id='word_1_250' title='bbox 841 2528 1068 2590; x_wconf 85' lang='lat' dir='ltr'><strong>claruit;</strong></span> <span class='ocrx_word' id='word_1_251' title='bbox 1098 2527 1185 2594; x_wconf 88' lang='lat' dir='ltr'><strong>qui</strong></span> <span class='ocrx_word' id='word_1_252' title='bbox 1213 2528 1340 2580; x_wconf 84' lang='lat' dir='ltr'><strong>dum</strong></span> <span class='ocrx_word' id='word_1_253' title='bbox 1368 2527 1629 2583; x_wconf 77' lang='lat' dir='ltr'><strong>Christum</strong></span> <span class='ocrx_word' id='word_1_254' title='bbox 1653 2530 1940 2584; x_wconf 88' lang='lat' dir='ltr'><strong>Dominum</strong></span> 
     </span>
    </p>
   </div>
   <div class='ocr_carea' id='block_1_30' title="bbox 327 2597 1941 2676">
    <p class='ocr_par' dir='ltr' id='par_1_30' title="bbox 327 2597 1941 2676">
     <span class='ocr_line' id='line_1_30' title="bbox 327 2597 1941 2676; baseline -0.004 -16"><span class='ocrx_word' id='word_1_255' title='bbox 327 2604 670 2676; x_wconf 71' lang='lat' dir='ltr'><strong>praedicaret,</strong></span> <span class='ocrx_word' id='word_1_256' title='bbox 702 2618 734 2654; x_wconf 93' lang='lat' dir='ltr'><strong>a</strong></span> <span class='ocrx_word' id='word_1_257' title='bbox 765 2597 1257 2676; x_wconf 68' lang='lat' dir='ltr'><strong>judiceMarciano</strong></span> <span class='ocrx_word' id='word_1_258' title='bbox 1299 2597 1710 2676; x_wconf 69' lang='lat' dir='ltr'><strong>comprehensus</strong></span> <span class='ocrx_word' id='word_1_259' title='bbox 1725 2611 1823 2669; x_wconf 84' lang='lat' dir='ltr'><strong>est,</strong></span> <span class='ocrx_word' id='word_1_260' title='bbox 1857 2603 1941 2654; x_wconf 86' lang='lat' dir='ltr'><strong>cui</strong></span> 
     </span>
    </p>
   </div>
   <div class='ocr_carea' id='block_1_31' title="bbox 319 2670 1936 2746">
    <p class='ocr_par' dir='ltr' id='par_1_31' title="bbox 319 2670 1936 2746">
     <span class='ocr_line' id='line_1_31' title="bbox 319 2670 1936 2746; baseline -0.004 -14"><span class='ocrx_word' id='word_1_261' title='bbox 319 2670 486 2746; x_wconf 60' lang='lat' dir='ltr'><strong>jussit</strong></span> <span class='ocrx_word' id='word_1_262' title='bbox 514 2688 706 2743; x_wconf 78' lang='lat' dir='ltr'><strong>prteses</strong></span> <span class='ocrx_word' id='word_1_263' title='bbox 737 2670 993 2746; x_wconf 70' lang='lat' dir='ltr'><strong>osiapidc</strong></span> <span class='ocrx_word' id='word_1_264' title='bbox 1014 2670 1382 2746; x_wconf 79' lang='lat' dir='ltr'><strong>diu__contundi</strong></span> <span class='ocrx_word' id='word_1_265' title='bbox 1425 2670 1668 2746; x_wconf 82' lang='lat' dir='ltr'><strong>:_deinde</strong></span> <span class='ocrx_word' id='word_1_266' title='bbox 1693 2674 1747 2725; x_wconf 90' lang='lat' dir='ltr'><strong>in</strong></span> <span class='ocrx_word' id='word_1_267' title='bbox 1766 2689 1936 2746; x_wconf 41' lang='lat' dir='ltr'><strong>aqua:</strong></span> 
     </span>
    </p>
   </div>
   <div class='ocr_carea' id='block_1_32' title="bbox 327 2742 1941 2812">
    <p class='ocr_par' dir='ltr' id='par_1_32' title="bbox 327 2742 1941 2812">
     <span class='ocr_line' id='line_1_32' title="bbox 327 2742 1941 2812; baseline -0.002 -13"><span class='ocrx_word' id='word_1_268' title='bbox 327 2742 413 2802; x_wconf 78' lang='lat' dir='ltr'><strong>leo</strong></span> <span class='ocrx_word' id='word_1_269' title='bbox 444 2742 621 2809; x_wconf 83' lang='lat' dir='ltr'><strong>ipsum</strong></span> <span class='ocrx_word' id='word_1_270' title='bbox 654 2743 836 2808; x_wconf 76' lang='lat' dir='ltr'><strong>levari,</strong></span> <span class='ocrx_word' id='word_1_271' title='bbox 867 2749 914 2796; x_wconf 90' lang='lat' dir='ltr'><strong>et</strong></span> <span class='ocrx_word' id='word_1_272' title='bbox 931 2742 1211 2796; x_wconf 78' lang='lat' dir='ltr'><strong>crudeliter</strong></span> <span class='ocrx_word' id='word_1_273' title='bbox 1239 2742 1506 2812; x_wconf 78' lang='lat' dir='ltr'><strong>torqueri;</strong></span> <span class='ocrx_word' id='word_1_274' title='bbox 1554 2752 1601 2796; x_wconf 86' lang='lat' dir='ltr'><strong>et</strong></span> <span class='ocrx_word' id='word_1_275' title='bbox 1627 2758 1740 2796; x_wconf 90' lang='lat' dir='ltr'><strong>cum</strong></span> <span class='ocrx_word' id='word_1_276' title='bbox 1760 2744 1812 2797; x_wconf 89' lang='lat' dir='ltr'><strong>in</strong></span> <span class='ocrx_word' id='word_1_277' title='bbox 1839 2743 1941 2798; x_wconf 90' lang='lat' dir='ltr'><strong>Dei</strong></span> 
     </span>
    </p>
   </div>
   <div class='ocr_carea' id='block_1_33' title="bbox 327 2813 1940 2886">
    <p class='ocr_par' dir='ltr' id='par_1_33' title="bbox 327 2813 1940 2886">
     <span class='ocr_line' id='line_1_33' title="bbox 327 2813 1940 2886; baseline -0.001 -16"><span class='ocrx_word' id='word_1_278' title='bbox 327 2816 664 2886; x_wconf 78' lang='lat' dir='ltr'><strong>confessione</strong></span> <span class='ocrx_word' id='word_1_279' title='bbox 685 2813 990 2886; x_wconf 70' lang='lat' dir='ltr'><strong>perduraret</strong></span> <span class='ocrx_word' id='word_1_280' title='bbox 1014 2853 1029 2875; x_wconf 91' lang='lat'><strong>,</strong></span> <span class='ocrx_word' id='word_1_281' title='bbox 1061 2813 1115 2865; x_wconf 89' lang='lat' dir='ltr'><strong>in</strong></span> <span class='ocrx_word' id='word_1_282' title='bbox 1143 2827 1402 2866; x_wconf 86' lang='lat' dir='ltr'><strong>carcerem</strong></span> <span class='ocrx_word' id='word_1_283' title='bbox 1424 2822 1605 2886; x_wconf 74' lang='lat' dir='ltr'><strong>trusus</strong></span> <span class='ocrx_word' id='word_1_284' title='bbox 1630 2822 1727 2868; x_wconf 88' lang='lat' dir='ltr'><strong>est.</strong></span> <span class='ocrx_word' id='word_1_285' title='bbox 1772 2814 1940 2868; x_wconf 89' lang='lat' dir='ltr'><strong>Nocte</strong></span> 
     </span>
    </p>
   </div>
   <div class='ocr_carea' id='block_1_34' title="bbox 326 2883 1939 2959">
    <p class='ocr_par' dir='ltr' id='par_1_34' title="bbox 326 2883 1939 2959">
     <span class='ocr_line' id='line_1_34' title="bbox 326 2883 1939 2959; baseline -0.002 -16"><span class='ocrx_word' id='word_1_286' title='bbox 326 2883 454 2943; x_wconf 77' lang='lat' dir='ltr'><strong>vero</strong></span> <span class='ocrx_word' id='word_1_287' title='bbox 482 2889 624 2959; x_wconf 74' lang='lat' dir='ltr'><strong>facta</strong></span> <span class='ocrx_word' id='word_1_288' title='bbox 650 2883 758 2952; x_wconf 77' lang='lat' dir='ltr'><strong>prce</strong></span> <span class='ocrx_word' id='word_1_289' title='bbox 796 2884 1352 2959; x_wconf 34' lang='lat' dir='ltr'><strong>mamimo‘lerrwmotu</strong></span> <span class='ocrx_word' id='word_1_290' title='bbox 1387 2883 1574 2959; x_wconf 79' lang='lat' dir='ltr'><strong>civitas</strong></span> <span class='ocrx_word' id='word_1_291' title='bbox 1601 2893 1708 2938; x_wconf 86' lang='lat' dir='ltr'><strong>tota</strong></span> <span class='ocrx_word' id='word_1_292' title='bbox 1745 2901 1939 2959; x_wconf 65' lang='lat' dir='ltr'><strong>concu—</strong></span> 
     </span>
    </p>
   </div>
   <div class='ocr_carea' id='block_1_35' title="bbox 329 2954 1936 3025">
    <p class='ocr_par' dir='ltr' id='par_1_35' title="bbox 329 2954 1936 3025">
     <span class='ocr_line' id='line_1_35' title="bbox 329 2954 1936 3025; baseline -0.002 -11"><span class='ocrx_word' id='word_1_293' title='bbox 329 2954 492 3025; x_wconf 63' lang='lat' dir='ltr'><strong>titur,</strong></span> <span class='ocrx_word' id='word_1_294' title='bbox 510 2966 558 3012; x_wconf 88' lang='lat' dir='ltr'><strong>et</strong></span> <span class='ocrx_word' id='word_1_295' title='bbox 581 2965 765 3010; x_wconf 77' lang='lat' dir='ltr'><strong>ruente</strong></span> <span class='ocrx_word' id='word_1_296' title='bbox 789 2955 984 3021; x_wconf 81' lang='lat' dir='ltr'><strong>pariete</strong></span> <span class='ocrx_word' id='word_1_297' title='bbox 1019 2954 1322 3025; x_wconf 72' lang='lat' dir='ltr'><strong>Marcianus</strong></span> <span class='ocrx_word' id='word_1_298' title='bbox 1348 2956 1682 3025; x_wconf 79' lang='lat' dir='ltr'><strong>opprimitur.</strong></span> <span class='ocrx_word' id='word_1_299' title='bbox 1736 2955 1936 3010; x_wconf 80' lang='lat' dir='ltr'><strong>Britius</strong></span> 
     </span>
    </p>
   </div>
   <div class='ocr_carea' id='block_1_36' title="bbox 327 3024 1940 3096">
    <p class='ocr_par' dir='ltr' id='par_1_36' title="bbox 327 3024 1940 3096">
     <span class='ocr_line' id='line_1_36' title="bbox 327 3024 1940 3096; baseline -0.004 -10"><span class='ocrx_word' id='word_1_300' title='bbox 327 3024 512 3086; x_wconf 78' lang='lat' dir='ltr'><strong>autem</strong></span> <span class='ocrx_word' id='word_1_301' title='bbox 543 3028 606 3082; x_wconf 85' lang='lat' dir='ltr'><strong>ab</strong></span> <span class='ocrx_word' id='word_1_302' title='bbox 647 3028 856 3096; x_wconf 77' lang='lat' dir='ltr'><strong>angelo,</strong></span> <span class='ocrx_word' id='word_1_303' title='bbox 882 3035 931 3080; x_wconf 91' lang='lat' dir='ltr'><strong>et</strong></span> <span class='ocrx_word' id='word_1_304' title='bbox 959 3041 990 3077; x_wconf 87' lang='grc' dir='ltr'><em>α</em></span> <span class='ocrx_word' id='word_1_305' title='bbox 1016 3025 1082 3079; x_wconf 89' lang='grc' dir='ltr'><strong>Β.</strong></span> <span class='ocrx_word' id='word_1_306' title='bbox 1113 3024 1269 3079; x_wconf 84' lang='lat' dir='ltr'><strong>Petro</strong></span> <span class='ocrx_word' id='word_1_307' title='bbox 1317 3024 1555 3094; x_wconf 81' lang='lat' dir='ltr'><strong>apostolo</strong></span> <span class='ocrx_word' id='word_1_308' title='bbox 1595 3027 1850 3088; x_wconf 76' lang='lat' dir='ltr'><strong>visitatus,</strong></span> <span class='ocrx_word' id='word_1_309' title='bbox 1876 3029 1940 3080; x_wconf 83' lang='lat' dir='ltr'><strong>de</strong></span> 
     </span>
    </p>
   </div>
   <div class='ocr_carea' id='block_1_37' title="bbox 328 3096 1938 3166">
    <p class='ocr_par' dir='ltr' id='par_1_37' title="bbox 328 3096 1938 3166">
     <span class='ocr_line' id='line_1_37' title="bbox 328 3096 1938 3166; baseline -0.004 -10"><span class='ocrx_word' id='word_1_310' title='bbox 328 3116 548 3156; x_wconf 82' lang='lat' dir='ltr'><strong>carcere</strong></span> <span class='ocrx_word' id='word_1_311' title='bbox 571 3100 792 3153; x_wconf 83' lang='lat' dir='ltr'><strong>eductus</strong></span> <span class='ocrx_word' id='word_1_312' title='bbox 814 3108 908 3150; x_wconf 89' lang='lat' dir='ltr'><strong>est.</strong></span> <span class='ocrx_word' id='word_1_313' title='bbox 937 3097 1041 3161; x_wconf 84' lang='lat' dir='ltr'><strong>Qui</strong></span> <span class='ocrx_word' id='word_1_314' title='bbox 1071 3096 1258 3150; x_wconf 86' lang='lat' dir='ltr'><strong>deinde</strong></span> <span class='ocrx_word' id='word_1_315' title='bbox 1296 3097 1460 3150; x_wconf 84' lang='lat' dir='ltr'><strong>multo</strong></span> <span class='ocrx_word' id='word_1_316' title='bbox 1485 3107 1712 3166; x_wconf 89' lang='lat' dir='ltr'><strong>tempore</strong></span> <span class='ocrx_word' id='word_1_317' title='bbox 1741 3096 1938 3151; x_wconf 75' lang='lat' dir='ltr'><strong>Christi</strong></span> 
     </span>
    </p>
   </div>
   <div class='ocr_carea' id='block_1_38' title="bbox 333 3167 1940 3240">
    <p class='ocr_par' dir='ltr' id='par_1_38' title="bbox 333 3167 1940 3240">
     <span class='ocr_line' id='line_1_38' title="bbox 333 3167 1940 3240; baseline -0.003 -14"><span class='ocrx_word' id='word_1_318' title='bbox 333 3171 686 3240; x_wconf 77' lang='lat' dir='ltr'><strong>Et-angelium</strong></span> <span class='ocrx_word' id='word_1_319' title='bbox 754 3170 1149 3238; x_wconf 85' lang='lat' dir='ltr'><strong>circumquaque</strong></span> <span class='ocrx_word' id='word_1_320' title='bbox 1210 3167 1510 3240; x_wconf 64' lang='lat' dir='ltr'><strong>praedicans</strong></span> <span class='ocrx_word' id='word_1_321' title='bbox 1534 3207 1550 3234; x_wconf 91' lang='lat'><strong>,</strong></span> <span class='ocrx_word' id='word_1_322' title='bbox 1591 3183 1940 3240; x_wconf 19' lang='lat' dir='ltr'><strong>lmagnasqtte</strong></span> 
     </span>
    </p>
   </div>
   <div class='ocr_carea' id='block_1_39' title="bbox 329 3235 1935 3312">
    <p class='ocr_par' dir='ltr' id='par_1_39' title="bbox 329 3235 1935 3312">
     <span class='ocr_line' id='line_1_39' title="bbox 329 3235 1935 3312; baseline -0.004 -14"><span class='ocrx_word' id='word_1_323' title='bbox 329 3235 1040 3312; x_wconf 53' lang='lat' dir='ltr'><strong>popul&#39;oruntmullitudines</strong></span> <span class='ocrx_word' id='word_1_324' title='bbox 1066 3235 1418 3312; x_wconf 69' lang='lat' dir='ltr'><strong>omnipotenti</strong></span> <span class='ocrx_word' id='word_1_325' title='bbox 1447 3235 1556 3312; x_wconf 71' lang='lat' dir='ltr'><strong>Dec</strong></span> <span class='ocrx_word' id='word_1_326' title='bbox 1581 3235 1935 3312; x_wconf 53' lang='lat' dir='ltr'><strong>lucrifaciens,</strong></span> 
     </span>
    </p>
   </div>
   <div class='ocr_carea' id='block_1_40' title="bbox 327 3308 1938 3384">
    <p class='ocr_par' dir='ltr' id='par_1_40' title="bbox 327 3308 1938 3384">
     <span class='ocr_line' id='line_1_40' title="bbox 327 3308 1938 3384; baseline -0.006 -14"><span class='ocrx_word' id='word_1_327' title='bbox 327 3308 562 3384; x_wconf 71' lang='lat' dir='ltr'><strong>septimo</strong></span> <span class='ocrx_word' id='word_1_328' title='bbox 618 3311 734 3384; x_wconf 81' lang='lat' dir='ltr'><strong>idus</strong></span> <span class='ocrx_word' id='word_1_329' title='bbox 780 3309 916 3365; x_wconf 79' lang='lat' dir='ltr'><strong>Julii</strong></span> <span class='ocrx_word' id='word_1_330' title='bbox 954 3311 1144 3384; x_wconf 81' lang='lat' dir='ltr'><strong>quievit</strong></span> <span class='ocrx_word' id='word_1_331' title='bbox 1186 3310 1241 3384; x_wconf 75' lang='lat' dir='ltr'><strong>in</strong></span> <span class='ocrx_word' id='word_1_332' title='bbox 1291 3325 1438 3384; x_wconf 79' lang='lat' dir='ltr'><strong>pace.</strong></span> <span class='ocrx_word' id='word_1_333' title='bbox 1472 3308 1654 3384; x_wconf 85' lang='lat' dir='ltr'><strong>_Cujus</strong></span> <span class='ocrx_word' id='word_1_334' title='bbox 1693 3308 1938 3384; x_wconf 66' lang='lat' dir='ltr'><strong>animum</strong></span> 
     </span>
    </p>
   </div>
   <div class='ocr_carea' id='block_1_41' title="bbox 328 3379 1939 3453">
    <p class='ocr_par' dir='ltr' id='par_1_41' title="bbox 328 3379 1939 3453">
     <span class='ocr_line' id='line_1_41' title="bbox 328 3379 1939 3453; baseline -0.005 -12"><span class='ocrx_word' id='word_1_335' title='bbox 328 3379 570 3441; x_wconf 60' lang='lat' dir='ltr'><strong>calantes</strong></span> <span class='ocrx_word' id='word_1_336' title='bbox 593 3383 829 3437; x_wconf 70' lang='lat' dir='ltr'><strong>viderunt</strong></span> <span class='ocrx_word' id='word_1_337' title='bbox 857 3383 911 3435; x_wconf 89' lang='lat' dir='ltr'><strong>in</strong></span> <span class='ocrx_word' id='word_1_338' title='bbox 941 3383 1113 3452; x_wconf 81' lang='lat' dir='ltr'><strong>specie</strong></span> <span class='ocrx_word' id='word_1_339' title='bbox 1139 3379 1392 3434; x_wconf 78' lang='lat' dir='ltr'><strong>columba:</strong></span> <span class='ocrx_word' id='word_1_340' title='bbox 1423 3379 1588 3453; x_wconf 66' lang='lat' dir='ltr'><strong>niueae</strong></span> <span class='ocrx_word' id='word_1_341' title='bbox 1609 3382 1760 3453; x_wconf 67' lang='lat' dir='ltr'><strong>caelos</strong></span> <span class='ocrx_word' id='word_1_342' title='bbox 1783 3381 1939 3453; x_wconf 87' lang='lat' dir='ltr'><strong>agili-</strong></span> 
     </span>
    </p>
   </div>
   <div class='ocr_carea' id='block_1_42' title="bbox 333 3451 1938 3522">
    <p class='ocr_par' dir='ltr' id='par_1_42' title="bbox 333 3451 1938 3522">
     <span class='ocr_line' id='line_1_42' title="bbox 333 3451 1938 3522; baseline -0.004 -10"><span class='ocrx_word' id='word_1_343' title='bbox 333 3467 418 3512; x_wconf 84' lang='lat' dir='ltr'><strong>ter</strong></span> <span class='ocrx_word' id='word_1_344' title='bbox 452 3455 805 3509; x_wconf 80' lang='lat' dir='ltr'><strong>advolantem.</strong></span> <span class='ocrx_word' id='word_1_345' title='bbox 852 3451 1000 3507; x_wconf 88' lang='lat' dir='ltr'><strong>Pcue</strong></span> <span class='ocrx_word' id='word_1_346' title='bbox 1049 3453 1101 3506; x_wconf 93' lang='lat' dir='ltr'><strong>in</strong></span> <span class='ocrx_word' id='word_1_347' title='bbox 1134 3453 1388 3506; x_wconf 89' lang='lat' dir='ltr'><strong>omnibus</strong></span> <span class='ocrx_word' id='word_1_348' title='bbox 1422 3451 1622 3506; x_wconf 76' lang='lat' dir='ltr'><strong>Dextro</strong></span> <span class='ocrx_word' id='word_1_349' title='bbox 1655 3451 1938 3522; x_wconf 86' lang='lat' dir='ltr'><strong>Equilinus</strong></span> 
     </span>
    </p>
   </div>
   <div class='ocr_carea' id='block_1_43' title="bbox 331 3523 1932 3594">
    <p class='ocr_par' dir='ltr' id='par_1_43' title="bbox 331 3523 1932 3594">
     <span class='ocr_line' id='line_1_43' title="bbox 331 3523 1932 3594; baseline -0.003 -9"><span class='ocrx_word' id='word_1_350' title='bbox 331 3536 649 3589; x_wconf 82' lang='lat' dir='ltr'><strong>consonat;</strong></span> <span class='ocrx_word' id='word_1_351' title='bbox 694 3538 795 3579; x_wconf 90' lang='lat' dir='ltr'><strong>nec</strong></span> <span class='ocrx_word' id='word_1_352' title='bbox 821 3527 1019 3578; x_wconf 88' lang='lat' dir='ltr'><strong>mirum</strong></span> <span class='ocrx_word' id='word_1_353' title='bbox 1052 3523 1098 3578; x_wconf 93' lang='lat' dir='ltr'><strong>si</strong></span> <span class='ocrx_word' id='word_1_354' title='bbox 1123 3525 1191 3577; x_wconf 91' lang='lat' dir='ltr'><strong>ita</strong></span> <span class='ocrx_word' id='word_1_355' title='bbox 1227 3523 1277 3577; x_wconf 93' lang='lat' dir='ltr'><strong>in</strong></span> <span class='ocrx_word' id='word_1_356' title='bbox 1301 3524 1438 3594; x_wconf 87' lang='lat' dir='ltr'><strong>actis</strong></span> <span class='ocrx_word' id='word_1_357' title='bbox 1473 3525 1746 3594; x_wconf 67' lang='lat' dir='ltr'><strong>prmdictis</strong></span> <span class='ocrx_word' id='word_1_358' title='bbox 1775 3539 1932 3592; x_wconf 88' lang='lat' dir='ltr'><strong>repe-</strong></span> 
     </span>
    </p>
   </div>
   <div class='ocr_carea' id='block_1_44' title="bbox 337 3593 1937 3665">
    <p class='ocr_par' dir='ltr' id='par_1_44' title="bbox 337 3593 1937 3665">
     <span class='ocr_line' id='line_1_44' title="bbox 337 3593 1937 3665; baseline -0.003 -10"><span class='ocrx_word' id='word_1_359' title='bbox 337 3600 594 3661; x_wconf 81' lang='lat' dir='ltr'><strong>riantur;</strong></span> <span class='ocrx_word' id='word_1_360' title='bbox 629 3611 747 3664; x_wconf 69' lang='lat' dir='ltr'><strong>quae</strong></span> <span class='ocrx_word' id='word_1_361' title='bbox 797 3610 929 3650; x_wconf 89' lang='lat' dir='ltr'><strong>sane</strong></span> <span class='ocrx_word' id='word_1_362' title='bbox 961 3595 1047 3648; x_wconf 87' lang='lat' dir='ltr'><strong>illa</strong></span> <span class='ocrx_word' id='word_1_363' title='bbox 1093 3608 1217 3648; x_wconf 85' lang='lat' dir='ltr'><strong>esse</strong></span> <span class='ocrx_word' id='word_1_364' title='bbox 1245 3593 1549 3659; x_wconf 84' lang='lat' dir='ltr'><strong>credimus,</strong></span> <span class='ocrx_word' id='word_1_365' title='bbox 1572 3610 1692 3664; x_wconf 72' lang='lat' dir='ltr'><strong>qua:</strong></span> <span class='ocrx_word' id='word_1_366' title='bbox 1743 3603 1937 3665; x_wconf 78' lang='lat' dir='ltr'><strong>agente</strong></span> 
     </span>
    </p>
   </div>
   <div class='ocr_carea' id='block_1_45' title="bbox 335 3665 1939 3736">
    <p class='ocr_par' dir='ltr' id='par_1_45' title="bbox 335 3665 1939 3736">
     <span class='ocr_line' id='line_1_45' title="bbox 335 3665 1939 3736; baseline -0.004 -10"><span class='ocrx_word' id='word_1_367' title='bbox 335 3669 702 3725; x_wconf 78' lang='lat' dir='ltr'><strong>Constantino</strong></span> <span class='ocrx_word' id='word_1_368' title='bbox 742 3680 939 3736; x_wconf 82' lang='lat' dir='ltr'><strong>magno</strong></span> <span class='ocrx_word' id='word_1_369' title='bbox 972 3665 1302 3736; x_wconf 82' lang='lat' dir='ltr'><strong>imperatore</strong></span> <span class='ocrx_word' id='word_1_370' title='bbox 1335 3665 1571 3720; x_wconf 90' lang='lat' dir='ltr'><strong>Eusebio</strong></span> <span class='ocrx_word' id='word_1_371' title='bbox 1617 3667 1939 3720; x_wconf 70' lang='lat' dir='ltr'><strong>Caesariensi</strong></span> 
     </span>
    </p>
   </div>
   <div class='ocr_carea' id='block_1_46' title="bbox 337 3737 1941 3807">
    <p class='ocr_par' dir='ltr' id='par_1_46' title="bbox 337 3737 1941 3807">
     <span class='ocr_line' id='line_1_46' title="bbox 337 3737 1941 3807; baseline -0.003 -11"><span class='ocrx_word' id='word_1_372' title='bbox 337 3743 414 3796; x_wconf 88' lang='lat' dir='ltr'><strong>ab</strong></span> <span class='ocrx_word' id='word_1_373' title='bbox 466 3738 725 3807; x_wconf 77' lang='lat' dir='ltr'><strong>Hispania</strong></span> <span class='ocrx_word' id='word_1_374' title='bbox 766 3739 930 3791; x_wconf 75' lang='lat' dir='ltr'><strong>mi~sa</strong></span> <span class='ocrx_word' id='word_1_375' title='bbox 977 3737 1340 3790; x_wconf 79' lang='lat' dir='ltr'><strong>fueruntcum</strong></span> <span class='ocrx_word' id='word_1_376' title='bbox 1385 3737 1618 3803; x_wconf 69' lang='lat' dir='ltr'><strong>caeteris,</strong></span> <span class='ocrx_word' id='word_1_377' title='bbox 1647 3751 1712 3792; x_wconf 88' lang='lat' dir='ltr'><strong>ex</strong></span> <span class='ocrx_word' id='word_1_378' title='bbox 1744 3737 1941 3805; x_wconf 88' lang='lat' dir='ltr'><strong>quibus</strong></span> 
     </span>
    </p>
   </div>
   <div class='ocr_carea' id='block_1_47' title="bbox 343 3807 1943 3878">
    <p class='ocr_par' dir='ltr' id='par_1_47' title="bbox 343 3807 1943 3878">
     <span class='ocr_line' id='line_1_47' title="bbox 343 3807 1943 3878; baseline -0.003 -12"><span class='ocrx_word' id='word_1_379' title='bbox 343 3821 561 3866; x_wconf 85' lang='lat' dir='ltr'><strong>vastum</strong></span> <span class='ocrx_word' id='word_1_380' title='bbox 587 3824 725 3878; x_wconf 87' lang='lat' dir='ltr'><strong>opus</strong></span> <span class='ocrx_word' id='word_1_381' title='bbox 753 3807 971 3875; x_wconf 81' lang='lat' dir='ltr'><strong>collegit</strong></span> <span class='ocrx_word' id='word_1_382' title='bbox 1001 3809 1068 3862; x_wconf 91' lang='lat' dir='ltr'><strong>de</strong></span> <span class='ocrx_word' id='word_1_383' title='bbox 1089 3809 1382 3878; x_wconf 79' lang='lat' dir='ltr'><strong>Martyrum</strong></span> <span class='ocrx_word' id='word_1_384' title='bbox 1413 3807 1763 3878; x_wconf 80' lang='lat' dir='ltr'><strong>gestis,quod</strong></span> <span class='ocrx_word' id='word_1_385' title='bbox 1791 3807 1943 3862; x_wconf 70' lang='lat' dir='ltr'><strong>(ira:-</strong></span> 
     </span>
    </p>
   </div>
   <div class='ocr_carea' id='block_1_48' title="bbox 341 3877 1940 3951">
    <p class='ocr_par' dir='ltr' id='par_1_48' title="bbox 341 3877 1940 3951">
     <span class='ocr_line' id='line_1_48' title="bbox 341 3877 1940 3951; baseline -0.005 -11"><span class='ocrx_word' id='word_1_386' title='bbox 341 3898 418 3940; x_wconf 81' lang='lat' dir='ltr'><strong>ce</strong></span> <span class='ocrx_word' id='word_1_387' title='bbox 436 3884 696 3951; x_wconf 86' lang='lat' dir='ltr'><strong>scriptum</strong></span> <span class='ocrx_word' id='word_1_388' title='bbox 722 3881 775 3934; x_wconf 89' lang='lat' dir='ltr'><strong>iu</strong></span> <span class='ocrx_word' id='word_1_389' title='bbox 807 3881 960 3951; x_wconf 84' lang='lat' dir='ltr'><strong>regia</strong></span> <span class='ocrx_word' id='word_1_390' title='bbox 988 3877 1315 3951; x_wconf 82' lang='lat' dir='ltr'><strong>bibliotheca</strong></span> <span class='ocrx_word' id='word_1_391' title='bbox 1435 3877 1709 3951; x_wconf 75' lang='lat' dir='ltr'><strong>Laurentii</strong></span> <span class='ocrx_word' id='word_1_392' title='bbox 1742 3877 1940 3951; x_wconf 79' lang='lat' dir='ltr'><strong>inEx-</strong></span> 
     </span>
    </p>
   </div>
   <div class='ocr_carea' id='block_1_49' title="bbox 342 3949 1942 4020">
    <p class='ocr_par' dir='ltr' id='par_1_49' title="bbox 342 3949 1942 4020">
     <span class='ocr_line' id='line_1_49' title="bbox 342 3949 1942 4020; baseline -0.004 -10"><span class='ocrx_word' id='word_1_393' title='bbox 342 3949 764 4010; x_wconf 48' lang='lat' dir='ltr'><strong>curiali&#39;dicitur</strong></span> <span class='ocrx_word' id='word_1_394' title='bbox 790 3949 1016 4017; x_wconf 85' lang='lat' dir='ltr'><strong>reperiri</strong></span> <span class='ocrx_word' id='word_1_395' title='bbox 1044 3967 1057 4002; x_wconf 74' lang='grc' dir='ltr'>ε</span> <span class='ocrx_word' id='word_1_396' title='bbox 1081 3962 1133 4004; x_wconf 90' lang='lat' dir='ltr'><strong>et</strong></span> <span class='ocrx_word' id='word_1_397' title='bbox 1159 3953 1323 4004; x_wconf 87' lang='lat' dir='ltr'><strong>etiam</strong></span> <span class='ocrx_word' id='word_1_398' title='bbox 1342 3949 1712 4020; x_wconf 87' lang='lat' dir='ltr'><strong>Martyrologii</strong></span> <span class='ocrx_word' id='word_1_399' title='bbox 1737 3949 1942 4016; x_wconf 90' lang='lat' dir='ltr'><strong>primus</strong></span> 
     </span>
    </p>
   </div>
   <div class='ocr_carea' id='block_1_50' title="bbox 345 4020 1943 4090">
    <p class='ocr_par' dir='ltr' id='par_1_50' title="bbox 345 4020 1943 4090">
     <span class='ocr_line' id='line_1_50' title="bbox 345 4020 1943 4090; baseline -0.004 -9"><span class='ocrx_word' id='word_1_400' title='bbox 345 4034 541 4081; x_wconf 86' lang='lat' dir='ltr'><strong>auctor</strong></span> <span class='ocrx_word' id='word_1_401' title='bbox 567 4023 794 4087; x_wconf 75' lang='lat' dir='ltr'><strong>exstitit,</strong></span> <span class='ocrx_word' id='word_1_402' title='bbox 824 4031 884 4077; x_wconf 89' lang='lat' dir='ltr'><strong>ut</strong></span> <span class='ocrx_word' id='word_1_403' title='bbox 909 4020 1051 4075; x_wconf 90' lang='lat' dir='ltr'><strong>Beda</strong></span> <span class='ocrx_word' id='word_1_404' title='bbox 1067 4034 1325 4090; x_wconf 87' lang='lat' dir='ltr'><strong>expresse</strong></span> <span class='ocrx_word' id='word_1_405' title='bbox 1355 4028 1584 4075; x_wconf 86' lang='lat' dir='ltr'><strong>testatur</strong></span> <span class='ocrx_word' id='word_1_406' title='bbox 1607 4021 1700 4074; x_wconf 91' lang='lat' dir='ltr'><strong>lib.</strong></span> <span class='ocrx_word' id='word_1_407' title='bbox 1719 4020 1943 4075; x_wconf 76' lang='lat' dir='ltr'><strong>Retrac-</strong></span> 
     </span>
    </p>
   </div>
   <div class='ocr_carea' id='block_1_51' title="bbox 347 4091 1942 4162">
    <p class='ocr_par' dir='ltr' id='par_1_51' title="bbox 347 4091 1942 4162">
     <span class='ocr_line' id='line_1_51' title="bbox 347 4091 1942 4162; baseline -0.003 -11"><span class='ocrx_word' id='word_1_408' title='bbox 347 4099 620 4151; x_wconf 80' lang='lat' dir='ltr'><strong>talionum</strong></span> <span class='ocrx_word' id='word_1_409' title='bbox 641 4095 691 4147; x_wconf 89' lang='lat' dir='ltr'><strong>in</strong></span> <span class='ocrx_word' id='word_1_410' title='bbox 715 4097 846 4147; x_wconf 86' lang='lat' dir='ltr'><strong>Acta</strong></span> <span class='ocrx_word' id='word_1_411' title='bbox 863 4099 1202 4162; x_wconf 84' lang='lat' dir='ltr'><strong>apost.toms</strong></span> <span class='ocrx_word' id='word_1_412' title='bbox 1225 4093 1449 4145; x_wconf 79' lang='lat' dir='ltr'><strong>vretlib.</strong></span> <span class='ocrx_word' id='word_1_413' title='bbox 1480 4107 1516 4145; x_wconf 89' lang='lat' dir='ltr'><strong>ll</strong></span> <span class='ocrx_word' id='word_1_414' title='bbox 1549 4092 1602 4145; x_wconf 93' lang='lat' dir='ltr'><strong>in</strong></span> <span class='ocrx_word' id='word_1_415' title='bbox 1631 4091 1792 4145; x_wconf 86' lang='lat' dir='ltr'><strong>Marc.</strong></span> <span class='ocrx_word' id='word_1_416' title='bbox 1814 4106 1942 4160; x_wconf 91' lang='lat' dir='ltr'><strong>cap.</strong></span> 
     </span>
    </p>
   </div>
   <div class='ocr_carea' id='block_1_52' title="bbox 343 4162 1944 4236">
    <p class='ocr_par' dir='ltr' id='par_1_52' title="bbox 343 4162 1944 4236">
     <span class='ocr_line' id='line_1_52' title="bbox 343 4162 1944 4236; baseline -0.004 -13"><span class='ocrx_word' id='word_1_417' title='bbox 343 4168 420 4223; x_wconf 73' lang='lat'><strong>26</strong></span> <span class='ocrx_word' id='word_1_418' title='bbox 447 4212 464 4236; x_wconf 90' lang='lat'><strong>,</strong></span> <span class='ocrx_word' id='word_1_419' title='bbox 519 4178 574 4222; x_wconf 86' lang='lat' dir='ltr'><strong>et</strong></span> <span class='ocrx_word' id='word_1_420' title='bbox 624 4164 906 4236; x_wconf 77' lang='lat' dir='ltr'><strong>llilduinus</strong></span> <span class='ocrx_word' id='word_1_421' title='bbox 938 4165 988 4236; x_wconf 81' lang='lat' dir='ltr'><strong>in</strong></span> <span class='ocrx_word' id='word_1_422' title='bbox 1015 4163 1332 4236; x_wconf 64' lang='lat' dir='ltr'><strong>prmfatione</strong></span> <span class='ocrx_word' id='word_1_423' title='bbox 1356 4164 1422 4236; x_wconf 87' lang='lat' dir='ltr'><strong>ad</strong></span> <span class='ocrx_word' id='word_1_424' title='bbox 1451 4163 1620 4217; x_wconf 84' lang='lat' dir='ltr'><strong>\‘itam</strong></span> <span class='ocrx_word' id='word_1_425' title='bbox 1735 4164 1944 4236; x_wconf 79' lang='lat' dir='ltr'><strong>Diony-</strong></span> 
     </span>
    </p>
   </div>
   <div class='ocr_carea' id='block_1_53' title="bbox 345 4233 1941 4305">
    <p class='ocr_par' dir='ltr' id='par_1_53' title="bbox 345 4233 1941 4305">
     <span class='ocr_line' id='line_1_53' title="bbox 345 4233 1941 4305; baseline -0.003 -12"><span class='ocrx_word' id='word_1_426' title='bbox 345 4233 526 4302; x_wconf 50' lang='lat' dir='ltr'><strong>sii,&#39;et</strong></span> <span class='ocrx_word' id='word_1_427' title='bbox 545 4237 604 4292; x_wconf 94' lang='lat' dir='ltr'><strong>S.</strong></span> <span class='ocrx_word' id='word_1_428' title='bbox 632 4233 932 4290; x_wconf 86' lang='lat' dir='ltr'><strong>Notcherus</strong></span> <span class='ocrx_word' id='word_1_429' title='bbox 957 4233 1010 4305; x_wconf 88' lang='lat' dir='ltr'><strong>in</strong></span> <span class='ocrx_word' id='word_1_430' title='bbox 1028 4234 1413 4305; x_wconf 81' lang='lat' dir='ltr'><strong>Martyrologio</strong></span> <span class='ocrx_word' id='word_1_431' title='bbox 1434 4248 1532 4288; x_wconf 86' lang='lat' dir='ltr'><strong>suo</strong></span> <span class='ocrx_word' id='word_1_432' title='bbox 1554 4249 1623 4288; x_wconf 87' lang='lat' dir='ltr'><strong>vn</strong></span> <span class='ocrx_word' id='word_1_433' title='bbox 1654 4234 1769 4288; x_wconf 85' lang='lat' dir='ltr'><strong>Kal.</strong></span> <span class='ocrx_word' id='word_1_434' title='bbox 1794 4233 1941 4301; x_wconf 86' lang='lat' dir='ltr'><strong>Maii,</strong></span> 
     </span>
    </p>
   </div>
   <div class='ocr_carea' id='block_1_54' title="bbox 349 4304 1948 4376">
    <p class='ocr_par' dir='ltr' id='par_1_54' title="bbox 349 4304 1948 4376">
     <span class='ocr_line' id='line_1_54' title="bbox 349 4304 1948 4376; baseline -0.003 -12"><span class='ocrx_word' id='word_1_435' title='bbox 349 4320 407 4364; x_wconf 86' lang='lat' dir='ltr'><strong>et</strong></span> <span class='ocrx_word' id='word_1_436' title='bbox 440 4311 550 4363; x_wconf 85' lang='lat' dir='ltr'><strong>late</strong></span> <span class='ocrx_word' id='word_1_437' title='bbox 578 4309 846 4372; x_wconf 78' lang='lat' dir='ltr'><strong>doeteque</strong></span> <span class='ocrx_word' id='word_1_438' title='bbox 874 4304 1344 4376; x_wconf 16' lang='lat' dir='ltr'><strong>probatholanus</strong></span> <span class='ocrx_word' id='word_1_439' title='bbox 1373 4305 1470 4376; x_wconf 89' lang='lat' dir='ltr'><strong>lib.</strong></span> <span class='ocrx_word' id='word_1_440' title='bbox 1509 4305 1576 4362; x_wconf 91' lang='lat' dir='ltr'><strong>de</strong></span> <span class='ocrx_word' id='word_1_441' title='bbox 1617 4306 1948 4376; x_wconf 67' lang='lat' dir='ltr'><strong>blartyrolo-</strong></span> 
     </span>
    </p>
   </div>
   <div class='ocr_carea' id='block_1_55' title="bbox 349 4375 1944 4448">
    <p class='ocr_par' dir='ltr' id='par_1_55' title="bbox 349 4375 1944 4448">
     <span class='ocr_line' id='line_1_55' title="bbox 349 4375 1944 4448; baseline -0.004 -12"><span class='ocrx_word' id='word_1_442' title='bbox 349 4382 459 4447; x_wconf 74' lang='lat' dir='ltr'><strong>giis</strong></span> <span class='ocrx_word' id='word_1_443' title='bbox 487 4393 611 4445; x_wconf 89' lang='lat' dir='ltr'><strong>cap.</strong></span> <span class='ocrx_word' id='word_1_444' title='bbox 634 4379 668 4432; x_wconf 75' lang='lat'><strong>2</strong></span> <span class='ocrx_word' id='word_1_445' title='bbox 696 4377 798 4432; x_wconf 85' lang='lat' dir='ltr'><strong>sub</strong></span> <span class='ocrx_word' id='word_1_446' title='bbox 828 4375 1007 4448; x_wconf 75' lang='lat' dir='ltr'><strong>titulo,</strong></span> <span class='ocrx_word' id='word_1_447' title='bbox 1061 4375 1134 4429; x_wconf 88' lang='lat' dir='ltr'><strong>De</strong></span> <span class='ocrx_word' id='word_1_448' title='bbox 1170 4375 1577 4448; x_wconf 70' lang='lat' dir='ltr'><strong>Martyrologiis</strong></span> <span class='ocrx_word' id='word_1_449' title='bbox 1631 4375 1862 4442; x_wconf 77' lang='lat' dir='ltr'><strong>Eusebii,</strong></span> <span class='ocrx_word' id='word_1_450' title='bbox 1895 4386 1944 4431; x_wconf 86' lang='lat' dir='ltr'><strong>et</strong></span> 
     </span>
    </p>
   </div>
   <div class='ocr_carea' id='block_1_56' title="bbox 353 4447 1938 4520">
    <p class='ocr_par' dir='ltr' id='par_1_56' title="bbox 353 4447 1938 4520">
     <span class='ocr_line' id='line_1_56' title="bbox 353 4447 1938 4520; baseline -0.004 -14"><span class='ocrx_word' id='word_1_451' title='bbox 353 4449 668 4520; x_wconf 78' lang='lat' dir='ltr'><strong>Hieronymi</strong></span> <span class='ocrx_word' id='word_1_452' title='bbox 703 4464 721 4502; x_wconf 91' lang='lat'><strong><em>:</em></strong></span> <span class='ocrx_word' id='word_1_453' title='bbox 753 4457 810 4520; x_wconf 86' lang='lat' dir='ltr'><strong>et</strong></span> <span class='ocrx_word' id='word_1_454' title='bbox 832 4447 1124 4520; x_wconf 25' lang='lat' dir='ltr'><strong>fassus‘est</strong></span> <span class='ocrx_word' id='word_1_455' title='bbox 1149 4447 1428 4520; x_wconf 75' lang='lat' dir='ltr'><strong>Panielius</strong></span> <span class='ocrx_word' id='word_1_456' title='bbox 1457 4447 1525 4502; x_wconf 86' lang='lat' dir='ltr'><strong>ab</strong></span> <span class='ocrx_word' id='word_1_457' title='bbox 1554 4448 1672 4517; x_wconf 90' lang='lat' dir='ltr'><strong>ipso</strong></span> <span class='ocrx_word' id='word_1_458' title='bbox 1695 4450 1898 4520; x_wconf 77' lang='lat' dir='ltr'><strong>citatus</strong></span> <span class='ocrx_word' id='word_1_459' title='bbox 1924 4465 1938 4500; x_wconf 91' lang='lat'><strong>:</strong></span> 
     </span>
    </p>
   </div>
   <div class='ocr_carea' id='block_1_57' title="bbox 349 4516 1945 4594">
    <p class='ocr_par' dir='ltr' id='par_1_57' title="bbox 349 4516 1945 4594">
     <span class='ocr_line' id='line_1_57' title="bbox 349 4516 1945 4594; baseline -0.003 -17"><span class='ocrx_word' id='word_1_460' title='bbox 349 4516 617 4594; x_wconf 80' lang='lat' dir='ltr'><strong>quidquid</strong></span> <span class='ocrx_word' id='word_1_461' title='bbox 647 4521 706 4573; x_wconf 90' lang='lat' dir='ltr'><strong>lit</strong></span> <span class='ocrx_word' id='word_1_462' title='bbox 738 4517 1065 4594; x_wconf 77' lang='lat' dir='ltr'><strong>de_epi8tola</strong></span> <span class='ocrx_word' id='word_1_463' title='bbox 1096 4518 1160 4594; x_wconf 88' lang='lat' dir='ltr'><strong>ad</strong></span> <span class='ocrx_word' id='word_1_464' title='bbox 1199 4516 1644 4594; x_wconf 25' lang='lat' dir='ltr'><strong>Chromatium’el</strong></span> <span class='ocrx_word' id='word_1_465' title='bbox 1692 4519 1945 4573; x_wconf 87' lang='lat' dir='ltr'><strong>Heliodo-</strong></span> 
     </span>
    </p>
   </div>
   <div class='ocr_carea' id='block_1_58' title="bbox 351 4588 1945 4662">
    <p class='ocr_par' dir='ltr' id='par_1_58' title="bbox 351 4588 1945 4662">
     <span class='ocr_line' id='line_1_58' title="bbox 351 4588 1945 4662; baseline -0.004 -14"><span class='ocrx_word' id='word_1_466' title='bbox 351 4588 658 4662; x_wconf 26' lang='lat' dir='ltr'><strong>rum,‘qu:e</strong></span> <span class='ocrx_word' id='word_1_467' title='bbox 689 4591 788 4644; x_wconf 90' lang='lat' dir='ltr'><strong>sub</strong></span> <span class='ocrx_word' id='word_1_468' title='bbox 818 4589 1134 4660; x_wconf 82' lang='lat' dir='ltr'><strong>Hieronymi</strong></span> <span class='ocrx_word' id='word_1_469' title='bbox 1166 4588 1387 4643; x_wconf 87' lang='lat' dir='ltr'><strong>nomine</strong></span> <span class='ocrx_word' id='word_1_470' title='bbox 1411 4590 1795 4662; x_wconf 88' lang='lat' dir='ltr'><strong>circumfertur</strong></span> <span class='ocrx_word' id='word_1_471' title='bbox 1819 4599 1945 4644; x_wconf 91' lang='lat' dir='ltr'><strong>ante</strong></span> 
     </span>
    </p>
   </div>
   <div class='ocr_carea' id='block_1_59' title="bbox 358 4661 1949 4734">
    <p class='ocr_par' dir='ltr' id='par_1_59' title="bbox 358 4661 1949 4734">
     <span class='ocr_line' id='line_1_59' title="bbox 358 4661 1949 4734; baseline -0.003 -14"><span class='ocrx_word' id='word_1_472' title='bbox 358 4665 594 4720; x_wconf 88' lang='lat' dir='ltr'><strong>Usuardi</strong></span> <span class='ocrx_word' id='word_1_473' title='bbox 624 4662 1068 4734; x_wconf 73' lang='lat' dir='ltr'><strong>martyr-elogium</strong></span> <span class='ocrx_word' id='word_1_474' title='bbox 1093 4677 1108 4726; x_wconf 92' lang='lat'><strong>;</strong></span> <span class='ocrx_word' id='word_1_475' title='bbox 1139 4674 1297 4730; x_wconf 90' lang='lat' dir='ltr'><strong>quam</strong></span> <span class='ocrx_word' id='word_1_476' title='bbox 1312 4667 1495 4734; x_wconf 81' lang='lat' dir='ltr'><strong>tamen</strong></span> <span class='ocrx_word' id='word_1_477' title='bbox 1523 4661 1713 4734; x_wconf 80' lang='lat' dir='ltr'><strong>recipit</strong></span> <span class='ocrx_word' id='word_1_478' title='bbox 1733 4661 1949 4716; x_wconf 86' lang='lat' dir='ltr'><strong>Cassio-</strong></span> 
     </span>
    </p>
   </div>
   <div class='ocr_carea' id='block_1_60' title="bbox 353 4731 1943 4802">
    <p class='ocr_par' dir='ltr' id='par_1_60' title="bbox 353 4731 1943 4802">
     <span class='ocr_line' id='line_1_60' title="bbox 353 4731 1943 4802; baseline -0.002 -13"><span class='ocrx_word' id='word_1_479' title='bbox 353 4735 528 4789; x_wconf 85' lang='lat' dir='ltr'><strong>dorus</strong></span> <span class='ocrx_word' id='word_1_480' title='bbox 553 4734 621 4787; x_wconf 90' lang='lat' dir='ltr'><strong>de</strong></span> <span class='ocrx_word' id='word_1_481' title='bbox 650 4731 856 4787; x_wconf 78' lang='lat' dir='ltr'><strong>Divinis</strong></span> <span class='ocrx_word' id='word_1_482' title='bbox 891 4732 1129 4787; x_wconf 80' lang='lat' dir='ltr'><strong>lnStitut.</strong></span> <span class='ocrx_word' id='word_1_483' title='bbox 1159 4746 1282 4800; x_wconf 89' lang='lat' dir='ltr'><strong>cap.</strong></span> <span class='ocrx_word' id='word_1_484' title='bbox 1310 4732 1410 4796; x_wconf 74' lang='lat'><strong>5‘2;</strong></span> <span class='ocrx_word' id='word_1_485' title='bbox 1443 4731 1537 4787; x_wconf 90' lang='lat' dir='ltr'><strong>sed</strong></span> <span class='ocrx_word' id='word_1_486' title='bbox 1579 4745 1674 4786; x_wconf 84' lang='lat' dir='ltr'><strong>eas</strong></span> <span class='ocrx_word' id='word_1_487' title='bbox 1717 4745 1786 4787; x_wconf 85' lang='lat' dir='ltr'><strong>ex</strong></span> <span class='ocrx_word' id='word_1_488' title='bbox 1813 4747 1943 4802; x_wconf 88' lang='lat' dir='ltr'><strong>pro-</strong></span> 
     </span>
    </p>
   </div>
   <div class='ocr_carea' id='block_1_61' title="bbox 353 4801 1943 4873">
    <p class='ocr_par' dir='ltr' id='par_1_61' title="bbox 353 4801 1943 4873">
     <span class='ocr_line' id='line_1_61' title="bbox 353 4801 1943 4873; baseline -0.004 -11"><span class='ocrx_word' id='word_1_489' title='bbox 353 4805 509 4862; x_wconf 81' lang='lat' dir='ltr'><strong>fesso</strong></span> <span class='ocrx_word' id='word_1_490' title='bbox 539 4802 764 4858; x_wconf 85' lang='lat' dir='ltr'><strong>inferius</strong></span> <span class='ocrx_word' id='word_1_491' title='bbox 791 4804 1253 4873; x_wconf 87' lang='lat' dir='ltr'><strong>pr0pugnabimus</strong></span> <span class='ocrx_word' id='word_1_492' title='bbox 1274 4802 1340 4873; x_wconf 82' lang='lat' dir='ltr'><strong>ad</strong></span> <span class='ocrx_word' id='word_1_493' title='bbox 1367 4817 1565 4857; x_wconf 89' lang='lat' dir='ltr'><strong>annum</strong></span> <span class='ocrx_word' id='word_1_494' title='bbox 1580 4801 1791 4857; x_wconf 87' lang='lat' dir='ltr'><strong>Domini</strong></span> <span class='ocrx_word' id='word_1_495' title='bbox 1814 4801 1943 4858; x_wconf 74' lang='grc'><strong>584.</strong></span> 
     </span>
    </p>
   </div>
   <div class='ocr_carea' id='block_1_62' title="bbox 436 4872 1948 4943">
    <p class='ocr_par' dir='ltr' id='par_1_62' title="bbox 436 4872 1948 4943">
     <span class='ocr_line' id='line_1_62' title="bbox 436 4872 1948 4943; baseline -0.001 -14"><span class='ocrx_word' id='word_1_496' title='bbox 436 4875 556 4931; x_wconf 78' lang='lat' dir='ltr'><strong>Jam</strong></span> <span class='ocrx_word' id='word_1_497' title='bbox 583 4874 726 4943; x_wconf 91' lang='lat' dir='ltr'><strong>quod</strong></span> <span class='ocrx_word' id='word_1_498' title='bbox 774 4874 840 4928; x_wconf 91' lang='lat' dir='ltr'><strong>ad</strong></span> <span class='ocrx_word' id='word_1_499' title='bbox 880 4872 1068 4928; x_wconf 88' lang='lat' dir='ltr'><strong>urbem</strong></span> <span class='ocrx_word' id='word_1_500' title='bbox 1103 4872 1381 4927; x_wconf 67' lang='lat' dir='ltr'><strong>blartulam</strong></span> <span class='ocrx_word' id='word_1_501' title='bbox 1413 4875 1638 4936; x_wconf 89' lang='lat' dir='ltr'><strong>attinet,</strong></span> <span class='ocrx_word' id='word_1_502' title='bbox 1684 4873 1948 4941; x_wconf 89' lang='lat' dir='ltr'><strong>imprimis</strong></span> 
     </span>
    </p>
   </div>
   <div class='ocr_carea' id='block_1_63' title="bbox 2047 2319 3645 2394">
    <p class='ocr_par' dir='ltr' id='par_1_63' title="bbox 2047 2319 3645 2394">
     <span class='ocr_line' id='line_1_63' title="bbox 2047 2319 3645 2394; baseline 0.01 -21"><span class='ocrx_word' id='word_1_503' title='bbox 2047 2319 2120 2374; x_wconf 85' lang='lat' dir='ltr'><strong>lia</strong></span> <span class='ocrx_word' id='word_1_504' title='bbox 2147 2322 2394 2394; x_wconf 83' lang='lat' dir='ltr'><strong>claritas,</strong></span> <span class='ocrx_word' id='word_1_505' title='bbox 2420 2319 2787 2394; x_wconf 12' lang='lat' dir='ltr'><strong>Juliali&#39;irtus,</strong></span> <span class='ocrx_word' id='word_1_506' title='bbox 2815 2319 2952 2378; x_wconf 80' lang='lat' dir='ltr'><strong>Julia</strong></span> <span class='ocrx_word' id='word_1_507' title='bbox 2983 2325 3317 2394; x_wconf 83' lang='lat' dir='ltr'><strong>contributa,</strong></span> <span class='ocrx_word' id='word_1_508' title='bbox 3346 2327 3483 2383; x_wconf 79' lang='lat' dir='ltr'><strong>Julia</strong></span> <span class='ocrx_word' id='word_1_509' title='bbox 3513 2347 3645 2388; x_wconf 85' lang='lat' dir='ltr'><strong>con-</strong></span> 
     </span>
    </p>
   </div>
   <div class='ocr_carea' id='block_1_64' title="bbox 2047 2392 3648 2467">
    <p class='ocr_par' dir='ltr' id='par_1_64' title="bbox 2047 2392 3648 2467">
     <span class='ocr_line' id='line_1_64' title="bbox 2047 2392 3648 2467; baseline 0.008 -22"><span class='ocrx_word' id='word_1_510' title='bbox 2047 2392 2259 2467; x_wconf 84' lang='lat' dir='ltr'><strong>cordia,</strong></span> <span class='ocrx_word' id='word_1_511' title='bbox 2293 2401 2400 2467; x_wconf 81' lang='lat' dir='ltr'><strong>etc.</strong></span> <span class='ocrx_word' id='word_1_512' title='bbox 2441 2393 2700 2467; x_wconf 77' lang='lat' dir='ltr'><strong>Denique</strong></span> <span class='ocrx_word' id='word_1_513' title='bbox 2745 2396 3004 2457; x_wconf 86' lang='lat' dir='ltr'><strong>notarim,</strong></span> <span class='ocrx_word' id='word_1_514' title='bbox 3054 2395 3201 2467; x_wconf 90' lang='lat' dir='ltr'><strong>quod</strong></span> <span class='ocrx_word' id='word_1_515' title='bbox 3245 2392 3336 2452; x_wconf 84' lang='lat' dir='ltr'><strong>alii</strong></span> <span class='ocrx_word' id='word_1_516' title='bbox 3392 2400 3451 2454; x_wconf 89' lang='lat' dir='ltr'><strong>D.</strong></span> <span class='ocrx_word' id='word_1_517' title='bbox 3487 2400 3648 2458; x_wconf 86' lang='lat' dir='ltr'><strong>Petro</strong></span> 
     </span>
    </p>
   </div>
   <div class='ocr_carea' id='block_1_65' title="bbox 2044 2463 3650 2537">
    <p class='ocr_par' dir='ltr' id='par_1_65' title="bbox 2044 2463 3650 2537">
     <span class='ocr_line' id='line_1_65' title="bbox 2044 2463 3650 2537; baseline 0.01 -24"><span class='ocrx_word' id='word_1_518' title='bbox 2044 2466 2296 2537; x_wconf 88' lang='lat' dir='ltr'><strong>apostolo</strong></span> <span class='ocrx_word' id='word_1_519' title='bbox 2327 2465 2395 2537; x_wconf 76' lang='lat' dir='ltr'><strong>ile</strong></span> <span class='ocrx_word' id='word_1_520' title='bbox 2439 2463 2610 2537; x_wconf 83' lang='lat' dir='ltr'><strong>Britio</strong></span> <span class='ocrx_word' id='word_1_521' title='bbox 2645 2464 2876 2521; x_wconf 89' lang='lat' dir='ltr'><strong>liberato</strong></span> <span class='ocrx_word' id='word_1_522' title='bbox 2909 2481 2937 2519; x_wconf 90' lang='lat' dir='ltr'><strong>a</strong></span> <span class='ocrx_word' id='word_1_523' title='bbox 2962 2463 3195 2537; x_wconf 80' lang='lat' dir='ltr'><strong>vinculis</strong></span> <span class='ocrx_word' id='word_1_524' title='bbox 3218 2468 3483 2537; x_wconf 90' lang='lat' dir='ltr'><strong>tribuunt,</strong></span> <span class='ocrx_word' id='word_1_525' title='bbox 3508 2471 3650 2528; x_wconf 85' lang='lat' dir='ltr'><strong>Dex-</strong></span> 
     </span>
    </p>
   </div>
   <div class='ocr_carea' id='block_1_66' title="bbox 2048 2535 3648 2606">
    <p class='ocr_par' dir='ltr' id='par_1_66' title="bbox 2048 2535 3648 2606">
     <span class='ocr_line' id='line_1_66' title="bbox 2048 2535 3648 2606; baseline 0.009 -20"><span class='ocrx_word' id='word_1_526' title='bbox 2048 2541 2192 2606; x_wconf 78' lang='lat' dir='ltr'><strong>ltum</strong></span> <span class='ocrx_word' id='word_1_527' title='bbox 2235 2535 2295 2587; x_wconf 83' lang='grc' dir='ltr'><strong>Ι).</strong></span> <span class='ocrx_word' id='word_1_528' title='bbox 2338 2535 2504 2606; x_wconf 84' lang='lat' dir='ltr'><strong>Petro</strong></span> <span class='ocrx_word' id='word_1_529' title='bbox 2532 2536 2855 2591; x_wconf 87' lang='lat' dir='ltr'><strong>Bracarensi</strong></span> <span class='ocrx_word' id='word_1_530' title='bbox 2891 2536 3173 2606; x_wconf 80' lang='lat' dir='ltr'><strong>episcopo,</strong></span> <span class='ocrx_word' id='word_1_531' title='bbox 3199 2555 3267 2594; x_wconf 82' lang='lat' dir='ltr'><strong>ex</strong></span> <span class='ocrx_word' id='word_1_532' title='bbox 3294 2535 3529 2597; x_wconf 86' lang='lat' dir='ltr'><strong>aliorum</strong></span> <span class='ocrx_word' id='word_1_533' title='bbox 3559 2559 3648 2601; x_wconf 87' lang='lat' dir='ltr'><strong>re-</strong></span> 
     </span>
    </p>
   </div>
   <div class='ocr_carea' id='block_1_67' title="bbox 2044 2602 3642 2675">
    <p class='ocr_par' dir='ltr' id='par_1_67' title="bbox 2044 2602 3642 2675">
     <span class='ocr_line' id='line_1_67' title="bbox 2044 2602 3642 2675; baseline 0.01 -20"><span class='ocrx_word' id='word_1_534' title='bbox 2044 2602 2251 2675; x_wconf 75' lang='lat' dir='ltr'><strong>latione</strong></span> <span class='ocrx_word' id='word_1_535' title='bbox 2281 2605 2578 2672; x_wconf 88' lang='lat' dir='ltr'><strong>tribuisse;</strong></span> <span class='ocrx_word' id='word_1_536' title='bbox 2610 2616 2720 2660; x_wconf 91' lang='lat' dir='ltr'><strong>tum</strong></span> <span class='ocrx_word' id='word_1_537' title='bbox 2747 2609 2868 2675; x_wconf 88' lang='lat' dir='ltr'><strong>quia</strong></span> <span class='ocrx_word' id='word_1_538' title='bbox 2894 2602 3098 2664; x_wconf 79' lang='lat' dir='ltr'><strong>Britius</strong></span> <span class='ocrx_word' id='word_1_539' title='bbox 3128 2620 3248 2664; x_wconf 89' lang='lat' dir='ltr'><strong>erat</strong></span> <span class='ocrx_word' id='word_1_540' title='bbox 3277 2611 3568 2668; x_wconf 87' lang='lat' dir='ltr'><strong>Eborensis</strong></span> <span class='ocrx_word' id='word_1_541' title='bbox 3591 2617 3642 2672; x_wconf 91' lang='lat' dir='ltr'><strong>in</strong></span> 
     </span>
    </p>
   </div>
   <div class='ocr_carea' id='block_1_68' title="bbox 2043 2673 3610 2750">
    <p class='ocr_par' dir='ltr' id='par_1_68' title="bbox 2043 2673 3610 2750">
     <span class='ocr_line' id='line_1_68' title="bbox 2043 2673 3610 2750; baseline 0.008 -22"><span class='ocrx_word' id='word_1_542' title='bbox 2043 2673 2318 2750; x_wconf 82' lang='lat' dir='ltr'><strong>Lusitania</strong></span> <span class='ocrx_word' id='word_1_543' title='bbox 2345 2677 2576 2750; x_wconf 82' lang='lat' dir='ltr'><strong>antistes</strong></span> <span class='ocrx_word' id='word_1_544' title='bbox 2595 2719 2608 2742; x_wconf 90' lang='lat'><strong>,</strong></span> <span class='ocrx_word' id='word_1_545' title='bbox 2634 2685 2747 2733; x_wconf 91' lang='lat' dir='ltr'><strong>tum</strong></span> <span class='ocrx_word' id='word_1_546' title='bbox 2766 2673 2911 2750; x_wconf 80' lang='lat' dir='ltr'><strong>quia</strong></span> <span class='ocrx_word' id='word_1_547' title='bbox 2943 2679 3140 2734; x_wconf 90' lang='lat' dir='ltr'><strong>Petrus</strong></span> <span class='ocrx_word' id='word_1_548' title='bbox 3165 2679 3332 2736; x_wconf 86' lang='lat' dir='ltr'><strong>etiam</strong></span> <span class='ocrx_word' id='word_1_549' title='bbox 3363 2683 3455 2739; x_wconf 81' lang='lat' dir='ltr'><strong>ille</strong></span> <span class='ocrx_word' id='word_1_550' title='bbox 3475 2700 3504 2740; x_wconf 88' lang='lat' dir='ltr'><strong>a</strong></span> <span class='ocrx_word' id='word_1_551' title='bbox 3530 2685 3610 2741; x_wconf 91' lang='lat' dir='ltr'><strong>Lu</strong></span> 
     </span>
    </p>
   </div>
   <div class='ocr_carea' id='block_1_69' title="bbox 2043 2747 3606 2819">
    <p class='ocr_par' dir='ltr' id='par_1_69' title="bbox 2043 2747 3606 2819">
     <span class='ocr_line' id='line_1_69' title="bbox 2043 2747 3606 2819; baseline 0.009 -21"><span class='ocrx_word' id='word_1_552' title='bbox 2043 2747 2237 2802; x_wconf 89' lang='lat' dir='ltr'><strong>sitanis</strong></span> <span class='ocrx_word' id='word_1_553' title='bbox 2263 2748 2564 2804; x_wconf 84' lang='lat' dir='ltr'><strong>vocabatur</strong></span> <span class='ocrx_word' id='word_1_554' title='bbox 2589 2747 2870 2819; x_wconf 56' lang='lat' dir='ltr'><strong>apostolus</strong></span> <span class='ocrx_word' id='word_1_555' title='bbox 2893 2793 2906 2813; x_wconf 90' lang='lat'><strong><em>.</em></strong></span> <span class='ocrx_word' id='word_1_556' title='bbox 2939 2759 3001 2803; x_wconf 87' lang='lat' dir='ltr'><strong>ut</strong></span> <span class='ocrx_word' id='word_1_557' title='bbox 3031 2750 3222 2808; x_wconf 82' lang='lat' dir='ltr'><strong>Patres</strong></span> <span class='ocrx_word' id='word_1_558' title='bbox 3249 2755 3466 2810; x_wconf 90' lang='lat' dir='ltr'><strong>concilii</strong></span> <span class='ocrx_word' id='word_1_559' title='bbox 3505 2756 3606 2812; x_wconf 91' lang='lat' dir='ltr'><strong>Bra</strong></span> 
     </span>
    </p>
   </div>
   <div class='ocr_carea' id='block_1_70' title="bbox 2040 2819 3633 2892">
    <p class='ocr_par' dir='ltr' id='par_1_70' title="bbox 2040 2819 3633 2892">
     <span class='ocr_line' id='line_1_70' title="bbox 2040 2819 3633 2892; baseline 0.009 -22"><span class='ocrx_word' id='word_1_560' title='bbox 2040 2821 2286 2892; x_wconf 77' lang='lat' dir='ltr'><strong>car-ensis</strong></span> <span class='ocrx_word' id='word_1_561' title='bbox 2320 2819 2420 2873; x_wconf 84' lang='lat' dir='ltr'><strong>sub</strong></span> <span class='ocrx_word' id='word_1_562' title='bbox 2444 2819 2803 2892; x_wconf 85' lang='lat' dir='ltr'><strong>Pancratiano</strong></span> <span class='ocrx_word' id='word_1_563' title='bbox 2831 2821 3088 2892; x_wconf 85' lang='lat' dir='ltr'><strong>episcopo</strong></span> <span class='ocrx_word' id='word_1_564' title='bbox 3111 2834 3464 2880; x_wconf 87' lang='lat' dir='ltr'><strong>vocaverunt.</strong></span> <span class='ocrx_word' id='word_1_565' title='bbox 3499 2828 3633 2884; x_wconf 85' lang='lat' dir='ltr'><strong>Con-</strong></span> 
     </span>
    </p>
   </div>
   <div class='ocr_carea' id='block_1_71' title="bbox 2041 2891 3640 2961">
    <p class='ocr_par' dir='ltr' id='par_1_71' title="bbox 2041 2891 3640 2961">
     <span class='ocr_line' id='line_1_71' title="bbox 2041 2891 3640 2961; baseline 0.008 -18"><span class='ocrx_word' id='word_1_566' title='bbox 2041 2891 2162 2961; x_wconf 90' lang='lat' dir='ltr'><strong>sulc</strong></span> <span class='ocrx_word' id='word_1_567' title='bbox 2190 2899 2307 2945; x_wconf 85' lang='lat' dir='ltr'><strong>acta</strong></span> <span class='ocrx_word' id='word_1_568' title='bbox 2340 2892 2558 2945; x_wconf 89' lang='lat' dir='ltr'><strong>concilii</strong></span> <span class='ocrx_word' id='word_1_569' title='bbox 2588 2891 2748 2960; x_wconf 89' lang='lat' dir='ltr'><strong>hujus</strong></span> <span class='ocrx_word' id='word_1_570' title='bbox 2769 2891 2891 2961; x_wconf 75' lang='lat' dir='ltr'><strong>qua:</strong></span> <span class='ocrx_word' id='word_1_571' title='bbox 2921 2891 3175 2948; x_wconf 89' lang='lat' dir='ltr'><strong>dabimus</strong></span> <span class='ocrx_word' id='word_1_572' title='bbox 3203 2895 3269 2948; x_wconf 88' lang='lat' dir='ltr'><strong>ad</strong></span> <span class='ocrx_word' id='word_1_573' title='bbox 3288 2911 3489 2952; x_wconf 90' lang='lat' dir='ltr'><strong>aunum</strong></span> <span class='ocrx_word' id='word_1_574' title='bbox 3513 2899 3640 2956; x_wconf 74' lang='lat'><strong>423.</strong></span> 
     </span>
    </p>
   </div>
   <div class='ocr_carea' id='block_1_72' title="bbox 2111 2960 3640 3031">
    <p class='ocr_par' dir='ltr' id='par_1_72' title="bbox 2111 2960 3640 3031">
     <span class='ocr_line' id='line_1_72' title="bbox 2111 2960 3640 3031; baseline 0.007 -17"><span class='ocrx_word' id='word_1_575' title='bbox 2111 2960 2169 3014; x_wconf 76' lang='grc'><strong>2.</strong></span> <span class='ocrx_word' id='word_1_576' title='bbox 2241 2962 2442 3031; x_wconf 74' lang='lat' dir='ltr'><strong>Sci-pce,</strong></span> <span class='ocrx_word' id='word_1_577' title='bbox 2497 2971 2605 3016; x_wconf 92' lang='lat' dir='ltr'><strong>etc.</strong></span> <span class='ocrx_word' id='word_1_578' title='bbox 2661 2960 2987 3018; x_wconf 85' lang='lat' dir='ltr'><strong>Sanetorum</strong></span> <span class='ocrx_word' id='word_1_579' title='bbox 3028 2963 3323 3020; x_wconf 80' lang='lat' dir='ltr'><strong>Hilarionis</strong></span> <span class='ocrx_word' id='word_1_580' title='bbox 3364 2977 3422 3022; x_wconf 91' lang='lat' dir='ltr'><strong>et</strong></span> <span class='ocrx_word' id='word_1_581' title='bbox 3465 2968 3640 3025; x_wconf 87' lang='lat' dir='ltr'><strong>Procli</strong></span> 
     </span>
    </p>
   </div>
   <div class='ocr_carea' id='block_1_73' title="bbox 2042 3029 3643 3100">
    <p class='ocr_par' dir='ltr' id='par_1_73' title="bbox 2042 3029 3643 3100">
     <span class='ocr_line' id='line_1_73' title="bbox 2042 3029 3643 3100; baseline 0.009 -19"><span class='ocrx_word' id='word_1_582' title='bbox 2042 3029 2266 3098; x_wconf 86' lang='lat' dir='ltr'><strong>Trajaui</strong></span> <span class='ocrx_word' id='word_1_583' title='bbox 2298 3029 2428 3100; x_wconf 84' lang='lat' dir='ltr'><strong>imp.</strong></span> <span class='ocrx_word' id='word_1_584' title='bbox 2465 3042 2711 3100; x_wconf 83' lang='lat' dir='ltr'><strong>tempore</strong></span> <span class='ocrx_word' id='word_1_585' title='bbox 2737 3035 3042 3088; x_wconf 91' lang='lat' dir='ltr'><strong>occisorum</strong></span> <span class='ocrx_word' id='word_1_586' title='bbox 3077 3037 3335 3089; x_wconf 78' lang='lat' dir='ltr'><strong>memoria</strong></span> <span class='ocrx_word' id='word_1_587' title='bbox 3367 3047 3548 3090; x_wconf 89' lang='lat' dir='ltr'><strong>exstat</strong></span> <span class='ocrx_word' id='word_1_588' title='bbox 3589 3041 3643 3095; x_wconf 88' lang='lat' dir='ltr'><strong>in</strong></span> 
     </span>
    </p>
   </div>
   <div class='ocr_carea' id='block_1_74' title="bbox 2043 3100 3644 3172">
    <p class='ocr_par' dir='ltr' id='par_1_74' title="bbox 2043 3100 3644 3172">
     <span class='ocr_line' id='line_1_74' title="bbox 2043 3100 3644 3172; baseline 0.007 -19"><span class='ocrx_word' id='word_1_589' title='bbox 2043 3100 2291 3172; x_wconf 74' lang='lat' dir='ltr'><strong>Bumauo</strong></span> <span class='ocrx_word' id='word_1_590' title='bbox 2341 3102 2728 3172; x_wconf 88' lang='lat' dir='ltr'><strong>martyrologio</strong></span> <span class='ocrx_word' id='word_1_591' title='bbox 2759 3102 2826 3156; x_wconf 90' lang='lat' dir='ltr'><strong>ad</strong></span> <span class='ocrx_word' id='word_1_592' title='bbox 2853 3103 2920 3156; x_wconf 75' lang='lat' dir='ltr'><strong>l-Z</strong></span> <span class='ocrx_word' id='word_1_593' title='bbox 2962 3102 3112 3168; x_wconf 79' lang='lat' dir='ltr'><strong>Julii,</strong></span> <span class='ocrx_word' id='word_1_594' title='bbox 3138 3119 3238 3172; x_wconf 91' lang='lat' dir='ltr'><strong>qua</strong></span> <span class='ocrx_word' id='word_1_595' title='bbox 3268 3105 3357 3161; x_wconf 93' lang='lat' dir='ltr'><strong>die</strong></span> <span class='ocrx_word' id='word_1_596' title='bbox 3383 3121 3412 3160; x_wconf 88' lang='lat' dir='ltr'><strong>a</strong></span> <span class='ocrx_word' id='word_1_597' title='bbox 3436 3106 3644 3165; x_wconf 71' lang='lat' dir='ltr'><strong>Graecis</strong></span> 
     </span>
    </p>
   </div>
   <div class='ocr_carea' id='block_1_75' title="bbox 2041 3169 3642 3248">
    <p class='ocr_par' dir='ltr' id='par_1_75' title="bbox 2041 3169 3642 3248">
     <span class='ocr_line' id='line_1_75' title="bbox 2041 3169 3642 3248; baseline 0.006 -25"><span class='ocrx_word' id='word_1_598' title='bbox 2041 3169 2097 3248; x_wconf 70' lang='lat' dir='ltr'><strong>ili</strong></span> <span class='ocrx_word' id='word_1_599' title='bbox 2139 3173 2443 3248; x_wconf 64' lang='lat' dir='ltr'><strong>menologio</strong></span> <span class='ocrx_word' id='word_1_600' title='bbox 2486 3169 2916 3248; x_wconf 54' lang='lat' dir='ltr'><strong>hii-c_&#39;leguntur</strong></span> <span class='ocrx_word' id='word_1_601' title='bbox 2946 3190 2957 3224; x_wconf 90' lang='lat'><strong>:</strong></span> <span class='ocrx_word' id='word_1_602' title='bbox 2992 3169 3306 3248; x_wconf 69' lang='lat' dir='ltr'><strong>§anctbrum</strong></span> <span class='ocrx_word' id='word_1_603' title='bbox 3352 3186 3642 3248; x_wconf 82' lang='lat' dir='ltr'><strong>martyrum</strong></span> 
     </span>
    </p>
   </div>
   <div class='ocr_carea' id='block_1_76' title="bbox 2044 3187 3642 3321">
    <p class='ocr_par' dir='ltr' id='par_1_76' title="bbox 2044 3187 3642 3321">
     <span class='ocr_line' id='line_1_76' title="bbox 2044 3187 3642 3295; baseline 0.006 -72"><span class='ocrx_word' id='word_1_604' title='bbox 2044 3187 2097 3224; x_wconf 87' lang='lat' dir='ltr'><strong>In</strong></span> <span class='ocrx_word' id='word_1_605' title='bbox 2139 3187 2443 3295; x_wconf 52' lang='lat' dir='ltr'><strong>menOtoIgsio</strong></span> <span class='ocrx_word' id='word_1_606' title='bbox 2487 3187 2602 3226; x_wconf 68' lang='lat' dir='ltr'><strong>nunc</strong></span> <span class='ocrx_word' id='word_1_607' title='bbox 2659 3187 2957 3242; x_wconf 84' lang='lat' dir='ltr'><strong>teguntur:</strong></span> <span class='ocrx_word' id='word_1_608' title='bbox 2992 3187 3306 3228; x_wconf 57' lang='lat' dir='ltr'><strong>punctorum</strong></span> <span class='ocrx_word' id='word_1_609' title='bbox 3352 3187 3642 3248; x_wconf 82' lang='lat' dir='ltr'><strong>martyrum</strong></span> 
     </span>
     <span class='ocr_line' id='line_1_77' title="bbox 2044 3240 3642 3321; baseline 0.006 -28"><span class='ocrx_word' id='word_1_610' title='bbox 2044 3240 2223 3295; x_wconf 85' lang='lat' dir='ltr'><strong>Procli</strong></span> <span class='ocrx_word' id='word_1_611' title='bbox 2247 3251 2296 3296; x_wconf 90' lang='lat' dir='ltr'><strong>et</strong></span> <span class='ocrx_word' id='word_1_612' title='bbox 2403 3242 2563 3321; x_wconf 75' lang='lat' dir='ltr'><strong>ilarii.</strong></span> <span class='ocrx_word' id='word_1_613' title='bbox 2602 3241 2838 3321; x_wconf 80' lang='lat' dir='ltr'><strong>Primum</strong></span> <span class='ocrx_word' id='word_1_614' title='bbox 2971 3242 3490 3321; x_wconf 75' lang='lat' dir='ltr'><strong>__Proclus,_Traja_no</strong></span> <span class='ocrx_word' id='word_1_615' title='bbox 3539 3250 3642 3302; x_wconf 88' lang='lat' dir='ltr'><strong>im-</strong></span> 
     </span>
    </p>
   </div>
   <div class='ocr_carea' id='block_1_77' title="bbox 2043 3313 3646 3387">
    <p class='ocr_par' dir='ltr' id='par_1_77' title="bbox 2043 3313 3646 3387">
     <span class='ocr_line' id='line_1_78' title="bbox 2043 3313 3646 3387; baseline 0.008 -25"><span class='ocrx_word' id='word_1_616' title='bbox 2043 3321 2277 3387; x_wconf 71' lang='lat' dir='ltr'><strong>peratore</strong></span> <span class='ocrx_word' id='word_1_617' title='bbox 2313 3313 2738 3387; x_wconf 77' lang='lat' dir='ltr'><strong>coriiprehensus,</strong></span> <span class='ocrx_word' id='word_1_618' title='bbox 2785 3317 2858 3387; x_wconf 12' lang='lat' dir='ltr'><strong>in,</strong></span> <span class='ocrx_word' id='word_1_619' title='bbox 2879 3315 3085 3387; x_wconf 82' lang='lat' dir='ltr'><strong>judicio</strong></span> <span class='ocrx_word' id='word_1_620' title='bbox 3133 3313 3646 3387; x_wconf 69' lang='lat' dir='ltr'><strong>sistitur,&#39;ﬁdemque</strong></span> 
     </span>
    </p>
   </div>
   <div class='ocr_carea' id='block_1_78' title="bbox 2039 3383 3642 3464">
    <p class='ocr_par' dir='ltr' id='par_1_78' title="bbox 2039 3383 3642 3464">
     <span class='ocr_line' id='line_1_79' title="bbox 2039 3383 3642 3464; baseline 0.006 -28"><span class='ocrx_word' id='word_1_621' title='bbox 2039 3387 2182 3464; x_wconf 71' lang='lat' dir='ltr'><strong>apud</strong></span> <span class='ocrx_word' id='word_1_622' title='bbox 2206 3383 2496 3464; x_wconf 51' lang='lat' dir='ltr'><strong>animum</strong></span> <span class='ocrx_word' id='word_1_623' title='bbox 2519 3389 2818 3464; x_wconf 71' lang='lat' dir='ltr'><strong>prwfectum</strong></span> <span class='ocrx_word' id='word_1_624' title='bbox 2842 3383 2996 3440; x_wconf 75' lang='lat' dir='ltr'><strong>libere</strong></span> <span class='ocrx_word' id='word_1_625' title='bbox 3018 3385 3304 3464; x_wconf 47' lang='lat' dir='ltr'><strong>professus,</strong></span> <span class='ocrx_word' id='word_1_626' title='bbox 3327 3383 3470 3444; x_wconf 82' lang='lat' dir='ltr'><strong>illius</strong></span> <span class='ocrx_word' id='word_1_627' title='bbox 3483 3383 3642 3464; x_wconf 79' lang='lat' dir='ltr'><strong>jussu</strong></span> 
     </span>
    </p>
   </div>
   <div class='ocr_carea' id='block_1_79' title="bbox 2038 3455 3641 3531">
    <p class='ocr_par' dir='ltr' id='par_1_79' title="bbox 2038 3455 3641 3531">
     <span class='ocr_line' id='line_1_80' title="bbox 2038 3455 3641 3531; baseline 0.006 -22"><span class='ocrx_word' id='word_1_628' title='bbox 2038 3455 2211 3531; x_wconf 79' lang='lat' dir='ltr'><strong>statim</strong></span> <span class='ocrx_word' id='word_1_629' title='bbox 2236 3457 2435 3531; x_wconf 59' lang='lat' dir='ltr'><strong>facilius</strong></span> <span class='ocrx_word' id='word_1_630' title='bbox 2464 3456 2517 3509; x_wconf 89' lang='lat' dir='ltr'><strong>in</strong></span> <span class='ocrx_word' id='word_1_631' title='bbox 2548 3455 2778 3531; x_wconf 81' lang='lat' dir='ltr'><strong>humeris</strong></span> <span class='ocrx_word' id='word_1_632' title='bbox 2799 3465 2848 3510; x_wconf 87' lang='lat' dir='ltr'><strong>et</strong></span> <span class='ocrx_word' id='word_1_633' title='bbox 2874 3468 3045 3531; x_wconf 76' lang='lat' dir='ltr'><strong>ventre</strong></span> <span class='ocrx_word' id='word_1_634' title='bbox 3069 3455 3313 3531; x_wconf 77' lang='lat' dir='ltr'><strong>aduritur</strong></span> <span class='ocrx_word' id='word_1_635' title='bbox 3333 3477 3354 3527; x_wconf 90' lang='lat'><strong>;</strong></span> <span class='ocrx_word' id='word_1_636' title='bbox 3378 3455 3502 3531; x_wconf 59' lang='lat' dir='ltr'><strong>post&#39;</strong></span> <span class='ocrx_word' id='word_1_637' title='bbox 3514 3481 3641 3518; x_wconf 76' lang='lat' dir='ltr'><strong>saxo</strong></span> 
     </span>
    </p>
   </div>
   <div class='ocr_carea' id='block_1_80' title="bbox 1967 3526 3643 3622">
    <p class='ocr_par' dir='ltr' id='par_1_80' title="bbox 1967 3526 3643 3622">
     <span class='ocr_line' id='line_1_81' title="bbox 1967 3526 3643 3622; baseline 0.006 -44"><span class='ocrx_word' id='word_1_638' title='bbox 1967 3564 2016 3622; x_wconf 78' lang='grc' dir='ltr'><strong>Β</strong></span> <span class='ocrx_word' id='word_1_639' title='bbox 2279 3526 2765 3622; x_wconf 44' lang='grc' dir='ltr'><strong>αζξααίιξ,,διξὺιὲξνιὶε</strong></span> <span class='ocrx_word' id='word_1_640' title='bbox 2791 3529 3104 3622; x_wconf 35' lang='grc' dir='ltr'><strong>(ιροιέεηιίὶιιιζ</strong></span> <span class='ocrx_word' id='word_1_641' title='bbox 3123 3526 3643 3622; x_wconf 34' lang='grc' dir='ltr'><strong>ἰηιὶρηθειὶίεξξὶάεις-</strong></span> 
     </span>
    </p>
   </div>
   <div class='ocr_carea' id='block_1_81' title="bbox 2043 3597 3645 3669">
    <p class='ocr_par' dir='ltr' id='par_1_81' title="bbox 2043 3597 3645 3669">
     <span class='ocr_line' id='line_1_82' title="bbox 2043 3597 3645 3669; baseline 0.004 -18"><span class='ocrx_word' id='word_1_642' title='bbox 2043 3599 2106 3651; x_wconf 87' lang='lat' dir='ltr'><strong>lis</strong></span> <span class='ocrx_word' id='word_1_643' title='bbox 2119 3597 2434 3652; x_wconf 78' lang='lat' dir='ltr'><strong>densissintis</strong></span> <span class='ocrx_word' id='word_1_644' title='bbox 2448 3597 2959 3669; x_wconf 75' lang='lat' dir='ltr'><strong>vulneratttr,quibus</strong></span> <span class='ocrx_word' id='word_1_645' title='bbox 2974 3597 3375 3669; x_wconf 64' lang='lat' dir='ltr'><strong>confossus&#39;abiit</strong></span> <span class='ocrx_word' id='word_1_646' title='bbox 3388 3605 3458 3653; x_wconf 84' lang='lat' dir='ltr'><strong>ad</strong></span> <span class='ocrx_word' id='word_1_647' title='bbox 3468 3603 3619 3657; x_wconf 88' lang='lat' dir='ltr'><strong>Domi</strong></span> <span class='ocrx_word' id='word_1_648' title='bbox 3626 3634 3645 3645; x_wconf 90' lang='lat'><em>-</em></span> 
     </span>
    </p>
   </div>
   <div class='ocr_carea' id='block_1_82' title="bbox 2044 3667 3642 3735">
    <p class='ocr_par' dir='ltr' id='par_1_82' title="bbox 2044 3667 3642 3735">
     <span class='ocr_line' id='line_1_83' title="bbox 2044 3667 3642 3735; baseline 0.002 -13"><span class='ocrx_word' id='word_1_649' title='bbox 2044 3685 2186 3723; x_wconf 85' lang='lat' dir='ltr'><strong>num.</strong></span> <span class='ocrx_word' id='word_1_650' title='bbox 2222 3669 2419 3724; x_wconf 85' lang='lat' dir='ltr'><strong>Deinde</strong></span> <span class='ocrx_word' id='word_1_651' title='bbox 2449 3667 2686 3722; x_wconf 83' lang='lat' dir='ltr'><strong>Hilarius</strong></span> <span class='ocrx_word' id='word_1_652' title='bbox 2709 3668 2772 3720; x_wconf 87' lang='grc' dir='ltr'><strong>Β.</strong></span> <span class='ocrx_word' id='word_1_653' title='bbox 2789 3667 2983 3722; x_wconf 77' lang='lat' dir='ltr'><strong>Procli</strong></span> <span class='ocrx_word' id='word_1_654' title='bbox 3009 3667 3368 3735; x_wconf 78' lang='lat' dir='ltr'><strong>consobrinus,</strong></span> <span class='ocrx_word' id='word_1_655' title='bbox 3389 3671 3642 3726; x_wconf 80' lang='lat' dir='ltr'><strong>Christia-</strong></span> 
     </span>
    </p>
   </div>
   <div class='ocr_carea' id='block_1_83' title="bbox 2043 3739 3643 3808">
    <p class='ocr_par' dir='ltr' id='par_1_83' title="bbox 2043 3739 3643 3808">
     <span class='ocr_line' id='line_1_84' title="bbox 2043 3739 3643 3808; baseline 0.004 -17"><span class='ocrx_word' id='word_1_656' title='bbox 2043 3755 2166 3792; x_wconf 84' lang='lat' dir='ltr'><strong>num</strong></span> <span class='ocrx_word' id='word_1_657' title='bbox 2203 3755 2255 3792; x_wconf 89' lang='lat' dir='ltr'><strong>se</strong></span> <span class='ocrx_word' id='word_1_658' title='bbox 2275 3755 2384 3792; x_wconf 88' lang='lat' dir='ltr'><strong>esse</strong></span> <span class='ocrx_word' id='word_1_659' title='bbox 2410 3739 2696 3807; x_wconf 78' lang='lat' dir='ltr'><strong>confessus,</strong></span> <span class='ocrx_word' id='word_1_660' title='bbox 2716 3755 2992 3808; x_wconf 80' lang='lat' dir='ltr'><strong>suspensus</strong></span> <span class='ocrx_word' id='word_1_661' title='bbox 3011 3740 3306 3792; x_wconf 71' lang='lat' dir='ltr'><strong>uerberatur</strong></span> <span class='ocrx_word' id='word_1_662' title='bbox 3322 3755 3341 3804; x_wconf 92' lang='lat'><strong>;</strong></span> <span class='ocrx_word' id='word_1_663' title='bbox 3370 3749 3419 3793; x_wconf 90' lang='lat' dir='ltr'><strong>et</strong></span> <span class='ocrx_word' id='word_1_664' title='bbox 3445 3743 3514 3794; x_wconf 86' lang='lat' dir='ltr'><strong>ad</strong></span> <span class='ocrx_word' id='word_1_665' title='bbox 3540 3744 3643 3798; x_wconf 88' lang='lat' dir='ltr'><strong>tria</strong></span> 
     </span>
    </p>
   </div>
   <div class='ocr_carea' id='block_1_84' title="bbox 2044 3808 3639 3882">
    <p class='ocr_par' dir='ltr' id='par_1_84' title="bbox 2044 3808 3639 3882">
     <span class='ocr_line' id='line_1_85' title="bbox 2044 3808 3639 3882; baseline 0.004 -21"><span class='ocrx_word' id='word_1_666' title='bbox 2044 3808 2211 3882; x_wconf 69' lang='lat' dir='ltr'><strong>millia</strong></span> <span class='ocrx_word' id='word_1_667' title='bbox 2233 3817 2446 3882; x_wconf 73' lang='lat' dir='ltr'><strong>tractus,</strong></span> <span class='ocrx_word' id='word_1_668' title='bbox 2473 3810 2700 3882; x_wconf 72' lang='lat' dir='ltr'><strong>abscisso</strong></span> <span class='ocrx_word' id='word_1_669' title='bbox 2727 3808 2913 3882; x_wconf 77' lang='lat' dir='ltr'><strong>capite,</strong></span> <span class='ocrx_word' id='word_1_670' title='bbox 2945 3824 3063 3882; x_wconf 78' lang='lat' dir='ltr'><strong>cum</strong></span> <span class='ocrx_word' id='word_1_671' title='bbox 3094 3808 3359 3882; x_wconf 84' lang='lat' dir='ltr'><strong>S.Proclo</strong></span> <span class='ocrx_word' id='word_1_672' title='bbox 3374 3809 3639 3882; x_wconf 86' lang='lat' dir='ltr'><strong>depositus</strong></span> 
     </span>
    </p>
   </div>
   <div class='ocr_carea' id='block_1_85' title="bbox 2043 3877 3638 3955">
    <p class='ocr_par' dir='ltr' id='par_1_85' title="bbox 2043 3877 3638 3955">
     <span class='ocr_line' id='line_1_86' title="bbox 2043 3877 3638 3955; baseline 0.005 -22"><span class='ocrx_word' id='word_1_673' title='bbox 2043 3877 2396 3955; x_wconf 70' lang='lat' dir='ltr'><strong>est.__C_onsule</strong></span> <span class='ocrx_word' id='word_1_674' title='bbox 2422 3880 2636 3955; x_wconf 75' lang='lat' dir='ltr'><strong>Petrum</strong></span> <span class='ocrx_word' id='word_1_675' title='bbox 2661 3877 2978 3955; x_wconf 78' lang='lat' dir='ltr'><strong>Galesinum</strong></span> <span class='ocrx_word' id='word_1_676' title='bbox 3004 3879 3105 3955; x_wconf 76' lang='lat' dir='ltr'><strong>hac</strong></span> <span class='ocrx_word' id='word_1_677' title='bbox 3133 3882 3248 3955; x_wconf 82' lang='lat' dir='ltr'><strong>ipsa</strong></span> <span class='ocrx_word' id='word_1_678' title='bbox 3270 3881 3369 3955; x_wconf 51' lang='lat' dir='ltr'><strong>.die</strong></span> <span class='ocrx_word' id='word_1_679' title='bbox 3390 3926 3406 3950; x_wconf 92' lang='lat'><strong>,</strong></span> <span class='ocrx_word' id='word_1_680' title='bbox 3441 3877 3537 3955; x_wconf 82' lang='lat' dir='ltr'><strong>qui</strong></span> <span class='ocrx_word' id='word_1_681' title='bbox 3567 3883 3638 3941; x_wconf 89' lang='lat' dir='ltr'><strong>de</strong></span> 
     </span>
    </p>
   </div>
   <div class='ocr_carea' id='block_1_86' title="bbox 2044 3948 3636 4023">
    <p class='ocr_par' dir='ltr' id='par_1_86' title="bbox 2044 3948 3636 4023">
     <span class='ocr_line' id='line_1_87' title="bbox 2044 3948 3636 4023; baseline 0.003 -18"><span class='ocrx_word' id='word_1_682' title='bbox 2044 3951 2102 4023; x_wconf 7' lang='lat' dir='ltr'><strong>Si.</strong></span> <span class='ocrx_word' id='word_1_683' title='bbox 2129 3950 2405 4007; x_wconf 90' lang='lat' dir='ltr'><strong>llilarione</strong></span> <span class='ocrx_word' id='word_1_684' title='bbox 2435 3951 2552 4023; x_wconf 85' lang='lat' dir='ltr'><strong>ait:</strong></span> <span class='ocrx_word' id='word_1_685' title='bbox 2579 3948 2708 4004; x_wconf 85' lang='lat' dir='ltr'><strong>Post</strong></span> <span class='ocrx_word' id='word_1_686' title='bbox 2744 3950 2914 4023; x_wconf 82' lang='lat' dir='ltr'><strong>varios</strong></span> <span class='ocrx_word' id='word_1_687' title='bbox 2941 3951 2992 4003; x_wconf 86' lang='lat' dir='ltr'><strong>in</strong></span> <span class='ocrx_word' id='word_1_688' title='bbox 3020 3948 3491 4023; x_wconf 42' lang='lat' dir='ltr'><strong>ﬁdei—confessione</strong></span> <span class='ocrx_word' id='word_1_689' title='bbox 3519 3972 3636 4010; x_wconf 88' lang='lat' dir='ltr'><strong>cru-</strong></span> 
     </span>
    </p>
   </div>
   <div class='ocr_carea' id='block_1_87' title="bbox 2043 4022 3640 4093">
    <p class='ocr_par' dir='ltr' id='par_1_87' title="bbox 2043 4022 3640 4093">
     <span class='ocr_line' id='line_1_88' title="bbox 2043 4022 3640 4093; baseline 0.006 -20"><span class='ocrx_word' id='word_1_690' title='bbox 2043 4022 2230 4082; x_wconf 81' lang='lat' dir='ltr'><strong>ciatus,</strong></span> <span class='ocrx_word' id='word_1_691' title='bbox 2247 4025 2474 4093; x_wconf 77' lang='lat' dir='ltr'><strong>tandem</strong></span> <span class='ocrx_word' id='word_1_692' title='bbox 2493 4022 2631 4093; x_wconf 76' lang='lat' dir='ltr'><strong>datis</strong></span> <span class='ocrx_word' id='word_1_693' title='bbox 2658 4022 2932 4076; x_wconf 82' lang='lat' dir='ltr'><strong>ceruicibus</strong></span> <span class='ocrx_word' id='word_1_694' title='bbox 2963 4022 3274 4077; x_wconf 85' lang='lat' dir='ltr'><strong>coronatur.</strong></span> <span class='ocrx_word' id='word_1_695' title='bbox 3291 4025 3446 4093; x_wconf 81' lang='lat' dir='ltr'><strong>Quod</strong></span> <span class='ocrx_word' id='word_1_696' title='bbox 3475 4029 3640 4083; x_wconf 88' lang='lat' dir='ltr'><strong>etiam</strong></span> 
     </span>
    </p>
   </div>
   <div class='ocr_carea' id='block_1_88' title="bbox 2047 4092 3635 4166">
    <p class='ocr_par' dir='ltr' id='par_1_88' title="bbox 2047 4092 3635 4166">
     <span class='ocr_line' id='line_1_89' title="bbox 2047 4092 3635 4166; baseline 0.004 -20"><span class='ocrx_word' id='word_1_697' title='bbox 2047 4093 2207 4166; x_wconf 82' lang='lat' dir='ltr'><strong>habet</strong></span> <span class='ocrx_word' id='word_1_698' title='bbox 2238 4092 2458 4149; x_wconf 77' lang='lat' dir='ltr'><strong>Dexter.</strong></span> <span class='ocrx_word' id='word_1_699' title='bbox 2490 4092 2763 4166; x_wconf 58' lang='lat' dir='ltr'><strong>Caeterum</strong></span> <span class='ocrx_word' id='word_1_700' title='bbox 2790 4105 3182 4166; x_wconf 73' lang='lat' dir='ltr'><strong>qumnam,aut</strong></span> <span class='ocrx_word' id='word_1_701' title='bbox 3203 4092 3439 4166; x_wconf 86' lang='lat' dir='ltr'><strong>quoloci</strong></span> <span class='ocrx_word' id='word_1_702' title='bbox 3470 4097 3635 4152; x_wconf 66' lang='lat' dir='ltr'><strong>Beati-</strong></span> 
     </span>
    </p>
   </div>
   <div class='ocr_carea' id='block_1_89' title="bbox 2045 4164 3626 4238">
    <p class='ocr_par' dir='ltr' id='par_1_89' title="bbox 2045 4164 3626 4238">
     <span class='ocr_line' id='line_1_90' title="bbox 2045 4164 3626 4238; baseline 0.003 -20"><span class='ocrx_word' id='word_1_703' title='bbox 2045 4180 2124 4238; x_wconf 62' lang='grc' dir='ltr'><strong>ωε</strong></span> <span class='ocrx_word' id='word_1_704' title='bbox 2168 4165 2582 4238; x_wconf 81' lang='lat' dir='ltr'><strong>Scrpa_civit_as</strong></span> <span class='ocrx_word' id='word_1_705' title='bbox 2631 4164 2732 4238; x_wconf 78' lang='lat' dir='ltr'><strong>sita</strong></span> <span class='ocrx_word' id='word_1_706' title='bbox 2789 4164 2951 4238; x_wconf 78' lang='lat' dir='ltr'><strong>fuerit</strong></span> <span class='ocrx_word' id='word_1_707' title='bbox 2998 4164 3256 4238; x_wconf 77' lang='lat' dir='ltr'><strong>indagare</strong></span> <span class='ocrx_word' id='word_1_708' title='bbox 3300 4182 3409 4238; x_wconf 80' lang='lat' dir='ltr'><strong>non</strong></span> <span class='ocrx_word' id='word_1_709' title='bbox 3458 4168 3626 4238; x_wconf 91' lang='lat' dir='ltr'><strong>potui.</strong></span> 
     </span>
    </p>
   </div>
   <div class='ocr_carea' id='block_1_90' title="bbox 2045 4233 3634 4306">
    <p class='ocr_par' dir='ltr' id='par_1_90' title="bbox 2045 4233 3634 4306">
     <span class='ocr_line' id='line_1_91' title="bbox 2045 4233 3634 4306; baseline 0.003 -18"><span class='ocrx_word' id='word_1_710' title='bbox 2045 4237 2212 4306; x_wconf 67' lang='lat' dir='ltr'><strong>liram.</strong></span> <span class='ocrx_word' id='word_1_711' title='bbox 2237 4233 2456 4306; x_wconf 86' lang='lat' dir='ltr'><strong>quidem</strong></span> <span class='ocrx_word' id='word_1_712' title='bbox 2501 4233 2716 4304; x_wconf 66' lang='lat' dir='ltr'><strong>Ciepori</strong></span> <span class='ocrx_word' id='word_1_713' title='bbox 2766 4234 2949 4305; x_wconf 86' lang='lat' dir='ltr'><strong>populi</strong></span> <span class='ocrx_word' id='word_1_714' title='bbox 3006 4233 3279 4303; x_wconf 76' lang='lat' dir='ltr'><strong>Hispania:</strong></span> <span class='ocrx_word' id='word_1_715' title='bbox 3328 4233 3634 4302; x_wconf 74' lang='lat' dir='ltr'><strong>Citerioris,</strong></span> 
     </span>
    </p>
   </div>
   <div class='ocr_carea' id='block_1_91' title="bbox 2045 4305 3638 4375">
    <p class='ocr_par' dir='ltr' id='par_1_91' title="bbox 2045 4305 3638 4375">
     <span class='ocr_line' id='line_1_92' title="bbox 2045 4305 3638 4375; baseline 0.002 -15"><span class='ocrx_word' id='word_1_716' title='bbox 2045 4305 2247 4370; x_wconf 82' lang='lat' dir='ltr'><strong>Plinio,</strong></span> <span class='ocrx_word' id='word_1_717' title='bbox 2278 4308 2372 4362; x_wconf 90' lang='lat' dir='ltr'><strong>lib.</strong></span> <span class='ocrx_word' id='word_1_718' title='bbox 2403 4322 2480 4373; x_wconf 87' lang='lat' dir='ltr'><strong>Iv,</strong></span> <span class='ocrx_word' id='word_1_719' title='bbox 2525 4320 2643 4374; x_wconf 87' lang='lat' dir='ltr'><strong>cap.</strong></span> <span class='ocrx_word' id='word_1_720' title='bbox 2677 4308 2780 4371; x_wconf 75' lang='lat'><strong>20;</strong></span> <span class='ocrx_word' id='word_1_721' title='bbox 2810 4307 2904 4360; x_wconf 88' lang='lat' dir='ltr'><strong>sed</strong></span> <span class='ocrx_word' id='word_1_722' title='bbox 2936 4322 3003 4359; x_wconf 89' lang='lat' dir='ltr'><strong>an</strong></span> <span class='ocrx_word' id='word_1_723' title='bbox 3027 4321 3056 4358; x_wconf 88' lang='lat' dir='ltr'><strong>a</strong></span> <span class='ocrx_word' id='word_1_724' title='bbox 3086 4309 3255 4375; x_wconf 84' lang='lat' dir='ltr'><strong>Serpa</strong></span> <span class='ocrx_word' id='word_1_725' title='bbox 3278 4307 3404 4363; x_wconf 87' lang='lat' dir='ltr'><strong>dicti</strong></span> <span class='ocrx_word' id='word_1_726' title='bbox 3439 4326 3545 4363; x_wconf 91' lang='lat' dir='ltr'><strong>non</strong></span> <span class='ocrx_word' id='word_1_727' title='bbox 3573 4311 3638 4364; x_wconf 90' lang='lat' dir='ltr'><strong>li-</strong></span> 
     </span>
    </p>
   </div>
   <div class='ocr_carea' id='block_1_92' title="bbox 2045 4375 3634 4501">
    <p class='ocr_par' dir='ltr' id='par_1_92' title="bbox 2045 4375 3634 4501">
     <span class='ocr_line' id='line_1_93' title="bbox 2045 4375 3634 4501; baseline 0.003 -71"><span class='ocrx_word' id='word_1_728' title='bbox 2045 4387 2196 4501; x_wconf 45' lang='lat' dir='ltr'><strong>q‘ueq.</strong></span> <span class='ocrx_word' id='word_1_729' title='bbox 2225 4376 2497 4434; x_wconf 86' lang='lat' dir='ltr'><strong>Fortassis</strong></span> <span class='ocrx_word' id='word_1_730' title='bbox 2531 4391 2672 4430; x_wconf 92' lang='lat' dir='ltr'><strong>nunc</strong></span> <span class='ocrx_word' id='word_1_731' title='bbox 2695 4377 2891 4431; x_wconf 88' lang='lat' dir='ltr'><strong>dicitur</strong></span> <span class='ocrx_word' id='word_1_732' title='bbox 2920 4375 3133 4446; x_wconf 85' lang='lat' dir='ltr'><strong>Sequia,</strong></span> <span class='ocrx_word' id='word_1_733' title='bbox 3168 4392 3336 4446; x_wconf 87' lang='lat' dir='ltr'><strong>prope</strong></span> <span class='ocrx_word' id='word_1_734' title='bbox 3371 4380 3554 4434; x_wconf 81' lang='lat' dir='ltr'><strong>Alcala</strong></span> <span class='ocrx_word' id='word_1_735' title='bbox 3583 4381 3634 4434; x_wconf 83' lang='lat' dir='ltr'><strong>Ia</strong></span> 
     </span>
     <span class='ocr_line' id='line_1_94' title="bbox 2099 4465 2198 4501; baseline -0.01 0"><span class='ocrx_word' id='word_1_736' title='bbox 2099 4465 2157 4501; x_wconf 87' lang='lat' dir='ltr'><strong>ea</strong></span> <span class='ocrx_word' id='word_1_737' title='bbox 2186 4487 2198 4500; x_wconf 98' lang='lat'><strong>.</strong></span> 
     </span>
    </p>
   </div>
   <div class='ocr_carea' id='block_1_93' title="bbox 2077 4449 2198 4502">
    <p class='ocr_par' dir='ltr' id='par_1_93' title="bbox 2077 4449 2198 4502">
     <span class='ocr_line' id='line_1_95' title="bbox 2077 4449 2198 4502; baseline -0.017 0"><span class='ocrx_word' id='word_1_738' title='bbox 2077 4449 2198 4502; x_wconf 76' lang='lat' dir='ltr'><strong>teat.</strong></span> 
     </span>
    </p>
   </div>
   <div class='ocr_carea' id='block_1_94' title="bbox 2119 4516 3640 4586">
    <p class='ocr_par' dir='ltr' id='par_1_94' title="bbox 2119 4516 3640 4586">
     <span class='ocr_line' id='line_1_96' title="bbox 2119 4516 3640 4586; baseline 0.002 -14"><span class='ocrx_word' id='word_1_739' title='bbox 2119 4520 2172 4573; x_wconf 79' lang='grc'><strong>5.</strong></span> <span class='ocrx_word' id='word_1_740' title='bbox 2214 4516 2282 4572; x_wconf 81' lang='lat' dir='ltr'><strong>In</strong></span> <span class='ocrx_word' id='word_1_741' title='bbox 2308 4517 2612 4584; x_wconf 80' lang='lat' dir='ltr'><strong>Lusitania,</strong></span> <span class='ocrx_word' id='word_1_742' title='bbox 2651 4527 2758 4572; x_wconf 93' lang='lat' dir='ltr'><strong>etc.</strong></span> <span class='ocrx_word' id='word_1_743' title='bbox 2791 4516 3030 4571; x_wconf 86' lang='lat' dir='ltr'><strong>Consnle</strong></span> <span class='ocrx_word' id='word_1_744' title='bbox 3057 4532 3176 4586; x_wconf 70' lang='lat' dir='ltr'><strong>qua:</strong></span> <span class='ocrx_word' id='word_1_745' title='bbox 3206 4518 3272 4572; x_wconf 91' lang='lat' dir='ltr'><strong>ad</strong></span> <span class='ocrx_word' id='word_1_746' title='bbox 3302 4533 3502 4572; x_wconf 90' lang='lat' dir='ltr'><strong>annum</strong></span> <span class='ocrx_word' id='word_1_747' title='bbox 3535 4519 3640 4576; x_wconf 78' lang='grc'><strong>158</strong></span> 
     </span>
    </p>
   </div>
   <div class='ocr_carea' id='block_1_95' title="bbox 2050 4586 3642 4657">
    <p class='ocr_par' dir='ltr' id='par_1_95' title="bbox 2050 4586 3642 4657">
     <span class='ocr_line' id='line_1_97' title="bbox 2050 4586 3642 4657; baseline 0.003 -15"><span class='ocrx_word' id='word_1_748' title='bbox 2050 4596 2230 4643; x_wconf 88' lang='lat' dir='ltr'><strong>notata</strong></span> <span class='ocrx_word' id='word_1_749' title='bbox 2269 4589 2657 4657; x_wconf 86' lang='lat' dir='ltr'><strong>relinquimus;</strong></span> <span class='ocrx_word' id='word_1_750' title='bbox 2714 4587 2931 4640; x_wconf 89' lang='lat' dir='ltr'><strong>interim</strong></span> <span class='ocrx_word' id='word_1_751' title='bbox 2974 4600 3074 4656; x_wconf 91' lang='lat' dir='ltr'><strong>pro</strong></span> <span class='ocrx_word' id='word_1_752' title='bbox 3115 4587 3278 4642; x_wconf 78' lang='lat' dir='ltr'><strong>verbo</strong></span> <span class='ocrx_word' id='word_1_753' title='bbox 3319 4586 3497 4656; x_wconf 83' lang='lat' dir='ltr'><strong>Prope</strong></span> <span class='ocrx_word' id='word_1_754' title='bbox 3541 4588 3642 4646; x_wconf 86' lang='lat' dir='ltr'><strong>Ca-</strong></span> 
     </span>
    </p>
   </div>
   <div class='ocr_carea' id='block_1_96' title="bbox 2047 4657 3640 4726">
    <p class='ocr_par' dir='ltr' id='par_1_96' title="bbox 2047 4657 3640 4726">
     <span class='ocr_line' id='line_1_98' title="bbox 2047 4657 3640 4726; baseline 0.004 -14"><span class='ocrx_word' id='word_1_755' title='bbox 2047 4659 2301 4713; x_wconf 71' lang='lat' dir='ltr'><strong>strattetia</strong></span> <span class='ocrx_word' id='word_1_756' title='bbox 2340 4658 2481 4712; x_wconf 84' lang='lat' dir='ltr'><strong>dicta</strong></span> <span class='ocrx_word' id='word_1_757' title='bbox 2523 4667 2618 4723; x_wconf 85' lang='lat' dir='ltr'><strong>est,</strong></span> <span class='ocrx_word' id='word_1_758' title='bbox 2662 4657 2807 4726; x_wconf 84' lang='lat' dir='ltr'><strong>quod</strong></span> <span class='ocrx_word' id='word_1_759' title='bbox 2831 4665 2947 4712; x_wconf 87' lang='lat' dir='ltr'><strong>erat</strong></span> <span class='ocrx_word' id='word_1_760' title='bbox 2990 4657 3044 4710; x_wconf 93' lang='lat' dir='ltr'><strong>in</strong></span> <span class='ocrx_word' id='word_1_761' title='bbox 3071 4672 3272 4714; x_wconf 88' lang='lat' dir='ltr'><strong>excuso</strong></span> <span class='ocrx_word' id='word_1_762' title='bbox 3298 4659 3506 4726; x_wconf 88' lang='lat' dir='ltr'><strong>codice,</strong></span> <span class='ocrx_word' id='word_1_763' title='bbox 3541 4661 3640 4719; x_wconf 88' lang='lat' dir='ltr'><strong>sed</strong></span> 
     </span>
    </p>
   </div>
   <div class='ocr_carea' id='block_1_97' title="bbox 2047 4726 3312 4800">
    <p class='ocr_par' dir='ltr' id='par_1_97' title="bbox 2047 4726 3312 4800">
     <span class='ocr_line' id='line_1_99' title="bbox 2047 4726 3312 4800; baseline -0.002 -14"><span class='ocrx_word' id='word_1_764' title='bbox 2047 4743 2360 4800; x_wconf 77' lang='lat' dir='ltr'><strong>perperam,</strong></span> <span class='ocrx_word' id='word_1_765' title='bbox 2392 4731 2510 4800; x_wconf 86' lang='lat' dir='ltr'><strong>lege</strong></span> <span class='ocrx_word' id='word_1_766' title='bbox 2539 4727 2719 4800; x_wconf 81' lang='lat' dir='ltr'><strong>Prope</strong></span> <span class='ocrx_word' id='word_1_767' title='bbox 2736 4726 3068 4800; x_wconf 74' lang='lat' dir='ltr'><strong>Castraltetia</strong></span> <span class='ocrx_word' id='word_1_768' title='bbox 3097 4729 3198 4800; x_wconf 83' lang='lat' dir='ltr'><strong>sita</strong></span> <span class='ocrx_word' id='word_1_769' title='bbox 3219 4739 3312 4784; x_wconf 85' lang='lat' dir='ltr'><strong>est.</strong></span> 
     </span>
    </p>
   </div>
   <div class='ocr_carea' id='block_1_98' title="bbox 2122 4798 3642 4874">
    <p class='ocr_par' dir='ltr' id='par_1_98' title="bbox 2122 4798 3642 4874">
     <span class='ocr_line' id='line_1_100' title="bbox 2122 4798 3642 4874; baseline 0.003 -18"><span class='ocrx_word' id='word_1_770' title='bbox 2122 4803 2176 4856; x_wconf 76' lang='grc'><strong>4.</strong></span> <span class='ocrx_word' id='word_1_771' title='bbox 2222 4798 2534 4874; x_wconf 72' lang='lat' dir='ltr'><strong>Urgaborue,</strong></span> <span class='ocrx_word' id='word_1_772' title='bbox 2565 4798 2670 4855; x_wconf 91' lang='lat' dir='ltr'><strong>etc.</strong></span> <span class='ocrx_word' id='word_1_773' title='bbox 2705 4798 2856 4874; x_wconf 85' lang='lat' dir='ltr'><strong>Nunc</strong></span> <span class='ocrx_word' id='word_1_774' title='bbox 2899 4801 3094 4874; x_wconf 76' lang='lat' dir='ltr'><strong>Arjona</strong></span> <span class='ocrx_word' id='word_1_775' title='bbox 3123 4799 3354 4874; x_wconf 83' lang='lat' dir='ltr'><strong>dicitur,</strong></span> <span class='ocrx_word' id='word_1_776' title='bbox 3388 4803 3516 4858; x_wconf 89' lang='lat' dir='ltr'><strong>olim</strong></span> <span class='ocrx_word' id='word_1_777' title='bbox 3544 4819 3642 4861; x_wconf 90' lang='lat' dir='ltr'><strong>no-</strong></span> 
     </span>
    </p>
   </div>
   <div class='ocr_carea' id='block_1_99' title="bbox 2051 4870 3644 4945">
    <p class='ocr_par' dir='ltr' id='par_1_99' title="bbox 2051 4870 3644 4945">
     <span class='ocr_line' id='line_1_101' title="bbox 2051 4870 3644 4945; baseline 0.003 -18"><span class='ocrx_word' id='word_1_778' title='bbox 2051 4870 2164 4928; x_wconf 87' lang='lat' dir='ltr'><strong>bile</strong></span> <span class='ocrx_word' id='word_1_779' title='bbox 2204 4870 2556 4941; x_wconf 83' lang='lat' dir='ltr'><strong>muiiicipium</strong></span> <span class='ocrx_word' id='word_1_780' title='bbox 2575 4913 2590 4939; x_wconf 93' lang='lat'><strong>,</strong></span> <span class='ocrx_word' id='word_1_781' title='bbox 2619 4881 2680 4926; x_wconf 92' lang='lat' dir='ltr'><strong>ut</strong></span> <span class='ocrx_word' id='word_1_782' title='bbox 2706 4872 3023 4945; x_wconf 77' lang='lat' dir='ltr'><strong>testimole</strong></span> <span class='ocrx_word' id='word_1_783' title='bbox 3043 4871 3275 4945; x_wconf 67' lang='lat' dir='ltr'><strong>Moralis</strong></span> <span class='ocrx_word' id='word_1_784' title='bbox 3288 4875 3459 4928; x_wconf 84' lang='lat' dir='ltr'><strong>nostri</strong></span> <span class='ocrx_word' id='word_1_785' title='bbox 3481 4891 3644 4945; x_wconf 85' lang='lat' dir='ltr'><strong>supra</strong></span> 
     </span>
    </p>
   </div>
   <div class='ocr_carea' id='block_1_100' title="bbox 358 4941 3648 5016">
    <p class='ocr_par' dir='ltr' id='par_1_100' title="bbox 358 4941 3648 5016">
     <span class='ocr_line' id='line_1_102' title="bbox 358 4941 3648 5016; baseline -0.001 -13"><span class='ocrx_word' id='word_1_786' title='bbox 358 4950 420 5004; x_wconf 85' lang='lat' dir='ltr'><strong>in</strong></span> <span class='ocrx_word' id='word_1_787' title='bbox 451 4941 709 5016; x_wconf 79' lang='lat' dir='ltr'><strong>Hispania</strong></span> <span class='ocrx_word' id='word_1_788' title='bbox 730 4960 854 5016; x_wconf 29' lang='lat' dir='ltr'><strong>Anon</strong></span> <span class='ocrx_word' id='word_1_789' title='bbox 889 4949 1046 5014; x_wconf 81' lang='lat' dir='ltr'><strong>longe</strong></span> <span class='ocrx_word' id='word_1_790' title='bbox 1072 4946 1139 4999; x_wconf 91' lang='lat' dir='ltr'><strong>ab</strong></span> <span class='ocrx_word' id='word_1_791' title='bbox 1162 4945 1514 5016; x_wconf 76' lang='lat' dir='ltr'><strong>llispaliesse</strong></span> <span class='ocrx_word' id='word_1_792' title='bbox 1553 4946 1685 4998; x_wconf 89' lang='lat' dir='ltr'><strong>satis</strong></span> <span class='ocrx_word' id='word_1_793' title='bbox 1714 4959 1782 4998; x_wconf 85' lang='lat' dir='ltr'><strong>ex</strong></span> <span class='ocrx_word' id='word_1_794' title='bbox 1811 4944 1948 4999; x_wconf 90' lang='lat' dir='ltr'><strong>actis</strong></span> <span class='ocrx_word' id='word_1_795' title='bbox 1977 4943 2024 5006; x_wconf 89' lang='lat' dir='ltr'><strong>C</strong></span> <span class='ocrx_word' id='word_1_796' title='bbox 2054 4945 2410 5010; x_wconf 89' lang='lat' dir='ltr'><strong>ostendimus,</strong></span> <span class='ocrx_word' id='word_1_797' title='bbox 2436 4950 2730 5016; x_wconf 71' lang='lat' dir='ltr'><strong>cqmmeut.</strong></span> <span class='ocrx_word' id='word_1_798' title='bbox 2755 4943 2934 5016; x_wconf 54' lang='grc' dir='ltr'><strong>μιῃηί</strong></span> <span class='ocrx_word' id='word_1_799' title='bbox 2961 4941 3297 5009; x_wconf 80' lang='lat' dir='ltr'><strong>300num.5,</strong></span> <span class='ocrx_word' id='word_1_800' title='bbox 3316 4945 3482 5001; x_wconf 86' lang='lat' dir='ltr'><strong>verbo</strong></span> <span class='ocrx_word' id='word_1_801' title='bbox 3503 4941 3648 5002; x_wconf 76' lang='lat' dir='ltr'><strong>Alba:</strong></span> 
     </span>
    </p>
   </div>
   <div class='ocr_carea' id='block_1_101' title="bbox 356 5013 1952 5084">
    <p class='ocr_par' dir='ltr' id='par_1_101' title="bbox 356 5013 1952 5084">
     <span class='ocr_line' id='line_1_103' title="bbox 356 5013 1952 5084; baseline -0.003 -10"><span class='ocrx_word' id='word_1_802' title='bbox 356 5013 682 5074; x_wconf 76' lang='lat' dir='ltr'><strong>sanctorum</strong></span> <span class='ocrx_word' id='word_1_803' title='bbox 716 5013 1049 5084; x_wconf 85' lang='lat' dir='ltr'><strong>Carpophori</strong></span> <span class='ocrx_word' id='word_1_804' title='bbox 1072 5026 1127 5071; x_wconf 91' lang='lat' dir='ltr'><strong>et</strong></span> <span class='ocrx_word' id='word_1_805' title='bbox 1149 5013 1383 5070; x_wconf 28' lang='lat' dir='ltr'><strong>Abu’ttdii</strong></span> <span class='ocrx_word' id='word_1_806' title='bbox 1399 5016 1708 5080; x_wconf 86' lang='lat' dir='ltr'><strong>deducitur,</strong></span> <span class='ocrx_word' id='word_1_807' title='bbox 1731 5017 1821 5084; x_wconf 90' lang='lat' dir='ltr'><strong>qui</strong></span> <span class='ocrx_word' id='word_1_808' title='bbox 1851 5017 1952 5070; x_wconf 89' lang='lat' dir='ltr'><strong>sub</strong></span> 
     </span>
    </p>
   </div>
   <div class='ocr_carea' id='block_1_102' title="bbox 359 5085 1952 5156">
    <p class='ocr_par' dir='ltr' id='par_1_102' title="bbox 359 5085 1952 5156">
     <span class='ocr_line' id='line_1_104' title="bbox 359 5085 1952 5156; baseline -0.002 -13"><span class='ocrx_word' id='word_1_809' title='bbox 359 5089 561 5144; x_wconf 82' lang='lat' dir='ltr'><strong>eodem</strong></span> <span class='ocrx_word' id='word_1_810' title='bbox 593 5088 867 5142; x_wconf 77' lang='lat' dir='ltr'><strong>Marciano</strong></span> <span class='ocrx_word' id='word_1_811' title='bbox 891 5086 1073 5156; x_wconf 84' lang='lat' dir='ltr'><strong>judice</strong></span> <span class='ocrx_word' id='word_1_812' title='bbox 1096 5087 1236 5155; x_wconf 89' lang='lat' dir='ltr'><strong>apud</strong></span> <span class='ocrx_word' id='word_1_813' title='bbox 1259 5086 1518 5156; x_wconf 79' lang='lat' dir='ltr'><strong>Hispalim</strong></span> <span class='ocrx_word' id='word_1_814' title='bbox 1541 5085 1680 5155; x_wconf 87' lang='lat' dir='ltr'><strong>passi</strong></span> <span class='ocrx_word' id='word_1_815' title='bbox 1703 5095 1849 5140; x_wconf 91' lang='lat' dir='ltr'><strong>sunt.</strong></span> <span class='ocrx_word' id='word_1_816' title='bbox 1877 5087 1952 5156; x_wconf 83' lang='lat' dir='ltr'><strong>Ea</strong></span> 
     </span>
    </p>
   </div>
   <div class='ocr_carea' id='block_1_103' title="bbox 364 5155 1954 5227">
    <p class='ocr_par' dir='ltr' id='par_1_103' title="bbox 364 5155 1954 5227">
     <span class='ocr_line' id='line_1_105' title="bbox 364 5155 1954 5227; baseline -0.004 -12"><span class='ocrx_word' id='word_1_817' title='bbox 364 5174 505 5215; x_wconf 82' lang='lat' dir='ltr'><strong>sane</strong></span> <span class='ocrx_word' id='word_1_818' title='bbox 528 5167 614 5214; x_wconf 79' lang='lat' dir='ltr'><strong>est</strong></span> <span class='ocrx_word' id='word_1_819' title='bbox 637 5173 757 5227; x_wconf 75' lang='lat' dir='ltr'><strong>qua:</strong></span> <span class='ocrx_word' id='word_1_820' title='bbox 787 5155 931 5213; x_wconf 87' lang='lat' dir='ltr'><strong>nunc</strong></span> <span class='ocrx_word' id='word_1_821' title='bbox 961 5156 1190 5211; x_wconf 71' lang='lat' dir='ltr'><strong>Hermia</strong></span> <span class='ocrx_word' id='word_1_822' title='bbox 1219 5158 1272 5211; x_wconf 91' lang='lat' dir='ltr'><strong>iu</strong></span> <span class='ocrx_word' id='word_1_823' title='bbox 1303 5155 1593 5213; x_wconf 66' lang='lat' dir='ltr'><strong>Lusitaniae</strong></span> <span class='ocrx_word' id='word_1_824' title='bbox 1639 5157 1857 5220; x_wconf 82' lang='lat' dir='ltr'><strong>ﬁnibus,</strong></span> <span class='ocrx_word' id='word_1_825' title='bbox 1887 5155 1954 5210; x_wconf 86' lang='lat' dir='ltr'><strong>ad</strong></span> 
     </span>
    </p>
   </div>
   <div class='ocr_carea' id='block_1_104' title="bbox 362 5227 1957 5298">
    <p class='ocr_par' dir='ltr' id='par_1_104' title="bbox 362 5227 1957 5298">
     <span class='ocr_line' id='line_1_106' title="bbox 362 5227 1957 5298; baseline -0.001 -16"><span class='ocrx_word' id='word_1_826' title='bbox 362 5231 736 5285; x_wconf 67' lang='lat' dir='ltr'><strong>conﬂuentem</strong></span> <span class='ocrx_word' id='word_1_827' title='bbox 775 5229 948 5284; x_wconf 69' lang='lat' dir='ltr'><strong>Anna:</strong></span> <span class='ocrx_word' id='word_1_828' title='bbox 983 5228 1222 5283; x_wconf 88' lang='lat' dir='ltr'><strong>ﬂuminis</strong></span> <span class='ocrx_word' id='word_1_829' title='bbox 1264 5234 1362 5283; x_wconf 88' lang='lat' dir='ltr'><strong>sita</strong></span> <span class='ocrx_word' id='word_1_830' title='bbox 1392 5239 1512 5290; x_wconf 85' lang='lat' dir='ltr'><strong>est,</strong></span> <span class='ocrx_word' id='word_1_831' title='bbox 1558 5244 1662 5284; x_wconf 91' lang='lat' dir='ltr'><strong>non</strong></span> <span class='ocrx_word' id='word_1_832' title='bbox 1708 5227 1957 5298; x_wconf 91' lang='lat' dir='ltr'><strong>procula</strong></span> 
     </span>
    </p>
   </div>
   <div class='ocr_carea' id='block_1_105' title="bbox 363 5299 1954 5371">
    <p class='ocr_par' dir='ltr' id='par_1_105' title="bbox 363 5299 1954 5371">
     <span class='ocr_line' id='line_1_107' title="bbox 363 5299 1954 5371; baseline -0.001 -16"><span class='ocrx_word' id='word_1_833' title='bbox 363 5301 525 5371; x_wconf 61' lang='lat' dir='ltr'><strong>cha,</strong></span> <span class='ocrx_word' id='word_1_834' title='bbox 553 5301 704 5370; x_wconf 85' lang='lat' dir='ltr'><strong>juxta</strong></span> <span class='ocrx_word' id='word_1_835' title='bbox 734 5300 994 5371; x_wconf 87' lang='lat' dir='ltr'><strong>oppidum</strong></span> <span class='ocrx_word' id='word_1_836' title='bbox 1023 5299 1262 5364; x_wconf 80' lang='lat' dir='ltr'><strong>Alcotin;</strong></span> <span class='ocrx_word' id='word_1_837' title='bbox 1290 5299 1422 5354; x_wconf 93' lang='lat' dir='ltr'><strong>olim</strong></span> <span class='ocrx_word' id='word_1_838' title='bbox 1449 5314 1478 5353; x_wconf 90' lang='lat' dir='ltr'><strong>a</strong></span> <span class='ocrx_word' id='word_1_839' title='bbox 1502 5300 1680 5355; x_wconf 89' lang='lat' dir='ltr'><strong>Plinio</strong></span> <span class='ocrx_word' id='word_1_840' title='bbox 1709 5301 1806 5356; x_wconf 92' lang='lat' dir='ltr'><strong>lib.</strong></span> <span class='ocrx_word' id='word_1_841' title='bbox 1838 5314 1954 5364; x_wconf 85' lang='lat' dir='ltr'><strong>vin,</strong></span> 
     </span>
    </p>
   </div>
   <div class='ocr_carea' id='block_1_106' title="bbox 359 5370 1957 5441">
    <p class='ocr_par' dir='ltr' id='par_1_106' title="bbox 359 5370 1957 5441">
     <span class='ocr_line' id='line_1_108' title="bbox 359 5370 1957 5441; baseline -0.002 -12"><span class='ocrx_word' id='word_1_842' title='bbox 359 5389 425 5429; x_wconf 86' lang='lat' dir='ltr'><strong>c.</strong></span> <span class='ocrx_word' id='word_1_843' title='bbox 447 5370 544 5438; x_wconf 12' lang='lat'><strong>7‘22,</strong></span> <span class='ocrx_word' id='word_1_844' title='bbox 569 5381 622 5427; x_wconf 85' lang='lat' dir='ltr'><strong>et</strong></span> <span class='ocrx_word' id='word_1_845' title='bbox 657 5387 684 5424; x_wconf 88' lang='lat' dir='ltr'><strong>a</strong></span> <span class='ocrx_word' id='word_1_846' title='bbox 735 5370 1029 5426; x_wconf 73' lang='lat' dir='ltr'><strong>Ptolomaeo</strong></span> <span class='ocrx_word' id='word_1_847' title='bbox 1059 5371 1112 5424; x_wconf 90' lang='lat' dir='ltr'><strong>in</strong></span> <span class='ocrx_word' id='word_1_848' title='bbox 1150 5371 1442 5426; x_wconf 65' lang='lat' dir='ltr'><strong>Lusitaniae</strong></span> <span class='ocrx_word' id='word_1_849' title='bbox 1476 5371 1685 5438; x_wconf 90' lang='lat' dir='ltr'><strong>tabula,</strong></span> <span class='ocrx_word' id='word_1_850' title='bbox 1710 5372 1957 5441; x_wconf 83' lang='lat' dir='ltr'><strong>Myrtilis,</strong></span> 
     </span>
    </p>
   </div>
   <div class='ocr_carea' id='block_1_107' title="bbox 360 5441 1960 5513">
    <p class='ocr_par' dir='ltr' id='par_1_107' title="bbox 360 5441 1960 5513">
     <span class='ocr_line' id='line_1_109' title="bbox 360 5441 1960 5513; baseline -0.002 -15"><span class='ocrx_word' id='word_1_851' title='bbox 360 5459 474 5498; x_wconf 62' lang='lat' dir='ltr'><strong>seu</strong></span> <span class='ocrx_word' id='word_1_852' title='bbox 498 5442 638 5498; x_wconf 77' lang='lat' dir='ltr'><strong>Julia</strong></span> <span class='ocrx_word' id='word_1_853' title='bbox 664 5441 891 5513; x_wconf 81' lang='lat' dir='ltr'><strong>Myrtilis</strong></span> <span class='ocrx_word' id='word_1_854' title='bbox 927 5443 1096 5498; x_wconf 86' lang='lat' dir='ltr'><strong>dicta.</strong></span> <span class='ocrx_word' id='word_1_855' title='bbox 1144 5441 1373 5513; x_wconf 76' lang='lat' dir='ltr'><strong>Fallitur</strong></span> <span class='ocrx_word' id='word_1_856' title='bbox 1397 5441 1678 5497; x_wconf 81' lang='lat' dir='ltr'><strong>Villanova</strong></span> <span class='ocrx_word' id='word_1_857' title='bbox 1708 5443 1835 5497; x_wconf 88' lang='lat' dir='ltr'><strong>dum</strong></span> <span class='ocrx_word' id='word_1_858' title='bbox 1866 5442 1960 5497; x_wconf 82' lang='lat' dir='ltr'><strong>Ju-</strong></span> 
     </span>
    </p>
   </div>
   <div class='ocr_carea' id='block_1_108' title="bbox 367 5512 1959 5584">
    <p class='ocr_par' dir='ltr' id='par_1_108' title="bbox 367 5512 1959 5584">
     <span class='ocr_line' id='line_1_110' title="bbox 367 5512 1959 5584; baseline -0.003 -15"><span class='ocrx_word' id='word_1_859' title='bbox 367 5518 506 5570; x_wconf 79' lang='lat' dir='ltr'><strong>liam</strong></span> <span class='ocrx_word' id='word_1_860' title='bbox 541 5512 795 5584; x_wconf 68' lang='lat' dir='ltr'><strong>blyrtiliin</strong></span> <span class='ocrx_word' id='word_1_861' title='bbox 817 5514 932 5568; x_wconf 86' lang='lat' dir='ltr'><strong>vult</strong></span> <span class='ocrx_word' id='word_1_862' title='bbox 961 5528 1105 5569; x_wconf 87' lang='lat' dir='ltr'><strong>nunc</strong></span> <span class='ocrx_word' id='word_1_863' title='bbox 1136 5528 1256 5569; x_wconf 86' lang='lat' dir='ltr'><strong>esse</strong></span> <span class='ocrx_word' id='word_1_864' title='bbox 1284 5512 1550 5566; x_wconf 82' lang='lat' dir='ltr'><strong>Buhenam</strong></span> <span class='ocrx_word' id='word_1_865' title='bbox 1577 5554 1590 5579; x_wconf 89' lang='lat'><strong>,</strong></span> <span class='ocrx_word' id='word_1_866' title='bbox 1629 5524 1750 5582; x_wconf 70' lang='lat' dir='ltr'><strong>quin</strong></span> <span class='ocrx_word' id='word_1_867' title='bbox 1781 5523 1959 5567; x_wconf 89' lang='lat' dir='ltr'><strong>tamen</strong></span> 
     </span>
    </p>
   </div>
   <div class='ocr_carea' id='block_1_109' title="bbox 367 5584 1964 5654">
    <p class='ocr_par' dir='ltr' id='par_1_109' title="bbox 367 5584 1964 5654">
     <span class='ocr_line' id='line_1_111' title="bbox 367 5584 1964 5654; baseline -0.003 -13"><span class='ocrx_word' id='word_1_868' title='bbox 367 5602 489 5641; x_wconf 76' lang='lat' dir='ltr'><strong>non</strong></span> <span class='ocrx_word' id='word_1_869' title='bbox 518 5585 571 5641; x_wconf 91' lang='lat' dir='ltr'><strong>in</strong></span> <span class='ocrx_word' id='word_1_870' title='bbox 594 5585 896 5653; x_wconf 88' lang='lat' dir='ltr'><strong>Lusitania,</strong></span> <span class='ocrx_word' id='word_1_871' title='bbox 931 5593 988 5640; x_wconf 91' lang='lat' dir='ltr'><strong>ut</strong></span> <span class='ocrx_word' id='word_1_872' title='bbox 1026 5599 1216 5641; x_wconf 87' lang='lat' dir='ltr'><strong>omnes</strong></span> <span class='ocrx_word' id='word_1_873' title='bbox 1258 5585 1494 5654; x_wconf 76' lang='lat' dir='ltr'><strong>Mytilem</strong></span> <span class='ocrx_word' id='word_1_874' title='bbox 1529 5594 1757 5654; x_wconf 89' lang='lat' dir='ltr'><strong>ponunt,</strong></span> <span class='ocrx_word' id='word_1_875' title='bbox 1789 5584 1882 5638; x_wconf 89' lang='lat' dir='ltr'><strong>sed</strong></span> <span class='ocrx_word' id='word_1_876' title='bbox 1908 5585 1964 5637; x_wconf 90' lang='lat' dir='ltr'><strong>iu</strong></span> 
     </span>
    </p>
   </div>
   <div class='ocr_carea' id='block_1_110' title="bbox 367 5655 1965 5726">
    <p class='ocr_par' dir='ltr' id='par_1_110' title="bbox 367 5655 1965 5726">
     <span class='ocr_line' id='line_1_112' title="bbox 367 5655 1965 5726; baseline -0.004 -12"><span class='ocrx_word' id='word_1_877' title='bbox 367 5659 582 5714; x_wconf 63' lang='lat' dir='ltr'><strong>Bietica</strong></span> <span class='ocrx_word' id='word_1_878' title='bbox 621 5656 762 5711; x_wconf 88' lang='lat' dir='ltr'><strong>inter</strong></span> <span class='ocrx_word' id='word_1_879' title='bbox 805 5655 1112 5711; x_wconf 83' lang='lat' dir='ltr'><strong>Cordubam</strong></span> <span class='ocrx_word' id='word_1_880' title='bbox 1143 5665 1199 5710; x_wconf 91' lang='lat' dir='ltr'><strong>et</strong></span> <span class='ocrx_word' id='word_1_881' title='bbox 1240 5656 1428 5711; x_wconf 82' lang='lat' dir='ltr'><strong>Alcala</strong></span> <span class='ocrx_word' id='word_1_882' title='bbox 1464 5655 1688 5726; x_wconf 80' lang='lat' dir='ltr'><strong>Regiam</strong></span> <span class='ocrx_word' id='word_1_883' title='bbox 1719 5658 1965 5726; x_wconf 83' lang='lat' dir='ltr'><strong>sita_est.</strong></span> 
     </span>
    </p>
   </div>
   <div class='ocr_carea' id='block_1_111' title="bbox 2056 5013 3648 5089">
    <p class='ocr_par' dir='ltr' id='par_1_111' title="bbox 2056 5013 3648 5089">
     <span class='ocr_line' id='line_1_113' title="bbox 2056 5013 3648 5089; baseline 0.004 -23"><span class='ocrx_word' id='word_1_884' title='bbox 2056 5030 2218 5089; x_wconf 76' lang='lat' dir='ltr'><strong>prope</strong></span> <span class='ocrx_word' id='word_1_885' title='bbox 2234 5017 2436 5089; x_wconf 71' lang='lat' dir='ltr'><strong>Accim.</strong></span> <span class='ocrx_word' id='word_1_886' title='bbox 2483 5013 2696 5089; x_wconf 75' lang='lat' dir='ltr'><strong>Diversi</strong></span> <span class='ocrx_word' id='word_1_887' title='bbox 2729 5013 2947 5089; x_wconf 76' lang='lat' dir='ltr'><strong>quidem</strong></span> <span class='ocrx_word' id='word_1_888' title='bbox 2978 5023 3108 5068; x_wconf 92' lang='lat' dir='ltr'><strong>sunt</strong></span> <span class='ocrx_word' id='word_1_889' title='bbox 3138 5025 3406 5086; x_wconf 89' lang='lat' dir='ltr'><strong>martyres</strong></span> <span class='ocrx_word' id='word_1_890' title='bbox 3431 5018 3499 5072; x_wconf 90' lang='lat' dir='ltr'><strong>de</strong></span> <span class='ocrx_word' id='word_1_891' title='bbox 3528 5019 3648 5089; x_wconf 87' lang='lat' dir='ltr'><strong>qui-</strong></span> 
     </span>
    </p>
   </div>
   <div class='ocr_carea' id='block_1_112' title="bbox 2061 5085 3648 5156">
    <p class='ocr_par' dir='ltr' id='par_1_112' title="bbox 2061 5085 3648 5156">
     <span class='ocr_line' id='line_1_114' title="bbox 2061 5085 3648 5156; baseline 0.003 -16"><span class='ocrx_word' id='word_1_892' title='bbox 2061 5085 2165 5140; x_wconf 76' lang='lat' dir='ltr'><strong>bus</strong></span> <span class='ocrx_word' id='word_1_893' title='bbox 2193 5088 2280 5142; x_wconf 90' lang='lat' dir='ltr'><strong>hic</strong></span> <span class='ocrx_word' id='word_1_894' title='bbox 2304 5087 2501 5156; x_wconf 84' lang='lat' dir='ltr'><strong>agitur.</strong></span> <span class='ocrx_word' id='word_1_895' title='bbox 2520 5085 2590 5140; x_wconf 92' lang='lat' dir='ltr'><strong>ab</strong></span> <span class='ocrx_word' id='word_1_896' title='bbox 2616 5085 2722 5152; x_wconf 91' lang='lat' dir='ltr'><strong>eis,</strong></span> <span class='ocrx_word' id='word_1_897' title='bbox 2746 5085 2815 5139; x_wconf 91' lang='lat' dir='ltr'><strong>de</strong></span> <span class='ocrx_word' id='word_1_898' title='bbox 2838 5085 3033 5156; x_wconf 82' lang='lat' dir='ltr'><strong>quibus</strong></span> <span class='ocrx_word' id='word_1_899' title='bbox 3059 5100 3219 5156; x_wconf 86' lang='lat' dir='ltr'><strong>supra</strong></span> <span class='ocrx_word' id='word_1_900' title='bbox 3255 5085 3400 5144; x_wconf 88' lang='lat' dir='ltr'><strong>anno</strong></span> <span class='ocrx_word' id='word_1_901' title='bbox 3426 5089 3528 5146; x_wconf 85' lang='grc'><strong>156</strong></span> <span class='ocrx_word' id='word_1_902' title='bbox 3546 5085 3648 5144; x_wconf 69' lang='grc' dir='ltr'><strong>ἐο-</strong></span> 
     </span>
    </p>
   </div>
   <div class='ocr_carea' id='block_1_113' title="bbox 2062 5155 3642 5226">
    <p class='ocr_par' dir='ltr' id='par_1_113' title="bbox 2062 5155 3642 5226">
     <span class='ocr_line' id='line_1_115' title="bbox 2062 5155 3642 5226; baseline 0.003 -15"><span class='ocrx_word' id='word_1_903' title='bbox 2062 5166 2174 5211; x_wconf 90' lang='lat' dir='ltr'><strong>tum</strong></span> <span class='ocrx_word' id='word_1_904' title='bbox 2201 5165 2305 5222; x_wconf 89' lang='lat' dir='ltr'><strong>est,</strong></span> <span class='ocrx_word' id='word_1_905' title='bbox 2341 5155 2558 5212; x_wconf 81' lang='lat' dir='ltr'><strong>tametsi</strong></span> <span class='ocrx_word' id='word_1_906' title='bbox 2591 5155 2804 5226; x_wconf 89' lang='lat' dir='ltr'><strong>utrique</strong></span> <span class='ocrx_word' id='word_1_907' title='bbox 2831 5155 3038 5210; x_wconf 88' lang='lat' dir='ltr'><strong>eisdem</strong></span> <span class='ocrx_word' id='word_1_908' title='bbox 3078 5155 3389 5214; x_wconf 84' lang='lat' dir='ltr'><strong>nominibus</strong></span> <span class='ocrx_word' id='word_1_909' title='bbox 3433 5175 3642 5214; x_wconf 85' lang='lat' dir='ltr'><strong>nuncu-</strong></span> 
     </span>
    </p>
   </div>
   <div class='ocr_carea' id='block_1_114' title="bbox 2062 5226 3648 5297">
    <p class='ocr_par' dir='ltr' id='par_1_114' title="bbox 2062 5226 3648 5297">
     <span class='ocr_line' id='line_1_116' title="bbox 2062 5226 3648 5297; baseline 0 -15"><span class='ocrx_word' id='word_1_910' title='bbox 2062 5239 2298 5297; x_wconf 89' lang='lat' dir='ltr'><strong>pentur:</strong></span> <span class='ocrx_word' id='word_1_911' title='bbox 2353 5241 2678 5297; x_wconf 87' lang='lat' dir='ltr'><strong>quamquam</strong></span> <span class='ocrx_word' id='word_1_912' title='bbox 2733 5227 2940 5294; x_wconf 86' lang='lat' dir='ltr'><strong>priores</strong></span> <span class='ocrx_word' id='word_1_913' title='bbox 2978 5226 3221 5283; x_wconf 90' lang='lat' dir='ltr'><strong>Bonosus</strong></span> <span class='ocrx_word' id='word_1_914' title='bbox 3269 5239 3322 5283; x_wconf 91' lang='lat' dir='ltr'><strong>et</strong></span> <span class='ocrx_word' id='word_1_915' title='bbox 3369 5229 3648 5285; x_wconf 80' lang='lat' dir='ltr'><strong>Maximia-</strong></span> 
     </span>
    </p>
   </div>
   <div class='ocr_carea' id='block_1_115' title="bbox 2063 5297 3643 5364">
    <p class='ocr_par' dir='ltr' id='par_1_115' title="bbox 2063 5297 3643 5364">
     <span class='ocr_line' id='line_1_117' title="bbox 2063 5297 3643 5364; baseline -0.001 -11"><span class='ocrx_word' id='word_1_916' title='bbox 2063 5313 2200 5364; x_wconf 91' lang='lat' dir='ltr'><strong>nus;</strong></span> <span class='ocrx_word' id='word_1_917' title='bbox 2242 5299 2329 5353; x_wconf 91' lang='lat' dir='ltr'><strong>isti</strong></span> <span class='ocrx_word' id='word_1_918' title='bbox 2369 5308 2548 5352; x_wconf 90' lang='lat' dir='ltr'><strong>autem</strong></span> <span class='ocrx_word' id='word_1_919' title='bbox 2593 5297 2837 5351; x_wconf 88' lang='lat' dir='ltr'><strong>Bonosus</strong></span> <span class='ocrx_word' id='word_1_920' title='bbox 2876 5307 2931 5352; x_wconf 92' lang='lat' dir='ltr'><strong>et</strong></span> <span class='ocrx_word' id='word_1_921' title='bbox 2968 5297 3328 5355; x_wconf 81' lang='lat' dir='ltr'><strong>Maximianus</strong></span> <span class='ocrx_word' id='word_1_922' title='bbox 3378 5301 3643 5356; x_wconf 87' lang='lat' dir='ltr'><strong>dicantur.</strong></span> 
     </span>
    </p>
   </div>
   <div class='ocr_carea' id='block_1_116' title="bbox 2063 5367 3648 5435">
    <p class='ocr_par' dir='ltr' id='par_1_116' title="bbox 2063 5367 3648 5435">
     <span class='ocr_line' id='line_1_118' title="bbox 2063 5367 3648 5435; baseline -0.001 -11"><span class='ocrx_word' id='word_1_923' title='bbox 2063 5367 2226 5426; x_wconf 89' lang='lat' dir='ltr'><strong>Certe</strong></span> <span class='ocrx_word' id='word_1_924' title='bbox 2249 5369 2466 5424; x_wconf 90' lang='lat' dir='ltr'><strong>urbium</strong></span> <span class='ocrx_word' id='word_1_925' title='bbox 2498 5377 2554 5424; x_wconf 91' lang='lat' dir='ltr'><strong>et</strong></span> <span class='ocrx_word' id='word_1_926' title='bbox 2581 5375 2886 5435; x_wconf 89' lang='lat' dir='ltr'><strong>temporum</strong></span> <span class='ocrx_word' id='word_1_927' title='bbox 2929 5368 3218 5425; x_wconf 76' lang='lat' dir='ltr'><strong>diversitas</strong></span> <span class='ocrx_word' id='word_1_928' title='bbox 3256 5371 3498 5426; x_wconf 87' lang='lat' dir='ltr'><strong>diversos</strong></span> <span class='ocrx_word' id='word_1_929' title='bbox 3528 5384 3648 5424; x_wconf 89' lang='lat' dir='ltr'><strong>esse</strong></span> 
     </span>
    </p>
   </div>
   <div class='ocr_carea' id='block_1_117' title="bbox 2066 5438 3649 5512">
    <p class='ocr_par' dir='ltr' id='par_1_117' title="bbox 2066 5438 3649 5512">
     <span class='ocr_line' id='line_1_119' title="bbox 2066 5438 3649 5512; baseline -0.001 -17"><span class='ocrx_word' id='word_1_930' title='bbox 2066 5441 2363 5500; x_wconf 82' lang='lat' dir='ltr'><strong>convincit.</strong></span> <span class='ocrx_word' id='word_1_931' title='bbox 2384 5440 2511 5495; x_wconf 93' lang='lat' dir='ltr'><strong>dum</strong></span> <span class='ocrx_word' id='word_1_932' title='bbox 2550 5439 2626 5512; x_wconf 84' lang='lat' dir='ltr'><strong>illi</strong></span> <span class='ocrx_word' id='word_1_933' title='bbox 2663 5438 2916 5512; x_wconf 85' lang='lat' dir='ltr'><strong>Blandae,</strong></span> <span class='ocrx_word' id='word_1_934' title='bbox 2950 5441 3002 5494; x_wconf 86' lang='lat' dir='ltr'><strong>lit</strong></span> <span class='ocrx_word' id='word_1_935' title='bbox 3037 5440 3339 5512; x_wconf 67' lang='lat' dir='ltr'><strong>Urgabonte</strong></span> <span class='ocrx_word' id='word_1_936' title='bbox 3361 5485 3374 5511; x_wconf 91' lang='lat'><strong>,</strong></span> <span class='ocrx_word' id='word_1_937' title='bbox 3406 5440 3484 5497; x_wconf 90' lang='lat' dir='ltr'><strong>illi</strong></span> <span class='ocrx_word' id='word_1_938' title='bbox 3508 5454 3649 5494; x_wconf 89' lang='lat' dir='ltr'><strong>anno</strong></span> 
     </span>
    </p>
   </div>
   <div class='ocr_carea' id='block_1_118' title="bbox 2069 5510 3081 5582">
    <p class='ocr_par' dir='ltr' id='par_1_118' title="bbox 2069 5510 3081 5582">
     <span class='ocr_line' id='line_1_120' title="bbox 2069 5510 3081 5582; baseline -0.001 -14"><span class='ocrx_word' id='word_1_939' title='bbox 2069 5512 2206 5582; x_wconf 80' lang='grc'><strong>156,</strong></span> <span class='ocrx_word' id='word_1_940' title='bbox 2247 5513 2296 5566; x_wconf 89' lang='lat' dir='ltr'><strong>hi</strong></span> <span class='ocrx_word' id='word_1_941' title='bbox 2331 5527 2464 5568; x_wconf 89' lang='lat' dir='ltr'><strong>vero</strong></span> <span class='ocrx_word' id='word_1_942' title='bbox 2506 5510 2610 5566; x_wconf 79' lang='lat'><strong>508</strong></span> <span class='ocrx_word' id='word_1_943' title='bbox 2644 5511 2786 5580; x_wconf 76' lang='lat' dir='ltr'><strong>passi</strong></span> <span class='ocrx_word' id='word_1_944' title='bbox 2815 5513 3081 5580; x_wconf 83' lang='lat' dir='ltr'><strong>leguntur.</strong></span> 
     </span>
    </p>
   </div>
   <div class='ocr_carea' id='block_1_119' title="bbox 2143 5579 3657 5655">
    <p class='ocr_par' dir='ltr' id='par_1_119' title="bbox 2143 5579 3657 5655">
     <span class='ocr_line' id='line_1_121' title="bbox 2143 5579 3657 5655; baseline -0.001 -17"><span class='ocrx_word' id='word_1_945' title='bbox 2143 5579 2200 5638; x_wconf 66' lang='lat'><strong>5.</strong></span> <span class='ocrx_word' id='word_1_946' title='bbox 2237 5583 2552 5655; x_wconf 77' lang='lat' dir='ltr'><strong>Carthagine</strong></span> <span class='ocrx_word' id='word_1_947' title='bbox 2576 5627 2590 5651; x_wconf 91' lang='lat'><strong>,</strong></span> <span class='ocrx_word' id='word_1_948' title='bbox 2620 5579 2728 5638; x_wconf 85' lang='lat' dir='ltr'><strong>etc.</strong></span> <span class='ocrx_word' id='word_1_949' title='bbox 2785 5579 2986 5655; x_wconf 77' lang='lat' dir='ltr'><strong>Harum</strong></span> <span class='ocrx_word' id='word_1_950' title='bbox 3021 5583 3156 5655; x_wconf 82' lang='lat' dir='ltr'><strong>festa</strong></span> <span class='ocrx_word' id='word_1_951' title='bbox 3183 5579 3300 5636; x_wconf 85' lang='lat' dir='ltr'><strong>dies</strong></span> <span class='ocrx_word' id='word_1_952' title='bbox 3330 5596 3395 5655; x_wconf 71' lang='lat' dir='ltr'><strong>ex</strong></span> <span class='ocrx_word' id='word_1_953' title='bbox 3421 5580 3657 5655; x_wconf 78' lang='lat' dir='ltr'><strong>antiquis</strong></span> 
     </span>
    </p>
   </div>
   <div class='ocr_carea' id='block_1_120' title="bbox 2073 5649 3661 5724">
    <p class='ocr_par' dir='ltr' id='par_1_120' title="bbox 2073 5649 3661 5724">
     <span class='ocr_line' id='line_1_122' title="bbox 2073 5649 3661 5724; baseline -0.003 -14"><span class='ocrx_word' id='word_1_954' title='bbox 2073 5668 2210 5710; x_wconf 86' lang='lat' dir='ltr'><strong>mss.</strong></span> <span class='ocrx_word' id='word_1_955' title='bbox 2264 5649 2542 5710; x_wconf 82' lang='lat' dir='ltr'><strong>codicibus</strong></span> <span class='ocrx_word' id='word_1_956' title='bbox 2580 5649 2998 5724; x_wconf 30' lang='lat' dir='ltr'><strong>&quot;designaturliu</strong></span> <span class='ocrx_word' id='word_1_957' title='bbox 3031 5653 3294 5724; x_wconf 59' lang='lat' dir='ltr'><strong>Romam)</strong></span> <span class='ocrx_word' id='word_1_958' title='bbox 3341 5649 3661 5722; x_wconf 83' lang='lat' dir='ltr'><strong>Martyrolo-</strong></span> 
     </span>
    </p>
   </div>
   <div class='ocr_carea' id='block_1_121' title="bbox 365 5721 3668 5798">
    <p class='ocr_par' dir='ltr' id='par_1_121' title="bbox 365 5721 3668 5798">
     <span class='ocr_line' id='line_1_123' title="bbox 365 5721 3668 5798; baseline -0.004 -10"><span class='ocrx_word' id='word_1_959' title='bbox 365 5729 528 5788; x_wconf 78' lang='lat' dir='ltr'><strong>Sane</strong></span> <span class='ocrx_word' id='word_1_960' title='bbox 552 5727 727 5784; x_wconf 87' lang='lat' dir='ltr'><strong>multa</strong></span> <span class='ocrx_word' id='word_1_961' title='bbox 757 5728 880 5784; x_wconf 87' lang='lat' dir='ltr'><strong>loca</strong></span> <span class='ocrx_word' id='word_1_962' title='bbox 915 5727 1194 5798; x_wconf 77' lang='lat' dir='ltr'><strong>Hispaniae</strong></span> <span class='ocrx_word' id='word_1_963' title='bbox 1235 5726 1392 5784; x_wconf 77' lang='lat' dir='ltr'><strong>Julian</strong></span> <span class='ocrx_word' id='word_1_964' title='bbox 1437 5721 1737 5798; x_wconf 74' lang='lat' dir='ltr'><strong>cognomen</strong></span> <span class='ocrx_word' id='word_1_965' title='bbox 1768 5741 1798 5782; x_wconf 91' lang='lat' dir='ltr'><strong>a</strong></span> <span class='ocrx_word' id='word_1_966' title='bbox 1825 5724 1972 5784; x_wconf 80' lang='lat' dir='ltr'><strong>Julio</strong></span> <span class='ocrx_word' id='word_1_967' title='bbox 2077 5726 2166 5797; x_wconf 87' lang='lat' dir='ltr'><strong>gio</strong></span> <span class='ocrx_word' id='word_1_968' title='bbox 2187 5725 2256 5783; x_wconf 83' lang='grc'><strong>10</strong></span> <span class='ocrx_word' id='word_1_969' title='bbox 2274 5727 2502 5798; x_wconf 81' lang='lat' dir='ltr'><strong>Augusti</strong></span> <span class='ocrx_word' id='word_1_970' title='bbox 2528 5724 2617 5784; x_wconf 87' lang='lat' dir='ltr'><strong>his</strong></span> <span class='ocrx_word' id='word_1_971' title='bbox 2647 5721 2826 5784; x_wconf 73' lang='lat' dir='ltr'><strong>verbis</strong></span> <span class='ocrx_word' id='word_1_972' title='bbox 2857 5721 3210 5792; x_wconf 75' lang='lat' dir='ltr'><strong>:Cartltaginc</strong></span> <span class='ocrx_word' id='word_1_973' title='bbox 3231 5730 3526 5776; x_wconf 85' lang='lat' dir='ltr'><strong>sanctarum</strong></span> <span class='ocrx_word' id='word_1_974' title='bbox 3551 5724 3668 5781; x_wconf 59' lang='lat' dir='ltr'><strong>eis.</strong></span> 
     </span>
    </p>
   </div>
  </div>
