4148 6172
341 312 449 376 ιϐὃ

1392 321 1625 381 FLAVI!
1662 321 1843 380 LUC"
1880 320 2144 380 DEXTRI
2181 322 2602 384 CIIRONICON.

3545 329 3652 388 466

1565 501 1822 561 BIVARII
1859 497 2432 564 COMMENTARIUS.

341 654 465 716 cem
511 640 620 716 hoc
651 641 776 700 loco
803 642 1075 716 vitiatum,
1108 640 1456 716 additamque
1488 641 1936 716 ejusmodi_cl_au-
1959 638 2013 699 A
2040 639 2167 716 d_am
2185 643 2612 716 _orat_ionis,qure
2636 645 2689 701 in
2724 645 3001 702 Breviario
3017 645 3076 702 S.
3112 643 3308 703 Isidori
3338 647 3641 716 reperitur:

342 713 521 770 suiam
573 713 642 770 ab
690 716 877 785 aliquo
915 713 1278 785 immaculatte
1321 715 1692 785 coneeptionis
1721 712 1937 785 defen-

343 799 494 854 sore,
526 799 686 855 quam
715 783 884 840 totum
921 786 1118 840 librum
1150 784 1333 839 ﬁctum
1359 783 1507 850 esse,
1535 795 1590 842 et
1616 785 1686 839 ob
1717 783 1770 839 id
1804 799 1940 852 pra:-

343 857 503 925 cipue
530 858 838 913 inventum.
861 855 1133 912 Caeterum
1164 857 1412 926 quamvis
1441 873 1540 926 pro
1575 857 1938 910 immaculata:

348 926 601 996 Deiparaa
623 927 980 998 conceptione
1011 927 1198 982 multa:
1231 943 1417 996 eaeque
1453 929 1786 998 gravissima:
1816 940 1940 980 san-

343 1006 556 1053 ctorum
584 999 804 1054 Patrum
829 1008 1046 1055 exstent
1075 998 1382 1064 sententim,
1409 999 1478 1054 de
1507 1001 1706 1062 quibus
1733 1000 1783 1051 in
1815 1012 1941 1064 spe-

347 1069 484 1141 ciali
512 1067 650 1124 libro
681 1071 816 1125 alias
845 1070 1075 1138 egimus,
1111 1069 1252 1141 typis
1282 1069 1470 1126 Jacobi
1501 1068 1716 1124 Cardon
1752 1069 1940 1141 et_Pe-

345 1139 413 1194 tri
445 1138 690 1196 Cavellat
718 1141 964 1206 Lugduni
1007 1138 1210 1196 excuso
1233 1141 1336 1195 hoc
1372 1157 1516 1195 anno
1546 1141 1706 1205 ιδῃ,
1746 1139 1846 1194 sub
1873 1139 1939 1193 ti-

345 1210 505 1264 tulo:
552 1210 736 1267 Sancti
778 1212 969 1266 Patres
1006 1212 1254 1266 vindicati
1284 1213 1336 1264 in
1375 1229 1536 1266 causa
1571 1210 1938 1265 Immaculatte

351 1277 754 1353 Conceptionis:
794 1283 926 1339 illud
974 1292 1153 1340 tamen
1202 1284 1342 1353 mihi,
1380 1283 1545 1338 dubio
1596 1283 1784 1353 procul
1832 1291 1934 1346 est,

345 1352 588 1424 przesens
639 1354 1013 1410 testimonium
1064 1369 1240 1424 neque
1286 1352 1534 1420 oflieere,
1589 1352 1941 1424 nequeipro-

344 1421 503 1496 desse
547 1424 775 1480 alterius
827 1425 1003 1496 partis
1052 1421 1576 1496 propugnatoribus;
1633 1421 1730 1478 sed
1778 1423 1941 1492 longe

343 1491 450 1565 alio
478 1508 668 1560 sensu,
692 1491 855 1564 quam
890 1495 996 1563 ipsi
1027 1491 1322 1565 accipiant,
1353 1511 1384 1550 a
1428 1495 1632 1549 Dextro
1661 1491 1939 1560 receptum

344 1563 545 1637 fuisse;
577 1563 980 1637 continereque
1011 1576 1118 1637 tam
1151 1563 1361 1620 certam
1392 1565 1708 1637 veritatem,
1736 1565 1878 1637 quod
1909 1578 1941 1619 a

344 1636 564 1690 nemine
592 1635 988 1691 catholicorum
1018 1636 1249 1691 inﬁciari
1276 1635 1484 1704 possit;
1521 1643 1725 1689 tantum
1759 1635 1937 1701 abest,

343 1713 402 1758 ut
424 1705 602 1760 aliena
634 1722 662 1760 a
698 1707 892 1763 Dextri
923 1709 1198 1762 sententia
1227 1707 1442 1760 censeri
1468 1706 1726 1769 debeant,
1755 1716 1810 1758 et
1849 1720 1941 1770 pa-

345 1789 466 1829 rum
498 1778 776 1832 sinceram
809 1786 1138 1832 vetustatem
1165 1777 1419 1832 redolere
1444 1778 1760 1831 credantur.
1793 1775 1936 1842 Quid

338 1844 518 1900 illud?
543 1849 804 1902 nimirum
831 1859 1080 1902 sanctum
1109 1848 1370 1902 Jacobum
1398 1847 1452 1900 in
1479 1846 1750 1916 Hispaniis
1775 1846 1935 1900 insti-

341 1917 526 1972 tuisse
566 1918 927 1974 immaculata:
962 1919 1352 1972 lncarnationis
1383 1915 1540 1970 Verbi
1579 1915 1676 1971 Dei
1710 1915 1932 1970 feStum.

337 1985 476 2054 Quis
517 1987 573 2041 id
628 1999 789 2058 neget
831 1989 1091 2043 Jacobum
1137 1987 1366 2058 fecisse?
1411 1985 1588 2058 Rudis
1638 1986 1930 2042 admodum

339 2058 430 2111 ille
459 2066 545 2111 est
573 2061 665 2126 qui
697 2056 901 2114 nesciat
935 2057 1272 2112 Dominicam
1303 2056 1674 2124 Nativitatem,
1719 2058 1935 2113 Passio-

341 2142 488 2194 nem,
525 2126 1029 2190 Resurrectionem.
1066 2140 1121 2183 et
1167 2129 1605 2184 lncarnatiOncm
1653 2129 1857 2193 pariter
1903 2144 1936 2185 a

345 2198 554 2253 sanctis
606 2200 874 2269 apostolis
921 2199 1222 2254 celebratas
1272 2210 1326 2253 et
1390 2197 1665 2269 celebrari
1712 2201 1934 2254 edoctas

343 2269 398 2323 in
425 2268 686 2325 universo
715 2269 1017 2325 christiano
1048 2271 1204 2326 orbe.
1238 2271 1380 2337 Ergo
1406 2280 1460 2324 et
1483 2268 1720 2324 Jacobus
1749 2270 1804 2324 in
1839 2270 1934 2324 lli-

345 2341 592 2404 spaniis,
646 2355 769 2396 eum
821 2341 1158 2410 evangelica:

342 2411 487 2467 idem
523 2410 719 2468 fecisse
755 2413 1065 2468 credendus
1104 2410 1210 2467 est.
1261 2412 1376 2466 Hoc
1415 2412 1576 2481 igitur
1615 2411 1840 2466 illibata:
1881 2421 1938 2467 et

338 2482 709 2553 immaculatze
769 2481 1161 2553 Conceptionis
1226 2483 1335 2553 Dei,
1391 2482 1686 2553 genetricis
1749 2481 1936 2538 Maria:

338 2551 540 2608 festum
569 2568 598 2606 a
645 2553 852 2610 Dextro
891 2551 1265 2624 nuncupatur;
1297 2551 1686 2622 Coneeptionis
1734 2568 1933 2608 nomen

336 2639 449 2695 non
487 2626 540 2678 in
571 2627 806 2694 passiva,
836 2625 933 2682 sed
968 2627 1152 2680 activa
1183 2624 1584 2695 signiﬁcatione
1610 2627 1886 2695 usurpans
1916 2641 1932 2681 :

335 2694 393 2749 id
426 2705 534 2761 est,
569 2693 665 2766 pro
695 2711 762 2752 ea
801 2699 1176 2766 conceptione,
1199 2693 1571 2766 quaDeipara
1594 2693 1774 2766 Virgo
1812 2695 1934 2751 sine

335 2767 556 2821 macula
571 2764 643 2822 ‘et
671 2767 793 2824 labe
817 2766 912 2822 Dei
938 2764 1135 2822 Filium
1163 2765 1218 2820 in
1253 2764 1366 2822 suis
1387 2765 1715 2820 castissimis
1737 2781 1934 2821 conce-

335 2837 421 2905 pit
455 2837 782 2907 visceribus,
815 2853 922 2894 non
957 2853 1055 2904 pro
1093 2853 1155 2893 ea
1189 2853 1293 2907 qua
1321 2851 1350 2890 a
1380 2836 1440 2890 Β.
1470 2838 1627 2890 Anna
1664 2846 1930 2906 concepta

335 2908 460 2962 fuit.
491 2905 690 2980 Neque,
707 2905 842 2980 vero
872 2910 992 2980 quis
1024 2905 1277 2978 putet,’in
1307 2907 1548 2980 alienum
1577 2923 1799 2980 sensum
1831 2905 1931 2963 nos

334 2980 509 3034 verba
547 2977 804 3048 praedicta
848 2977 1235 3049 contorquere,
1273 2994 1340 3034 eo
1375 2977 1521 3049 quod
1565 2978 1748 3049 videat
1789 2994 1932 3034 nunc

335 3047 605 3132 temporis
641 3050 1026 3132 conceptionis
1066 3047 1292 3132 nomen,
1323 3064 1446 3105 cum
1478 3047 1798 3132 BLVirgini.
1825 3052 1930 3132 tri-

335 3121 548 3188 buitur,
583 3120 637 3176 in
671 3120 943 3192 passivum
985 3121 1162 3192 accipi
1196 3136 1457 3185 sensum;
1491 3120 1622 3175 olim
1659 3120 1930 3190 siquidem

336 3192 397 3248 in
429 3195 666 3248 activum
691 3193 864 3262 accipi
885 3193 1131 3258 solitum,
1156 3193 1326 3247 multa
1355 3193 1734 3246 demonstrant
1764 3207 1930 3260 argu-

337 3271 528 3319 menta
568 3281 585 3319 :
627 3278 750 3318 nam
791 3273 854 3319 ut
894 3265 1214 3319 omittamus
1257 3277 1326 3318 eo
1374 3276 1538 3317 sensu
1578 3271 1859 3330 acceptum
1899 3277 1930 3318 a

338 3333 600 3402 Domino,
657 3351 781 3390 cum
844 3335 914 3391 de
982 3335 1190 3404 peccati
1257 3333 1542 3404 originalis
1601 3345 1764 3400 pmna
1820 3334 1931 3403 egit

336 3405 550 3462 Cenes.
590 3419 650 3461 ιιι
685 3406 791 3460 illis
816 3405 998 3462 verbis
1027 3425 1038 3459 :
1069 3404 1434 3474 Multiplicabo
1471 3415 1748 3472 conceptus
1789 3414 1926 3472 tuos,

337 3479 426 3532 vel
459 3487 517 3530 ut
546 3478 652 3530 alia
674 3477 961 3532 translatio
984 3476 1180 3543 habet,
1209 3475 1568 3544 conceptiones
1607 3483 1726 3529 tuas
1748 3490 1768 3530 :
1791 3490 1930 3546 pra:-

336 3559 560 3619 ceptum
591 3551 686 3614 sit,
712 3550 856 3618 quod
883 3559 1094 3605 veteres
1117 3549 1182 3602 ad
1215 3546 1932 3619 denOtandumcoureptio-

339 3616 429 3673 nis
465 3616 666 3674 festum
698 3616 805 3674 non
837 3619 1126 3676 utebantur
1156 3618 1324 3674 verbo
1362 3616 1742 3687 conceptionis
1773 3617 1928 3687 Dei-

337 3703 516 3772 νοτε,
553 3690 650 3772 sed
684 3691 871 3772 potius.
899 3687 1370 3772 cqngeptionis'S.
1397 3686 1928 3772 ﬁnthSichrtee‘i

338 3756 399 3816 in
450 3756 790 3830 menoiogio,
821 3762 909 3817 die
947 3762 980 3818 9
1014 3756 1363 3825 Decembris,
1392 3756 1674 3828 Conceptio
1707 3758 1922 3830 :(aiunt)

341 3830 548 3884 munda
571 3829 638 3885 B.
673 3829 838 3887 Anna:
878 3831 976 3887 Dei
1004 3841 1051 3886 et
1077 3831 1288 3886 Domini
1323 3830 1486 3883 nostri
1518 3831 1670 3882 aviae.
1708 3829 1812 3883 Pro
1839 3844 1930 3892 eo,

386 3901 494 3956 uod
524 3918 621 3958 nos
648 3902 914 3972 dicimus,
947 3900 1321 3973 conceptioS.
1355 3900 1452 3954 Dei
1486 3899 1927 3973 genitricis._Ea-

383 3987 472 4028 em
518 3987 743 4044 prorsus
770 3968 951 4042 phra'si
983 3968 1209 4030 utuniur
1235 3968 1586 4044 Syri,_qui'iin
1618 3968 1934 4024 kalendaria

343 4041 550 4099 habeth
573 4059 600 4114 ξ
620 4041 894 4112 Conceptio
923 4046 1089 4100 Anna:
1113 4041 1349 4114 justw'in
1382 4041 1606 4096 Domina
1631 4050 1806 4096 nostra
1842 4057 1932 4114 ge-

344 4116 530 4169 nitrice
560 4112 688 4179 Dei,
721 4117 803 4170 die
842 4115 876 4171 9
909 4112 1221 4171 Decem6ris.

415 4185 568 4311 Lego
595 4185 761 4241 etiam
805 4199 1023 4242 sanctos
1062 4187 1251 4242 Patres
1291 4182 1594 4255 saapissime
1623 4181 1928 4252 conceptio-

415 4273 474 4310 ιω
553 4257 771 4311 irainis.
803 4274 922 4311 eam
949 4274 1054 4311 una
1086 4260 1259 4311 Deum
1293 4259 1470 4311 ipsum
1509 4255 1762 4311 concepit
1792 4269 1928 4308 nun-

344 4271 474 4312 nem
508 4255 771 4327 Virginis,
803 4274 922 4313 eam
949 4274 1054 4328 qua
1086 4260 1259 4314 Deum
1293 4259 1470 4328 ipsum
1509 4255 1933 4328 concepit_ttutt_-

344 4343 582 4396 cupare;
604 4323 701 4383 ’δίο
729 4323 1056 4394 Bernardtts,
1087 4331 1139 4384 in
1167 4323 1348 4384 Serm.
1376 4329 1410 4382 4
1439 4325 1493 4382 in
1521 4324 1701 4396 vigilia
1732 4323 1934 4396 Natalis

348 4395 600 4468 Domini,
642 4399 860 4454 Attende
898 4401 1116 4471 (inquit)
1162 4411 1208 4454 et
1247 4406 1550 4466 conceptum
1574 4395 1782 4471 invenis
1825 4395 1938 4449 sine

346 4471 546 4524 semine
568 4487 587 4524 .'
607 4471 731 4539 quid
759 4468 1035 4540 gloriosius
1071 4487 1232 4541 quant
1253 4477 1431 4541 sancta
1455 4477 1502 4520 et
1540 4468 1938 4541 sinceraconce-

348 4543 494 4612 ptio,
526 4541 581 4593 in
603 4537 705 4612 qua
734 4537 867 4612 nihil
891 4537 1105 4612 pudoris
1130 4548 1230 4605 est,
1260 4537 1391 4592 nihil
1426 4539 1619 4612 sordis,
1651 4537 1782 4612 nihil
1822 4552 1938 4612 cor-

346 4607 652 4684 raptionis}
683 4612 751 4666 Et
770 4607 1076 4684 Cyprianus
1105 4627 1201 4684 seu
1230 4613 1359 4684 ejus
1377 4611 1635 4684 aequalis,
1663 4608 1736 4684 de
1761 4607 1938 4684 eat-dio

348 4677 569 4736 natibus
587 4680 784 4738 Christi
809 4677 1084 4753 operibus,
1118 4677 1302 4738 Serm.
1329 4682 1399 4734 de
1428 4680 1668 4746 Nativit.,
1696 4677 1938 4753 0_Vir_go

338 4755 495 4826 justa
515 4765 583 4826 et,
607 4751 973 4826 omnijus'titia
1000 4754 1333 4826 plenissima,
1352 4755 1502 4826 cujus
1533 4751 1934 4826 c_onceptio_sin-

387 4823 586 4878 alaris!
629 4820 882 4880 nimirum
933 4820 1057 4894 quia
1110 4825 1230 4879 sine
1288 4820 1936 4894 viri'semine_'perfeeta

387 4841 583 4878 utam:
629 4841 882 4880 nimirum
933 4841 1057 4894 quta
1110 4841 1230 4879 stne
1288 4841 1386 4877 \‘Il'i
1438 4841 1647 4876 semine
1699 4841 1936 4888 permota

349 4841 490 4960 fuit;
532 4895 675 4951 unde
709 4906 764 4952 et
804 4896 1008 4962 subdit,
1041 4896 1247 4967 Spiritu
1277 4905 1455 4967 sancto
1493 4890 1831 4967 obumbrante
1857 4891 1941 4945 in-

351 4967 594 5020 cendium
636 4968 886 5037 originale
917 4961 1230 5022 exstinctum
1256 4976 1327 5019 est
1361 4965 1438 5030 (id
1484 4976 1591 5028 est,
1621 4961 1942 5037 libidinosus

393 5040 639 5108 ruritus),
684 5033 900 5111 ideoque
929 5039 1200 5111 innoxiam
1232 5037 1559 5111 afﬂigi__non
1602 5033 1796 5099 decuit,
1833 5044 1936 5086 etc.

437 5105 669 5164 rnard’us
699 5105 893 5165 iterum
930 5109 1076 5165 hom.
1109 5111 1146 5164 4
1175 5105 1701 5178 super‘Missusest,
1746 5117 1944 5178 conce-

356 5182 594 5250 ptionem
623 5179 878 5249 Baptista:
905 5190 1064 5237 vocat
1091 5174 1500 5246 conceptionem
1525 5174 1944 5250 Elisabethd‘iec

356 5247 578 5318 initum,
625 5247 748 5306 cuin
775 5253 1058 5319 conceptio
1093 5250 1320 5306 actionis
1351 5263 1546 5302 nomen
1581 5248 1652 5319 sit
1690 5247 1945 5319 proprius

355 5337 518 5388 quam
549 5321 836 5388 passionis.
869 5318 1026 5378 Hune
1063 5330 1214 5378 certe
1253 5335 1473 5376 sensum
1507 5318 1737 5373 reddunt
1783 5318 1942 5373 verba

355 5391 455 5448 illa
487 5394 711 5464 liturgite
729 5393 956 5464 decimae
983 5407 1050 5448 ex
1079 5391 1306 5456 Graecis,
1334 5403 1468 5462 quas
1489 5389 1744 5464 Claudius
1759 5390 1947 5464 Spen-

354 5477 506 5518 caus
545 5459 751 5518 edidit:
785 5463 888 5532 Qui
931 5465 1186 5518 consecuti
1231 5459 1410 5516 sumus
1457 5459 1708 5532 gaudium
1751 5459 1825 5513 ini
1855 5469 1946 5514 tuo

358 5545 635 5604 conceptu,
658 5551 688 5589 o
723 5538 879 5605 plane
919 5535 1272 5603 immaculata,
1303 5535 1592 5588 salutamus
1631 5540 1826 5605 tecum
1853 5549 1947 5585 an-

358 5606 480 5676 gelo
501 5602 809 5670 clamant'es,
835 5606 960 5671 Ave,
987 5617 1093 5662 etc.
1121 5602 1450 5676 Quzetamen
1479 5602 1726 5676 nonnulli
1755 5603 1949 5676 imme-

361 5673 473 5732 rito
516 5677 586 5734 de
625 5678 836 5749 passiva
876 5673 1232 5749 conceptione
1282 5675 1507 5749 intelligi
1541 5676 1755 5749 volunt,
1802 5673 1945 5749 relu-

359 5755 545 5820 ctante
573 5743 692 5820 ipso
716 5758 1004 5812 contextu.
1032 5743 1120 5818 qui
1143 5748 1218 5820 de
1241 5743 1948 5820 Annuuthtioneﬁngelica

359 5819 562 5891 planus
585 5813 691 5882 est.
718 5820 906 5896 Neque
934 5813 1100 5881 alium
1127 5818 1357 5878 reddere
1382 5817 1549 5877 credo
1577 5813 1741 5875 verba
1768 5813 1950 5886 cujus-

1198 2341 1576 2411 praedicationi
1627 2341 1930 2412 insistebat,
1964 2393 1986 2412 ,

2037 709 2262 793 Domine
2288 713 2416 768 Jesu
2443 709 2676 787 Christe,
2708 719 2796 783 qui
2829 719 2902 793 sic
2933 717 3198 793 Virginem
3225 709 3444 793 matrem
3472 719 3643 774 hono-

2040 783 2282 851 riﬁcasti,
2329 803 2592 861 quousque
2645 783 3146 861 conceptionisEjus
3186 791 3379 861 gratia,
3416 807 3528 845 eam
3557 807 3645 846 co-

2039 871 2150 928 ram
2178 865 2226 928 te
2263 855 2679 928 su/fragatricem
2708 855 3163 928 incomparabilem
3186 855 3504 926 invenimus,
3531 872 3639 917 etc.

2040 922 2355 999 invenimus
2381 922 2532 984 terte
2559 945 2680 984 eam
2707 922 3163 999 sull‘ragatrieem,
3190 931 3318 986 dum
3368 933 3464 986 Dei
3493 922 3643 987 ’γεισ-

2040 995 2182 1076 bum_
2207 999 2480 1076 concepit,
2513 1017 2619 1076 non
2661 1016 2794 1057 vero
2821 995 2950 1056 dum
2990 1010 3385 1076 con_eepta_est.
3417 1003 3642 1076 Insuper

2042 1067 2096 1141 i_n
2133 1067 2274 1141 idem
2304 1067 2522 1136 recidit,
2554 1073 2600 1126 si
2631 1087 2820 1128 verum
2854 1082 2940 1127 est
2969 1073 3111 1141 quod
3149 1067 3213 1128 ex
3249 1073 3418 1128 Paulo
3442 1067 3642 1129 Oresio

2041 1138 2228 1213 Dextri
2256 1155 2444 1213 coaevo
2475 1142 2720 1198 referunt
2749 1138 3044 1198 Mauricius
3075 1143 3146 1198 de
3190 1142 3556 1213 Villaprobata
3587 1146 3643 1201 in

2039 1208 2281 1276 Corona,
2330 1212 2571 1269 Mariana
2622 1214 2805 1270 Serm.
2866 1213 2932 1270 16
2978 1225 3033 1270 et
3075 1208 3442 1270 Bernardi'nus
3489 1214 3643 1272 Busti

2040 1278 2221 1357 Serm.
2270 1283 2304 1338 8
2345 1283 2414 1357 de
2453 1283 2716 1357 C_oncept.
2759 1299 2877 1355 par.
2909 1285 3262 1357 377’scripsisse
3288 1285 3544 1342 videlicet
3584 1285 3641 1357 in

2042 1352 2275 1430 quadam
2307 1353 2540 1430 epistola
2570 1352 2914 1430 ad'san'ctam
2937 1352 3291 1430 Eustochium
3322 1355 3644 1430 Hieronymi

2041 1420 2365 1498 discipulam
2397 1442 2410 1479 :
2439 1423 2627 1498 Coram
2653 1427 2762 1482 Deo
2798 1427 2939 1494 novi,
2974 1435 3023 1480 et
3060 1427 3117 1498 in
3154 1428 3364 1482 veritate
3392 1420 3639 1498 contp'eri,

2043 1493 2181 1570 quod
2220 1493 2365 1570 nulla
2398 1495 2592 1570 mulier
2626 1499 2681 1570 in
2709 1509 2880 1570 partu
2919 1493 3266 1570 periclitatur,
3303 1515 3459 1570 super
3485 1493 3645 1570 quam

2043 1562 2223 1640 devote
2253 1563 2456 1640 diaria:
2494 1569 2668 1639 gratia
2699 1562 3034 1640 imploratur,
3069 1579 3117 1624 et
3156 1569 3266 1623 dies
3294 1562 3642 1640 concepiionis

2043 1637 2158 1714 ejus
2185 1634 2518 1714 celebraturi:
2544 1634 3048 1714 quando'nimirum
3072 1639 3424 1714 sine_pudore
3443 1634 3642 1714 conce-

2043 1708 2143 1771 pit,
2168 1715 2237 1778 ut
2283 1708 2401 1778 sine
2425 1708 2622 1778 Vdolore
2667 1719 2905 1778 pareret.
2957 1711 3082 1764 Hatc
3126 1710 3268 1765 enim
3300 1718 3419 1765 erat
3455 1709 3641 1764 Maria:

2039 1776 2212 1842 gratia
2271 1776 2702 1849 periclitantibus
2757 1780 3042 1849 puerperis
3097 1794 3386 1849 congrua,
3448 1783 3518 1834 ab
3574 1795 3638 1835 ea

2039 1859 2290 1932 quierere
2317 1848 2603 1932 auxilium,
2629 1848 3012 1932 quasaccepit.
3031 1850 3084 1904 in
3114 1848 3470 1932 conceptione
3514 1849 3640 1932 Filii

2037 1921 2292 1992 gratiam,
2318 1926 2377 1971 ut
2419 1930 2564 1974 esset
2615 1921 2735 1976 sine
2775 1922 3090 1992 gravamine
3135 1921 3377 1991 gravida,
3419 1930 3476 1976 et
3516 1923 3638 1978 sine

2040 1985 2228 2058 dolore
2254 2003 2542 2058 puerpera,
2576 1999 2634 2045 ut
2655 1985 2962 2047 Bernardus
2987 1985 3187 2047 alicubi
3217 1985 3380 2046 dixit.

2114 2057 2524 2133 Demumdhinc
2551 2062 2661 2130 jam
2689 2077 2955 2118 canonem
2985 2063 3366 2133 Apostolorum
3395 2061 3642 2118 vindiea-

2039 2125 2224 2208 bimus
2248 2145 2278 2183 a
2308 2127 2514 2208 difﬁcili
2546 2125 2737 2208 sensu,
2759 2125 3443 2208 quo‘vulgqaceipisolet,
3469 2148 3639 2188 eano-

2039 2211 2164 2272 netn
2195 2202 2625 2272 inquantillutn,
2650 2205 2742 2272 qui
2772 2204 2826 2257 in
2857 2202 3011 2258 libris
3040 2204 3100 2258 S.
3130 2204 3479 2272 Ctesiphonis
3504 2219 3637 2272 apo-

2039 2269 2166 2347 stoli
2191 2267 2382 2347 Jacobi
2411 2267 2685 2341 discipuli,
2721 2273 2862 2342 apud
2895 2275 3134 2328 Montem
3179 2267 3438 2347 Satn-etum
3470 2267 3636 2347 llipu-

2041 2337 2270 2412 litanutn
2295 2337 2569 2412 Granatte'
2588 2337 2838 2412 repertus
2868 2352 2954 2397 est
2981 2357 3104 2412 eum
3133 2344 3461 2412 veneranda:
3495 2337 3639 2397 anti-

2040 2410 2265 2483 quitatis
2285 2410 2560 2483 vestigiis;
2592 2410 2666 2467 ait
2689 2412 2959 2483 siquidem
2979 2411 3038 2469 S.
3063 2411 3384 2482 Ctesiphon,
3410 2422 3633 2468 sanctos

2041 2478 2140 2552 Dei
2173 2478 2469 2552 Apostolus
2513 2483 2615 2537 sub
2646 2478 2994 2539 anaihemate
3044 2483 3098 2537 in
3130 2478 3378 2552 quodam
3406 2484 3641 2538 concilio

2038 2550 2342 2618 deﬁniisse,
2379 2551 2654 2622 Virginem
2699 2554 2981 2622 Deiparam
3023 2553 3076 2609 in
3110 2550 3230 2624 ipso
3258 2553 3635 2623 conceptionis

2036 2631 2466 2692 sucegmomento
2517 2635 2906 2692 praeservatam
2946 2623 3115 2680 fuisse
3134 2623 3212 2680 ab
3253 2625 3399 2680 omni
3442 2625 3632 2692 prima:

2036 2691 2261 2762 originis
2287 2691 2561 2764 contagio,
2587 2705 2641 2750 et
2671 2695 2898 2751 liberam
2925 2695 3191 2752 redditam
3223 2695 3294 2750 ab
3323 2691 3470 2750 omni
3510 2697 3633 2752 labe

2035 2764 2267 2831 peccati.
2293 2763 2473 2819 Verba
2502 2768 2741 2822 auctoris
2773 2768 2824 2821 in
2855 2766 2994 2821 libro
3025 2766 3096 2822 de
3129 2766 3487 2823 fundamento
3525 2767 3631 2822 Ee-

2033 2834 2238 2898 clesiae,
2269 2843 2330 2889 ut
2368 2835 2530 2906 vulgo
2555 2837 3037 2905 circumferuntur,
3083 2852 3148 2892 ex
3196 2837 3437 2894 Arabico
3487 2839 3628 2892 idio-

2035 2913 2334 2977 mate_,_quo
2364 2910 2569 2977 scripta
2598 2919 2744 2972 sunt,
2762 2908 3051 2963 Latinitate
3071 2907 3290 2972 donata,
3319 2917 3448 2963 sunt
3469 2908 3626 2965 hare:

2033 2971 2144 3029 Illa
2176 2971 2358 3048 Virgo,
2393 2971 2492 3048 illa
2519 2978 2716 3044 Maria,
2736 2971 2849 3033 illa
2891 2979 3088 3035 Sancta
3119 2971 3430 3045 prteservata
3464 2979 3566 3047 fuit
3595 2996 3630 3034 a

2035 3056 2244 3119 peccato
2271 3047 2516 3117 Originali
2545 3051 2599 3101 in
2629 3051 2795 3117 primo
2831 3049 3050 3119 instanti
3093 3064 3204 3102 sua
3249 3049 3624 3119 conceptionis,

2034 3127 2082 3168 et
2129 3115 2291 3169 libera
2332 3115 2396 3170 ab
2443 3120 2584 3188 omni
2610 3115 2788 3188 culpa.
2823 3117 2892 3171 Et
2915 3119 3004 3185 qui
3035 3120 3110 3171 ita
3137 3134 3240 3171 non
3283 3115 3506 3188 senserit,
3523 3135 3630 3172 non

2035 3196 2372 3256 consequetur
2399 3187 2616 3242 salutent
2657 3187 2927 3244 (sternam.
2959 3188 3077 3242 Non
3109 3190 3276 3242 credo
3303 3189 3370 3242 ad
3398 3187 3623 3244 verbum

2037 3259 2300 3327 translata
2329 3255 2515 3327 fuisse,
2546 3258 2643 3314 sed
2671 3258 2884 3316 felicius
2913 3257 3089 3313 adhuc
3117 3266 3174 3313 et
3201 3256 3414 3312 facilius
3450 3269 3627 3313 trans-

2035 3323 2167 3401 ferri
2212 3343 2391 3401 posse,
2438 3323 2562 3384 nam
2608 3331 2774 3385 verba
2812 3329 2942 3384 illa:
2991 3337 3305 3401 prwservata
3341 3345 3375 3383 a
3415 3339 3626 3401 peccato

1953 3387 2003 3453 C
2034 3387 2280 3470 originali
2310 3387 2564 3469 in'primo
2592 3401 2810 3456 instanti
2849 3415 2960 3455 sure
2980 3387 3352 3470 conceptionis,
3382 3387 3510 3455 shnt
3537 3415 3626 3457 re-

2034 3471 2334 3544 centissimi
2369 3472 2492 3544 styli
2545 3471 2920 3544 theologorum
2971 3471 3132 3542 hujus
3181 3471 3303 3544 aevi,
3336 3481 3393 3544 et
3445 3471 3626 3544 potius

2032 3539 2367 3615 reddendum
2401 3539 2566 3611 esset,
2597 3539 2872 3598 liberatum
2894 3539 3057 3615 fuisse
3085 3559 3116 3595 a
3145 3543 3284 3615 malo
3313 3539 3496 3615 prima!
3522 3543 3630 3615 ori-

2070 3611 2170 3682 inis
2213 3612 2267 3664 in
2297 3622 2551 3668 momento
2578 3613 2929 3682 conceptionis
2959 3628 3067 3668 suta
3087 3629 3106 3666 .'
3140 3613 3226 3667 vel
3258 3611 3385 3681 quid
3421 3613 3621 3666 simile.

2078 3681 2144 3735 ed
2167 3682 2428 3750 quidquid
2470 3684 2542 3737 sit
2567 3683 2634 3738 de
2664 3681 3045 3749 translatione,
3101 3697 3293 3736 sensus
3330 3682 3502 3735 facilis
3541 3691 3630 3736 est

2037 3760 2094 3805 et
2133 3753 2514 3816 necessarius;
2557 3753 2814 3808 videlicet
2857 3753 2959 3806 sub
3001 3751 3441 3806 interminatione
3471 3750 3619 3819 vitae,

2034 3829 2128 3875 aut
2152 3823 2340 3876 mortis
2364 3831 2582 3876 aeternae
2611 3824 2679 3877 ab
2705 3821 2960 3878 omnibus
2984 3820 3268 3891 catholicis
3289 3820 3624 3891 amplecten-

2035 3891 2164 3946 dum
2216 3906 2358 3960 esse,
2416 3901 2472 3948 et
2520 3894 2906 3962 proﬁtendum,
2965 3890 3240 3961 Virginem
3296 3889 3518 3962 Mariam
3567 3891 3624 3948 in

2036 3963 2215 4035 primo
2255 3961 2530 4035 ipso_s_u:e’
2553 3964 2928 4035 conceptionis
2956 3971 3255 4031 momento,
3291 3961 3510 4032 quando
3541 3962 3625 4018 ni-

2036 4033 2234 4088 mirum
2257 4033 2352 4105 Dei
2383 4033 2622 4090 Verbum
2649 4033 2803 4104 virgo
2831 4048 3058 4090 manens
3087 4035 3360 4104 concepit,
3389 4047 3624 4105 praeser-

2035 4113 2215 4177 vatam
2245 4104 2415 4162 fuisse
2453 4106 2522 4160 ab
2545 4106 2792 4177 originali
2824 4115 3077 4176 peccato;
3114 4105 3218 4160 hoc
3242 4115 3347 4172 est,
3384 4104 3416 4160 a
3446 4105 3626 4177 poenis

2037 4175 2232 4246 prima:
2262 4177 2501 4241 tnulieri,
2530 4187 2583 4232 et
2608 4175 2833 4232 caeteris
2855 4177 2906 4231 in
2934 4192 2995 4232 ea
3027 4186 3250 4246 propter
3278 4177 3491 4244 culpam
3514 4175 3624 4230 ori-

2034 4247 2273 4317 ginalem
2303 4247 2519 4302 inﬂictis
2545 4247 2769 4302 subillis
2792 4247 2972 4304 verbis
2995 4265 3008 4300 :
3036 4246 3405 4314 Multiplicabo
3429 4261 3625 4300 terum-

2038 4333 2133 4371 nas
2164 4327 2301 4386 tuas,
2335 4326 2381 4371 et
2413 4328 2690 4387 conceptus
2727 4327 2865 4381 tuos,
2897 4320 2949 4370 in
2982 4317 3162 4371 dolore
3187 4318 3359 4386 paries
3380 4318 3547 4387 ﬁlios,
3577 4326 3629 4370 et

2038 4387 2132 4459 sub
2153 4389 2249 4459 viri
2265 4396 2514 4459 potestate
2534 4385 2720 4453 eris,et
2742 4388 2850 4457 ipse
2873 4385 3226 4459 dominabitur
3243 4389 3317 4459 tui
3339 4385 3493 4459 (Gen.
3515 4387 3621 4459 tu).

2040 4456 2465 4528 Usitatis'simum
2499 4473 2732 4528 namque
2765 4456 2903 4514 esse
2952 4459 3003 4511 in
3040 4456 3418 4528 Seripturisiet
3448 4456 3628 4509 Patri-

2040 4527 2142 4582 bus
2188 4541 2468 4598 peccatum
2516 4545 2616 4598 pro
2645 4526 2807 4597 paena
2853 4529 3137 4598 accipere,
3171 4526 3388 4596 negabit
3436 4540 3622 4598 nemo,

2041 4599 2133 4667 qui
2185 4594 2268 4653 vel
2313 4594 2542 4652 summis
2589 4594 2748 4653 labiis
2797 4594 2986 4653 eorum
3038 4594 3621 4662 scripta'tractaverit.

2041 4670 2220 4740 Atque
2251 4668 2397 4724 hunc
2425 4668 2640 4736 quidem
2674 4667 2994 4738 legitimum,
3016 4676 3072 4740 et
3095 4667 3466 4722 necessarium
3503 4681 3626 4740 esse

2045 4736 2277 4796 canonis
2323 4754 2568 4807 sensum,
2613 4736 2900 4793 anathema
2948 4736 3300 4806 subjunctum
3361 4737 3622 4804 ostendit,

2047 4810 2170 4881 quis
2197 4813 2341 4866 enim
2373 4811 2520 4866 dicat
2561 4811 2815 4866 homines
2843 4809 3143 4881 sentientes
3168 4817 3356 4881 contra
3399 4808 3453 4864 id
3482 4809 3628 4881 quod

2047 4879 2298 4952 Apostoli
2327 4883 2641 4948 docuerint,
2667 4881 2902 4937 salvari?
2929 4888 3025 4936 aut
3061 4879 3212 4951 ipsos
3232 4880 3284 4952 in
3320 4880 3630 4952 ,canonibus

2047 4951 2276 5009 edendis
2315 4969 2504 5010 errare
2549 4953 2827 5024 potuisse?
2863 4963 2918 5007 et
2959 4963 3136 5024 tamen
3174 4951 3342 5024 multi
3366 4955 3629 5008 hactenus

2048 5025 2182 5079 salvi
2217 5027 2343 5081 iacti
2377 5034 2506 5079 sunt
2543 5023 2796 5095 sineﬁde
2823 5023 3066 5095 mysterii
3096 5023 3471 5095 conceptionis
3500 5037 3631 5095 pas-

2047 5095 2200 5150 sivae.
2229 5095 2476 5164 Insuper,
2509 5107 2566 5150 ut
2591 5094 2720 5166 quid
2752 5093 2999 5163 Apostoli
3023 5106 3288 5150 canonem
3312 5093 3542 5150 ederent
3563 5094 3634 5150 de

2051 5181 2112 5221 re
2140 5181 2315 5236 neque
2339 5168 2665 5232 necessaria,
2693 5180 2872 5236 neque
2899 5166 3040 5221 inter
3064 5166 3349 5221 haereticos
3377 5167 3460 5221 sui
3493 5175 3631 5222 tem-

2051 5237 2200 5308 poris
2227 5238 2616 5292 controversa?
2645 5252 2772 5308 naim
2803 5237 2849 5290 si
2881 5237 3187 5292 necessaria
3217 5244 3364 5292 esset
3391 5237 3458 5292 ad
3487 5237 3632 5308 salu:

2053 5303 2186 5379 tem,
2221 5308 2422 5362 Paulus
2447 5323 2570 5362 cum
2609 5309 2676 5362 ad
2707 5307 2982 5362 Romanos
3009 5308 3078 5364 de
3113 5317 3341 5379 peccato
3380 5303 3631 5379 originali

2051 5377 2314 5434 latissime
2357 5379 2598 5449 scripsit,
2635 5380 2822 5449 utique
2859 5379 2977 5447 ejus
3007 5377 3222 5449 quoque
3267 5377 3626 5449 meminisset.

2050 5449 2234 5520 Longe
2262 5465 2392 5521 ergo
2427 5447 2496 5505 ab
2525 5465 2592 5506 eo
2628 5447 2794 5505 sensu
2839 5447 3148 5506 abfuerunt’
3173 5447 3628 5521 Apostoli,_qnetn

2053 5517 2299 5577 nonnulli
2326 5517 2456 5576 huic
2483 5523 2680 5577 canoni
2712 5523 2978 5589 tribuunt,
3003 5530 3059 5576 et
3101 5517 3236 5576 cum
3269 5517 3472 5589 aliquid
3512 5530 3633 5570 om-

2054 5595 2183 5648 nino
2213 5593 2559 5668 ad_salutem_
2585 5583 3317 5668 necessarium'deﬁnierint,
3350 5583 3635 5668 Quale-est

2053 5665 2424 5738 conceptionis
2461 5665 2688 5721 illibatae
2727 5666 3067 5738 mysterium,
3099 5675 3202 5730 qua
3247 5657 3482 5738 Veritum
3516 5655 3637 5738 De}.

2056 5735 2289 5812 Spiritus
2317 5738 2488 5812 sancti
2518 5739 2722 5812 virtute
2750 5733 2912 5792 homo
2937 5733 3186 5812 eﬂ‘ectu‘m
3223 5735 3336 5812 est,
3356 5735 3412 5783 et
3449 5733 3634 5812 omnia

2060 5797 2228 5865 verba
2259 5807 2526 5878 quadrare
2555 5807 2864 5874 videantur,
2907 5818 3017 5860 non
3061 5807 3146 5857 est
3181 5813 3280 5858 cur
3321 5799 3400 5878 in_
3423 5797 3634 5857 alienos
