  <div class='ocr_page' id='page_1' title='image "/cluster/home/n/w/nwhite01/storage/ocr_20150623/31/hvd.32044096580543/244.png"; bbox 0 0 4148 6172; ppageno 0'>
   <div class='ocr_carea' id='block_1_1' title="bbox 378 342 484 401">
    <p class='ocr_par' dir='ltr' id='par_1_1' title="bbox 378 342 484 401">
     <span class='ocr_line' id='line_1_1' title="bbox 378 342 484 401; baseline 0 -1"><span class='ocrx_word' id='word_1_1' title='bbox 378 342 484 401; x_wconf 68' lang='grc'><strong><em>477</em></strong></span> 
     </span>
    </p>
   </div>
   <div class='ocr_carea' id='block_1_2' title="bbox 1418 345 2632 404">
    <p class='ocr_par' dir='ltr' id='par_1_2' title="bbox 1418 345 2632 404">
     <span class='ocr_line' id='line_1_2' title="bbox 1418 345 2632 404; baseline 0.001 -2"><span class='ocrx_word' id='word_1_2' title='bbox 1418 345 1648 404; x_wconf 78' lang='lat' dir='ltr'><strong><em>FLAVI!</em></strong></span> <span class='ocrx_word' id='word_1_3' title='bbox 1692 346 1874 404; x_wconf 86' lang='lat' dir='ltr'><strong><em>LUCII</em></strong></span> <span class='ocrx_word' id='word_1_4' title='bbox 1913 345 2173 403; x_wconf 78' lang='lat' dir='ltr'><strong><em>DEXTRI</em></strong></span> <span class='ocrx_word' id='word_1_5' title='bbox 2211 345 2632 404; x_wconf 74' lang='lat' dir='ltr'><strong><em>CHBONICON.</em></strong></span> 
     </span>
    </p>
   </div>
   <div class='ocr_carea' id='block_1_3' title="bbox 3574 349 3680 410">
    <p class='ocr_par' dir='ltr' id='par_1_3' title="bbox 3574 349 3680 410">
     <span class='ocr_line' id='line_1_3' title="bbox 3574 349 3680 410; baseline 0.019 -3"><span class='ocrx_word' id='word_1_6' title='bbox 3574 349 3680 410; x_wconf 62' lang='lat'><strong><em>‘78</em></strong></span> 
     </span>
    </p>
   </div>
   <div class='ocr_carea' id='block_1_4' title="bbox 736 463 3322 540">
    <p class='ocr_par' dir='ltr' id='par_1_4' title="bbox 736 463 3322 540">
     <span class='ocr_line' id='line_1_4' title="bbox 736 463 3322 540; baseline -0 -16"><span class='ocrx_word' id='word_1_7' title='bbox 736 465 975 526; x_wconf 90' lang='lat' dir='ltr'><strong><em>Sanctus</em></strong></span> <span class='ocrx_word' id='word_1_8' title='bbox 1003 465 1248 525; x_wconf 89' lang='lat' dir='ltr'><strong><em>Licerius</em></strong></span> <span class='ocrx_word' id='word_1_9' title='bbox 1276 466 1571 540; x_wconf 88' lang='lat' dir='ltr'><strong><em>episcopus</em></strong></span> <span class='ocrx_word' id='word_1_10' title='bbox 1596 465 1874 535; x_wconf 87' lang='lat' dir='ltr'><strong><em>Carcnsis,</em></strong></span> <span class='ocrx_word' id='word_1_11' title='bbox 1919 466 1974 523; x_wconf 92' lang='lat' dir='ltr'><strong><em>in</em></strong></span> <span class='ocrx_word' id='word_1_12' title='bbox 2009 465 2266 537; x_wconf 78' lang='lat' dir='ltr'><strong><em>Hispania</em></strong></span> <span class='ocrx_word' id='word_1_13' title='bbox 2303 463 2499 522; x_wconf 76' lang='lat' dir='ltr'><strong><em>Ilerda:</em></strong></span> <span class='ocrx_word' id='word_1_14' title='bbox 2524 463 2854 533; x_wconf 77' lang='lat' dir='ltr'><strong><em>celebratur,</em></strong></span> <span class='ocrx_word' id='word_1_15' title='bbox 2885 479 2993 540; x_wconf 89' lang='lat' dir='ltr'><strong><em>quo</em></strong></span> <span class='ocrx_word' id='word_1_16' title='bbox 3024 465 3322 525; x_wconf 82' lang='lat' dir='ltr'><strong><em>translatus</em></strong></span> 
     </span>
    </p>
   </div>
   <div class='ocr_carea' id='block_1_5' title="bbox 809 557 1543 617">
    <p class='ocr_par' dir='ltr' id='par_1_5' title="bbox 809 557 1543 617">
     <span class='ocr_line' id='line_1_5' title="bbox 809 557 1543 617; baseline 0.005 -5"><span class='ocrx_word' id='word_1_17' title='bbox 809 557 981 617; x_wconf 81' lang='lat' dir='ltr'><strong><em>fuisse</em></strong></span> <span class='ocrx_word' id='word_1_18' title='bbox 1009 557 1210 617; x_wconf 89' lang='lat' dir='ltr'><strong><em>dicitur</em></strong></span> <span class='ocrx_word' id='word_1_19' title='bbox 1238 574 1361 617; x_wconf 90' lang='lat' dir='ltr'><strong><em>eum</em></strong></span> <span class='ocrx_word' id='word_1_20' title='bbox 1389 559 1543 616; x_wconf 89' lang='lat' dir='ltr'><strong><em>sede.</em></strong></span> 
     </span>
    </p>
   </div>
   <div class='ocr_carea' id='block_1_6' title="bbox 1586 670 2443 731">
    <p class='ocr_par' dir='ltr' id='par_1_6' title="bbox 1586 670 2443 731">
     <span class='ocr_line' id='line_1_6' title="bbox 1586 670 2443 731; baseline -0.006 0"><span class='ocrx_word' id='word_1_21' title='bbox 1586 673 1842 731; x_wconf 81' lang='lat' dir='ltr'><strong><em>BIVARII</em></strong></span> <span class='ocrx_word' id='word_1_22' title='bbox 1881 670 2443 730; x_wconf 82' lang='lat' dir='ltr'><strong><em>COMMENTARIUS.</em></strong></span> 
     </span>
    </p>
   </div>
   <div class='ocr_carea' id='block_1_7' title="bbox 377 807 3667 884">
    <p class='ocr_par' dir='ltr' id='par_1_7' title="bbox 377 807 3667 884">
     <span class='ocr_line' id='line_1_7' title="bbox 377 807 3667 884; baseline 0.001 -18"><span class='ocrx_word' id='word_1_23' title='bbox 377 811 552 884; x_wconf 88' lang='lat' dir='ltr'><strong><em>obesse</em></strong></span> <span class='ocrx_word' id='word_1_24' title='bbox 586 828 690 866; x_wconf 88' lang='lat' dir='ltr'><strong><em>non</em></strong></span> <span class='ocrx_word' id='word_1_25' title='bbox 721 812 932 882; x_wconf 81' lang='lat' dir='ltr'><strong><em>potuit;</em></strong></span> <span class='ocrx_word' id='word_1_26' title='bbox 958 829 990 867; x_wconf 92' lang='lat' dir='ltr'><strong><em>a</em></strong></span> <span class='ocrx_word' id='word_1_27' title='bbox 1013 811 1195 881; x_wconf 81' lang='lat' dir='ltr'><strong><em>quibus</em></strong></span> <span class='ocrx_word' id='word_1_28' title='bbox 1222 829 1277 867; x_wconf 89' lang='lat' dir='ltr'><strong><em>se</em></strong></span> <span class='ocrx_word' id='word_1_29' title='bbox 1304 813 1389 868; x_wconf 87' lang='lat' dir='ltr'><strong><em>isti</em></strong></span> <span class='ocrx_word' id='word_1_30' title='bbox 1419 811 1770 868; x_wconf 76' lang='lat' dir='ltr'><strong><em>innocentibus</em></strong></span> <span class='ocrx_word' id='word_1_31' title='bbox 1806 827 1963 878; x_wconf 88' lang='lat' dir='ltr'><strong><em>sepa-</em></strong></span> <span class='ocrx_word' id='word_1_32' title='bbox 1991 811 2043 872; x_wconf 82' lang='lat' dir='ltr'><strong>A</strong></span> <span class='ocrx_word' id='word_1_33' title='bbox 2068 823 2190 880; x_wconf 86' lang='lat' dir='ltr'><strong><em>cap.</em></strong></span> <span class='ocrx_word' id='word_1_34' title='bbox 2229 811 2352 884; x_wconf 74' lang='lat'><strong><em>105,</em></strong></span> <span class='ocrx_word' id='word_1_35' title='bbox 2385 818 2438 866; x_wconf 90' lang='lat' dir='ltr'><strong><em>et</em></strong></span> <span class='ocrx_word' id='word_1_36' title='bbox 2463 807 2767 884; x_wconf 74' lang='lat' dir='ltr'><strong><em>Romanum</em></strong></span> <span class='ocrx_word' id='word_1_37' title='bbox 2797 809 3182 884; x_wconf 67' lang='lat' dir='ltr'><strong><em>Pmnitentiale</em></strong></span> <span class='ocrx_word' id='word_1_38' title='bbox 3209 811 3349 884; x_wconf 83' lang='lat' dir='ltr'><strong><em>apud</em></strong></span> <span class='ocrx_word' id='word_1_39' title='bbox 3375 811 3667 869; x_wconf 80' lang='lat' dir='ltr'><strong><em>Antonium</em></strong></span> 
     </span>
    </p>
   </div>
   <div class='ocr_carea' id='block_1_8' title="bbox 374 883 1965 956">
    <p class='ocr_par' dir='ltr' id='par_1_8' title="bbox 374 883 1965 956">
     <span class='ocr_line' id='line_1_8' title="bbox 374 883 1965 956; baseline -0.001 -19"><span class='ocrx_word' id='word_1_40' title='bbox 374 883 563 950; x_wconf 88' lang='lat' dir='ltr'><strong><em>rando,</em></strong></span> <span class='ocrx_word' id='word_1_41' title='bbox 599 892 809 953; x_wconf 88' lang='lat' dir='ltr'><strong><em>prapter</em></strong></span> <span class='ocrx_word' id='word_1_42' title='bbox 830 885 988 940; x_wconf 89' lang='lat' dir='ltr'><strong><em>istam</em></strong></span> <span class='ocrx_word' id='word_1_43' title='bbox 1017 886 1357 956; x_wconf 82' lang='lat' dir='ltr'><strong><em>separationis</em></strong></span> <span class='ocrx_word' id='word_1_44' title='bbox 1377 886 1690 956; x_wconf 71' lang='lat' dir='ltr'><strong><em>sacrilegam</em></strong></span> <span class='ocrx_word' id='word_1_45' title='bbox 1716 885 1965 954; x_wconf 84' lang='lat' dir='ltr'><strong><em>iniquita-</em></strong></span> 
     </span>
    </p>
   </div>
   <div class='ocr_carea' id='block_1_9' title="bbox 375 955 1959 1026">
    <p class='ocr_par' dir='ltr' id='par_1_9' title="bbox 375 955 1959 1026">
     <span class='ocr_line' id='line_1_9' title="bbox 375 955 1959 1026; baseline 0.002 -20"><span class='ocrx_word' id='word_1_46' title='bbox 375 963 505 1026; x_wconf 77' lang='lat' dir='ltr'><strong><em>tem.</em></strong></span> <span class='ocrx_word' id='word_1_47' title='bbox 527 956 819 1010; x_wconf 86' lang='lat' dir='ltr'><strong><em>innocentes</em></strong></span> <span class='ocrx_word' id='word_1_48' title='bbox 846 971 956 1012; x_wconf 89' lang='lat' dir='ltr'><strong><em>esse</em></strong></span> <span class='ocrx_word' id='word_1_49' title='bbox 980 955 1080 1026; x_wconf 84' lang='lat' dir='ltr'><strong><em>non</em></strong></span> <span class='ocrx_word' id='word_1_50' title='bbox 1103 965 1336 1026; x_wconf 87' lang='lat' dir='ltr'><strong><em>possunt.</em></strong></span> <span class='ocrx_word' id='word_1_51' title='bbox 1363 955 1481 1010; x_wconf 86' lang='lat' dir='ltr'><strong><em>Hoc</em></strong></span> <span class='ocrx_word' id='word_1_52' title='bbox 1501 956 1636 1011; x_wconf 89' lang='lat' dir='ltr'><strong><em>enim</em></strong></span> <span class='ocrx_word' id='word_1_53' title='bbox 1668 957 1828 1025; x_wconf 87' lang='lat' dir='ltr'><strong><em>magis</em></strong></span> <span class='ocrx_word' id='word_1_54' title='bbox 1850 971 1959 1009; x_wconf 85' lang='lat' dir='ltr'><strong><em>cre-</em></strong></span> 
     </span>
    </p>
   </div>
   <div class='ocr_carea' id='block_1_10' title="bbox 373 1025 1960 1098">
    <p class='ocr_par' dir='ltr' id='par_1_10' title="bbox 373 1025 1960 1098">
     <span class='ocr_line' id='line_1_10' title="bbox 373 1025 1960 1098; baseline 0.001 -22"><span class='ocrx_word' id='word_1_55' title='bbox 373 1025 535 1098; x_wconf 66' lang='lat' dir='ltr'><strong><em>dibile</em></strong></span> <span class='ocrx_word' id='word_1_56' title='bbox 565 1036 668 1089; x_wconf 87' lang='lat' dir='ltr'><strong><em>est,</em></strong></span> <span class='ocrx_word' id='word_1_57' title='bbox 706 1027 748 1080; x_wconf 90' lang='lat' dir='ltr'><strong><em>si</em></strong></span> <span class='ocrx_word' id='word_1_58' title='bbox 781 1035 945 1098; x_wconf 77' lang='lat' dir='ltr'><strong><em>tanien</em></strong></span> <span class='ocrx_word' id='word_1_59' title='bbox 975 1025 1172 1081; x_wconf 84' lang='lat' dir='ltr'><strong><em>Hosius</em></strong></span> <span class='ocrx_word' id='word_1_60' title='bbox 1199 1027 1262 1081; x_wconf 91' lang='lat' dir='ltr'><strong><em>ab</em></strong></span> <span class='ocrx_word' id='word_1_61' title='bbox 1294 1026 1547 1098; x_wconf 89' lang='lat' dir='ltr'><strong><em>Hispanis</em></strong></span> <span class='ocrx_word' id='word_1_62' title='bbox 1577 1027 1888 1098; x_wconf 83' lang='lat' dir='ltr'><strong><em>damnatus,</em></strong></span> <span class='ocrx_word' id='word_1_63' title='bbox 1928 1042 1960 1098; x_wconf 87' lang='lat' dir='ltr'><strong><em>a</em></strong></span> 
     </span>
    </p>
   </div>
   <div class='ocr_carea' id='block_1_11' title="bbox 372 1094 1963 1167">
    <p class='ocr_par' dir='ltr' id='par_1_11' title="bbox 372 1094 1963 1167">
     <span class='ocr_line' id='line_1_11' title="bbox 372 1094 1963 1167; baseline 0.001 -19"><span class='ocrx_word' id='word_1_64' title='bbox 372 1094 548 1150; x_wconf 85' lang='lat' dir='ltr'><strong><em>Gallis</em></strong></span> <span class='ocrx_word' id='word_1_65' title='bbox 571 1107 646 1151; x_wconf 91' lang='lat' dir='ltr'><strong><em>est</em></strong></span> <span class='ocrx_word' id='word_1_66' title='bbox 675 1097 963 1160; x_wconf 86' lang='lat' dir='ltr'><strong><em>absolutus,</em></strong></span> <span class='ocrx_word' id='word_1_67' title='bbox 985 1098 1058 1150; x_wconf 88' lang='lat' dir='ltr'><strong><em>sic</em></strong></span> <span class='ocrx_word' id='word_1_68' title='bbox 1089 1099 1200 1166; x_wconf 78' lang='lat' dir='ltr'><strong><em>ﬁeri</em></strong></span> <span class='ocrx_word' id='word_1_69' title='bbox 1233 1094 1458 1163; x_wconf 82' lang='lat' dir='ltr'><strong><em>potuisse</em></strong></span> <span class='ocrx_word' id='word_1_70' title='bbox 1479 1141 1494 1163; x_wconf 92' lang='lat'><strong><em>,</em></strong></span> <span class='ocrx_word' id='word_1_71' title='bbox 1526 1107 1583 1151; x_wconf 90' lang='lat' dir='ltr'><strong><em>ut</em></strong></span> <span class='ocrx_word' id='word_1_72' title='bbox 1611 1099 1759 1167; x_wconf 74' lang='lat' dir='ltr'><strong><em>falsis</em></strong></span> <span class='ocrx_word' id='word_1_73' title='bbox 1789 1097 1963 1150; x_wconf 89' lang='lat' dir='ltr'><strong><em>crimi-</em></strong></span> 
     </span>
    </p>
   </div>
   <div class='ocr_carea' id='block_1_12' title="bbox 373 1167 1962 1240">
    <p class='ocr_par' dir='ltr' id='par_1_12' title="bbox 373 1167 1962 1240">
     <span class='ocr_line' id='line_1_12' title="bbox 373 1167 1962 1240; baseline 0.002 -22"><span class='ocrx_word' id='word_1_74' title='bbox 373 1167 641 1240; x_wconf 81' lang='lat' dir='ltr'><strong><em>natoribus</em></strong></span> <span class='ocrx_word' id='word_1_75' title='bbox 677 1167 904 1240; x_wconf 77' lang='lat' dir='ltr'><strong><em>Hispani</em></strong></span> <span class='ocrx_word' id='word_1_76' title='bbox 934 1171 1294 1235; x_wconf 81' lang='lat' dir='ltr'><strong><em>circumuenti,</em></strong></span> <span class='ocrx_word' id='word_1_77' title='bbox 1337 1178 1383 1223; x_wconf 88' lang='lat' dir='ltr'><strong><em>et</em></strong></span> <span class='ocrx_word' id='word_1_78' title='bbox 1421 1169 1618 1223; x_wconf 89' lang='lat' dir='ltr'><strong><em>callida</em></strong></span> <span class='ocrx_word' id='word_1_79' title='bbox 1652 1169 1962 1222; x_wconf 85' lang='lat' dir='ltr'><strong><em>insidiarum</em></strong></span> 
     </span>
    </p>
   </div>
   <div class='ocr_carea' id='block_1_13' title="bbox 373 1238 1962 1309">
    <p class='ocr_par' dir='ltr' id='par_1_13' title="bbox 373 1238 1962 1309">
     <span class='ocr_line' id='line_1_13' title="bbox 373 1238 1962 1309; baseline 0.003 -20"><span class='ocrx_word' id='word_1_80' title='bbox 373 1238 562 1306; x_wconf 76' lang='lat' dir='ltr'><strong><em>fraude</em></strong></span> <span class='ocrx_word' id='word_1_81' title='bbox 591 1238 810 1307; x_wconf 77' lang='lat' dir='ltr'><strong><em>decepti,</em></strong></span> <span class='ocrx_word' id='word_1_82' title='bbox 844 1249 1025 1292; x_wconf 87' lang='lat' dir='ltr'><strong><em>contra</em></strong></span> <span class='ocrx_word' id='word_1_83' title='bbox 1052 1240 1366 1294; x_wconf 74' lang='lat' dir='ltr'><strong><em>innocentem</em></strong></span> <span class='ocrx_word' id='word_1_84' title='bbox 1393 1241 1586 1309; x_wconf 78' lang='lat' dir='ltr'><strong><em>ferrent</em></strong></span> <span class='ocrx_word' id='word_1_85' title='bbox 1611 1240 1916 1295; x_wconf 87' lang='lat' dir='ltr'><strong><em>sententiam</em></strong></span> <span class='ocrx_word' id='word_1_86' title='bbox 1942 1255 1962 1293; x_wconf 90' lang='lat'><strong><em>:</em></strong></span> 
     </span>
    </p>
   </div>
   <div class='ocr_carea' id='block_1_14' title="bbox 370 1309 1962 1379">
    <p class='ocr_par' dir='ltr' id='par_1_14' title="bbox 370 1309 1962 1379">
     <span class='ocr_line' id='line_1_14' title="bbox 370 1309 1962 1379; baseline 0.001 -18"><span class='ocrx_word' id='word_1_87' title='bbox 370 1317 422 1361; x_wconf 89' lang='lat' dir='ltr'><strong><em>et</em></strong></span> <span class='ocrx_word' id='word_1_88' title='bbox 443 1319 616 1376; x_wconf 88' lang='lat' dir='ltr'><strong><em>postea</em></strong></span> <span class='ocrx_word' id='word_1_89' title='bbox 638 1310 854 1379; x_wconf 78' lang='lat' dir='ltr'><strong><em>paciﬁce</em></strong></span> <span class='ocrx_word' id='word_1_90' title='bbox 875 1311 928 1362; x_wconf 87' lang='lat' dir='ltr'><strong><em>in</em></strong></span> <span class='ocrx_word' id='word_1_91' title='bbox 953 1309 1242 1364; x_wconf 77' lang='lat' dir='ltr'><strong><em>humilitate</em></strong></span> <span class='ocrx_word' id='word_1_92' title='bbox 1264 1309 1559 1365; x_wconf 85' lang='lat' dir='ltr'><strong><em>Christiana</em></strong></span> <span class='ocrx_word' id='word_1_93' title='bbox 1587 1311 1824 1364; x_wconf 78' lang='lat' dir='ltr'><strong><em>cederent</em></strong></span> <span class='ocrx_word' id='word_1_94' title='bbox 1844 1325 1962 1363; x_wconf 82' lang='lat' dir='ltr'><strong><em>sen-</em></strong></span> 
     </span>
    </p>
   </div>
   <div class='ocr_carea' id='block_1_15' title="bbox 372 1380 1957 1452">
    <p class='ocr_par' dir='ltr' id='par_1_15' title="bbox 372 1380 1957 1452">
     <span class='ocr_line' id='line_1_15' title="bbox 372 1380 1957 1452; baseline 0.001 -20"><span class='ocrx_word' id='word_1_95' title='bbox 372 1380 546 1452; x_wconf 74' lang='lat' dir='ltr'><strong><em>t_entiar</em></strong></span> <span class='ocrx_word' id='word_1_96' title='bbox 569 1380 911 1452; x_wconf 80' lang='lat' dir='ltr'><strong><em>collegarum,</em></strong></span> <span class='ocrx_word' id='word_1_97' title='bbox 933 1382 1116 1452; x_wconf 70' lang='lat' dir='ltr'><strong><em>quibus</em></strong></span> <span class='ocrx_word' id='word_1_98' title='bbox 1143 1380 1286 1436; x_wconf 86' lang='lat' dir='ltr'><strong><em>illius</em></strong></span> <span class='ocrx_word' id='word_1_99' title='bbox 1307 1383 1599 1436; x_wconf 86' lang='lat' dir='ltr'><strong><em>innocentia</em></strong></span> <span class='ocrx_word' id='word_1_100' title='bbox 1624 1383 1840 1450; x_wconf 89' lang='lat' dir='ltr'><strong><em>probata</em></strong></span> <span class='ocrx_word' id='word_1_101' title='bbox 1864 1391 1957 1435; x_wconf 87' lang='lat' dir='ltr'><strong><em>est.</em></strong></span> 
     </span>
    </p>
   </div>
   <div class='ocr_carea' id='block_1_16' title="bbox 370 1449 1960 1522">
    <p class='ocr_par' dir='ltr' id='par_1_16' title="bbox 370 1449 1960 1522">
     <span class='ocr_line' id='line_1_16' title="bbox 370 1449 1960 1522; baseline 0.001 -19"><span class='ocrx_word' id='word_1_102' title='bbox 370 1449 442 1522; x_wconf 75' lang='lat' dir='ltr'><strong><em>Et</em></strong></span> <span class='ocrx_word' id='word_1_103' title='bbox 470 1452 628 1518; x_wconf 87' lang='lat' dir='ltr'><strong><em>paulo</em></strong></span> <span class='ocrx_word' id='word_1_104' title='bbox 659 1449 886 1507; x_wconf 58' lang='lat' dir='ltr'><strong><em>iu&#39;l‘erius</em></strong></span> <span class='ocrx_word' id='word_1_105' title='bbox 910 1470 924 1508; x_wconf 87' lang='lat'><strong>:</strong></span> <span class='ocrx_word' id='word_1_106' title='bbox 946 1449 1262 1522; x_wconf 78' lang='lat' dir='ltr'><strong><em>Numquam</em></strong></span> <span class='ocrx_word' id='word_1_107' title='bbox 1304 1453 1391 1506; x_wconf 91' lang='lat' dir='ltr'><strong><em>isti</em></strong></span> <span class='ocrx_word' id='word_1_108' title='bbox 1431 1469 1487 1506; x_wconf 88' lang='lat' dir='ltr'><strong><em>se</em></strong></span> <span class='ocrx_word' id='word_1_109' title='bbox 1527 1449 1635 1505; x_wconf 85' lang='lat' dir='ltr'><strong><em>tam</em></strong></span> <span class='ocrx_word' id='word_1_110' title='bbox 1664 1461 1841 1518; x_wconf 89' lang='lat' dir='ltr'><strong><em>aperte</em></strong></span> <span class='ocrx_word' id='word_1_111' title='bbox 1875 1452 1960 1504; x_wconf 82' lang='lat' dir='ltr'><strong><em>in-</em></strong></span> 
     </span>
    </p>
   </div>
   <div class='ocr_carea' id='block_1_17' title="bbox 368 1519 1962 1592">
    <p class='ocr_par' dir='ltr' id='par_1_17' title="bbox 368 1519 1962 1592">
     <span class='ocr_line' id='line_1_17' title="bbox 368 1519 1962 1592; baseline 0.002 -20"><span class='ocrx_word' id='word_1_112' title='bbox 368 1519 654 1588; x_wconf 87' lang='lat' dir='ltr'><strong><em>dicarunt,</em></strong></span> <span class='ocrx_word' id='word_1_113' title='bbox 697 1539 792 1577; x_wconf 89' lang='lat' dir='ltr'><strong><em>cur</em></strong></span> <span class='ocrx_word' id='word_1_114' title='bbox 818 1539 912 1576; x_wconf 88' lang='lat' dir='ltr'><strong><em>nec</em></strong></span> <span class='ocrx_word' id='word_1_115' title='bbox 957 1519 1190 1590; x_wconf 77' lang='lat' dir='ltr'><strong><em>separati</em></strong></span> <span class='ocrx_word' id='word_1_116' title='bbox 1230 1522 1422 1592; x_wconf 83' lang='lat' dir='ltr'><strong><em>corrigi</em></strong></span> <span class='ocrx_word' id='word_1_117' title='bbox 1462 1522 1770 1585; x_wconf 85' lang='lat' dir='ltr'><strong><em>uoluerunt,</em></strong></span> <span class='ocrx_word' id='word_1_118' title='bbox 1807 1538 1962 1590; x_wconf 86' lang='lat' dir='ltr'><strong><em>quam</em></strong></span> 
     </span>
    </p>
   </div>
   <div class='ocr_carea' id='block_1_18' title="bbox 368 1592 1962 1665">
    <p class='ocr_par' dir='ltr' id='par_1_18' title="bbox 368 1592 1962 1665">
     <span class='ocr_line' id='line_1_18' title="bbox 368 1592 1962 1665; baseline 0.001 -21"><span class='ocrx_word' id='word_1_119' title='bbox 368 1607 484 1665; x_wconf 75' lang='lat' dir='ltr'><strong><em>cum</em></strong></span> <span class='ocrx_word' id='word_1_120' title='bbox 512 1593 834 1665; x_wconf 82' lang='lat' dir='ltr'><strong><em>detestantur</em></strong></span> <span class='ocrx_word' id='word_1_121' title='bbox 865 1593 1133 1665; x_wconf 84' lang='lat' dir='ltr'><strong><em>Hispanos</em></strong></span> <span class='ocrx_word' id='word_1_122' title='bbox 1158 1633 1172 1654; x_wconf 89' lang='lat'><strong><em>,</em></strong></span> <span class='ocrx_word' id='word_1_123' title='bbox 1203 1592 1340 1663; x_wconf 87' lang='lat' dir='ltr'><strong><em>quod</em></strong></span> <span class='ocrx_word' id='word_1_124' title='bbox 1369 1603 1483 1665; x_wconf 82' lang='lat' dir='ltr'><strong><em>post</em></strong></span> <span class='ocrx_word' id='word_1_125' title='bbox 1519 1593 1796 1647; x_wconf 83' lang='lat' dir='ltr'><strong><em>sententias</em></strong></span> <span class='ocrx_word' id='word_1_126' title='bbox 1839 1609 1962 1646; x_wconf 91' lang='lat' dir='ltr'><strong><em>suas</em></strong></span> 
     </span>
    </p>
   </div>
   <div class='ocr_carea' id='block_1_19' title="bbox 368 1662 1960 1734">
    <p class='ocr_par' dir='ltr' id='par_1_19' title="bbox 368 1662 1960 1734">
     <span class='ocr_line' id='line_1_19' title="bbox 368 1662 1960 1734; baseline 0.002 -20"><span class='ocrx_word' id='word_1_127' title='bbox 368 1662 520 1717; x_wconf 83' lang='lat' dir='ltr'><strong><em>aliter</em></strong></span> <span class='ocrx_word' id='word_1_128' title='bbox 546 1663 778 1729; x_wconf 84' lang='lat' dir='ltr'><strong><em>prolatas</em></strong></span> <span class='ocrx_word' id='word_1_129' title='bbox 798 1705 812 1728; x_wconf 96' lang='lat'><strong><em>,</em></strong></span> <span class='ocrx_word' id='word_1_130' title='bbox 841 1662 1150 1734; x_wconf 85' lang='lat' dir='ltr'><strong><em>discussioni</em></strong></span> <span class='ocrx_word' id='word_1_131' title='bbox 1168 1709 1182 1730; x_wconf 92' lang='lat'><strong><em>,</em></strong></span> <span class='ocrx_word' id='word_1_132' title='bbox 1212 1662 1587 1734; x_wconf 86' lang='lat' dir='ltr'><strong><em>posteriorique</em></strong></span> <span class='ocrx_word' id='word_1_133' title='bbox 1617 1665 1815 1727; x_wconf 83' lang='lat' dir='ltr'><strong><em>iudicio</em></strong></span> <span class='ocrx_word' id='word_1_134' title='bbox 1845 1680 1960 1717; x_wconf 83' lang='lat' dir='ltr'><strong><em>ces-</em></strong></span> 
     </span>
    </p>
   </div>
   <div class='ocr_carea' id='block_1_20' title="bbox 369 1733 1960 1805">
    <p class='ocr_par' dir='ltr' id='par_1_20' title="bbox 369 1733 1960 1805">
     <span class='ocr_line' id='line_1_20' title="bbox 369 1733 1960 1805; baseline 0.001 -19"><span class='ocrx_word' id='word_1_135' title='bbox 369 1746 551 1805; x_wconf 70' lang='lat' dir='ltr'><strong><em>serunt</em></strong></span> <span class='ocrx_word' id='word_1_136' title='bbox 584 1750 602 1787; x_wconf 91' lang='lat'><em>:</em></span> <span class='ocrx_word' id='word_1_137' title='bbox 631 1751 788 1804; x_wconf 86' lang='lat' dir='ltr'><strong><em>quam</em></strong></span> <span class='ocrx_word' id='word_1_138' title='bbox 825 1735 957 1788; x_wconf 87' lang='lat' dir='ltr'><strong><em>enim</em></strong></span> <span class='ocrx_word' id='word_1_139' title='bbox 995 1733 1092 1787; x_wconf 80' lang='lat' dir='ltr'><strong><em>hoc</em></strong></span> <span class='ocrx_word' id='word_1_140' title='bbox 1123 1733 1318 1805; x_wconf 76' lang='lat' dir='ltr'><strong><em>factum</em></strong></span> <span class='ocrx_word' id='word_1_141' title='bbox 1359 1743 1434 1788; x_wconf 84' lang='lat' dir='ltr'><strong><em>est</em></strong></span> <span class='ocrx_word' id='word_1_142' title='bbox 1463 1733 1534 1805; x_wconf 77' lang='lat' dir='ltr'><strong><em>de</em></strong></span> <span class='ocrx_word' id='word_1_143' title='bbox 1569 1735 1960 1805; x_wconf 70' lang='lat' dir='ltr'><strong><em>mansuetudine</em></strong></span> 
     </span>
    </p>
   </div>
   <div class='ocr_carea' id='block_1_21' title="bbox 368 1801 1956 1872">
    <p class='ocr_par' dir='ltr' id='par_1_21' title="bbox 368 1801 1956 1872">
     <span class='ocr_line' id='line_1_21' title="bbox 368 1801 1956 1872; baseline 0.001 -16"><span class='ocrx_word' id='word_1_144' title='bbox 368 1801 698 1872; x_wconf 79' lang='lat' dir='ltr'><strong><em>Christiana,</em></strong></span> <span class='ocrx_word' id='word_1_145' title='bbox 730 1815 838 1859; x_wconf 91' lang='lat' dir='ltr'><strong><em>tam</em></strong></span> <span class='ocrx_word' id='word_1_146' title='bbox 865 1805 1000 1860; x_wconf 89' lang='lat' dir='ltr'><strong><em>illud</em></strong></span> <span class='ocrx_word' id='word_1_147' title='bbox 1036 1806 1100 1859; x_wconf 88' lang='lat' dir='ltr'><strong><em>de</em></strong></span> <span class='ocrx_word' id='word_1_148' title='bbox 1123 1801 1466 1859; x_wconf 71' lang='lat' dir='ltr'><strong><em>contentione</em></strong></span> <span class='ocrx_word' id='word_1_149' title='bbox 1499 1803 1778 1858; x_wconf 84' lang='lat' dir='ltr'><strong><em>diabolica.</em></strong></span> <span class='ocrx_word' id='word_1_150' title='bbox 1814 1803 1956 1858; x_wconf 84' lang='lat' dir='ltr'><strong><em>Cau-</em></strong></span> 
     </span>
    </p>
   </div>
   <div class='ocr_carea' id='block_1_22' title="bbox 365 1873 1952 1930">
    <p class='ocr_par' dir='ltr' id='par_1_22' title="bbox 365 1873 1952 1930">
     <span class='ocr_line' id='line_1_22' title="bbox 365 1873 1952 1930; baseline 0.003 -6"><span class='ocrx_word' id='word_1_151' title='bbox 365 1887 487 1928; x_wconf 97' lang='lat' dir='ltr'><strong><em>sam</em></strong></span> <span class='ocrx_word' id='word_1_152' title='bbox 516 1891 646 1929; x_wconf 80' lang='lat' dir='ltr'><strong><em>vero</em></strong></span> <span class='ocrx_word' id='word_1_153' title='bbox 679 1877 810 1930; x_wconf 81' lang='lat' dir='ltr'><strong><em>tanti</em></strong></span> <span class='ocrx_word' id='word_1_154' title='bbox 852 1875 964 1930; x_wconf 89' lang='lat' dir='ltr'><strong><em>odii</em></strong></span> <span class='ocrx_word' id='word_1_155' title='bbox 1001 1878 1070 1930; x_wconf 89' lang='lat' dir='ltr'><strong><em>ab</em></strong></span> <span class='ocrx_word' id='word_1_156' title='bbox 1106 1875 1431 1930; x_wconf 82' lang='lat' dir='ltr'><strong><em>adversariis</em></strong></span> <span class='ocrx_word' id='word_1_157' title='bbox 1465 1875 1516 1928; x_wconf 90' lang='lat' dir='ltr'><strong><em>in</em></strong></span> <span class='ocrx_word' id='word_1_158' title='bbox 1557 1873 1780 1928; x_wconf 88' lang='lat' dir='ltr'><strong><em>Hosium</em></strong></span> <span class='ocrx_word' id='word_1_159' title='bbox 1816 1889 1952 1929; x_wconf 83' lang='lat' dir='ltr'><strong><em>con-</em></strong></span> 
     </span>
    </p>
   </div>
   <div class='ocr_carea' id='block_1_23' title="bbox 363 1944 1951 2014">
    <p class='ocr_par' dir='ltr' id='par_1_23' title="bbox 363 1944 1951 2014">
     <span class='ocr_line' id='line_1_23' title="bbox 363 1944 1951 2014; baseline 0.001 -16"><span class='ocrx_word' id='word_1_160' title='bbox 363 1945 542 2013; x_wconf 87' lang='lat' dir='ltr'><strong><em>cepti,</em></strong></span> <span class='ocrx_word' id='word_1_161' title='bbox 573 1946 749 2001; x_wconf 87' lang='lat' dir='ltr'><strong><em>zelum</em></strong></span> <span class='ocrx_word' id='word_1_162' title='bbox 780 1946 896 2014; x_wconf 86' lang='lat' dir='ltr'><strong><em>ejus</em></strong></span> <span class='ocrx_word' id='word_1_163' title='bbox 923 1947 1086 2000; x_wconf 87' lang='lat' dir='ltr'><strong><em>luisse</em></strong></span> <span class='ocrx_word' id='word_1_164' title='bbox 1112 1945 1366 2014; x_wconf 86' lang='lat' dir='ltr'><strong><em>conjicio,</em></strong></span> <span class='ocrx_word' id='word_1_165' title='bbox 1391 1959 1499 2013; x_wconf 89' lang='lat' dir='ltr'><strong><em>quo</em></strong></span> <span class='ocrx_word' id='word_1_166' title='bbox 1528 1944 1580 1999; x_wconf 92' lang='lat' dir='ltr'><strong><em>in</em></strong></span> <span class='ocrx_word' id='word_1_167' title='bbox 1612 1952 1951 2012; x_wconf 87' lang='lat' dir='ltr'><strong><em>peccatores,</em></strong></span> 
     </span>
    </p>
   </div>
   <div class='ocr_carea' id='block_1_24' title="bbox 366 2015 1950 2085">
    <p class='ocr_par' dir='ltr' id='par_1_24' title="bbox 366 2015 1950 2085">
     <span class='ocr_line' id='line_1_24' title="bbox 366 2015 1950 2085; baseline 0.001 -17"><span class='ocrx_word' id='word_1_168' title='bbox 366 2024 420 2068; x_wconf 87' lang='lat' dir='ltr'><strong><em>et</em></strong></span> <span class='ocrx_word' id='word_1_169' title='bbox 446 2018 663 2084; x_wconf 81' lang='lat' dir='ltr'><strong><em>iniquos</em></strong></span> <span class='ocrx_word' id='word_1_170' title='bbox 685 2017 977 2082; x_wconf 81' lang='lat' dir='ltr'><strong><em>ﬂagrabat;</em></strong></span> <span class='ocrx_word' id='word_1_171' title='bbox 1005 2031 1125 2070; x_wconf 90' lang='lat' dir='ltr'><strong><em>nam</em></strong></span> <span class='ocrx_word' id='word_1_172' title='bbox 1151 2017 1294 2081; x_wconf 90' lang='lat' dir='ltr'><strong><em>apud</em></strong></span> <span class='ocrx_word' id='word_1_173' title='bbox 1316 2016 1566 2070; x_wconf 89' lang='lat' dir='ltr'><strong><em>eumdem</em></strong></span> <span class='ocrx_word' id='word_1_174' title='bbox 1591 2015 1950 2085; x_wconf 78' lang='lat' dir='ltr'><strong><em>Augustinum</em></strong></span> 
     </span>
    </p>
   </div>
   <div class='ocr_carea' id='block_1_25' title="bbox 368 2085 1950 2167">
    <p class='ocr_par' dir='ltr' id='par_1_25' title="bbox 368 2085 1950 2167">
     <span class='ocr_line' id='line_1_25' title="bbox 368 2085 1950 2167; baseline 0.003 -30"><span class='ocrx_word' id='word_1_175' title='bbox 368 2085 488 2167; x_wconf 74' lang='lat' dir='ltr'><strong><em>lego</em></strong></span> <span class='ocrx_word' id='word_1_176' title='bbox 517 2099 640 2167; x_wconf 79' lang='lat' dir='ltr'><strong><em>cap.</em></strong></span> <span class='ocrx_word' id='word_1_177' title='bbox 661 2087 704 2167; x_wconf 45' lang='lat'>&#39;8</span> <span class='ocrx_word' id='word_1_178' title='bbox 732 2087 852 2140; x_wconf 87' lang='lat' dir='ltr'><strong><em>libri</em></strong></span> <span class='ocrx_word' id='word_1_179' title='bbox 884 2086 1145 2167; x_wconf 68' lang='lat' dir='ltr'><strong><em>prtedicti,</em></strong></span> <span class='ocrx_word' id='word_1_180' title='bbox 1181 2085 1524 2167; x_wconf 65' lang='lat' dir='ltr'><strong><em>crudelitatis</em></strong></span> <span class='ocrx_word' id='word_1_181' title='bbox 1553 2096 1679 2167; x_wconf 76' lang='lat' dir='ltr'><strong><em>nota</em></strong></span> <span class='ocrx_word' id='word_1_182' title='bbox 1710 2087 1950 2167; x_wconf 69' lang='lat' dir='ltr'><strong><em>inusmtn</em></strong></span> 
     </span>
    </p>
   </div>
   <div class='ocr_carea' id='block_1_26' title="bbox 2071 882 3666 952">
    <p class='ocr_par' dir='ltr' id='par_1_26' title="bbox 2071 882 3666 952">
     <span class='ocr_line' id='line_1_26' title="bbox 2071 882 3666 952; baseline 0.003 -17"><span class='ocrx_word' id='word_1_183' title='bbox 2071 882 2429 952; x_wconf 80' lang='lat' dir='ltr'><strong><em>Augustinum</em></strong></span> <span class='ocrx_word' id='word_1_184' title='bbox 2474 883 2556 936; x_wconf 92' lang='lat' dir='ltr'><strong><em>tit.</em></strong></span> <span class='ocrx_word' id='word_1_185' title='bbox 2606 897 2658 947; x_wconf 84' lang='grc' dir='ltr'><strong><em>ι,</em></strong></span> <span class='ocrx_word' id='word_1_186' title='bbox 2694 897 2816 949; x_wconf 88' lang='lat' dir='ltr'><strong><em>cap.</em></strong></span> <span class='ocrx_word' id='word_1_187' title='bbox 2857 883 2949 948; x_wconf 67' lang='grc' dir='ltr'><strong><em>Ἦ,</em></strong></span> <span class='ocrx_word' id='word_1_188' title='bbox 2991 885 3163 939; x_wconf 92' lang='lat' dir='ltr'><strong><em>citant</em></strong></span> <span class='ocrx_word' id='word_1_189' title='bbox 3209 882 3276 940; x_wconf 81' lang='lat' dir='ltr'><strong><em>ex</em></strong></span> <span class='ocrx_word' id='word_1_190' title='bbox 3324 883 3666 940; x_wconf 87' lang='lat' dir='ltr'><strong><em>lliberritano</em></strong></span> 
     </span>
    </p>
   </div>
   <div class='ocr_carea' id='block_1_27' title="bbox 2065 953 3660 1024">
    <p class='ocr_par' dir='ltr' id='par_1_27' title="bbox 2065 953 3660 1024">
     <span class='ocr_line' id='line_1_27' title="bbox 2065 953 3660 1024; baseline 0.003 -18"><span class='ocrx_word' id='word_1_191' title='bbox 2065 967 2328 1024; x_wconf 83' lang='lat' dir='ltr'><strong><em>canonem</em></strong></span> <span class='ocrx_word' id='word_1_192' title='bbox 2359 953 2447 1024; x_wconf 77' lang='lat'><strong><em>65.</em></strong></span> <span class='ocrx_word' id='word_1_193' title='bbox 2483 953 2738 1009; x_wconf 81' lang='lat' dir='ltr'><strong><em>Rabanus</em></strong></span> <span class='ocrx_word' id='word_1_194' title='bbox 2768 953 2990 1024; x_wconf 86' lang='lat' dir='ltr'><strong><em>insuper</em></strong></span> <span class='ocrx_word' id='word_1_195' title='bbox 3027 955 3077 1008; x_wconf 95' lang='lat' dir='ltr'><strong><em>in</em></strong></span> <span class='ocrx_word' id='word_1_196' title='bbox 3107 969 3210 1010; x_wconf 88' lang='lat' dir='ltr'><strong><em>suo</em></strong></span> <span class='ocrx_word' id='word_1_197' title='bbox 3248 954 3614 1010; x_wconf 73' lang='lat' dir='ltr'><strong><em>Ptenitentiali</em></strong></span> <span class='ocrx_word' id='word_1_198' title='bbox 3645 972 3660 1010; x_wconf 88' lang='lat'><strong>:</strong></span> 
     </span>
    </p>
   </div>
   <div class='ocr_carea' id='block_1_28' title="bbox 2065 1023 3658 1092">
    <p class='ocr_par' dir='ltr' id='par_1_28' title="bbox 2065 1023 3658 1092">
     <span class='ocr_line' id='line_1_28' title="bbox 2065 1023 3658 1092; baseline 0.001 -14"><span class='ocrx_word' id='word_1_199' title='bbox 2065 1023 2384 1078; x_wconf 87' lang='lat' dir='ltr'><strong><em>Theodorus</em></strong></span> <span class='ocrx_word' id='word_1_200' title='bbox 2415 1023 2657 1088; x_wconf 68' lang='lat' dir='ltr'><strong><em>Graecus,</em></strong></span> <span class='ocrx_word' id='word_1_201' title='bbox 2688 1023 2947 1092; x_wconf 82' lang='lat' dir='ltr'><strong><em>Isidorus,</em></strong></span> <span class='ocrx_word' id='word_1_202' title='bbox 2986 1033 3041 1080; x_wconf 85' lang='lat' dir='ltr'><strong><em>et</em></strong></span> <span class='ocrx_word' id='word_1_203' title='bbox 3064 1024 3123 1080; x_wconf 91' lang='lat' dir='ltr'><strong><em>S.</em></strong></span> <span class='ocrx_word' id='word_1_204' title='bbox 3166 1025 3424 1080; x_wconf 82' lang='lat' dir='ltr'><strong><em>Martinus</em></strong></span> <span class='ocrx_word' id='word_1_205' title='bbox 3454 1025 3658 1080; x_wconf 86' lang='lat' dir='ltr'><strong><em>Braca-</em></strong></span> 
     </span>
    </p>
   </div>
   <div class='ocr_carea' id='block_1_29' title="bbox 2066 1094 3657 1165">
    <p class='ocr_par' dir='ltr' id='par_1_29' title="bbox 2066 1094 3657 1165">
     <span class='ocr_line' id='line_1_29' title="bbox 2066 1094 3657 1165; baseline 0.001 -16"><span class='ocrx_word' id='word_1_206' title='bbox 2066 1096 2244 1150; x_wconf 83' lang='lat' dir='ltr'><strong><em>rensis</em></strong></span> <span class='ocrx_word' id='word_1_207' title='bbox 2264 1096 2317 1150; x_wconf 90' lang='lat' dir='ltr'><strong><em>in</em></strong></span> <span class='ocrx_word' id='word_1_208' title='bbox 2338 1096 2451 1150; x_wconf 87' lang='lat' dir='ltr'><strong><em>suis</em></strong></span> <span class='ocrx_word' id='word_1_209' title='bbox 2477 1096 2844 1151; x_wconf 84' lang='lat' dir='ltr'><strong><em>Conciliorum</em></strong></span> <span class='ocrx_word' id='word_1_210' title='bbox 2866 1094 3321 1160; x_wconf 88' lang='lat' dir='ltr'><strong><em>Collectionibus;</em></strong></span> <span class='ocrx_word' id='word_1_211' title='bbox 3343 1096 3657 1165; x_wconf 84' lang='lat' dir='ltr'><strong><em>Gratianus,</em></strong></span> 
     </span>
    </p>
   </div>
   <div class='ocr_carea' id='block_1_30' title="bbox 2065 1165 3655 1232">
    <p class='ocr_par' dir='ltr' id='par_1_30' title="bbox 2065 1165 3655 1232">
     <span class='ocr_line' id='line_1_30' title="bbox 2065 1165 3655 1232; baseline 0.003 -13"><span class='ocrx_word' id='word_1_212' title='bbox 2065 1165 2176 1232; x_wconf 89' lang='lat' dir='ltr'><strong><em>lvo,</em></strong></span> <span class='ocrx_word' id='word_1_213' title='bbox 2223 1177 2277 1222; x_wconf 90' lang='lat' dir='ltr'><strong><em>et</em></strong></span> <span class='ocrx_word' id='word_1_214' title='bbox 2309 1165 2613 1222; x_wconf 83' lang='lat' dir='ltr'><strong><em>Brucardus</em></strong></span> <span class='ocrx_word' id='word_1_215' title='bbox 2646 1169 2698 1224; x_wconf 93' lang='lat' dir='ltr'><strong><em>in</em></strong></span> <span class='ocrx_word' id='word_1_216' title='bbox 2742 1167 2984 1223; x_wconf 88' lang='lat' dir='ltr'><strong><em>Decretis</em></strong></span> <span class='ocrx_word' id='word_1_217' title='bbox 3023 1168 3194 1224; x_wconf 88' lang='lat' dir='ltr'><strong><em>multa</em></strong></span> <span class='ocrx_word' id='word_1_218' title='bbox 3229 1168 3298 1223; x_wconf 86' lang='lat' dir='ltr'><strong><em>ab</em></strong></span> <span class='ocrx_word' id='word_1_219' title='bbox 3323 1167 3516 1223; x_wconf 91' lang='lat' dir='ltr'><strong><em>eodem</em></strong></span> <span class='ocrx_word' id='word_1_220' title='bbox 3564 1166 3655 1223; x_wconf 89' lang='lat' dir='ltr'><strong><em>lli-</em></strong></span> 
     </span>
    </p>
   </div>
   <div class='ocr_carea' id='block_1_31' title="bbox 2065 1236 3655 1308">
    <p class='ocr_par' dir='ltr' id='par_1_31' title="bbox 2065 1236 3655 1308">
     <span class='ocr_line' id='line_1_31' title="bbox 2065 1236 3655 1308; baseline 0.001 -18"><span class='ocrx_word' id='word_1_221' title='bbox 2065 1236 2340 1308; x_wconf 86' lang='lat' dir='ltr'><strong><em>berritano</em></strong></span> <span class='ocrx_word' id='word_1_222' title='bbox 2367 1239 2593 1292; x_wconf 78' lang='lat' dir='ltr'><strong><em>mutuati</em></strong></span> <span class='ocrx_word' id='word_1_223' title='bbox 2625 1239 2876 1308; x_wconf 84' lang='lat' dir='ltr'><strong><em>luerunt;</em></strong></span> <span class='ocrx_word' id='word_1_224' title='bbox 2909 1248 2963 1294; x_wconf 91' lang='lat' dir='ltr'><strong><em>et</em></strong></span> <span class='ocrx_word' id='word_1_225' title='bbox 2994 1239 3136 1304; x_wconf 81' lang='lat' dir='ltr'><strong><em>quod</em></strong></span> <span class='ocrx_word' id='word_1_226' title='bbox 3165 1242 3381 1294; x_wconf 71' lang='lat' dir='ltr'><strong><em>czeteris</em></strong></span> <span class='ocrx_word' id='word_1_227' title='bbox 3412 1247 3655 1308; x_wconf 60' lang='lat' dir='ltr'><strong><em>prastat,</em></strong></span> 
     </span>
    </p>
   </div>
   <div class='ocr_carea' id='block_1_32' title="bbox 2065 1307 3656 1379">
    <p class='ocr_par' dir='ltr' id='par_1_32' title="bbox 2065 1307 3656 1379">
     <span class='ocr_line' id='line_1_32' title="bbox 2065 1307 3656 1379; baseline 0.003 -19"><span class='ocrx_word' id='word_1_228' title='bbox 2065 1307 2369 1379; x_wconf 81' lang='lat' dir='ltr'><strong><em>Hadrianus</em></strong></span> <span class='ocrx_word' id='word_1_229' title='bbox 2395 1323 2532 1379; x_wconf 88' lang='lat' dir='ltr'><strong><em>papa</em></strong></span> <span class='ocrx_word' id='word_1_230' title='bbox 2561 1308 2606 1374; x_wconf 94' lang='grc'><strong><em>1,</em></strong></span> <span class='ocrx_word' id='word_1_231' title='bbox 2636 1323 2757 1379; x_wconf 85' lang='lat' dir='ltr'><strong><em>cap.</em></strong></span> <span class='ocrx_word' id='word_1_232' title='bbox 2792 1307 2882 1375; x_wconf 87' lang='lat'><strong><em>60,</em></strong></span> <span class='ocrx_word' id='word_1_233' title='bbox 2905 1315 2962 1365; x_wconf 91' lang='lat' dir='ltr'><strong><em>et</em></strong></span> <span class='ocrx_word' id='word_1_234' title='bbox 2982 1309 3046 1364; x_wconf 80' lang='grc'><strong><em>61</em></strong></span> <span class='ocrx_word' id='word_1_235' title='bbox 3075 1307 3656 1364; x_wconf 69' lang='grc' dir='ltr'><strong><em>οοιιθοιίοηὶεςιιοι-ιιῐη</em></strong></span> 
     </span>
    </p>
   </div>
   <div class='ocr_carea' id='block_1_33' title="bbox 2067 1378 3654 1446">
    <p class='ocr_par' dir='ltr' id='par_1_33' title="bbox 2067 1378 3654 1446">
     <span class='ocr_line' id='line_1_33' title="bbox 2067 1378 3654 1446; baseline 0.004 -18"><span class='ocrx_word' id='word_1_236' title='bbox 2067 1378 2437 1446; x_wconf 75' lang='lat' dir='ltr'><strong><em>ltecretorum,</em></strong></span> <span class='ocrx_word' id='word_1_237' title='bbox 2472 1378 2617 1434; x_wconf 79' lang='lat' dir='ltr'><strong><em>citat</em></strong></span> <span class='ocrx_word' id='word_1_238' title='bbox 2663 1378 2930 1436; x_wconf 83' lang='lat' dir='ltr'><strong><em>canonem</em></strong></span> <span class='ocrx_word' id='word_1_239' title='bbox 2978 1381 3049 1435; x_wconf 71' lang='lat'><strong>52</strong></span> <span class='ocrx_word' id='word_1_240' title='bbox 3087 1391 3143 1437; x_wconf 89' lang='lat' dir='ltr'><strong><em>et</em></strong></span> <span class='ocrx_word' id='word_1_241' title='bbox 3190 1380 3260 1436; x_wconf 81' lang='lat'><strong>75</strong></span> <span class='ocrx_word' id='word_1_242' title='bbox 3302 1379 3654 1438; x_wconf 87' lang='lat' dir='ltr'><strong><em>lliberritani.</em></strong></span> 
     </span>
    </p>
   </div>
   <div class='ocr_carea' id='block_1_34' title="bbox 2064 1450 3654 1521">
    <p class='ocr_par' dir='ltr' id='par_1_34' title="bbox 2064 1450 3654 1521">
     <span class='ocr_line' id='line_1_34' title="bbox 2064 1450 3654 1521; baseline 0.003 -19"><span class='ocrx_word' id='word_1_243' title='bbox 2064 1450 2183 1521; x_wconf 68' lang='lat' dir='ltr'><strong><em>Quo</em></strong></span> <span class='ocrx_word' id='word_1_244' title='bbox 2216 1451 2398 1504; x_wconf 88' lang='lat' dir='ltr'><strong><em>videas</em></strong></span> <span class='ocrx_word' id='word_1_245' title='bbox 2440 1458 2641 1518; x_wconf 90' lang='lat' dir='ltr'><strong><em>quanta</em></strong></span> <span class='ocrx_word' id='word_1_246' title='bbox 2680 1451 2989 1506; x_wconf 88' lang='lat' dir='ltr'><strong><em>reverentia</em></strong></span> <span class='ocrx_word' id='word_1_247' title='bbox 3035 1459 3298 1521; x_wconf 89' lang='lat' dir='ltr'><strong><em>perpetuo</em></strong></span> <span class='ocrx_word' id='word_1_248' title='bbox 3331 1453 3382 1505; x_wconf 92' lang='lat' dir='ltr'><strong><em>in</em></strong></span> <span class='ocrx_word' id='word_1_249' title='bbox 3416 1451 3654 1507; x_wconf 82' lang='lat' dir='ltr'><strong><em>Ecclesia</em></strong></span> 
     </span>
    </p>
   </div>
   <div class='ocr_carea' id='block_1_35' title="bbox 2067 1518 3652 1592">
    <p class='ocr_par' dir='ltr' id='par_1_35' title="bbox 2067 1518 3652 1592">
     <span class='ocr_line' id='line_1_35' title="bbox 2067 1518 3652 1592; baseline 0.003 -21"><span class='ocrx_word' id='word_1_250' title='bbox 2067 1518 2306 1573; x_wconf 72' lang='lat' dir='ltr'><strong><em>lubitum</em></strong></span> <span class='ocrx_word' id='word_1_251' title='bbox 2338 1521 2426 1584; x_wconf 89' lang='lat' dir='ltr'><strong><em>sit,</em></strong></span> <span class='ocrx_word' id='word_1_252' title='bbox 2455 1528 2510 1592; x_wconf 83' lang='lat' dir='ltr'><strong><em>et</em></strong></span> <span class='ocrx_word' id='word_1_253' title='bbox 2531 1537 2690 1590; x_wconf 87' lang='lat' dir='ltr'><strong><em>quam</em></strong></span> <span class='ocrx_word' id='word_1_254' title='bbox 2719 1537 2907 1590; x_wconf 88' lang='lat' dir='ltr'><strong><em>parum</em></strong></span> <span class='ocrx_word' id='word_1_255' title='bbox 2940 1518 3337 1592; x_wconf 77' lang='lat' dir='ltr'><strong><em>circumspecte</em></strong></span> <span class='ocrx_word' id='word_1_256' title='bbox 3367 1521 3652 1592; x_wconf 79' lang='lat' dir='ltr'><strong><em>nonnulli,</em></strong></span> 
     </span>
    </p>
   </div>
   <div class='ocr_carea' id='block_1_36' title="bbox 2063 1590 3656 1662">
    <p class='ocr_par' dir='ltr' id='par_1_36' title="bbox 2063 1590 3656 1662">
     <span class='ocr_line' id='line_1_36' title="bbox 2063 1590 3656 1662; baseline 0.006 -24"><span class='ocrx_word' id='word_1_257' title='bbox 2063 1605 2197 1658; x_wconf 89' lang='lat' dir='ltr'><strong><em>quos</em></strong></span> <span class='ocrx_word' id='word_1_258' title='bbox 2229 1591 2571 1662; x_wconf 71' lang='lat' dir='ltr'><strong><em>verecundia:</em></strong></span> <span class='ocrx_word' id='word_1_259' title='bbox 2601 1593 2768 1662; x_wconf 84' lang='lat' dir='ltr'><strong><em>gratia</em></strong></span> <span class='ocrx_word' id='word_1_260' title='bbox 2802 1609 2908 1648; x_wconf 92' lang='lat' dir='ltr'><strong><em>non</em></strong></span> <span class='ocrx_word' id='word_1_261' title='bbox 2956 1590 3200 1659; x_wconf 75' lang='lat' dir='ltr'><strong><em>nomino,</em></strong></span> <span class='ocrx_word' id='word_1_262' title='bbox 3234 1602 3509 1650; x_wconf 87' lang='lat' dir='ltr'><strong><em>tantorum</em></strong></span> <span class='ocrx_word' id='word_1_263' title='bbox 3551 1590 3656 1648; x_wconf 89' lang='lat' dir='ltr'><strong><em>Pa-</em></strong></span> 
     </span>
    </p>
   </div>
   <div class='ocr_carea' id='block_1_37' title="bbox 2063 1661 2801 1717">
    <p class='ocr_par' dir='ltr' id='par_1_37' title="bbox 2063 1661 2801 1717">
     <span class='ocr_line' id='line_1_37' title="bbox 2063 1661 2801 1717; baseline 0.004 -6"><span class='ocrx_word' id='word_1_264' title='bbox 2063 1671 2204 1714; x_wconf 87' lang='lat' dir='ltr'><strong><em>trum</em></strong></span> <span class='ocrx_word' id='word_1_265' title='bbox 2233 1663 2420 1715; x_wconf 81' lang='lat' dir='ltr'><strong><em>ltonori</em></strong></span> <span class='ocrx_word' id='word_1_266' title='bbox 2444 1661 2801 1717; x_wconf 69' lang='lat' dir='ltr'><strong><em>detraxerint.</em></strong></span> 
     </span>
    </p>
   </div>
   <div class='ocr_carea' id='block_1_38' title="bbox 2131 1730 3653 1805">
    <p class='ocr_par' dir='ltr' id='par_1_38' title="bbox 2131 1730 3653 1805">
     <span class='ocr_line' id='line_1_38' title="bbox 2131 1730 3653 1805; baseline 0.005 -23"><span class='ocrx_word' id='word_1_267' title='bbox 2131 1730 2358 1805; x_wconf 79' lang='lat' dir='ltr'><strong><em>Quodsi</em></strong></span> <span class='ocrx_word' id='word_1_268' title='bbox 2380 1732 2643 1805; x_wconf 70' lang='lat' dir='ltr'><strong><em>durailla</em></strong></span> <span class='ocrx_word' id='word_1_269' title='bbox 2676 1733 3126 1805; x_wconf 65' lang='lat' dir='ltr'><strong><em>pmtta&#39;videatur,</em></strong></span> <span class='ocrx_word' id='word_1_270' title='bbox 3155 1750 3318 1805; x_wconf 91' lang='lat' dir='ltr'><strong><em>quam</em></strong></span> <span class='ocrx_word' id='word_1_271' title='bbox 3361 1733 3653 1790; x_wconf 86' lang='lat' dir='ltr'><strong><em>concilium</em></strong></span> 
     </span>
    </p>
   </div>
   <div class='ocr_carea' id='block_1_39' title="bbox 2057 1799 3653 1882">
    <p class='ocr_par' dir='ltr' id='par_1_39' title="bbox 2057 1799 3653 1882">
     <span class='ocr_line' id='line_1_39' title="bbox 2057 1799 3653 1882; baseline 0.006 -29"><span class='ocrx_word' id='word_1_272' title='bbox 2057 1799 2324 1882; x_wconf 76' lang='lat' dir='ltr'><strong><em>ejusmodi</em></strong></span> <span class='ocrx_word' id='word_1_273' title='bbox 2379 1800 2608 1868; x_wconf 73' lang='lat' dir='ltr'><strong><em>inflixit,</em></strong></span> <span class='ocrx_word' id='word_1_274' title='bbox 2658 1799 2875 1882; x_wconf 77' lang='lat' dir='ltr'><strong><em>privans</em></strong></span> <span class='ocrx_word' id='word_1_275' title='bbox 2924 1799 3308 1882; x_wconf 63' lang='lat' dir='ltr'><strong><em>delinquentes</em></strong></span> <span class='ocrx_word' id='word_1_276' title='bbox 3355 1805 3552 1860; x_wconf 87' lang='lat' dir='ltr'><strong><em>viatico</em></strong></span> <span class='ocrx_word' id='word_1_277' title='bbox 3595 1806 3653 1882; x_wconf 78' lang='lat' dir='ltr'><strong><em>in</em></strong></span> 
     </span>
    </p>
   </div>
   <div class='ocr_carea' id='block_1_40' title="bbox 2056 1874 3645 1944">
    <p class='ocr_par' dir='ltr' id='par_1_40' title="bbox 2056 1874 3645 1944">
     <span class='ocr_line' id='line_1_40' title="bbox 2056 1874 3645 1944; baseline 0.006 -22"><span class='ocrx_word' id='word_1_278' title='bbox 2056 1874 2345 1944; x_wconf 58' lang='lat' dir='ltr'><strong><em>gxtremis;</em></strong></span> <span class='ocrx_word' id='word_1_279' title='bbox 2393 1874 2797 1944; x_wconf 17' lang='lat' dir='ltr'><strong><em>proitcmporis</em></strong></span> <span class='ocrx_word' id='word_1_280' title='bbox 2848 1884 3027 1931; x_wconf 87' lang='lat' dir='ltr'><strong><em>tamen</em></strong></span> <span class='ocrx_word' id='word_1_281' title='bbox 3079 1874 3276 1944; x_wconf 81' lang='lat' dir='ltr'><strong><em>injuria</em></strong></span> <span class='ocrx_word' id='word_1_282' title='bbox 3335 1877 3645 1932; x_wconf 85' lang='lat' dir='ltr'><strong><em>necessaria</em></strong></span> 
     </span>
    </p>
   </div>
   <div class='ocr_carea' id='block_1_41' title="bbox 2057 1940 3652 2017">
    <p class='ocr_par' dir='ltr' id='par_1_41' title="bbox 2057 1940 3652 2017">
     <span class='ocr_line' id='line_1_41' title="bbox 2057 1940 3652 2017; baseline 0.004 -22"><span class='ocrx_word' id='word_1_283' title='bbox 2057 1940 2382 2017; x_wconf 80' lang='lat' dir='ltr'><strong><em>l‘uit,__atque</em></strong></span> <span class='ocrx_word' id='word_1_284' title='bbox 2414 1944 2466 1998; x_wconf 93' lang='lat' dir='ltr'><strong><em>in</em></strong></span> <span class='ocrx_word' id='word_1_285' title='bbox 2507 1943 2610 2017; x_wconf 84' lang='lat' dir='ltr'><strong><em>hac</em></strong></span> <span class='ocrx_word' id='word_1_286' title='bbox 2649 1956 2802 2016; x_wconf 90' lang='lat' dir='ltr'><strong><em>parte</em></strong></span> <span class='ocrx_word' id='word_1_287' title='bbox 2847 1958 3071 2002; x_wconf 89' lang='lat' dir='ltr'><strong><em>sanctus</em></strong></span> <span class='ocrx_word' id='word_1_288' title='bbox 3118 1940 3470 2002; x_wconf 79' lang='lat' dir='ltr'><strong><em>Innocentius</em></strong></span> <span class='ocrx_word' id='word_1_289' title='bbox 3516 1962 3652 2017; x_wconf 88' lang='lat' dir='ltr'><strong><em>papa</em></strong></span> 
     </span>
    </p>
   </div>
   <div class='ocr_carea' id='block_1_42' title="bbox 2054 2013 3652 2087">
    <p class='ocr_par' dir='ltr' id='par_1_42' title="bbox 2054 2013 3652 2087">
     <span class='ocr_line' id='line_1_42' title="bbox 2054 2013 3652 2087; baseline 0.002 -19"><span class='ocrx_word' id='word_1_290' title='bbox 2054 2013 2345 2087; x_wconf 75' lang='lat' dir='ltr'><strong><em>concilium</em></strong></span> <span class='ocrx_word' id='word_1_291' title='bbox 2374 2023 2555 2070; x_wconf 82' lang='lat' dir='ltr'><strong><em>tuetur</em></strong></span> <span class='ocrx_word' id='word_1_292' title='bbox 2584 2013 2913 2087; x_wconf 54' lang='lat' dir='ltr'><strong><em>in&#39;epistola</em></strong></span> <span class='ocrx_word' id='word_1_293' title='bbox 2954 2018 3022 2074; x_wconf 88' lang='lat' dir='ltr'><strong><em>ad</em></strong></span> <span class='ocrx_word' id='word_1_294' title='bbox 3061 2018 3391 2087; x_wconf 80' lang='lat' dir='ltr'><strong><em>Exuperium</em></strong></span> <span class='ocrx_word' id='word_1_295' title='bbox 3423 2013 3652 2087; x_wconf 69' lang='lat' dir='ltr'><strong><em>Tolosa-</em></strong></span> 
     </span>
    </p>
   </div>
   <div class='ocr_carea' id='block_1_43' title="bbox 2057 2085 3655 2156">
    <p class='ocr_par' dir='ltr' id='par_1_43' title="bbox 2057 2085 3655 2156">
     <span class='ocr_line' id='line_1_43' title="bbox 2057 2085 3655 2156; baseline 0.004 -19"><span class='ocrx_word' id='word_1_296' title='bbox 2057 2100 2206 2150; x_wconf 90' lang='lat' dir='ltr'><strong><em>num,</em></strong></span> <span class='ocrx_word' id='word_1_297' title='bbox 2238 2085 2394 2156; x_wconf 88' lang='lat' dir='ltr'><strong><em>cujus</em></strong></span> <span class='ocrx_word' id='word_1_298' title='bbox 2439 2087 2490 2141; x_wconf 93' lang='lat' dir='ltr'><strong><em>in</em></strong></span> <span class='ocrx_word' id='word_1_299' title='bbox 2523 2085 2896 2156; x_wconf 84' lang='lat' dir='ltr'><strong><em>superioribus</em></strong></span> <span class='ocrx_word' id='word_1_300' title='bbox 2924 2091 3092 2146; x_wconf 89' lang='lat' dir='ltr'><strong><em>verba</em></strong></span> <span class='ocrx_word' id='word_1_301' title='bbox 3133 2085 3406 2145; x_wconf 87' lang='lat' dir='ltr'><strong><em>dedimus.</em></strong></span> <span class='ocrx_word' id='word_1_302' title='bbox 3443 2086 3655 2144; x_wconf 61' lang='lat' dir='ltr'><strong><em>Caetera</em></strong></span> 
     </span>
    </p>
   </div>
   <div class='ocr_carea' id='block_1_44' title="bbox 371 2155 3653 2247">
    <p class='ocr_par' dir='ltr' id='par_1_44' title="bbox 371 2155 3653 2247">
     <span class='ocr_line' id='line_1_44' title="bbox 371 2155 3653 2247; baseline 0.002 -39"><span class='ocrx_word' id='word_1_303' title='bbox 371 2155 439 2210; x_wconf 89' lang='lat' dir='ltr'><strong><em>ab</em></strong></span> <span class='ocrx_word' id='word_1_304' title='bbox 465 2155 725 2247; x_wconf 41' lang='lat' dir='ltr'><strong><em>ininjiicis,</em></strong></span> <span class='ocrx_word' id='word_1_305' title='bbox 752 2155 902 2228; x_wconf 87' lang='lat' dir='ltr'><strong><em>quasi</em></strong></span> <span class='ocrx_word' id='word_1_306' title='bbox 914 2156 1558 2247; x_wconf 36' lang='lat' dir='ltr'><strong><em>[suspicionibus‘dtgetus</em></strong></span> <span class='ocrx_word' id='word_1_307' title='bbox 1589 2156 1860 2247; x_wconf 73' lang='lat' dir='ltr'><strong><em>inauditos</em></strong></span> <span class='ocrx_word' id='word_1_308' title='bbox 1883 2157 1952 2247; x_wconf 68' lang='lat' dir='ltr'><strong><em>de</em></strong></span> <span class='ocrx_word' id='word_1_309' title='bbox 1983 2186 2029 2247; x_wconf 73' lang='grc' dir='ltr'><strong>Β</strong></span> <span class='ocrx_word' id='word_1_310' title='bbox 2059 2170 2189 2236; x_wconf 73' lang='lat' dir='ltr'><strong><em>vero</em></strong></span> <span class='ocrx_word' id='word_1_311' title='bbox 2217 2155 2337 2247; x_wconf 67' lang='lat' dir='ltr'><strong><em>qua:</em></strong></span> <span class='ocrx_word' id='word_1_312' title='bbox 2368 2171 2442 2247; x_wconf 42' lang='lat' dir='ltr'><strong><em>ex.</em></strong></span> <span class='ocrx_word' id='word_1_313' title='bbox 2469 2175 2534 2212; x_wconf 91' lang='lat' dir='ltr'><strong><em>eo</em></strong></span> <span class='ocrx_word' id='word_1_314' title='bbox 2557 2155 2890 2247; x_wconf 70' lang='lat' dir='ltr'><strong><em>objiciuntur</em></strong></span> <span class='ocrx_word' id='word_1_315' title='bbox 2918 2177 3023 2217; x_wconf 90' lang='lat' dir='ltr'><strong><em>non</em></strong></span> <span class='ocrx_word' id='word_1_316' title='bbox 3047 2171 3174 2244; x_wconf 71' lang='lat' dir='ltr'><strong><em>sunt</em></strong></span> <span class='ocrx_word' id='word_1_317' title='bbox 3198 2160 3265 2214; x_wconf 91' lang='lat' dir='ltr'><strong><em>ad</em></strong></span> <span class='ocrx_word' id='word_1_318' title='bbox 3299 2175 3653 2247; x_wconf 32' lang='lat' dir='ltr'><strong><em>remhtteque</em></strong></span> 
     </span>
    </p>
   </div>
   <div class='ocr_carea' id='block_1_45' title="bbox 370 2225 1950 2300">
    <p class='ocr_par' dir='ltr' id='par_1_45' title="bbox 370 2225 1950 2300">
     <span class='ocr_line' id='line_1_45' title="bbox 370 2225 1950 2300; baseline 0.003 -22"><span class='ocrx_word' id='word_1_319' title='bbox 370 2241 523 2282; x_wconf 88' lang='lat' dir='ltr'><strong><em>more</em></strong></span> <span class='ocrx_word' id='word_1_320' title='bbox 561 2225 867 2300; x_wconf 79' lang='lat' dir='ltr'><strong><em>damnaret.</em></strong></span> <span class='ocrx_word' id='word_1_321' title='bbox 912 2225 1234 2300; x_wconf 75' lang='lat' dir='ltr'><strong><em>conquestus</em></strong></span> <span class='ocrx_word' id='word_1_322' title='bbox 1273 2236 1364 2300; x_wconf 28' lang='lat' dir='ltr'><strong><em>est”</em></strong></span> <span class='ocrx_word' id='word_1_323' title='bbox 1399 2226 1780 2300; x_wconf 85' lang='lat' dir='ltr'><strong><em>Parmenianus</em></strong></span> <span class='ocrx_word' id='word_1_324' title='bbox 1831 2228 1950 2300; x_wconf 89' lang='lat' dir='ltr'><strong><em>(ait)</em></strong></span> 
     </span>
    </p>
   </div>
   <div class='ocr_carea' id='block_1_46' title="bbox 369 2298 1960 2370">
    <p class='ocr_par' dir='ltr' id='par_1_46' title="bbox 369 2298 1960 2370">
     <span class='ocr_line' id='line_1_46' title="bbox 369 2298 1960 2370; baseline 0.002 -20"><span class='ocrx_word' id='word_1_325' title='bbox 369 2300 507 2370; x_wconf 69' lang='lat' dir='ltr'><strong><em>quod</em></strong></span> <span class='ocrx_word' id='word_1_326' title='bbox 536 2299 654 2352; x_wconf 83' lang='lat' dir='ltr'><strong><em>victi</em></strong></span> <span class='ocrx_word' id='word_1_327' title='bbox 682 2299 824 2370; x_wconf 88' lang='lat' dir='ltr'><strong><em>apud</em></strong></span> <span class='ocrx_word' id='word_1_328' title='bbox 852 2299 1225 2370; x_wconf 88' lang='lat' dir='ltr'><strong><em>ecclesiasticos</em></strong></span> <span class='ocrx_word' id='word_1_329' title='bbox 1241 2298 1452 2370; x_wconf 86' lang='lat' dir='ltr'><strong><em>judices</em></strong></span> <span class='ocrx_word' id='word_1_330' title='bbox 1470 2343 1485 2366; x_wconf 90' lang='lat'><strong><em>,</em></strong></span> <span class='ocrx_word' id='word_1_331' title='bbox 1525 2315 1588 2353; x_wconf 88' lang='lat' dir='ltr'><strong><em>ne</em></strong></span> <span class='ocrx_word' id='word_1_332' title='bbox 1615 2299 1758 2370; x_wconf 89' lang='lat' dir='ltr'><strong><em>apud</em></strong></span> <span class='ocrx_word' id='word_1_333' title='bbox 1788 2298 1960 2370; x_wconf 82' lang='lat' dir='ltr'><strong><em>ipsum</em></strong></span> 
     </span>
    </p>
   </div>
   <div class='ocr_carea' id='block_1_47' title="bbox 371 2367 1961 2441">
    <p class='ocr_par' dir='ltr' id='par_1_47' title="bbox 371 2367 1961 2441">
     <span class='ocr_line' id='line_1_47' title="bbox 371 2367 1961 2441; baseline 0 -19"><span class='ocrx_word' id='word_1_334' title='bbox 371 2367 806 2441; x_wconf 83' lang='lat' dir='ltr'><strong><em>(Constantinum</em></strong></span> <span class='ocrx_word' id='word_1_335' title='bbox 848 2369 1124 2440; x_wconf 83' lang='lat' dir='ltr'><strong><em>videlicet)</em></strong></span> <span class='ocrx_word' id='word_1_336' title='bbox 1164 2367 1281 2441; x_wconf 73' lang='lat' dir='ltr'><strong><em>quia</em></strong></span> <span class='ocrx_word' id='word_1_337' title='bbox 1322 2369 1561 2441; x_wconf 84' lang='lat' dir='ltr'><strong><em>dicebant</em></strong></span> <span class='ocrx_word' id='word_1_338' title='bbox 1597 2367 1818 2438; x_wconf 81' lang='lat' dir='ltr'><strong><em>probare</em></strong></span> <span class='ocrx_word' id='word_1_339' title='bbox 1866 2387 1961 2440; x_wconf 89' lang='lat' dir='ltr'><strong><em>po-</em></strong></span> 
     </span>
    </p>
   </div>
   <div class='ocr_carea' id='block_1_48' title="bbox 371 2439 1957 2513">
    <p class='ocr_par' dir='ltr' id='par_1_48' title="bbox 371 2439 1957 2513">
     <span class='ocr_line' id='line_1_48' title="bbox 371 2439 1957 2513; baseline 0.003 -24"><span class='ocrx_word' id='word_1_340' title='bbox 371 2439 706 2513; x_wconf 74' lang='lat' dir='ltr'><strong><em>tuissent,_ad</em></strong></span> <span class='ocrx_word' id='word_1_341' title='bbox 737 2457 975 2512; x_wconf 84' lang='lat' dir='ltr'><strong><em>campum</em></strong></span> <span class='ocrx_word' id='word_1_342' title='bbox 1001 2480 1016 2504; x_wconf 92' lang='lat'><strong><em>,</em></strong></span> <span class='ocrx_word' id='word_1_343' title='bbox 1049 2439 1146 2494; x_wconf 80' lang='lat' dir='ltr'><strong><em>hac</em></strong></span> <span class='ocrx_word' id='word_1_344' title='bbox 1174 2439 1249 2496; x_wconf 82' lang='lat' dir='ltr'><strong><em>est</em></strong></span> <span class='ocrx_word' id='word_1_345' title='bbox 1274 2481 1289 2504; x_wconf 92' lang='lat'><strong><em>,</em></strong></span> <span class='ocrx_word' id='word_1_346' title='bbox 1317 2440 1386 2513; x_wconf 83' lang='lat' dir='ltr'><strong><em>ad</em></strong></span> <span class='ocrx_word' id='word_1_347' title='bbox 1411 2440 1724 2513; x_wconf 83' lang='lat' dir='ltr'><strong><em>supplicium</em></strong></span> <span class='ocrx_word' id='word_1_348' title='bbox 1750 2483 1766 2506; x_wconf 92' lang='lat'><strong><em>,</em></strong></span> <span class='ocrx_word' id='word_1_349' title='bbox 1798 2439 1957 2496; x_wconf 85' lang='lat' dir='ltr'><strong><em>duce-</em></strong></span> 
     </span>
    </p>
   </div>
   <div class='ocr_carea' id='block_1_49' title="bbox 369 2510 1956 2584">
    <p class='ocr_par' dir='ltr' id='par_1_49' title="bbox 369 2510 1956 2584">
     <span class='ocr_line' id='line_1_49' title="bbox 369 2510 1956 2584; baseline 0.003 -22"><span class='ocrx_word' id='word_1_350' title='bbox 369 2521 567 2584; x_wconf 63' lang='lat' dir='ltr'><strong><em>rentur.</em></strong></span> <span class='ocrx_word' id='word_1_351' title='bbox 605 2510 722 2584; x_wconf 69' lang='lat' dir='ltr'><strong><em>Hoc</em></strong></span> <span class='ocrx_word' id='word_1_352' title='bbox 761 2510 899 2584; x_wconf 88' lang='lat' dir='ltr'><strong><em>enim</em></strong></span> <span class='ocrx_word' id='word_1_353' title='bbox 932 2527 1050 2566; x_wconf 86' lang='lat' dir='ltr'><strong><em>eum</em></strong></span> <span class='ocrx_word' id='word_1_354' title='bbox 1085 2520 1345 2582; x_wconf 86' lang='lat' dir='ltr'><strong><em>tamquam</em></strong></span> <span class='ocrx_word' id='word_1_355' title='bbox 1369 2510 1667 2584; x_wconf 76' lang='lat' dir='ltr'><strong><em>immaniter</em></strong></span> <span class='ocrx_word' id='word_1_356' title='bbox 1695 2512 1916 2584; x_wconf 83' lang='lat' dir='ltr'><strong><em>jussisse</em></strong></span> <span class='ocrx_word' id='word_1_357' title='bbox 1939 2553 1956 2576; x_wconf 93' lang='lat'><strong><em>,</em></strong></span> 
     </span>
    </p>
   </div>
   <div class='ocr_carea' id='block_1_50' title="bbox 372 2579 1963 2652">
    <p class='ocr_par' dir='ltr' id='par_1_50' title="bbox 372 2579 1963 2652">
     <span class='ocr_line' id='line_1_50' title="bbox 372 2579 1963 2652; baseline 0.002 -19"><span class='ocrx_word' id='word_1_358' title='bbox 372 2579 613 2652; x_wconf 83' lang='lat' dir='ltr'><strong><em>Hispano</em></strong></span> <span class='ocrx_word' id='word_1_359' title='bbox 644 2581 814 2637; x_wconf 86' lang='lat' dir='ltr'><strong><em>Hosio</em></strong></span> <span class='ocrx_word' id='word_1_360' title='bbox 846 2594 1154 2652; x_wconf 86' lang='lat' dir='ltr'><strong><em>suggerente</em></strong></span> <span class='ocrx_word' id='word_1_361' title='bbox 1170 2627 1185 2651; x_wconf 89' lang='lat'><strong><em>,</em></strong></span> <span class='ocrx_word' id='word_1_362' title='bbox 1204 2579 1640 2636; x_wconf 72' lang='lat' dir='ltr'><strong><em>criminabantur</em></strong></span> <span class='ocrx_word' id='word_1_363' title='bbox 1659 2599 1678 2650; x_wconf 87' lang='lat'><strong><em>;</em></strong></span> <span class='ocrx_word' id='word_1_364' title='bbox 1695 2579 1963 2652; x_wconf 55' lang='lat' dir='ltr'><strong><em>suspicio-</em></strong></span> 
     </span>
    </p>
   </div>
   <div class='ocr_carea' id='block_1_51' title="bbox 369 2651 1958 2724">
    <p class='ocr_par' dir='ltr' id='par_1_51' title="bbox 369 2651 1958 2724">
     <span class='ocr_line' id='line_1_51' title="bbox 369 2651 1958 2724; baseline 0.001 -20"><span class='ocrx_word' id='word_1_365' title='bbox 369 2651 523 2724; x_wconf 65' lang='lat' dir='ltr'><strong><em>nibus</em></strong></span> <span class='ocrx_word' id='word_1_366' title='bbox 544 2651 781 2708; x_wconf 84' lang='lat' dir='ltr'><strong><em>videlicet</em></strong></span> <span class='ocrx_word' id='word_1_367' title='bbox 802 2651 932 2716; x_wconf 84' lang='lat' dir='ltr'><strong><em>suis,</em></strong></span> <span class='ocrx_word' id='word_1_368' title='bbox 954 2654 1088 2707; x_wconf 89' lang='lat' dir='ltr'><strong><em>sicut</em></strong></span> <span class='ocrx_word' id='word_1_369' title='bbox 1109 2669 1324 2724; x_wconf 82' lang='lat' dir='ltr'><strong><em>semper,</em></strong></span> <span class='ocrx_word' id='word_1_370' title='bbox 1349 2653 1650 2707; x_wconf 87' lang='lat' dir='ltr'><strong><em>damnando</em></strong></span> <span class='ocrx_word' id='word_1_371' title='bbox 1670 2651 1958 2708; x_wconf 87' lang='lat' dir='ltr'><strong><em>inauditos.</em></strong></span> 
     </span>
    </p>
   </div>
   <div class='ocr_carea' id='block_1_52' title="bbox 371 2722 1960 2790">
    <p class='ocr_par' dir='ltr' id='par_1_52' title="bbox 371 2722 1960 2790">
     <span class='ocr_line' id='line_1_52' title="bbox 371 2722 1960 2790; baseline 0 -13"><span class='ocrx_word' id='word_1_372' title='bbox 371 2722 510 2777; x_wconf 75' lang='lat' dir='ltr'><strong><em>Eum</em></strong></span> <span class='ocrx_word' id='word_1_373' title='bbox 543 2734 724 2780; x_wconf 90' lang='lat' dir='ltr'><strong><em>tamen</em></strong></span> <span class='ocrx_word' id='word_1_374' title='bbox 755 2725 836 2780; x_wconf 88' lang='lat' dir='ltr'><strong><em>sic</em></strong></span> <span class='ocrx_word' id='word_1_375' title='bbox 864 2732 1091 2778; x_wconf 79' lang='lat' dir='ltr'><strong><em>excusat</em></strong></span> <span class='ocrx_word' id='word_1_376' title='bbox 1123 2722 1446 2790; x_wconf 71' lang='lat' dir='ltr'><strong><em>Augustinus</em></strong></span> <span class='ocrx_word' id='word_1_377' title='bbox 1472 2739 1488 2778; x_wconf 89' lang='lat'><strong>:</strong></span> <span class='ocrx_word' id='word_1_378' title='bbox 1519 2725 1668 2790; x_wconf 88' lang='lat' dir='ltr'><strong><em>quasi</em></strong></span> <span class='ocrx_word' id='word_1_379' title='bbox 1708 2741 1829 2779; x_wconf 78' lang='lat' dir='ltr'><strong><em>vero</em></strong></span> <span class='ocrx_word' id='word_1_380' title='bbox 1857 2739 1960 2777; x_wconf 89' lang='lat' dir='ltr'><strong><em>non</em></strong></span> 
     </span>
    </p>
   </div>
   <div class='ocr_carea' id='block_1_53' title="bbox 367 2793 1963 2864">
    <p class='ocr_par' dir='ltr' id='par_1_53' title="bbox 367 2793 1963 2864">
     <span class='ocr_line' id='line_1_53' title="bbox 367 2793 1963 2864; baseline 0.001 -19"><span class='ocrx_word' id='word_1_381' title='bbox 367 2795 672 2859; x_wconf 83' lang='lat' dir='ltr'><strong><em>humanius,</em></strong></span> <span class='ocrx_word' id='word_1_382' title='bbox 699 2810 761 2849; x_wconf 90' lang='lat' dir='ltr'><strong><em>ac</em></strong></span> <span class='ocrx_word' id='word_1_383' title='bbox 787 2793 1106 2864; x_wconf 89' lang='lat' dir='ltr'><strong><em>probabilius</em></strong></span> <span class='ocrx_word' id='word_1_384' title='bbox 1141 2796 1276 2848; x_wconf 90' lang='lat' dir='ltr'><strong><em>alius</em></strong></span> <span class='ocrx_word' id='word_1_385' title='bbox 1305 2793 1600 2861; x_wconf 87' lang='lat' dir='ltr'><strong><em>crediderit,</em></strong></span> <span class='ocrx_word' id='word_1_386' title='bbox 1632 2793 1801 2849; x_wconf 87' lang='lat' dir='ltr'><strong><em>Hosio</em></strong></span> <span class='ocrx_word' id='word_1_387' title='bbox 1828 2804 1963 2849; x_wconf 87' lang='lat' dir='ltr'><strong><em>tam-</em></strong></span> 
     </span>
    </p>
   </div>
   <div class='ocr_carea' id='block_1_54' title="bbox 365 2865 1963 2936">
    <p class='ocr_par' dir='ltr' id='par_1_54' title="bbox 365 2865 1963 2936">
     <span class='ocr_line' id='line_1_54' title="bbox 365 2865 1963 2936; baseline -0.001 -18"><span class='ocrx_word' id='word_1_388' title='bbox 365 2881 527 2935; x_wconf 86' lang='lat' dir='ltr'><strong><em>quam</em></strong></span> <span class='ocrx_word' id='word_1_389' title='bbox 563 2867 803 2936; x_wconf 87' lang='lat' dir='ltr'><strong><em>episcopo</em></strong></span> <span class='ocrx_word' id='word_1_390' title='bbox 846 2875 1144 2936; x_wconf 81' lang='lat' dir='ltr'><strong><em>suggerente</em></strong></span> <span class='ocrx_word' id='word_1_391' title='bbox 1172 2867 1345 2936; x_wconf 90' lang='lat' dir='ltr'><strong><em>potius</em></strong></span> <span class='ocrx_word' id='word_1_392' title='bbox 1377 2865 1604 2934; x_wconf 77' lang='lat' dir='ltr'><strong><em>factum,</em></strong></span> <span class='ocrx_word' id='word_1_393' title='bbox 1634 2876 1688 2918; x_wconf 87' lang='lat' dir='ltr'><strong><em>ut</em></strong></span> <span class='ocrx_word' id='word_1_394' title='bbox 1720 2870 1773 2920; x_wconf 86' lang='lat' dir='ltr'><strong><em>in</em></strong></span> <span class='ocrx_word' id='word_1_395' title='bbox 1799 2865 1963 2936; x_wconf 50' lang='lat' dir='ltr'><strong><em>lenio-5</em></strong></span> 
     </span>
    </p>
   </div>
   <div class='ocr_carea' id='block_1_55' title="bbox 367 2935 1963 3001">
    <p class='ocr_par' dir='ltr' id='par_1_55' title="bbox 367 2935 1963 3001">
     <span class='ocr_line' id='line_1_55' title="bbox 367 2935 1963 3001; baseline 0 -13"><span class='ocrx_word' id='word_1_396' title='bbox 367 2953 475 2990; x_wconf 87' lang='lat' dir='ltr'><strong><em>rem</em></strong></span> <span class='ocrx_word' id='word_1_397' title='bbox 500 2935 936 3000; x_wconf 61' lang='lat' dir='ltr'><strong><em>concitationem,</em></strong></span> <span class='ocrx_word' id='word_1_398' title='bbox 967 2935 1198 3001; x_wconf 77' lang='lat' dir='ltr'><strong><em>quamvis</em></strong></span> <span class='ocrx_word' id='word_1_399' title='bbox 1237 2936 1598 2990; x_wconf 84' lang='lat' dir='ltr'><strong><em>immanissimi</em></strong></span> <span class='ocrx_word' id='word_1_400' title='bbox 1641 2937 1866 2998; x_wconf 83' lang='lat' dir='ltr'><strong><em>sceleris,</em></strong></span> <span class='ocrx_word' id='word_1_401' title='bbox 1905 2935 1963 2988; x_wconf 71' lang='grc' dir='ltr'><strong><em>εει</em></strong></span> 
     </span>
    </p>
   </div>
   <div class='ocr_carea' id='block_1_56' title="bbox 366 3007 1962 3078">
    <p class='ocr_par' dir='ltr' id='par_1_56' title="bbox 366 3007 1962 3078">
     <span class='ocr_line' id='line_1_56' title="bbox 366 3007 1962 3078; baseline 0 -19"><span class='ocrx_word' id='word_1_402' title='bbox 366 3017 466 3073; x_wconf 86' lang='lat' dir='ltr'><strong><em>est,</em></strong></span> <span class='ocrx_word' id='word_1_403' title='bbox 496 3009 734 3078; x_wconf 85' lang='lat' dir='ltr'><strong><em>sacrilegi</em></strong></span> <span class='ocrx_word' id='word_1_404' title='bbox 764 3007 1056 3060; x_wconf 86' lang='lat' dir='ltr'><strong><em>scltismatis</em></strong></span> <span class='ocrx_word' id='word_1_405' title='bbox 1079 3008 1383 3078; x_wconf 87' lang='lat' dir='ltr'><strong><em>sententiam</em></strong></span> <span class='ocrx_word' id='word_1_406' title='bbox 1408 3009 1634 3076; x_wconf 83' lang='lat' dir='ltr'><strong><em>ﬂecteret</em></strong></span> <span class='ocrx_word' id='word_1_407' title='bbox 1660 3008 1962 3077; x_wconf 86' lang='lat' dir='ltr'><strong><em>imperator.</em></strong></span> 
     </span>
    </p>
   </div>
   <div class='ocr_carea' id='block_1_57' title="bbox 368 3077 1964 3146">
    <p class='ocr_par' dir='ltr' id='par_1_57' title="bbox 368 3077 1964 3146">
     <span class='ocr_line' id='line_1_57' title="bbox 368 3077 1964 3146; baseline 0 -15"><span class='ocrx_word' id='word_1_408' title='bbox 368 3078 511 3132; x_wconf 87' lang='lat' dir='ltr'><strong><em>Hinc</em></strong></span> <span class='ocrx_word' id='word_1_409' title='bbox 543 3077 706 3146; x_wconf 69' lang='lat' dir='ltr'><strong><em>igitur</em></strong></span> <span class='ocrx_word' id='word_1_410' title='bbox 735 3080 1045 3142; x_wconf 84' lang='lat' dir='ltr'><strong><em>conjectura</em></strong></span> <span class='ocrx_word' id='word_1_411' title='bbox 1077 3087 1183 3144; x_wconf 89' lang='lat' dir='ltr'><strong><em>est,</em></strong></span> <span class='ocrx_word' id='word_1_412' title='bbox 1214 3077 1353 3146; x_wconf 89' lang='lat' dir='ltr'><strong><em>apud</em></strong></span> <span class='ocrx_word' id='word_1_413' title='bbox 1390 3078 1658 3145; x_wconf 83' lang='lat' dir='ltr'><strong><em>Hispanos</em></strong></span> <span class='ocrx_word' id='word_1_414' title='bbox 1687 3079 1964 3133; x_wconf 71' lang='lat' dir='ltr'><strong><em>antistites</em></strong></span> 
     </span>
    </p>
   </div>
   <div class='ocr_carea' id='block_1_58' title="bbox 369 3148 1968 3213">
    <p class='ocr_par' dir='ltr' id='par_1_58' title="bbox 369 3148 1968 3213">
     <span class='ocr_line' id='line_1_58' title="bbox 369 3148 1968 3213; baseline -0.003 -9"><span class='ocrx_word' id='word_1_415' title='bbox 369 3148 603 3204; x_wconf 80' lang='lat' dir='ltr'><strong><em>llosium</em></strong></span> <span class='ocrx_word' id='word_1_416' title='bbox 630 3151 696 3204; x_wconf 89' lang='lat' dir='ltr'><strong><em>de</em></strong></span> <span class='ocrx_word' id='word_1_417' title='bbox 720 3149 1045 3204; x_wconf 86' lang='lat' dir='ltr'><strong><em>crudelitate</em></strong></span> <span class='ocrx_word' id='word_1_418' title='bbox 1074 3161 1380 3202; x_wconf 87' lang='lat' dir='ltr'><strong><em>accusatum</em></strong></span> <span class='ocrx_word' id='word_1_419' title='bbox 1407 3189 1424 3213; x_wconf 95' lang='lat'><strong><em>,</em></strong></span> <span class='ocrx_word' id='word_1_420' title='bbox 1448 3148 1737 3202; x_wconf 89' lang='lat' dir='ltr'><strong><em>occasione</em></strong></span> <span class='ocrx_word' id='word_1_421' title='bbox 1775 3148 1844 3202; x_wconf 90' lang='lat' dir='ltr'><strong><em>ab</em></strong></span> <span class='ocrx_word' id='word_1_422' title='bbox 1872 3163 1968 3200; x_wconf 88' lang='lat' dir='ltr'><strong><em>au-</em></strong></span> 
     </span>
    </p>
   </div>
   <div class='ocr_carea' id='block_1_59' title="bbox 365 3216 1966 3289">
    <p class='ocr_par' dir='ltr' id='par_1_59' title="bbox 365 3216 1966 3289">
     <span class='ocr_line' id='line_1_59' title="bbox 365 3216 1966 3289; baseline -0.003 -13"><span class='ocrx_word' id='word_1_423' title='bbox 365 3220 628 3276; x_wconf 82' lang='lat' dir='ltr'><strong><em>steritate</em></strong></span> <span class='ocrx_word' id='word_1_424' title='bbox 657 3235 960 3289; x_wconf 78' lang='lat' dir='ltr'><strong><em>pcenarum,</em></strong></span> <span class='ocrx_word' id='word_1_425' title='bbox 984 3236 1105 3288; x_wconf 72' lang='lat' dir='ltr'><strong><em>quia:</em></strong></span> <span class='ocrx_word' id='word_1_426' title='bbox 1139 3234 1234 3286; x_wconf 80' lang='lat' dir='ltr'><strong><em>per</em></strong></span> <span class='ocrx_word' id='word_1_427' title='bbox 1262 3219 1406 3273; x_wconf 87' lang='lat' dir='ltr'><strong><em>illius</em></strong></span> <span class='ocrx_word' id='word_1_428' title='bbox 1434 3220 1686 3274; x_wconf 83' lang='lat' dir='ltr'><strong><em>Canones</em></strong></span> <span class='ocrx_word' id='word_1_429' title='bbox 1706 3221 1774 3273; x_wconf 91' lang='lat' dir='ltr'><strong><em>ab</em></strong></span> <span class='ocrx_word' id='word_1_430' title='bbox 1803 3216 1966 3289; x_wconf 86' lang='lat' dir='ltr'><strong><em>Ilosio</em></strong></span> 
     </span>
    </p>
   </div>
   <div class='ocr_carea' id='block_1_60' title="bbox 363 3288 1966 3361">
    <p class='ocr_par' dir='ltr' id='par_1_60' title="bbox 363 3288 1966 3361">
     <span class='ocr_line' id='line_1_60' title="bbox 363 3288 1966 3361; baseline -0.003 -14"><span class='ocrx_word' id='word_1_431' title='bbox 363 3295 554 3348; x_wconf 84' lang='lat' dir='ltr'><strong><em>editos</em></strong></span> <span class='ocrx_word' id='word_1_432' title='bbox 583 3288 1025 3361; x_wconf 88' lang='lat' dir='ltr'><strong><em>imponebantur,</em></strong></span> <span class='ocrx_word' id='word_1_433' title='bbox 1056 3301 1276 3361; x_wconf 83' lang='lat' dir='ltr'><strong><em>accepta</em></strong></span> <span class='ocrx_word' id='word_1_434' title='bbox 1313 3307 1327 3343; x_wconf 88' lang='lat'><strong>:</strong></span> <span class='ocrx_word' id='word_1_435' title='bbox 1361 3290 1450 3345; x_wconf 88' lang='lat' dir='ltr'><strong><em>ubi</em></strong></span> <span class='ocrx_word' id='word_1_436' title='bbox 1485 3291 1702 3361; x_wconf 68' lang='lat' dir='ltr'><strong><em>tantietsi</em></strong></span> <span class='ocrx_word' id='word_1_437' title='bbox 1735 3289 1786 3344; x_wconf 89' lang='lat' dir='ltr'><strong><em>itt</em></strong></span> <span class='ocrx_word' id='word_1_438' title='bbox 1815 3288 1966 3345; x_wconf 83' lang='lat' dir='ltr'><strong><em>Hosii</em></strong></span> 
     </span>
    </p>
   </div>
   <div class='ocr_carea' id='block_1_61' title="bbox 365 3358 1969 3431">
    <p class='ocr_par' dir='ltr' id='par_1_61' title="bbox 365 3358 1969 3431">
     <span class='ocr_line' id='line_1_61' title="bbox 365 3358 1969 3431; baseline -0.004 -12"><span class='ocrx_word' id='word_1_439' title='bbox 365 3358 676 3431; x_wconf 78' lang='lat' dir='ltr'><strong><em>personam</em></strong></span> <span class='ocrx_word' id='word_1_440' title='bbox 698 3377 862 3430; x_wconf 85' lang='lat' dir='ltr'><strong><em>super</em></strong></span> <span class='ocrx_word' id='word_1_441' title='bbox 898 3363 1156 3417; x_wconf 89' lang='lat' dir='ltr'><strong><em>nonnulla</em></strong></span> <span class='ocrx_word' id='word_1_442' title='bbox 1195 3358 1429 3415; x_wconf 83' lang='lat' dir='ltr'><strong><em>crimina</em></strong></span> <span class='ocrx_word' id='word_1_443' title='bbox 1476 3358 1580 3416; x_wconf 89' lang='lat' dir='ltr'><strong><em>sibi</em></strong></span> <span class='ocrx_word' id='word_1_444' title='bbox 1623 3375 1720 3429; x_wconf 87' lang='lat' dir='ltr'><strong><em>per</em></strong></span> <span class='ocrx_word' id='word_1_445' title='bbox 1761 3361 1969 3416; x_wconf 89' lang='lat' dir='ltr'><strong><em>calum—</em></strong></span> 
     </span>
    </p>
   </div>
   <div class='ocr_carea' id='block_1_62' title="bbox 370 3431 1967 3502">
    <p class='ocr_par' dir='ltr' id='par_1_62' title="bbox 370 3431 1967 3502">
     <span class='ocr_line' id='line_1_62' title="bbox 370 3431 1967 3502; baseline -0.003 -13"><span class='ocrx_word' id='word_1_446' title='bbox 370 3436 528 3490; x_wconf 86' lang='lat' dir='ltr'><strong><em>niam</em></strong></span> <span class='ocrx_word' id='word_1_447' title='bbox 575 3433 825 3502; x_wconf 88' lang='lat' dir='ltr'><strong><em>imposita</em></strong></span> <span class='ocrx_word' id='word_1_448' title='bbox 853 3473 867 3497; x_wconf 97' lang='lat'><strong><em>,</em></strong></span> <span class='ocrx_word' id='word_1_449' title='bbox 908 3432 1180 3488; x_wconf 78' lang='lat' dir='ltr'><strong><em>sententia</em></strong></span> <span class='ocrx_word' id='word_1_450' title='bbox 1220 3431 1327 3486; x_wconf 88' lang='lat' dir='ltr'><strong><em>lata</em></strong></span> <span class='ocrx_word' id='word_1_451' title='bbox 1370 3431 1531 3486; x_wconf 80' lang='lat' dir='ltr'><strong><em>fuerit</em></strong></span> <span class='ocrx_word' id='word_1_452' title='bbox 1563 3473 1577 3497; x_wconf 94' lang='lat'><strong><em>,</em></strong></span> <span class='ocrx_word' id='word_1_453' title='bbox 1611 3431 1967 3486; x_wconf 72' lang='lat' dir='ltr'><strong><em>lliberritana:</em></strong></span> 
     </span>
    </p>
   </div>
   <div class='ocr_carea' id='block_1_63' title="bbox 362 3502 1969 3575">
    <p class='ocr_par' dir='ltr' id='par_1_63' title="bbox 362 3502 1969 3575">
     <span class='ocr_line' id='line_1_63' title="bbox 362 3502 1969 3575; baseline -0.004 -13"><span class='ocrx_word' id='word_1_454' title='bbox 362 3506 736 3562; x_wconf 85' lang='lat' dir='ltr'><strong><em>nihilominus</em></strong></span> <span class='ocrx_word' id='word_1_455' title='bbox 774 3503 984 3575; x_wconf 85' lang='lat' dir='ltr'><strong><em>Synodi</em></strong></span> <span class='ocrx_word' id='word_1_456' title='bbox 1021 3503 1318 3558; x_wconf 87' lang='lat' dir='ltr'><strong><em>auctoritas</em></strong></span> <span class='ocrx_word' id='word_1_457' title='bbox 1361 3503 1628 3572; x_wconf 77' lang='lat' dir='ltr'><strong><em>integrata</em></strong></span> <span class='ocrx_word' id='word_1_458' title='bbox 1666 3511 1721 3558; x_wconf 86' lang='lat' dir='ltr'><strong><em>et</em></strong></span> <span class='ocrx_word' id='word_1_459' title='bbox 1761 3502 1969 3558; x_wconf 89' lang='lat' dir='ltr'><strong><em>illibata</em></strong></span> 
     </span>
    </p>
   </div>
   <div class='ocr_carea' id='block_1_64' title="bbox 363 3576 698 3648">
    <p class='ocr_par' dir='ltr' id='par_1_64' title="bbox 363 3576 698 3648">
     <span class='ocr_line' id='line_1_64' title="bbox 363 3576 698 3648; baseline -0.003 -19"><span class='ocrx_word' id='word_1_460' title='bbox 363 3576 698 3648; x_wconf 83' lang='lat' dir='ltr'><strong><em>permansit.</em></strong></span> 
     </span>
    </p>
   </div>
   <div class='ocr_carea' id='block_1_65' title="bbox 444 3643 1975 3715">
    <p class='ocr_par' dir='ltr' id='par_1_65' title="bbox 444 3643 1975 3715">
     <span class='ocr_line' id='line_1_65' title="bbox 444 3643 1975 3715; baseline -0.001 -15"><span class='ocrx_word' id='word_1_461' title='bbox 444 3647 506 3700; x_wconf 91' lang='lat' dir='ltr'><strong><em>Id</em></strong></span> <span class='ocrx_word' id='word_1_462' title='bbox 559 3661 689 3700; x_wconf 92' lang='lat' dir='ltr'><strong><em>vero</em></strong></span> <span class='ocrx_word' id='word_1_463' title='bbox 731 3661 836 3700; x_wconf 91' lang='lat' dir='ltr'><strong><em>non</em></strong></span> <span class='ocrx_word' id='word_1_464' title='bbox 883 3645 1061 3700; x_wconf 90' lang='lat' dir='ltr'><strong><em>solum</em></strong></span> <span class='ocrx_word' id='word_1_465' title='bbox 1106 3655 1321 3700; x_wconf 88' lang='lat' dir='ltr'><strong><em>constat</em></strong></span> <span class='ocrx_word' id='word_1_466' title='bbox 1368 3644 1620 3715; x_wconf 63' lang='lat' dir='ltr'><strong><em>presenti</em></strong></span> <span class='ocrx_word' id='word_1_467' title='bbox 1659 3643 1975 3700; x_wconf 81' lang='lat' dir='ltr'><strong><em>testimmiio</em></strong></span> 
     </span>
    </p>
   </div>
   <div class='ocr_carea' id='block_1_66' title="bbox 373 3715 1974 3787">
    <p class='ocr_par' dir='ltr' id='par_1_66' title="bbox 373 3715 1974 3787">
     <span class='ocr_line' id='line_1_66' title="bbox 373 3715 1974 3787; baseline -0.001 -15"><span class='ocrx_word' id='word_1_468' title='bbox 373 3718 598 3782; x_wconf 81' lang='lat' dir='ltr'><strong><em>Dextri,</em></strong></span> <span class='ocrx_word' id='word_1_469' title='bbox 624 3717 718 3772; x_wconf 90' lang='lat' dir='ltr'><strong><em>sed</em></strong></span> <span class='ocrx_word' id='word_1_470' title='bbox 750 3733 817 3773; x_wconf 70' lang='lat' dir='ltr'><strong><em>ex</em></strong></span> <span class='ocrx_word' id='word_1_471' title='bbox 849 3731 916 3771; x_wconf 82' lang='lat' dir='ltr'><strong><em>co</em></strong></span> <span class='ocrx_word' id='word_1_472' title='bbox 944 3715 1084 3787; x_wconf 87' lang='lat' dir='ltr'><strong><em>quod</em></strong></span> <span class='ocrx_word' id='word_1_473' title='bbox 1116 3717 1168 3780; x_wconf 86' lang='lat' dir='ltr'><strong><em>in</em></strong></span> <span class='ocrx_word' id='word_1_474' title='bbox 1198 3717 1441 3773; x_wconf 86' lang='lat' dir='ltr'><strong><em>Ecclesia</em></strong></span> <span class='ocrx_word' id='word_1_475' title='bbox 1471 3721 1610 3787; x_wconf 85' lang='lat' dir='ltr'><strong><em>apud</em></strong></span> <span class='ocrx_word' id='word_1_476' title='bbox 1641 3716 1974 3772; x_wconf 86' lang='lat' dir='ltr'><strong><em>recentiores</em></strong></span> 
     </span>
    </p>
   </div>
   <div class='ocr_carea' id='block_1_67' title="bbox 375 3787 1974 3855">
    <p class='ocr_par' dir='ltr' id='par_1_67' title="bbox 375 3787 1974 3855">
     <span class='ocr_line' id='line_1_67' title="bbox 375 3787 1974 3855; baseline 0.001 -15"><span class='ocrx_word' id='word_1_477' title='bbox 375 3789 573 3842; x_wconf 79' lang='lat' dir='ltr'><strong><em>Patres</em></strong></span> <span class='ocrx_word' id='word_1_478' title='bbox 604 3798 660 3844; x_wconf 89' lang='lat' dir='ltr'><strong><em>et</em></strong></span> <span class='ocrx_word' id='word_1_479' title='bbox 698 3789 928 3844; x_wconf 86' lang='lat' dir='ltr'><strong><em>concilia</em></strong></span> <span class='ocrx_word' id='word_1_480' title='bbox 977 3796 1242 3855; x_wconf 77' lang='lat' dir='ltr'><strong><em>perpetuo</em></strong></span> <span class='ocrx_word' id='word_1_481' title='bbox 1290 3789 1346 3842; x_wconf 90' lang='lat' dir='ltr'><strong><em>in</em></strong></span> <span class='ocrx_word' id='word_1_482' title='bbox 1387 3802 1485 3842; x_wconf 89' lang='lat' dir='ltr'><strong><em>usu</em></strong></span> <span class='ocrx_word' id='word_1_483' title='bbox 1535 3795 1592 3842; x_wconf 91' lang='lat' dir='ltr'><strong><em>et</em></strong></span> <span class='ocrx_word' id='word_1_484' title='bbox 1628 3787 1974 3842; x_wconf 77' lang='lat' dir='ltr'><strong><em>veneratione</em></strong></span> 
     </span>
    </p>
   </div>
   <div class='ocr_carea' id='block_1_68' title="bbox 373 3857 1972 3928">
    <p class='ocr_par' dir='ltr' id='par_1_68' title="bbox 373 3857 1972 3928">
     <span class='ocr_line' id='line_1_68' title="bbox 373 3857 1972 3928; baseline 0 -16"><span class='ocrx_word' id='word_1_485' title='bbox 373 3857 502 3914; x_wconf 74' lang='lat' dir='ltr'><strong><em>fuit.</em></strong></span> <span class='ocrx_word' id='word_1_486' title='bbox 533 3859 596 3914; x_wconf 82' lang='lat' dir='ltr'><strong><em>Et</em></strong></span> <span class='ocrx_word' id='word_1_487' title='bbox 635 3861 808 3928; x_wconf 89' lang='lat' dir='ltr'><strong><em>primo</em></strong></span> <span class='ocrx_word' id='word_1_488' title='bbox 849 3859 1140 3914; x_wconf 89' lang='lat' dir='ltr'><strong><em>concilium</em></strong></span> <span class='ocrx_word' id='word_1_489' title='bbox 1185 3859 1508 3915; x_wconf 82' lang='lat' dir='ltr'><strong><em>Arelatense</em></strong></span> <span class='ocrx_word' id='word_1_490' title='bbox 1547 3865 1756 3924; x_wconf 86' lang='lat' dir='ltr'><strong><em>septem</em></strong></span> <span class='ocrx_word' id='word_1_491' title='bbox 1798 3870 1972 3928; x_wconf 71' lang='lat' dir='ltr'><strong><em>esea</em></strong></span> 
     </span>
    </p>
   </div>
   <div class='ocr_carea' id='block_1_69' title="bbox 373 3927 1975 3999">
    <p class='ocr_par' dir='ltr' id='par_1_69' title="bbox 373 3927 1975 3999">
     <span class='ocr_line' id='line_1_69' title="bbox 373 3927 1975 3999; baseline -0.001 -17"><span class='ocrx_word' id='word_1_492' title='bbox 373 3944 620 3985; x_wconf 78' lang='lat' dir='ltr'><strong><em>canones</em></strong></span> <span class='ocrx_word' id='word_1_493' title='bbox 638 3927 948 3985; x_wconf 81' lang='lat' dir='ltr'><strong><em>mutuatum</em></strong></span> <span class='ocrx_word' id='word_1_494' title='bbox 988 3940 1092 3997; x_wconf 87' lang='lat' dir='ltr'><strong><em>est,</em></strong></span> <span class='ocrx_word' id='word_1_495' title='bbox 1122 3931 1373 3986; x_wconf 70' lang='lat' dir='ltr'><strong><em>videlicet</em></strong></span> <span class='ocrx_word' id='word_1_496' title='bbox 1400 3939 1652 3999; x_wconf 85' lang='lat' dir='ltr'><strong><em>quartum</em></strong></span> <span class='ocrx_word' id='word_1_497' title='bbox 1691 3929 1757 3980; x_wconf 90' lang='lat' dir='ltr'><strong><em>dc</em></strong></span> <span class='ocrx_word' id='word_1_498' title='bbox 1792 3927 1975 3996; x_wconf 84' lang='lat' dir='ltr'><strong><em>Agita-</em></strong></span> 
     </span>
    </p>
   </div>
   <div class='ocr_carea' id='block_1_70' title="bbox 371 3999 1976 4071">
    <p class='ocr_par' dir='ltr' id='par_1_70' title="bbox 371 3999 1976 4071">
     <span class='ocr_line' id='line_1_70' title="bbox 371 3999 1976 4071; baseline -0.002 -16"><span class='ocrx_word' id='word_1_499' title='bbox 371 4001 577 4055; x_wconf 84' lang='lat' dir='ltr'><strong><em>toribus</em></strong></span> <span class='ocrx_word' id='word_1_500' title='bbox 605 4018 622 4055; x_wconf 94' lang='lat'><em>:</em></span> <span class='ocrx_word' id='word_1_501' title='bbox 649 4003 704 4066; x_wconf 87' lang='lat'><strong><em>5,</em></strong></span> <span class='ocrx_word' id='word_1_502' title='bbox 733 4003 799 4056; x_wconf 92' lang='lat' dir='ltr'><strong><em>de</em></strong></span> <span class='ocrx_word' id='word_1_503' title='bbox 830 4000 1150 4071; x_wconf 83' lang='lat' dir='ltr'><strong><em>Theatricis;</em></strong></span> <span class='ocrx_word' id='word_1_504' title='bbox 1179 4000 1234 4068; x_wconf 87' lang='lat'><strong><em>6,</em></strong></span> <span class='ocrx_word' id='word_1_505' title='bbox 1263 4002 1327 4055; x_wconf 90' lang='lat' dir='ltr'><strong><em>de</em></strong></span> <span class='ocrx_word' id='word_1_506' title='bbox 1353 4001 1434 4054; x_wconf 80' lang='lat' dir='ltr'><strong><em>his</em></strong></span> <span class='ocrx_word' id='word_1_507' title='bbox 1472 4000 1558 4071; x_wconf 89' lang='lat' dir='ltr'><strong><em>qui</em></strong></span> <span class='ocrx_word' id='word_1_508' title='bbox 1585 4000 1640 4052; x_wconf 91' lang='lat' dir='ltr'><strong><em>in</em></strong></span> <span class='ocrx_word' id='word_1_509' title='bbox 1674 3999 1976 4071; x_wconf 74' lang='lat' dir='ltr'><strong><em>infirmitate</em></strong></span> 
     </span>
    </p>
   </div>
   <div class='ocr_carea' id='block_1_71' title="bbox 372 4069 1975 4142">
    <p class='ocr_par' dir='ltr' id='par_1_71' title="bbox 372 4069 1975 4142">
     <span class='ocr_line' id='line_1_71' title="bbox 372 4069 1975 4142; baseline -0.003 -16"><span class='ocrx_word' id='word_1_510' title='bbox 372 4073 592 4126; x_wconf 85' lang='lat' dir='ltr'><strong><em>credere</em></strong></span> <span class='ocrx_word' id='word_1_511' title='bbox 637 4073 847 4136; x_wconf 86' lang='lat' dir='ltr'><strong><em>volunt;</em></strong></span> <span class='ocrx_word' id='word_1_512' title='bbox 887 4074 941 4135; x_wconf 86' lang='lat'><strong><em>7,</em></strong></span> <span class='ocrx_word' id='word_1_513' title='bbox 987 4072 1052 4125; x_wconf 86' lang='lat' dir='ltr'><strong><em>de</em></strong></span> <span class='ocrx_word' id='word_1_514' title='bbox 1092 4070 1175 4127; x_wconf 83' lang='lat' dir='ltr'><strong><em>his</em></strong></span> <span class='ocrx_word' id='word_1_515' title='bbox 1219 4073 1306 4142; x_wconf 86' lang='lat' dir='ltr'><strong><em>qui</em></strong></span> <span class='ocrx_word' id='word_1_516' title='bbox 1344 4069 1675 4142; x_wconf 83' lang='lat' dir='ltr'><strong><em>magistratus</em></strong></span> <span class='ocrx_word' id='word_1_517' title='bbox 1705 4069 1975 4142; x_wconf 87' lang='lat' dir='ltr'><strong><em>gentilium</em></strong></span> 
     </span>
    </p>
   </div>
   <div class='ocr_carea' id='block_1_72' title="bbox 377 4141 1975 4213">
    <p class='ocr_par' dir='ltr' id='par_1_72' title="bbox 377 4141 1975 4213">
     <span class='ocr_line' id='line_1_72' title="bbox 377 4141 1975 4213; baseline -0.001 -17"><span class='ocrx_word' id='word_1_518' title='bbox 377 4154 600 4213; x_wconf 83' lang='lat' dir='ltr'><strong><em>gerunt;</em></strong></span> <span class='ocrx_word' id='word_1_519' title='bbox 630 4143 684 4208; x_wconf 91' lang='lat'><strong><em>9,</em></strong></span> <span class='ocrx_word' id='word_1_520' title='bbox 710 4144 773 4198; x_wconf 86' lang='lat' dir='ltr'><strong><em>de</em></strong></span> <span class='ocrx_word' id='word_1_521' title='bbox 797 4143 980 4198; x_wconf 74' lang='lat' dir='ltr'><strong><em>litteris</em></strong></span> <span class='ocrx_word' id='word_1_522' title='bbox 1007 4141 1364 4212; x_wconf 74' lang='lat' dir='ltr'><strong><em>confessorum</em></strong></span> <span class='ocrx_word' id='word_1_523' title='bbox 1379 4159 1400 4208; x_wconf 85' lang='lat'><strong><em>;</em></strong></span> <span class='ocrx_word' id='word_1_524' title='bbox 1426 4141 1512 4208; x_wconf 81' lang='lat' dir='ltr'><strong><em>ll,</em></strong></span> <span class='ocrx_word' id='word_1_525' title='bbox 1537 4143 1602 4197; x_wconf 89' lang='lat' dir='ltr'><strong><em>de</em></strong></span> <span class='ocrx_word' id='word_1_526' title='bbox 1625 4141 1975 4213; x_wconf 74' lang='lat' dir='ltr'><strong><em>matrimoniis</em></strong></span> 
     </span>
    </p>
   </div>
   <div class='ocr_carea' id='block_1_73' title="bbox 376 4210 1975 4282">
    <p class='ocr_par' dir='ltr' id='par_1_73' title="bbox 376 4210 1975 4282">
     <span class='ocr_line' id='line_1_73' title="bbox 376 4210 1975 4282; baseline -0.001 -15"><span class='ocrx_word' id='word_1_527' title='bbox 376 4210 667 4282; x_wconf 77' lang='lat' dir='ltr'><strong><em>inﬁdelum</em></strong></span> <span class='ocrx_word' id='word_1_528' title='bbox 685 4233 704 4281; x_wconf 87' lang='lat'><strong><em>;</em></strong></span> <span class='ocrx_word' id='word_1_529' title='bbox 734 4225 790 4270; x_wconf 90' lang='lat' dir='ltr'><strong><em>et</em></strong></span> <span class='ocrx_word' id='word_1_530' title='bbox 811 4215 902 4279; x_wconf 70' lang='grc' dir='ltr'>(ἰῦ,</span> <span class='ocrx_word' id='word_1_531' title='bbox 948 4215 1010 4267; x_wconf 88' lang='lat' dir='ltr'><strong><em>de</em></strong></span> <span class='ocrx_word' id='word_1_532' title='bbox 1035 4210 1308 4280; x_wconf 83' lang='lat' dir='ltr'><strong><em>apostatis.</em></strong></span> <span class='ocrx_word' id='word_1_533' title='bbox 1339 4213 1507 4269; x_wconf 83' lang='lat' dir='ltr'><strong><em>Cone.</em></strong></span> <span class='ocrx_word' id='word_1_534' title='bbox 1539 4226 1668 4268; x_wconf 85' lang='lat' dir='ltr'><strong><em>vero</em></strong></span> <span class='ocrx_word' id='word_1_535' title='bbox 1697 4210 1975 4266; x_wconf 63' lang='lat' dir='ltr'><strong><em>Nicatnum</em></strong></span> 
     </span>
    </p>
   </div>
   <div class='ocr_carea' id='block_1_74' title="bbox 377 4282 1977 4356">
    <p class='ocr_par' dir='ltr' id='par_1_74' title="bbox 377 4282 1977 4356">
     <span class='ocr_line' id='line_1_74' title="bbox 377 4282 1977 4356; baseline -0.001 -18"><span class='ocrx_word' id='word_1_536' title='bbox 377 4287 640 4356; x_wconf 88' lang='lat' dir='ltr'><strong><em>quinque,</em></strong></span> <span class='ocrx_word' id='word_1_537' title='bbox 668 4289 785 4342; x_wconf 83' lang='lat' dir='ltr'><strong><em>scil.</em></strong></span> <span class='ocrx_word' id='word_1_538' title='bbox 824 4302 837 4339; x_wconf 92' lang='lat'><strong>:</strong></span> <span class='ocrx_word' id='word_1_539' title='bbox 868 4287 922 4348; x_wconf 81' lang='lat'><strong><em>5,</em></strong></span> <span class='ocrx_word' id='word_1_540' title='bbox 957 4285 1021 4338; x_wconf 88' lang='lat' dir='ltr'><strong><em>de</em></strong></span> <span class='ocrx_word' id='word_1_541' title='bbox 1043 4286 1447 4340; x_wconf 78' lang='lat' dir='ltr'><strong><em>snbintroductis</em></strong></span> <span class='ocrx_word' id='word_1_542' title='bbox 1474 4282 1810 4356; x_wconf 81' lang='lat' dir='ltr'><strong><em>mulieribus;</em></strong></span> <span class='ocrx_word' id='word_1_543' title='bbox 1837 4283 1977 4356; x_wconf 14' lang='lat' dir='ltr'><strong><em>5,7de</em></strong></span> 
     </span>
    </p>
   </div>
   <div class='ocr_carea' id='block_1_75' title="bbox 381 4354 1976 4428">
    <p class='ocr_par' dir='ltr' id='par_1_75' title="bbox 381 4354 1976 4428">
     <span class='ocr_line' id='line_1_75' title="bbox 381 4354 1976 4428; baseline -0.003 -19"><span class='ocrx_word' id='word_1_544' title='bbox 381 4354 844 4410; x_wconf 66' lang='lat' dir='ltr'><strong><em>excommunicatis</em></strong></span> <span class='ocrx_word' id='word_1_545' title='bbox 898 4373 928 4409; x_wconf 91' lang='lat' dir='ltr'><strong><em>a</em></strong></span> <span class='ocrx_word' id='word_1_546' title='bbox 984 4358 1194 4428; x_wconf 85' lang='lat' dir='ltr'><strong><em>proprio</em></strong></span> <span class='ocrx_word' id='word_1_547' title='bbox 1249 4358 1491 4428; x_wconf 85' lang='lat' dir='ltr'><strong><em>episcopo</em></strong></span> <span class='ocrx_word' id='word_1_548' title='bbox 1537 4354 1976 4428; x_wconf 83' lang='lat' dir='ltr'><strong><em>reconciliandis;</em></strong></span> 
     </span>
    </p>
   </div>
   <div class='ocr_carea' id='block_1_76' title="bbox 381 4425 1973 4496">
    <p class='ocr_par' dir='ltr' id='par_1_76' title="bbox 381 4425 1973 4496">
     <span class='ocr_line' id='line_1_76' title="bbox 381 4425 1973 4496; baseline -0.004 -12"><span class='ocrx_word' id='word_1_549' title='bbox 381 4428 474 4495; x_wconf 72' lang='lat' dir='ltr'><strong><em>i0,</em></strong></span> <span class='ocrx_word' id='word_1_550' title='bbox 499 4428 564 4482; x_wconf 87' lang='lat' dir='ltr'><strong><em>de</em></strong></span> <span class='ocrx_word' id='word_1_551' title='bbox 592 4429 844 4482; x_wconf 73' lang='lat' dir='ltr'><strong><em>luereticis</em></strong></span> <span class='ocrx_word' id='word_1_552' title='bbox 868 4445 970 4481; x_wconf 88' lang='lat' dir='ltr'><strong><em>non</em></strong></span> <span class='ocrx_word' id='word_1_553' title='bbox 986 4425 1323 4496; x_wconf 47' lang='lat' dir='ltr'><strong><em>&#39;ordinandi&#39;s,</em></strong></span> <span class='ocrx_word' id='word_1_554' title='bbox 1365 4425 1692 4480; x_wconf 39' lang='lat' dir='ltr'><strong><em>et‘ordinatis</em></strong></span> <span class='ocrx_word' id='word_1_555' title='bbox 1717 4425 1973 4496; x_wconf 82' lang='lat' dir='ltr'><strong><em>deponen-</em></strong></span> 
     </span>
    </p>
   </div>
   <div class='ocr_carea' id='block_1_77' title="bbox 384 4494 1977 4567">
    <p class='ocr_par' dir='ltr' id='par_1_77' title="bbox 384 4494 1977 4567">
     <span class='ocr_line' id='line_1_77' title="bbox 384 4494 1977 4567; baseline -0.003 -15"><span class='ocrx_word' id='word_1_556' title='bbox 384 4494 499 4563; x_wconf 85' lang='lat' dir='ltr'><strong><em>dis;</em></strong></span> <span class='ocrx_word' id='word_1_557' title='bbox 532 4501 617 4565; x_wconf 70' lang='grc'><strong><em>13,</em></strong></span> <span class='ocrx_word' id='word_1_558' title='bbox 643 4499 707 4553; x_wconf 92' lang='lat' dir='ltr'><strong><em>de</em></strong></span> <span class='ocrx_word' id='word_1_559' title='bbox 741 4497 1120 4554; x_wconf 83' lang='lat' dir='ltr'><strong><em>catechumenis</em></strong></span> <span class='ocrx_word' id='word_1_560' title='bbox 1149 4494 1511 4564; x_wconf 86' lang='lat' dir='ltr'><strong><em>peccantibus;</em></strong></span> <span class='ocrx_word' id='word_1_561' title='bbox 1539 4498 1628 4567; x_wconf 85' lang='grc'><strong><em>18,</em></strong></span> <span class='ocrx_word' id='word_1_562' title='bbox 1663 4497 1726 4550; x_wconf 90' lang='lat' dir='ltr'><strong><em>de</em></strong></span> <span class='ocrx_word' id='word_1_563' title='bbox 1765 4494 1977 4550; x_wconf 85' lang='lat' dir='ltr'><strong><em>Clericis</em></strong></span> 
     </span>
    </p>
   </div>
   <div class='ocr_carea' id='block_1_78' title="bbox 386 4567 1977 4642">
    <p class='ocr_par' dir='ltr' id='par_1_78' title="bbox 386 4567 1977 4642">
     <span class='ocr_line' id='line_1_78' title="bbox 386 4567 1977 4642; baseline -0.001 -21"><span class='ocrx_word' id='word_1_564' title='bbox 386 4586 572 4624; x_wconf 88' lang='lat' dir='ltr'><strong><em>usuras</em></strong></span> <span class='ocrx_word' id='word_1_565' title='bbox 603 4569 1360 4642; x_wconf 9' lang='lat' dir='ltr'><strong><em>accipientibus.rSardicense</em></strong></span> <span class='ocrx_word' id='word_1_566' title='bbox 1399 4583 1617 4642; x_wconf 79' lang='lat' dir='ltr'><strong><em>quoque</em></strong></span> <span class='ocrx_word' id='word_1_567' title='bbox 1661 4567 1872 4642; x_wconf 72' lang='lat' dir='ltr'><strong><em>accepit</em></strong></span> <span class='ocrx_word' id='word_1_568' title='bbox 1898 4567 1977 4642; x_wconf 90' lang='lat' dir='ltr'><strong><em>_ab</em></strong></span> 
     </span>
    </p>
   </div>
   <div class='ocr_carea' id='block_1_79' title="bbox 386 4637 1978 4710">
    <p class='ocr_par' dir='ltr' id='par_1_79' title="bbox 386 4637 1978 4710">
     <span class='ocr_line' id='line_1_79' title="bbox 386 4637 1978 4710; baseline -0.003 -16"><span class='ocrx_word' id='word_1_569' title='bbox 386 4655 452 4694; x_wconf 92' lang='lat' dir='ltr'><strong><em>co</em></strong></span> <span class='ocrx_word' id='word_1_570' title='bbox 475 4637 735 4696; x_wconf 84' lang='lat' dir='ltr'><strong><em>canonem</em></strong></span> <span class='ocrx_word' id='word_1_571' title='bbox 762 4642 850 4706; x_wconf 71' lang='grc'><strong><em>14,</em></strong></span> <span class='ocrx_word' id='word_1_572' title='bbox 877 4641 968 4710; x_wconf 92' lang='lat' dir='ltr'><strong><em>qui</em></strong></span> <span class='ocrx_word' id='word_1_573' title='bbox 1002 4641 1054 4694; x_wconf 92' lang='lat' dir='ltr'><strong><em>in</em></strong></span> <span class='ocrx_word' id='word_1_574' title='bbox 1083 4637 1430 4710; x_wconf 82' lang='lat' dir='ltr'><strong><em>lliberritano</em></strong></span> <span class='ocrx_word' id='word_1_575' title='bbox 1453 4637 1541 4694; x_wconf 84' lang='lat' dir='ltr'><strong><em>est</em></strong></span> <span class='ocrx_word' id='word_1_576' title='bbox 1557 4638 1648 4710; x_wconf 63' lang='lat' dir='ltr'><strong><em>2i,</em></strong></span> <span class='ocrx_word' id='word_1_577' title='bbox 1679 4638 1749 4710; x_wconf 92' lang='lat' dir='ltr'><strong><em>ibi</em></strong></span> <span class='ocrx_word' id='word_1_578' title='bbox 1779 4637 1978 4710; x_wconf 81' lang='lat' dir='ltr'><strong><em>Hosius</em></strong></span> 
     </span>
    </p>
   </div>
   <div class='ocr_carea' id='block_1_80' title="bbox 388 4707 1980 4776">
    <p class='ocr_par' dir='ltr' id='par_1_80' title="bbox 388 4707 1980 4776">
     <span class='ocr_line' id='line_1_80' title="bbox 388 4707 1980 4776; baseline -0.002 -12"><span class='ocrx_word' id='word_1_579' title='bbox 388 4714 546 4765; x_wconf 79' lang='lat' dir='ltr'><strong><em>tacite</em></strong></span> <span class='ocrx_word' id='word_1_580' title='bbox 576 4713 642 4766; x_wconf 88' lang='lat' dir='ltr'><strong><em>de</em></strong></span> <span class='ocrx_word' id='word_1_581' title='bbox 672 4727 737 4767; x_wconf 92' lang='lat' dir='ltr'><strong><em>eo</em></strong></span> <span class='ocrx_word' id='word_1_582' title='bbox 767 4707 1095 4767; x_wconf 74' lang='lat' dir='ltr'><strong><em>mentionem</em></strong></span> <span class='ocrx_word' id='word_1_583' title='bbox 1127 4710 1328 4766; x_wconf 79' lang='lat' dir='ltr'><strong><em>faciens</em></strong></span> <span class='ocrx_word' id='word_1_584' title='bbox 1360 4709 1494 4765; x_wconf 85' lang='lat' dir='ltr'><strong><em>dixit</em></strong></span> <span class='ocrx_word' id='word_1_585' title='bbox 1522 4726 1536 4762; x_wconf 91' lang='lat'>:</span> <span class='ocrx_word' id='word_1_586' title='bbox 1571 4707 1788 4763; x_wconf 85' lang='lat' dir='ltr'><strong><em>Memini</em></strong></span> <span class='ocrx_word' id='word_1_587' title='bbox 1825 4725 1980 4776; x_wconf 87' lang='lat' dir='ltr'><strong><em>supe—</em></strong></span> 
     </span>
    </p>
   </div>
   <div class='ocr_carea' id='block_1_81' title="bbox 388 4780 1979 4853">
    <p class='ocr_par' dir='ltr' id='par_1_81' title="bbox 388 4780 1979 4853">
     <span class='ocr_line' id='line_1_81' title="bbox 388 4780 1979 4853; baseline 0 -20"><span class='ocrx_word' id='word_1_588' title='bbox 388 4783 523 4853; x_wconf 81' lang='lat' dir='ltr'><strong><em>riore</em></strong></span> <span class='ocrx_word' id='word_1_589' title='bbox 558 4784 774 4837; x_wconf 84' lang='lat' dir='ltr'><strong><em>concilio</em></strong></span> <span class='ocrx_word' id='word_1_590' title='bbox 823 4783 1010 4853; x_wconf 73' lang='lat' dir='ltr'><strong><em>fratres</em></strong></span> <span class='ocrx_word' id='word_1_591' title='bbox 1047 4792 1249 4836; x_wconf 88' lang='lat' dir='ltr'><strong><em>nostros</em></strong></span> <span class='ocrx_word' id='word_1_592' title='bbox 1296 4781 1648 4853; x_wconf 83' lang='lat' dir='ltr'><strong><em>constituisse,</em></strong></span> <span class='ocrx_word' id='word_1_593' title='bbox 1695 4789 1751 4833; x_wconf 88' lang='lat' dir='ltr'><strong><em>ut</em></strong></span> <span class='ocrx_word' id='word_1_594' title='bbox 1791 4780 1835 4833; x_wconf 88' lang='lat' dir='ltr'><strong><em>si</em></strong></span> <span class='ocrx_word' id='word_1_595' title='bbox 1865 4780 1979 4850; x_wconf 87' lang='lat' dir='ltr'><strong><em>quis</em></strong></span> 
     </span>
    </p>
   </div>
   <div class='ocr_carea' id='block_1_82' title="bbox 389 4851 1975 4917">
    <p class='ocr_par' dir='ltr' id='par_1_82' title="bbox 389 4851 1975 4917">
     <span class='ocr_line' id='line_1_82' title="bbox 389 4851 1975 4917; baseline -0.001 -13"><span class='ocrx_word' id='word_1_596' title='bbox 389 4851 552 4908; x_wconf 87' lang='lat' dir='ltr'><strong><em>laicus</em></strong></span> <span class='ocrx_word' id='word_1_597' title='bbox 577 4862 677 4907; x_wconf 85' lang='lat' dir='ltr'><strong><em>tres</em></strong></span> <span class='ocrx_word' id='word_1_598' title='bbox 713 4851 1009 4909; x_wconf 86' lang='lat' dir='ltr'><strong><em>Dominicas</em></strong></span> <span class='ocrx_word' id='word_1_599' title='bbox 1031 4853 1140 4908; x_wconf 88' lang='lat' dir='ltr'><strong><em>dies</em></strong></span> <span class='ocrx_word' id='word_1_600' title='bbox 1171 4869 1272 4907; x_wconf 91' lang='lat' dir='ltr'><strong><em>non</em></strong></span> <span class='ocrx_word' id='word_1_601' title='bbox 1315 4851 1618 4906; x_wconf 82' lang='lat' dir='ltr'><strong><em>celebrasset</em></strong></span> <span class='ocrx_word' id='word_1_602' title='bbox 1649 4861 1975 4917; x_wconf 82' lang='lat' dir='ltr'><strong><em>conventum,</em></strong></span> 
     </span>
    </p>
   </div>
   <div class='ocr_carea' id='block_1_83' title="bbox 2063 2226 3658 2298">
    <p class='ocr_par' dir='ltr' id='par_1_83' title="bbox 2063 2226 3658 2298">
     <span class='ocr_line' id='line_1_83' title="bbox 2063 2226 3658 2298; baseline 0.003 -18"><span class='ocrx_word' id='word_1_603' title='bbox 2063 2226 2207 2280; x_wconf 88' lang='lat' dir='ltr'><strong><em>enim</em></strong></span> <span class='ocrx_word' id='word_1_604' title='bbox 2233 2227 2482 2298; x_wconf 86' lang='lat' dir='ltr'><strong><em>absolute</em></strong></span> <span class='ocrx_word' id='word_1_605' title='bbox 2521 2226 2879 2298; x_wconf 78' lang='lat' dir='ltr'><strong><em>prohibentur</em></strong></span> <span class='ocrx_word' id='word_1_606' title='bbox 2917 2231 3065 2287; x_wconf 88' lang='lat' dir='ltr'><strong><em>cerei</em></strong></span> <span class='ocrx_word' id='word_1_607' title='bbox 3112 2232 3165 2286; x_wconf 91' lang='lat' dir='ltr'><strong><em>in</em></strong></span> <span class='ocrx_word' id='word_1_608' title='bbox 3195 2226 3518 2288; x_wconf 73' lang='lat' dir='ltr'><strong><em>ctemiteriis</em></strong></span> <span class='ocrx_word' id='word_1_609' title='bbox 3564 2226 3658 2285; x_wconf 79' lang='lat' dir='ltr'><strong><em>ac-</em></strong></span> 
     </span>
    </p>
   </div>
   <div class='ocr_carea' id='block_1_84' title="bbox 2062 2297 3658 2370">
    <p class='ocr_par' dir='ltr' id='par_1_84' title="bbox 2062 2297 3658 2370">
     <span class='ocr_line' id='line_1_84' title="bbox 2062 2297 3658 2370; baseline 0.004 -20"><span class='ocrx_word' id='word_1_610' title='bbox 2062 2299 2236 2370; x_wconf 82' lang='lat' dir='ltr'><strong><em>censi,</em></strong></span> <span class='ocrx_word' id='word_1_611' title='bbox 2266 2297 2362 2370; x_wconf 83' lang='lat' dir='ltr'><strong><em>sed</em></strong></span> <span class='ocrx_word' id='word_1_612' title='bbox 2403 2297 2820 2367; x_wconf 83' lang='lat' dir='ltr'><strong><em>superstitiosus</em></strong></span> <span class='ocrx_word' id='word_1_613' title='bbox 2851 2316 3042 2356; x_wconf 87' lang='lat' dir='ltr'><strong><em>eorum</em></strong></span> <span class='ocrx_word' id='word_1_614' title='bbox 3075 2317 3231 2366; x_wconf 84' lang='lat' dir='ltr'><strong><em>usus;</em></strong></span> <span class='ocrx_word' id='word_1_615' title='bbox 3264 2300 3410 2370; x_wconf 87' lang='lat' dir='ltr'><strong><em>quod</em></strong></span> <span class='ocrx_word' id='word_1_616' title='bbox 3448 2301 3658 2357; x_wconf 89' lang='lat' dir='ltr'><strong><em>scilicet</em></strong></span> 
     </span>
    </p>
   </div>
   <div class='ocr_carea' id='block_1_85' title="bbox 2065 2367 3657 2441">
    <p class='ocr_par' dir='ltr' id='par_1_85' title="bbox 2065 2367 3657 2441">
     <span class='ocr_line' id='line_1_85' title="bbox 2065 2367 3657 2441; baseline 0.004 -21"><span class='ocrx_word' id='word_1_617' title='bbox 2065 2367 2214 2420; x_wconf 91' lang='lat' dir='ltr'><strong><em>rudis</em></strong></span> <span class='ocrx_word' id='word_1_618' title='bbox 2252 2367 2405 2437; x_wconf 90' lang='lat' dir='ltr'><strong><em>plebs</em></strong></span> <span class='ocrx_word' id='word_1_619' title='bbox 2427 2383 2538 2441; x_wconf 28' lang='lat' dir='ltr'><strong><em>Aper</em></strong></span> <span class='ocrx_word' id='word_1_620' title='bbox 2561 2384 2655 2441; x_wconf 83' lang='lat' dir='ltr'><strong><em>eos</em></strong></span> <span class='ocrx_word' id='word_1_621' title='bbox 2695 2371 2954 2426; x_wconf 88' lang='lat' dir='ltr'><strong><em>credebat</em></strong></span> <span class='ocrx_word' id='word_1_622' title='bbox 2997 2382 3215 2426; x_wconf 90' lang='lat' dir='ltr'><strong><em>sanctos</em></strong></span> <span class='ocrx_word' id='word_1_623' title='bbox 3266 2367 3535 2441; x_wconf 81' lang='lat' dir='ltr'><strong><em>martyres</em></strong></span> <span class='ocrx_word' id='word_1_624' title='bbox 3587 2370 3657 2427; x_wconf 87' lang='lat' dir='ltr'><strong><em>ad</em></strong></span> 
     </span>
    </p>
   </div>
   <div class='ocr_carea' id='block_1_86' title="bbox 2064 2438 3660 2510">
    <p class='ocr_par' dir='ltr' id='par_1_86' title="bbox 2064 2438 3660 2510">
     <span class='ocr_line' id='line_1_86' title="bbox 2064 2438 3660 2510; baseline 0.003 -18"><span class='ocrx_word' id='word_1_625' title='bbox 2064 2452 2321 2510; x_wconf 77' lang='lat' dir='ltr'><strong><em>responsa</em></strong></span> <span class='ocrx_word' id='word_1_626' title='bbox 2350 2438 2622 2510; x_wconf 71' lang='lat' dir='ltr'><strong><em>reddenda</em></strong></span> <span class='ocrx_word' id='word_1_627' title='bbox 2647 2441 2924 2508; x_wconf 86' lang='lat' dir='ltr'><strong><em>revocari;</em></strong></span> <span class='ocrx_word' id='word_1_628' title='bbox 2951 2457 3075 2497; x_wconf 89' lang='lat' dir='ltr'><strong><em>nam</em></strong></span> <span class='ocrx_word' id='word_1_629' title='bbox 3101 2442 3350 2498; x_wconf 88' lang='lat' dir='ltr'><strong><em>subditur</em></strong></span> <span class='ocrx_word' id='word_1_630' title='bbox 3372 2438 3512 2496; x_wconf 81' lang='lat' dir='ltr'><strong><em>ratio</em></strong></span> <span class='ocrx_word' id='word_1_631' title='bbox 3536 2457 3660 2510; x_wconf 91' lang='lat' dir='ltr'><strong><em>pro-</em></strong></span> 
     </span>
    </p>
   </div>
   <div class='ocr_carea' id='block_1_87' title="bbox 2065 2507 3661 2583">
    <p class='ocr_par' dir='ltr' id='par_1_87' title="bbox 2065 2507 3661 2583">
     <span class='ocr_line' id='line_1_87' title="bbox 2065 2507 3661 2583; baseline 0.003 -21"><span class='ocrx_word' id='word_1_632' title='bbox 2065 2507 2348 2564; x_wconf 87' lang='lat' dir='ltr'><strong><em>hibitiouis</em></strong></span> <span class='ocrx_word' id='word_1_633' title='bbox 2378 2526 2392 2564; x_wconf 91' lang='lat'>:</span> <span class='ocrx_word' id='word_1_634' title='bbox 2425 2507 2766 2582; x_wconf 69' lang='lat' dir='ltr'><strong><em>Inquietandi</em></strong></span> <span class='ocrx_word' id='word_1_635' title='bbox 2811 2507 2945 2567; x_wconf 84' lang='lat' dir='ltr'><strong><em>enim</em></strong></span> <span class='ocrx_word' id='word_1_636' title='bbox 2969 2514 3188 2583; x_wconf 86' lang='lat' dir='ltr'><strong><em>spiritus</em></strong></span> <span class='ocrx_word' id='word_1_637' title='bbox 3217 2521 3517 2568; x_wconf 85' lang='lat' dir='ltr'><strong><em>sanctorum</em></strong></span> <span class='ocrx_word' id='word_1_638' title='bbox 3537 2507 3661 2567; x_wconf 35' lang='lat' dir='ltr'><strong><em>‘non</em></strong></span> 
     </span>
    </p>
   </div>
   <div class='ocr_carea' id='block_1_88' title="bbox 2063 2583 3657 2652">
    <p class='ocr_par' dir='ltr' id='par_1_88' title="bbox 2063 2583 3657 2652">
     <span class='ocr_line' id='line_1_88' title="bbox 2063 2583 3657 2652; baseline 0.003 -21"><span class='ocrx_word' id='word_1_639' title='bbox 2063 2590 2190 2652; x_wconf 78' lang='lat' dir='ltr'><strong><em>s_unt_</em></strong></span> <span class='ocrx_word' id='word_1_640' title='bbox 2227 2595 2245 2632; x_wconf 90' lang='lat'><em>:</em></span> <span class='ocrx_word' id='word_1_641' title='bbox 2289 2594 2398 2652; x_wconf 87' lang='lat' dir='ltr'><strong><em>quo</em></strong></span> <span class='ocrx_word' id='word_1_642' title='bbox 2447 2593 2608 2652; x_wconf 90' lang='lat' dir='ltr'><strong><em>pacto</em></strong></span> <span class='ocrx_word' id='word_1_643' title='bbox 2655 2583 2871 2640; x_wconf 87' lang='lat' dir='ltr'><strong><em>Samuel</em></strong></span> <span class='ocrx_word' id='word_1_644' title='bbox 2922 2584 2991 2639; x_wconf 92' lang='lat' dir='ltr'><strong><em>de</em></strong></span> <span class='ocrx_word' id='word_1_645' title='bbox 3040 2596 3214 2640; x_wconf 88' lang='lat' dir='ltr'><strong><em>morte</em></strong></span> <span class='ocrx_word' id='word_1_646' title='bbox 3257 2594 3543 2640; x_wconf 87' lang='lat' dir='ltr'><strong><em>revocatus</em></strong></span> <span class='ocrx_word' id='word_1_647' title='bbox 3590 2583 3657 2638; x_wconf 90' lang='lat' dir='ltr'><strong><em>ad</em></strong></span> 
     </span>
    </p>
   </div>
   <div class='ocr_carea' id='block_1_89' title="bbox 2065 2649 3659 2726">
    <p class='ocr_par' dir='ltr' id='par_1_89' title="bbox 2065 2649 3659 2726">
     <span class='ocr_line' id='line_1_89' title="bbox 2065 2649 3659 2726; baseline 0.004 -23"><span class='ocrx_word' id='word_1_648' title='bbox 2065 2649 2282 2726; x_wconf 81' lang='lat' dir='ltr'><strong><em>_S_aulent</em></strong></span> <span class='ocrx_word' id='word_1_649' title='bbox 2309 2649 2494 2726; x_wconf 74' lang='lat' dir='ltr'><strong><em>dixit:</em></strong></span> <span class='ocrx_word' id='word_1_650' title='bbox 2530 2653 2704 2720; x_wconf 82' lang='lat' dir='ltr'><strong><em>Quare</em></strong></span> <span class='ocrx_word' id='word_1_651' title='bbox 2747 2655 3043 2725; x_wconf 88' lang='lat' dir='ltr'><strong><em>inquietasti</em></strong></span> <span class='ocrx_word' id='word_1_652' title='bbox 3085 2673 3164 2710; x_wconf 75' lang='lat' dir='ltr'><strong><em>ine</em></strong></span> <span class='ocrx_word' id='word_1_653' title='bbox 3194 2656 3235 2726; x_wconf 95' lang='grc' dir='ltr'><strong><em>(Ι</em></strong></span> <span class='ocrx_word' id='word_1_654' title='bbox 3269 2656 3400 2726; x_wconf 83' lang='lat' dir='ltr'><strong><em>Reg.</em></strong></span> <span class='ocrx_word' id='word_1_655' title='bbox 3431 2654 3659 2726; x_wconf 80' lang='lat' dir='ltr'><strong><em>xxvttt)?</em></strong></span> 
     </span>
    </p>
   </div>
   <div class='ocr_carea' id='block_1_90' title="bbox 2065 2720 3660 2795">
    <p class='ocr_par' dir='ltr' id='par_1_90' title="bbox 2065 2720 3660 2795">
     <span class='ocr_line' id='line_1_90' title="bbox 2065 2720 3660 2795; baseline 0.006 -21"><span class='ocrx_word' id='word_1_656' title='bbox 2065 2720 2252 2774; x_wconf 81' lang='lat' dir='ltr'><strong><em>Notari</em></strong></span> <span class='ocrx_word' id='word_1_657' title='bbox 2286 2722 2450 2795; x_wconf 83' lang='lat' dir='ltr'><strong><em>etiam</em></strong></span> <span class='ocrx_word' id='word_1_658' title='bbox 2492 2734 2707 2792; x_wconf 79' lang='lat' dir='ltr'><strong><em>Oportet</em></strong></span> <span class='ocrx_word' id='word_1_659' title='bbox 2761 2720 2866 2780; x_wconf 85' lang='lat' dir='ltr'><strong><em>non</em></strong></span> <span class='ocrx_word' id='word_1_660' title='bbox 2907 2728 3120 2782; x_wconf 86' lang='lat' dir='ltr'><strong><em>cavisse</em></strong></span> <span class='ocrx_word' id='word_1_661' title='bbox 3159 2720 3472 2794; x_wconf 73' lang='lat' dir='ltr'><strong><em>concilium,</em></strong></span> <span class='ocrx_word' id='word_1_662' title='bbox 3513 2720 3660 2795; x_wconf 86' lang='lat' dir='ltr'><strong><em>quod</em></strong></span> 
     </span>
    </p>
   </div>
   <div class='ocr_carea' id='block_1_91' title="bbox 2065 2793 3656 2867">
    <p class='ocr_par' dir='ltr' id='par_1_91' title="bbox 2065 2793 3656 2867">
     <span class='ocr_line' id='line_1_91' title="bbox 2065 2793 3656 2867; baseline -0.004 -8"><span class='ocrx_word' id='word_1_663' title='bbox 2065 2806 2231 2867; x_wconf 61' lang='lat' dir='ltr'><strong><em>suile!</em></strong></span> <span class='ocrx_word' id='word_1_664' title='bbox 2257 2793 2511 2859; x_wconf 70' lang='grc' dir='ltr'><strong><em>δθβυῐοηι</em></strong></span> <span class='ocrx_word' id='word_1_665' title='bbox 2541 2806 2840 2867; x_wconf 78' lang='lat' dir='ltr'><strong><em>martyrum</em></strong></span> <span class='ocrx_word' id='word_1_666' title='bbox 2885 2800 3029 2853; x_wconf 90' lang='lat' dir='ltr'><strong><em>cerei</em></strong></span> <span class='ocrx_word' id='word_1_667' title='bbox 3073 2797 3354 2854; x_wconf 90' lang='lat' dir='ltr'><strong><em>nocturnis</em></strong></span> <span class='ocrx_word' id='word_1_668' title='bbox 3381 2793 3537 2852; x_wconf 84' lang='lat' dir='ltr'><strong><em>horis</em></strong></span> <span class='ocrx_word' id='word_1_669' title='bbox 3561 2815 3656 2853; x_wconf 86' lang='lat' dir='ltr'><strong><em>ac-</em></strong></span> 
     </span>
    </p>
   </div>
   <div class='ocr_carea' id='block_1_92' title="bbox 2065 2861 3658 2937">
    <p class='ocr_par' dir='ltr' id='par_1_92' title="bbox 2065 2861 3658 2937">
     <span class='ocr_line' id='line_1_92' title="bbox 2065 2861 3658 2937; baseline 0.006 -20"><span class='ocrx_word' id='word_1_670' title='bbox 2065 2861 2453 2937; x_wconf 64' lang='lat' dir='ltr'><strong><em>cenderentnr,</em></strong></span> <span class='ocrx_word' id='word_1_671' title='bbox 2483 2864 2579 2920; x_wconf 90' lang='lat' dir='ltr'><strong><em>sed</em></strong></span> <span class='ocrx_word' id='word_1_672' title='bbox 2611 2861 2891 2922; x_wconf 77' lang='lat' dir='ltr'><strong><em>dumtaxat</em></strong></span> <span class='ocrx_word' id='word_1_673' title='bbox 2917 2885 3006 2937; x_wconf 79' lang='lat' dir='ltr'><strong><em>per</em></strong></span> <span class='ocrx_word' id='word_1_674' title='bbox 3029 2869 3201 2934; x_wconf 85' lang='lat' dir='ltr'><strong><em>diem;</em></strong></span> <span class='ocrx_word' id='word_1_675' title='bbox 3227 2885 3348 2923; x_wconf 90' lang='lat' dir='ltr'><strong><em>nam</em></strong></span> <span class='ocrx_word' id='word_1_676' title='bbox 3372 2869 3570 2924; x_wconf 88' lang='lat' dir='ltr'><strong><em>dicitur</em></strong></span> <span class='ocrx_word' id='word_1_677' title='bbox 3603 2870 3658 2926; x_wconf 87' lang='lat' dir='ltr'><strong><em>in</em></strong></span> 
     </span>
    </p>
   </div>
   <div class='ocr_carea' id='block_1_93' title="bbox 2064 2932 3661 3008">
    <p class='ocr_par' dir='ltr' id='par_1_93' title="bbox 2064 2932 3661 3008">
     <span class='ocr_line' id='line_1_93' title="bbox 2064 2932 3661 3008; baseline 0.005 -21"><span class='ocrx_word' id='word_1_678' title='bbox 2064 2932 2316 3008; x_wconf 65' lang='lat' dir='ltr'><strong><em>Conone;</em></strong></span> <span class='ocrx_word' id='word_1_679' title='bbox 2343 2932 2533 2989; x_wconf 89' lang='lat' dir='ltr'><strong><em>Cereos</em></strong></span> <span class='ocrx_word' id='word_1_680' title='bbox 2561 2953 2650 3008; x_wconf 90' lang='lat' dir='ltr'><strong><em>per</em></strong></span> <span class='ocrx_word' id='word_1_681' title='bbox 2681 2941 2813 2992; x_wconf 86' lang='lat' dir='ltr'><strong><em>diem</em></strong></span> <span class='ocrx_word' id='word_1_682' title='bbox 2842 2932 3036 3007; x_wconf 80' lang='lat' dir='ltr'><strong><em>placuit</em></strong></span> <span class='ocrx_word' id='word_1_683' title='bbox 3067 2941 3122 2994; x_wconf 93' lang='lat' dir='ltr'><strong><em>in</em></strong></span> <span class='ocrx_word' id='word_1_684' title='bbox 3151 2932 3427 2995; x_wconf 66' lang='lat' dir='ltr'><strong><em>ccemiterio</em></strong></span> <span class='ocrx_word' id='word_1_685' title='bbox 3448 2956 3549 2994; x_wconf 93' lang='lat' dir='ltr'><strong><em>non</em></strong></span> <span class='ocrx_word' id='word_1_686' title='bbox 3576 2941 3661 2996; x_wconf 89' lang='lat' dir='ltr'><strong><em>in-</em></strong></span> 
     </span>
    </p>
   </div>
   <div class='ocr_carea' id='block_1_94' title="bbox 2065 3003 3661 3083">
    <p class='ocr_par' dir='ltr' id='par_1_94' title="bbox 2065 3003 3661 3083">
     <span class='ocr_line' id='line_1_94' title="bbox 2065 3003 3661 3083; baseline 0.006 -29"><span class='ocrx_word' id='word_1_687' title='bbox 2065 3003 2240 3083; x_wconf 76' lang='lat' dir='ltr'><strong><em>cendi.</em></strong></span> <span class='ocrx_word' id='word_1_688' title='bbox 2270 3003 3031 3083; x_wconf 60' lang='lat' dir='ltr'><strong><em>Quosane&#39;aljasuperstitio</em></strong></span> <span class='ocrx_word' id='word_1_689' title='bbox 3067 3009 3358 3083; x_wconf 82' lang='lat' dir='ltr'><strong><em>detegitur,</em></strong></span> <span class='ocrx_word' id='word_1_690' title='bbox 3394 3027 3506 3083; x_wconf 16' lang='lat' dir='ltr'><strong><em>qua»</em></strong></span> <span class='ocrx_word' id='word_1_691' title='bbox 3529 3011 3661 3083; x_wconf 89' lang='lat' dir='ltr'><strong><em>sim-</em></strong></span> 
     </span>
    </p>
   </div>
   <div class='ocr_carea' id='block_1_95' title="bbox 2071 3074 3662 3143">
    <p class='ocr_par' dir='ltr' id='par_1_95' title="bbox 2071 3074 3662 3143">
     <span class='ocr_line' id='line_1_95' title="bbox 2071 3074 3662 3143; baseline 0.005 -16"><span class='ocrx_word' id='word_1_692' title='bbox 2071 3074 2242 3141; x_wconf 84' lang='lat' dir='ltr'><strong><em>plices</em></strong></span> <span class='ocrx_word' id='word_1_693' title='bbox 2279 3074 2468 3130; x_wconf 81' lang='lat' dir='ltr'><strong><em>ﬁdeles</em></strong></span> <span class='ocrx_word' id='word_1_694' title='bbox 2513 3074 2836 3143; x_wconf 82' lang='lat' dir='ltr'><strong><em>credebant,</em></strong></span> <span class='ocrx_word' id='word_1_695' title='bbox 2869 3095 3060 3134; x_wconf 90' lang='lat' dir='ltr'><strong><em>cereos</em></strong></span> <span class='ocrx_word' id='word_1_696' title='bbox 3102 3074 3316 3135; x_wconf 58' lang='lat' dir='ltr'><strong><em>incendi</em></strong></span> <span class='ocrx_word' id='word_1_697' title='bbox 3349 3074 3425 3134; x_wconf 80' lang='lat' dir='ltr'><strong><em>ad</em></strong></span> <span class='ocrx_word' id='word_1_698' title='bbox 3455 3081 3662 3135; x_wconf 77' lang='lat' dir='ltr'><strong><em>illumi-</em></strong></span> 
     </span>
    </p>
   </div>
   <div class='ocr_carea' id='block_1_96' title="bbox 2070 3143 3661 3218">
    <p class='ocr_par' dir='ltr' id='par_1_96' title="bbox 2070 3143 3661 3218">
     <span class='ocr_line' id='line_1_96' title="bbox 2070 3143 3661 3218; baseline 0.007 -24"><span class='ocrx_word' id='word_1_699' title='bbox 2070 3143 2276 3218; x_wconf 75' lang='lat' dir='ltr'><strong><em>pandas</em></strong></span> <span class='ocrx_word' id='word_1_700' title='bbox 2304 3144 2514 3198; x_wconf 90' lang='lat' dir='ltr'><strong><em>animas</em></strong></span> <span class='ocrx_word' id='word_1_701' title='bbox 2537 3156 2895 3211; x_wconf 89' lang='lat' dir='ltr'><strong><em>mortuorum,</em></strong></span> <span class='ocrx_word' id='word_1_702' title='bbox 2921 3149 3013 3218; x_wconf 86' lang='lat' dir='ltr'><strong><em>qui</em></strong></span> <span class='ocrx_word' id='word_1_703' title='bbox 3036 3151 3088 3203; x_wconf 90' lang='lat' dir='ltr'><strong><em>iu</em></strong></span> <span class='ocrx_word' id='word_1_704' title='bbox 3115 3151 3352 3204; x_wconf 86' lang='lat' dir='ltr'><strong><em>tenebris</em></strong></span> <span class='ocrx_word' id='word_1_705' title='bbox 3373 3149 3661 3205; x_wconf 86' lang='lat' dir='ltr'><strong><em>delitesce-</em></strong></span> 
     </span>
    </p>
   </div>
   <div class='ocr_carea' id='block_1_97' title="bbox 2071 3213 3660 3289">
    <p class='ocr_par' dir='ltr' id='par_1_97' title="bbox 2071 3213 3660 3289">
     <span class='ocr_line' id='line_1_97' title="bbox 2071 3213 3660 3289; baseline 0.006 -23"><span class='ocrx_word' id='word_1_706' title='bbox 2071 3213 2244 3289; x_wconf 74' lang='lat' dir='ltr'><strong><em>bant,</em></strong></span> <span class='ocrx_word' id='word_1_707' title='bbox 2303 3224 2360 3268; x_wconf 88' lang='lat' dir='ltr'><strong><em>et</em></strong></span> <span class='ocrx_word' id='word_1_708' title='bbox 2417 3230 2525 3289; x_wconf 82' lang='lat' dir='ltr'><strong><em>non</em></strong></span> <span class='ocrx_word' id='word_1_709' title='bbox 2580 3221 2755 3282; x_wconf 87' lang='lat' dir='ltr'><strong><em>potius</em></strong></span> <span class='ocrx_word' id='word_1_710' title='bbox 2810 3213 2952 3272; x_wconf 55' lang='lat' dir='ltr'><strong><em>lidei&#39;</em></strong></span> <span class='ocrx_word' id='word_1_711' title='bbox 2987 3221 3229 3274; x_wconf 88' lang='lat' dir='ltr'><strong><em>vivormu</em></strong></span> <span class='ocrx_word' id='word_1_712' title='bbox 3289 3221 3660 3289; x_wconf 65' lang='lat' dir='ltr'><strong><em>signiﬁcanda:</em></strong></span> 
     </span>
    </p>
   </div>
   <div class='ocr_carea' id='block_1_98' title="bbox 2069 3283 3659 3360">
    <p class='ocr_par' dir='ltr' id='par_1_98' title="bbox 2069 3283 3659 3360">
     <span class='ocr_line' id='line_1_98' title="bbox 2069 3283 3659 3360; baseline 0.005 -22"><span class='ocrx_word' id='word_1_713' title='bbox 2069 3283 2276 3355; x_wconf 83' lang='lat' dir='ltr'><strong><em>gratia;</em></strong></span> <span class='ocrx_word' id='word_1_714' title='bbox 2303 3285 2621 3360; x_wconf 82' lang='lat' dir='ltr'><strong><em>permissum</em></strong></span> <span class='ocrx_word' id='word_1_715' title='bbox 2647 3305 2776 3346; x_wconf 89' lang='lat' dir='ltr'><strong><em>vero</em></strong></span> <span class='ocrx_word' id='word_1_716' title='bbox 2801 3305 2992 3345; x_wconf 90' lang='lat' dir='ltr'><strong><em>cereos</em></strong></span> <span class='ocrx_word' id='word_1_717' title='bbox 3030 3299 3191 3346; x_wconf 87' lang='lat' dir='ltr'><strong><em>noctu</em></strong></span> <span class='ocrx_word' id='word_1_718' title='bbox 3221 3283 3445 3346; x_wconf 52' lang='lat' dir='ltr'><strong><em>acce&#39;ndi</em></strong></span> <span class='ocrx_word' id='word_1_719' title='bbox 3465 3333 3478 3356; x_wconf 94' lang='lat'><strong><em>,</em></strong></span> <span class='ocrx_word' id='word_1_720' title='bbox 3513 3290 3659 3360; x_wconf 86' lang='lat' dir='ltr'><strong><em>quod</em></strong></span> 
     </span>
    </p>
   </div>
   <div class='ocr_carea' id='block_1_99' title="bbox 2071 3357 3656 3431">
    <p class='ocr_par' dir='ltr' id='par_1_99' title="bbox 2071 3357 3656 3431">
     <span class='ocr_line' id='line_1_99' title="bbox 2071 3357 3656 3431; baseline 0.003 -20"><span class='ocrx_word' id='word_1_721' title='bbox 2071 3365 2403 3431; x_wconf 85' lang='lat' dir='ltr'><strong><em>eo_te_mpore</em></strong></span> <span class='ocrx_word' id='word_1_722' title='bbox 2428 3357 2532 3431; x_wconf 77' lang='lat' dir='ltr'><strong><em>vivi</em></strong></span> <span class='ocrx_word' id='word_1_723' title='bbox 2561 3360 2686 3431; x_wconf 86' lang='lat' dir='ltr'><strong><em>ipsi.</em></strong></span> <span class='ocrx_word' id='word_1_724' title='bbox 2719 3361 2811 3431; x_wconf 86' lang='lat' dir='ltr'><strong><em>qui</em></strong></span> <span class='ocrx_word' id='word_1_725' title='bbox 2843 3361 2908 3415; x_wconf 88' lang='lat' dir='ltr'><strong><em>ad</em></strong></span> <span class='ocrx_word' id='word_1_726' title='bbox 2941 3363 3190 3430; x_wconf 83' lang='lat' dir='ltr'><strong><em>sepulcra</em></strong></span> <span class='ocrx_word' id='word_1_727' title='bbox 3218 3357 3656 3418; x_wconf 54' lang='lat' dir='ltr'><strong><em>sanctorum&#39;ex-</em></strong></span> 
     </span>
    </p>
   </div>
   <div class='ocr_carea' id='block_1_100' title="bbox 2071 3425 3655 3502">
    <p class='ocr_par' dir='ltr' id='par_1_100' title="bbox 2071 3425 3655 3502">
     <span class='ocr_line' id='line_1_100' title="bbox 2071 3425 3655 3502; baseline 0.006 -22"><span class='ocrx_word' id='word_1_728' title='bbox 2071 3425 2364 3502; x_wconf 84' lang='lat' dir='ltr'><strong><em>cubabant,</em></strong></span> <span class='ocrx_word' id='word_1_729' title='bbox 2393 3425 2634 3487; x_wconf 66' lang='lat' dir='ltr'><strong><em>candelae</em></strong></span> <span class='ocrx_word' id='word_1_730' title='bbox 2665 3425 2865 3488; x_wconf 78' lang='lat' dir='ltr'><strong><em>lumine</em></strong></span> <span class='ocrx_word' id='word_1_731' title='bbox 2890 3425 3212 3502; x_wconf 68' lang='lat' dir='ltr'><strong><em>indigerent.</em></strong></span> <span class='ocrx_word' id='word_1_732' title='bbox 3236 3432 3505 3490; x_wconf 67' lang='lat' dir='ltr'><strong><em>Cmterum</em></strong></span> <span class='ocrx_word' id='word_1_733' title='bbox 3531 3449 3655 3490; x_wconf 89' lang='lat' dir='ltr'><strong><em>suc-</em></strong></span> 
     </span>
    </p>
   </div>
   <div class='ocr_carea' id='block_1_101' title="bbox 2071 3497 3660 3576">
    <p class='ocr_par' dir='ltr' id='par_1_101' title="bbox 2071 3497 3660 3576">
     <span class='ocr_line' id='line_1_101' title="bbox 2071 3497 3660 3576; baseline 0.006 -25"><span class='ocrx_word' id='word_1_734' title='bbox 2071 3497 2297 3576; x_wconf 73' lang='lat' dir='ltr'><strong><em>cedente</em></strong></span> <span class='ocrx_word' id='word_1_735' title='bbox 2329 3507 2597 3576; x_wconf 76' lang='lat' dir='ltr'><strong><em>tempore,</em></strong></span> <span class='ocrx_word' id='word_1_736' title='bbox 2626 3511 2910 3574; x_wconf 79' lang='lat' dir='ltr'><strong><em>postquam</em></strong></span> <span class='ocrx_word' id='word_1_737' title='bbox 2953 3497 3136 3572; x_wconf 77' lang='lat' dir='ltr'><strong><em>plebes</em></strong></span> <span class='ocrx_word' id='word_1_738' title='bbox 3179 3506 3660 3576; x_wconf 83' lang='lat' dir='ltr'><strong><em>superstitionibus</em></strong></span> 
     </span>
    </p>
   </div>
   <div class='ocr_carea' id='block_1_102' title="bbox 1998 3566 3662 3645">
    <p class='ocr_par' dir='ltr' id='par_1_102' title="bbox 1998 3566 3662 3645">
     <span class='ocr_line' id='line_1_102' title="bbox 1998 3566 3662 3645; baseline 0.006 -25"><span class='ocrx_word' id='word_1_739' title='bbox 1998 3566 2042 3631; x_wconf 90' lang='lat' dir='ltr'>C</span> <span class='ocrx_word' id='word_1_740' title='bbox 2074 3569 2390 3645; x_wconf 71' lang='lat' dir='ltr'><strong><em>gentilitatis</em></strong></span> <span class='ocrx_word' id='word_1_741' title='bbox 2413 3566 2656 3645; x_wconf 69' lang='lat' dir='ltr'><strong><em>purgaui:</em></strong></span> <span class='ocrx_word' id='word_1_742' title='bbox 2699 3566 2845 3642; x_wconf 78' lang='lat' dir='ltr'><strong><em>sunt,</em></strong></span> <span class='ocrx_word' id='word_1_743' title='bbox 2878 3566 3114 3631; x_wconf 78' lang='lat' dir='ltr'><strong><em>cessavit</em></strong></span> <span class='ocrx_word' id='word_1_744' title='bbox 3157 3566 3470 3645; x_wconf 77' lang='lat' dir='ltr'><strong><em>prohibitio.</em></strong></span> <span class='ocrx_word' id='word_1_745' title='bbox 3505 3576 3662 3630; x_wconf 84' lang='lat' dir='ltr'><strong><em>Faci-</em></strong></span> 
     </span>
    </p>
   </div>
   <div class='ocr_carea' id='block_1_103' title="bbox 2076 3641 3662 3715">
    <p class='ocr_par' dir='ltr' id='par_1_103' title="bbox 2076 3641 3662 3715">
     <span class='ocr_line' id='line_1_103' title="bbox 2076 3641 3662 3715; baseline 0.004 -22"><span class='ocrx_word' id='word_1_746' title='bbox 2076 3641 2313 3715; x_wconf 80' lang='lat' dir='ltr'><strong><em>lit:s_e_st,</em></strong></span> <span class='ocrx_word' id='word_1_747' title='bbox 2342 3643 2485 3710; x_wconf 87' lang='lat' dir='ltr'><strong><em>quod</em></strong></span> <span class='ocrx_word' id='word_1_748' title='bbox 2523 3641 2600 3699; x_wconf 77' lang='lat' dir='ltr'><strong><em>de</em></strong></span> <span class='ocrx_word' id='word_1_749' title='bbox 2629 3641 2836 3701; x_wconf 82' lang='lat' dir='ltr'><strong><em>eanOne</em></strong></span> <span class='ocrx_word' id='word_1_750' title='bbox 2871 3647 2940 3701; x_wconf 80' lang='grc'><strong><em>55</em></strong></span> <span class='ocrx_word' id='word_1_751' title='bbox 2977 3641 3356 3715; x_wconf 77' lang='lat' dir='ltr'><strong><em>objiciebatur,</em></strong></span> <span class='ocrx_word' id='word_1_752' title='bbox 3413 3650 3482 3700; x_wconf 89' lang='lat' dir='ltr'><strong><em>ita</em></strong></span> <span class='ocrx_word' id='word_1_753' title='bbox 3515 3648 3662 3700; x_wconf 87' lang='lat' dir='ltr'><strong><em>cnitn</em></strong></span> 
     </span>
    </p>
   </div>
   <div class='ocr_carea' id='block_1_104' title="bbox 2078 3709 3655 3784">
    <p class='ocr_par' dir='ltr' id='par_1_104' title="bbox 2078 3709 3655 3784">
     <span class='ocr_line' id='line_1_104' title="bbox 2078 3709 3655 3784; baseline 0.004 -22"><span class='ocrx_word' id='word_1_754' title='bbox 2078 3709 2406 3779; x_wconf 78' lang='lat' dir='ltr'><strong><em>prohibitum</em></strong></span> <span class='ocrx_word' id='word_1_755' title='bbox 2437 3715 2534 3784; x_wconf 85' lang='lat' dir='ltr'><strong><em>luit</em></strong></span> <span class='ocrx_word' id='word_1_756' title='bbox 2556 3717 2872 3770; x_wconf 86' lang='lat' dir='ltr'><strong><em>mulieribus</em></strong></span> <span class='ocrx_word' id='word_1_757' title='bbox 2901 3718 2953 3768; x_wconf 90' lang='lat' dir='ltr'><strong><em>in</em></strong></span> <span class='ocrx_word' id='word_1_758' title='bbox 2977 3709 3292 3773; x_wconf 73' lang='lat' dir='ltr'><strong><em>ccetttitcriis</em></strong></span> <span class='ocrx_word' id='word_1_759' title='bbox 3318 3715 3655 3784; x_wconf 79' lang='lat' dir='ltr'><strong><em>pervigilare,</em></strong></span> 
     </span>
    </p>
   </div>
   <div class='ocr_carea' id='block_1_105' title="bbox 2078 3783 3663 3855">
    <p class='ocr_par' dir='ltr' id='par_1_105' title="bbox 2078 3783 3663 3855">
     <span class='ocr_line' id='line_1_105' title="bbox 2078 3783 3663 3855; baseline 0.004 -23"><span class='ocrx_word' id='word_1_760' title='bbox 2078 3793 2130 3832; x_wconf 90' lang='lat' dir='ltr'><strong><em>ttt</em></strong></span> <span class='ocrx_word' id='word_1_761' title='bbox 2153 3794 2376 3855; x_wconf 81' lang='lat' dir='ltr'><strong><em>causam</em></strong></span> <span class='ocrx_word' id='word_1_762' title='bbox 2407 3783 2527 3848; x_wconf 83' lang='lat' dir='ltr'><strong><em>ejus</em></strong></span> <span class='ocrx_word' id='word_1_763' title='bbox 2555 3785 2931 3850; x_wconf 83' lang='lat' dir='ltr'><strong><em>proltibitionis</em></strong></span> <span class='ocrx_word' id='word_1_764' title='bbox 2956 3786 3244 3841; x_wconf 84' lang='lat' dir='ltr'><strong><em>concilium</em></strong></span> <span class='ocrx_word' id='word_1_765' title='bbox 3271 3787 3622 3855; x_wconf 87' lang='lat' dir='ltr'><strong><em>subjungeret</em></strong></span> <span class='ocrx_word' id='word_1_766' title='bbox 3643 3783 3663 3849; x_wconf 25' lang='grc' dir='ltr'><strong><em>ί,</em></strong></span> 
     </span>
    </p>
   </div>
   <div class='ocr_carea' id='block_1_106' title="bbox 2078 3852 3666 3924">
    <p class='ocr_par' dir='ltr' id='par_1_106' title="bbox 2078 3852 3666 3924">
     <span class='ocr_line' id='line_1_106' title="bbox 2078 3852 3666 3924; baseline 0.004 -20"><span class='ocrx_word' id='word_1_767' title='bbox 2078 3867 2136 3904; x_wconf 84' lang='lat' dir='ltr'><strong><em>eo</em></strong></span> <span class='ocrx_word' id='word_1_768' title='bbox 2162 3852 2300 3924; x_wconf 85' lang='lat' dir='ltr'><strong><em>quod</em></strong></span> <span class='ocrx_word' id='word_1_769' title='bbox 2344 3868 2477 3924; x_wconf 76' lang='lat' dir='ltr'><strong><em>swpe</em></strong></span> <span class='ocrx_word' id='word_1_770' title='bbox 2517 3855 2610 3909; x_wconf 87' lang='lat' dir='ltr'><strong><em>sub</em></strong></span> <span class='ocrx_word' id='word_1_771' title='bbox 2640 3855 2847 3910; x_wconf 89' lang='lat' dir='ltr'><strong><em>obtentu</em></strong></span> <span class='ocrx_word' id='word_1_772' title='bbox 2887 3857 3158 3923; x_wconf 86' lang='lat' dir='ltr'><strong><em>orationis,</em></strong></span> <span class='ocrx_word' id='word_1_773' title='bbox 3204 3852 3423 3911; x_wconf 81' lang='lat' dir='ltr'><strong><em>latenter</em></strong></span> <span class='ocrx_word' id='word_1_774' title='bbox 3464 3852 3666 3911; x_wconf 76' lang='lat' dir='ltr'><strong><em>scelera</em></strong></span> 
     </span>
    </p>
   </div>
   <div class='ocr_carea' id='block_1_107' title="bbox 2076 3923 3664 4004">
    <p class='ocr_par' dir='ltr' id='par_1_107' title="bbox 2076 3923 3664 4004">
     <span class='ocr_line' id='line_1_107' title="bbox 2076 3923 3664 4004; baseline 0.006 -30"><span class='ocrx_word' id='word_1_775' title='bbox 2076 3923 2424 4004; x_wconf 36' lang='lat' dir='ltr'><strong><em>continittant,</em></strong></span> <span class='ocrx_word' id='word_1_776' title='bbox 2453 3924 2565 3980; x_wconf 80' lang='lat' dir='ltr'><strong><em>Non</em></strong></span> <span class='ocrx_word' id='word_1_777' title='bbox 2599 3926 2758 4004; x_wconf 78' lang='lat' dir='ltr'><strong><em>igitur</em></strong></span> <span class='ocrx_word' id='word_1_778' title='bbox 2782 3926 2989 4004; x_wconf 77' lang='lat' dir='ltr'><strong><em>vigilias</em></strong></span> <span class='ocrx_word' id='word_1_779' title='bbox 3013 3927 3161 4004; x_wconf 79' lang='lat' dir='ltr'><strong><em>ipsas</em></strong></span> <span class='ocrx_word' id='word_1_780' title='bbox 3186 3928 3482 4004; x_wconf 84' lang='lat' dir='ltr'><strong><em>prnbibuit,</em></strong></span> <span class='ocrx_word' id='word_1_781' title='bbox 3507 3926 3664 4004; x_wconf 71' lang='lat' dir='ltr'><strong><em>quasi</em></strong></span> 
     </span>
    </p>
   </div>
   <div class='ocr_carea' id='block_1_108' title="bbox 2076 3993 3666 4068">
    <p class='ocr_par' dir='ltr' id='par_1_108' title="bbox 2076 3993 3666 4068">
     <span class='ocr_line' id='line_1_108' title="bbox 2076 3993 3666 4068; baseline 0.006 -21"><span class='ocrx_word' id='word_1_782' title='bbox 2076 4007 2142 4048; x_wconf 87' lang='lat' dir='ltr'><strong><em>ex</em></strong></span> <span class='ocrx_word' id='word_1_783' title='bbox 2176 4006 2248 4068; x_wconf 81' lang='lat' dir='ltr'><strong><em>_se</em></strong></span> <span class='ocrx_word' id='word_1_784' title='bbox 2294 3993 2508 4050; x_wconf 91' lang='lat' dir='ltr'><strong><em>illicitas</em></strong></span> <span class='ocrx_word' id='word_1_785' title='bbox 2550 4014 2562 4051; x_wconf 91' lang='lat'><strong>:</strong></span> <span class='ocrx_word' id='word_1_786' title='bbox 2606 3993 2776 4068; x_wconf 75' lang='lat' dir='ltr'><strong><em>absit;</em></strong></span> <span class='ocrx_word' id='word_1_787' title='bbox 2825 3997 2920 4052; x_wconf 89' lang='lat' dir='ltr'><strong><em>sed</em></strong></span> <span class='ocrx_word' id='word_1_788' title='bbox 2967 3993 3222 4068; x_wconf 70' lang='lat' dir='ltr'><strong><em>quoniam</em></strong></span> <span class='ocrx_word' id='word_1_789' title='bbox 3260 4001 3342 4058; x_wconf 87' lang='lat' dir='ltr'><strong><em>eis</em></strong></span> <span class='ocrx_word' id='word_1_790' title='bbox 3388 3993 3666 4056; x_wconf 62' lang='lat' dir='ltr'><strong><em>nonnulla</em></strong></span> 
     </span>
    </p>
   </div>
   <div class='ocr_carea' id='block_1_109' title="bbox 2078 4064 3664 4140">
    <p class='ocr_par' dir='ltr' id='par_1_109' title="bbox 2078 4064 3664 4140">
     <span class='ocr_line' id='line_1_109' title="bbox 2078 4064 3664 4140; baseline 0.006 -24"><span class='ocrx_word' id='word_1_791' title='bbox 2078 4064 2337 4140; x_wconf 77' lang='lat' dir='ltr'><strong><em>mulieres</em></strong></span> <span class='ocrx_word' id='word_1_792' title='bbox 2369 4083 2532 4135; x_wconf 86' lang='lat' dir='ltr'><strong><em>prave</em></strong></span> <span class='ocrx_word' id='word_1_793' title='bbox 2562 4067 2872 4124; x_wconf 85' lang='lat' dir='ltr'><strong><em>utebantur.</em></strong></span> <span class='ocrx_word' id='word_1_794' title='bbox 2907 4064 3049 4124; x_wconf 66' lang='lat' dir='ltr'><strong><em>ldém</em></strong></span> <span class='ocrx_word' id='word_1_795' title='bbox 3075 4071 3341 4140; x_wconf 86' lang='lat' dir='ltr'><strong><em>judicium</em></strong></span> <span class='ocrx_word' id='word_1_796' title='bbox 3380 4071 3664 4128; x_wconf 79' lang='lat' dir='ltr'><strong><em>ferendum</em></strong></span> 
     </span>
    </p>
   </div>
   <div class='ocr_carea' id='block_1_110' title="bbox 2077 4135 3666 4213">
    <p class='ocr_par' dir='ltr' id='par_1_110' title="bbox 2077 4135 3666 4213">
     <span class='ocr_line' id='line_1_110' title="bbox 2077 4135 3666 4213; baseline 0.004 -24"><span class='ocrx_word' id='word_1_797' title='bbox 2077 4135 2252 4213; x_wconf 78' lang='lat' dir='ltr'><strong><em>estde</em></strong></span> <span class='ocrx_word' id='word_1_798' title='bbox 2291 4151 2498 4194; x_wconf 87' lang='lat' dir='ltr'><strong><em>canone</em></strong></span> <span class='ocrx_word' id='word_1_799' title='bbox 2523 4141 2806 4213; x_wconf 82' lang='lat' dir='ltr'><strong><em>trigesimo</em></strong></span> <span class='ocrx_word' id='word_1_800' title='bbox 2837 4150 3014 4206; x_wconf 87' lang='lat' dir='ltr'><strong><em>sexto,</em></strong></span> <span class='ocrx_word' id='word_1_801' title='bbox 3057 4135 3164 4213; x_wconf 73' lang='lat' dir='ltr'><strong><em>quo</em></strong></span> <span class='ocrx_word' id='word_1_802' title='bbox 3195 4158 3300 4197; x_wconf 89' lang='lat' dir='ltr'><strong><em>non</em></strong></span> <span class='ocrx_word' id='word_1_803' title='bbox 3346 4143 3666 4212; x_wconf 85' lang='lat' dir='ltr'><strong><em>prohibetur</em></strong></span> 
     </span>
    </p>
   </div>
   <div class='ocr_carea' id='block_1_111' title="bbox 2076 4209 3666 4285">
    <p class='ocr_par' dir='ltr' id='par_1_111' title="bbox 2076 4209 3666 4285">
     <span class='ocr_line' id='line_1_111' title="bbox 2076 4209 3666 4285; baseline 0.003 -24"><span class='ocrx_word' id='word_1_804' title='bbox 2076 4209 2326 4285; x_wconf 84' lang='lat' dir='ltr'><strong><em>absolute</em></strong></span> <span class='ocrx_word' id='word_1_805' title='bbox 2359 4224 2490 4285; x_wconf 84' lang='lat' dir='ltr'><strong><em>usus</em></strong></span> <span class='ocrx_word' id='word_1_806' title='bbox 2520 4212 2839 4285; x_wconf 84' lang='lat' dir='ltr'><strong><em>imaginum,</em></strong></span> <span class='ocrx_word' id='word_1_807' title='bbox 2873 4213 2968 4267; x_wconf 88' lang='lat' dir='ltr'><strong><em>sed</em></strong></span> <span class='ocrx_word' id='word_1_808' title='bbox 3002 4209 3143 4282; x_wconf 78' lang='lat' dir='ltr'><strong><em>quod</em></strong></span> <span class='ocrx_word' id='word_1_809' title='bbox 3173 4231 3278 4268; x_wconf 89' lang='lat' dir='ltr'><strong><em>non</em></strong></span> <span class='ocrx_word' id='word_1_810' title='bbox 3305 4209 3666 4285; x_wconf 81' lang='lat' dir='ltr'><strong><em>depingeren-</em></strong></span> 
     </span>
    </p>
   </div>
   <div class='ocr_carea' id='block_1_112' title="bbox 2081 4279 3667 4358">
    <p class='ocr_par' dir='ltr' id='par_1_112' title="bbox 2081 4279 3667 4358">
     <span class='ocr_line' id='line_1_112' title="bbox 2081 4279 3667 4358; baseline 0.004 -26"><span class='ocrx_word' id='word_1_811' title='bbox 2081 4286 2167 4358; x_wconf 69' lang='lat' dir='ltr'><strong><em>tttr</em></strong></span> <span class='ocrx_word' id='word_1_812' title='bbox 2194 4279 2244 4358; x_wconf 78' lang='lat' dir='ltr'><strong><em>in</em></strong></span> <span class='ocrx_word' id='word_1_813' title='bbox 2273 4280 2569 4346; x_wconf 81' lang='lat' dir='ltr'><strong><em>parietibus</em></strong></span> <span class='ocrx_word' id='word_1_814' title='bbox 2605 4279 2965 4358; x_wconf 77' lang='lat' dir='ltr'><strong><em>templorum,</em></strong></span> <span class='ocrx_word' id='word_1_815' title='bbox 2995 4279 3115 4338; x_wconf 80' lang='lat' dir='ltr'><strong><em>sive</em></strong></span> <span class='ocrx_word' id='word_1_816' title='bbox 3145 4287 3271 4354; x_wconf 89' lang='lat' dir='ltr'><strong><em>quia</em></strong></span> <span class='ocrx_word' id='word_1_817' title='bbox 3301 4279 3667 4353; x_wconf 29' lang='lat' dir='ltr'><strong><em>eo’ten&#39;tpore,</em></strong></span> 
     </span>
    </p>
   </div>
   <div class='ocr_carea' id='block_1_113' title="bbox 2079 4351 3664 4424">
    <p class='ocr_par' dir='ltr' id='par_1_113' title="bbox 2079 4351 3664 4424">
     <span class='ocr_line' id='line_1_113' title="bbox 2079 4351 3664 4424; baseline 0.004 -22"><span class='ocrx_word' id='word_1_818' title='bbox 2079 4351 2336 4424; x_wconf 71' lang='lat' dir='ltr'><strong><em>s&#39;wviente</em></strong></span> <span class='ocrx_word' id='word_1_819' title='bbox 2376 4351 2781 4421; x_wconf 75' lang='lat' dir='ltr'><strong><em>persecutione,</em></strong></span> <span class='ocrx_word' id='word_1_820' title='bbox 2813 4355 3129 4424; x_wconf 89' lang='lat' dir='ltr'><strong><em>plerumque</em></strong></span> <span class='ocrx_word' id='word_1_821' title='bbox 3156 4351 3664 4411; x_wconf 28' lang='lat' dir='ltr'><strong><em>reutanerent’cum</em></strong></span> 
     </span>
    </p>
   </div>
   <div class='ocr_carea' id='block_1_114' title="bbox 2081 4421 3665 4493">
    <p class='ocr_par' dir='ltr' id='par_1_114' title="bbox 2081 4421 3665 4493">
     <span class='ocr_line' id='line_1_114' title="bbox 2081 4421 3665 4493; baseline 0.002 -20"><span class='ocrx_word' id='word_1_822' title='bbox 2081 4421 2302 4493; x_wconf 81' lang='lat' dir='ltr'><strong><em>templis</em></strong></span> <span class='ocrx_word' id='word_1_823' title='bbox 2321 4422 2374 4473; x_wconf 90' lang='lat' dir='ltr'><strong><em>in</em></strong></span> <span class='ocrx_word' id='word_1_824' title='bbox 2396 4432 2663 4489; x_wconf 86' lang='lat' dir='ltr'><strong><em>potestate</em></strong></span> <span class='ocrx_word' id='word_1_825' title='bbox 2683 4424 2990 4493; x_wconf 82' lang='lat' dir='ltr'><strong><em>gentilium,</em></strong></span> <span class='ocrx_word' id='word_1_826' title='bbox 3019 4421 3255 4481; x_wconf 78' lang='lat' dir='ltr'><strong><em>irrisioni</em></strong></span> <span class='ocrx_word' id='word_1_827' title='bbox 3279 4442 3466 4480; x_wconf 88' lang='lat' dir='ltr'><strong><em>eorum</em></strong></span> <span class='ocrx_word' id='word_1_828' title='bbox 3491 4440 3558 4478; x_wconf 82' lang='lat' dir='ltr'><strong><em>ex</em></strong></span> <span class='ocrx_word' id='word_1_829' title='bbox 3571 4437 3665 4489; x_wconf 88' lang='lat' dir='ltr'><strong><em>po-</em></strong></span> 
     </span>
    </p>
   </div>
   <div class='ocr_carea' id='block_1_115' title="bbox 2079 4491 3664 4562">
    <p class='ocr_par' dir='ltr' id='par_1_115' title="bbox 2079 4491 3664 4562">
     <span class='ocr_line' id='line_1_115' title="bbox 2079 4491 3664 4562; baseline 0.003 -18"><span class='ocrx_word' id='word_1_830' title='bbox 2079 4492 2231 4546; x_wconf 63' lang='lat' dir='ltr'><strong><em>Slltci</em></strong></span> <span class='ocrx_word' id='word_1_831' title='bbox 2261 4491 2374 4546; x_wconf 80' lang='lat' dir='ltr'><strong><em>sive</em></strong></span> <span class='ocrx_word' id='word_1_832' title='bbox 2401 4495 2656 4562; x_wconf 89' lang='lat' dir='ltr'><strong><em>quoniam</em></strong></span> <span class='ocrx_word' id='word_1_833' title='bbox 2683 4491 2959 4548; x_wconf 81' lang='lat' dir='ltr'><strong><em>murorum</em></strong></span> <span class='ocrx_word' id='word_1_834' title='bbox 2991 4497 3192 4552; x_wconf 88' lang='lat' dir='ltr'><strong><em>crustis</em></strong></span> <span class='ocrx_word' id='word_1_835' title='bbox 3218 4496 3375 4551; x_wconf 79' lang='lat' dir='ltr'><strong><em>facile</em></strong></span> <span class='ocrx_word' id='word_1_836' title='bbox 3402 4494 3664 4560; x_wconf 85' lang='lat' dir='ltr'><strong><em>diruptis,</em></strong></span> 
     </span>
    </p>
   </div>
   <div class='ocr_carea' id='block_1_116' title="bbox 2079 4563 3664 4634">
    <p class='ocr_par' dir='ltr' id='par_1_116' title="bbox 2079 4563 3664 4634">
     <span class='ocr_line' id='line_1_116' title="bbox 2079 4563 3664 4634; baseline 0.003 -21"><span class='ocrx_word' id='word_1_837' title='bbox 2079 4570 2392 4634; x_wconf 84' lang='lat' dir='ltr'><strong><em>sanctorum</em></strong></span> <span class='ocrx_word' id='word_1_838' title='bbox 2443 4563 2708 4633; x_wconf 74' lang='lat' dir='ltr'><strong><em>imagines</em></strong></span> <span class='ocrx_word' id='word_1_839' title='bbox 2751 4563 3221 4634; x_wconf 79' lang='lat' dir='ltr'><strong><em>deformarentur,</em></strong></span> <span class='ocrx_word' id='word_1_840' title='bbox 3273 4568 3390 4620; x_wconf 85' lang='lat' dir='ltr'><strong><em>sive</em></strong></span> <span class='ocrx_word' id='word_1_841' title='bbox 3447 4567 3664 4634; x_wconf 82' lang='lat' dir='ltr'><strong><em>tandem</em></strong></span> 
     </span>
    </p>
   </div>
   <div class='ocr_carea' id='block_1_117' title="bbox 2081 4631 3664 4702">
    <p class='ocr_par' dir='ltr' id='par_1_117' title="bbox 2081 4631 3664 4702">
     <span class='ocr_line' id='line_1_117' title="bbox 2081 4631 3664 4702; baseline 0.003 -18"><span class='ocrx_word' id='word_1_842' title='bbox 2081 4633 2206 4699; x_wconf 90' lang='lat' dir='ltr'><strong><em>quia</em></strong></span> <span class='ocrx_word' id='word_1_843' title='bbox 2237 4631 2288 4685; x_wconf 91' lang='lat' dir='ltr'><strong><em>in</em></strong></span> <span class='ocrx_word' id='word_1_844' title='bbox 2319 4642 2463 4686; x_wconf 88' lang='lat' dir='ltr'><strong><em>tanta</em></strong></span> <span class='ocrx_word' id='word_1_845' title='bbox 2495 4631 2796 4689; x_wconf 82' lang='lat' dir='ltr'><strong><em>reverentia</em></strong></span> <span class='ocrx_word' id='word_1_846' title='bbox 2835 4650 2900 4689; x_wconf 92' lang='lat' dir='ltr'><strong><em>eo</em></strong></span> <span class='ocrx_word' id='word_1_847' title='bbox 2939 4631 3390 4699; x_wconf 25' lang='lat' dir='ltr'><strong><em>tetnporis‘erant</em></strong></span> <span class='ocrx_word' id='word_1_848' title='bbox 3419 4633 3561 4702; x_wconf 83' lang='lat' dir='ltr'><strong><em>apud</em></strong></span> <span class='ocrx_word' id='word_1_849' title='bbox 3603 4634 3664 4688; x_wconf 84' lang='lat' dir='ltr'><strong><em>li-</em></strong></span> 
     </span>
    </p>
   </div>
   <div class='ocr_carea' id='block_1_118' title="bbox 2081 4703 3663 4776">
    <p class='ocr_par' dir='ltr' id='par_1_118' title="bbox 2081 4703 3663 4776">
     <span class='ocr_line' id='line_1_118' title="bbox 2081 4703 3663 4776; baseline 0.003 -20"><span class='ocrx_word' id='word_1_850' title='bbox 2081 4703 2231 4776; x_wconf 85' lang='lat' dir='ltr'><strong><em>deles</em></strong></span> <span class='ocrx_word' id='word_1_851' title='bbox 2268 4713 2580 4776; x_wconf 82' lang='lat' dir='ltr'><strong><em>sanctorum</em></strong></span> <span class='ocrx_word' id='word_1_852' title='bbox 2611 4706 2892 4775; x_wconf 87' lang='lat' dir='ltr'><strong><em>imagines,</em></strong></span> <span class='ocrx_word' id='word_1_853' title='bbox 2925 4705 3066 4774; x_wconf 90' lang='lat' dir='ltr'><strong><em>quod</em></strong></span> <span class='ocrx_word' id='word_1_854' title='bbox 3092 4723 3200 4761; x_wconf 93' lang='lat' dir='ltr'><strong><em>non</em></strong></span> <span class='ocrx_word' id='word_1_855' title='bbox 3231 4707 3282 4762; x_wconf 89' lang='lat' dir='ltr'><strong><em>iu</em></strong></span> <span class='ocrx_word' id='word_1_856' title='bbox 3323 4707 3516 4776; x_wconf 85' lang='lat' dir='ltr'><strong><em>quavis</em></strong></span> <span class='ocrx_word' id='word_1_857' title='bbox 3547 4721 3663 4760; x_wconf 89' lang='lat' dir='ltr'><strong><em>ma-</em></strong></span> 
     </span>
    </p>
   </div>
   <div class='ocr_carea' id='block_1_119' title="bbox 2084 4774 3666 4847">
    <p class='ocr_par' dir='ltr' id='par_1_119' title="bbox 2084 4774 3666 4847">
     <span class='ocr_line' id='line_1_119' title="bbox 2084 4774 3666 4847; baseline 0.004 -21"><span class='ocrx_word' id='word_1_858' title='bbox 2084 4774 2218 4827; x_wconf 88' lang='lat' dir='ltr'><strong><em>teria</em></strong></span> <span class='ocrx_word' id='word_1_859' title='bbox 2243 4774 2548 4847; x_wconf 78' lang='lat' dir='ltr'><strong><em>visumluit</em></strong></span> <span class='ocrx_word' id='word_1_860' title='bbox 2569 4774 2769 4831; x_wconf 79' lang='lat' dir='ltr'><strong><em>decere</em></strong></span> <span class='ocrx_word' id='word_1_861' title='bbox 2797 4776 3047 4846; x_wconf 79' lang='lat' dir='ltr'><strong><em>depingi;</em></strong></span> <span class='ocrx_word' id='word_1_862' title='bbox 3080 4794 3201 4847; x_wconf 70' lang='lat' dir='ltr'><strong><em>qua:</em></strong></span> <span class='ocrx_word' id='word_1_863' title='bbox 3229 4774 3413 4832; x_wconf 84' lang='lat' dir='ltr'><strong><em>omnia</em></strong></span> <span class='ocrx_word' id='word_1_864' title='bbox 3450 4777 3582 4831; x_wconf 88' lang='lat' dir='ltr'><strong><em>satis</em></strong></span> <span class='ocrx_word' id='word_1_865' title='bbox 3609 4776 3666 4832; x_wconf 92' lang='lat' dir='ltr'><strong><em>in</em></strong></span> 
     </span>
    </p>
   </div>
   <div class='ocr_carea' id='block_1_120' title="bbox 2083 4846 3667 4920">
    <p class='ocr_par' dir='ltr' id='par_1_120' title="bbox 2083 4846 3667 4920">
     <span class='ocr_line' id='line_1_120' title="bbox 2083 4846 3667 4920; baseline 0.003 -22"><span class='ocrx_word' id='word_1_866' title='bbox 2083 4859 2243 4920; x_wconf 75' lang='lat' dir='ltr'><strong><em>causa</em></strong></span> <span class='ocrx_word' id='word_1_867' title='bbox 2288 4846 2669 4920; x_wconf 73' lang='lat' dir='ltr'><strong><em>proltibitionis</em></strong></span> <span class='ocrx_word' id='word_1_868' title='bbox 2716 4863 2745 4901; x_wconf 88' lang='lat' dir='ltr'><strong><em>a</em></strong></span> <span class='ocrx_word' id='word_1_869' title='bbox 2791 4847 3024 4903; x_wconf 85' lang='lat' dir='ltr'><strong><em>concilio</em></strong></span> <span class='ocrx_word' id='word_1_870' title='bbox 3063 4846 3349 4920; x_wconf 87' lang='lat' dir='ltr'><strong><em>subjuncta</em></strong></span> <span class='ocrx_word' id='word_1_871' title='bbox 3377 4893 3390 4919; x_wconf 91' lang='lat'><strong><em>,</em></strong></span> <span class='ocrx_word' id='word_1_872' title='bbox 3438 4848 3667 4918; x_wconf 82' lang='lat' dir='ltr'><strong><em>intelligi</em></strong></span> 
     </span>
    </p>
   </div>
   <div class='ocr_carea' id='block_1_121' title="bbox 389 4916 3669 5014">
    <p class='ocr_par' dir='ltr' id='par_1_121' title="bbox 389 4916 3669 5014">
     <span class='ocr_line' id='line_1_121' title="bbox 389 4916 3669 5014; baseline -0 -38"><span class='ocrx_word' id='word_1_873' title='bbox 389 4926 748 5014; x_wconf 60' lang='lat' dir='ltr'><strong><em>fommunione</em></strong></span> <span class='ocrx_word' id='word_1_874' title='bbox 789 4924 1197 5014; x_wconf 43' lang='lat' dir='ltr'><strong><em>priuareIu-rqutt</em></strong></span> <span class='ocrx_word' id='word_1_875' title='bbox 1226 4923 1490 5014; x_wconf 56' lang='lat' dir='ltr'><strong><em>Tolletauo</em></strong></span> <span class='ocrx_word' id='word_1_876' title='bbox 1528 4936 1610 4987; x_wconf 77' lang='grc' dir='ltr'><strong><em>ιι,</em></strong></span> <span class='ocrx_word' id='word_1_877' title='bbox 1661 4920 1762 5014; x_wconf 56' lang='lat' dir='ltr'><strong><em>sub</em></strong></span> <span class='ocrx_word' id='word_1_878' title='bbox 1792 4917 1979 5014; x_wconf 49' lang='lat' dir='ltr'><strong><em>VYa‘tn-</em></strong></span> <span class='ocrx_word' id='word_1_879' title='bbox 2003 4953 2057 5014; x_wconf 68' lang='grc' dir='ltr'>Β</span> <span class='ocrx_word' id='word_1_880' title='bbox 2084 4916 2420 5014; x_wconf 52' lang='grc' dir='ltr'><strong><em>ςειιμυιι,¹Νε</em></strong></span> <span class='ocrx_word' id='word_1_881' title='bbox 2444 4921 2610 5014; x_wconf 40' lang='lat' dir='ltr'><strong><em>Lquodk</em></strong></span> <span class='ocrx_word' id='word_1_882' title='bbox 2636 4919 2841 5014; x_wconf 52' lang='lat' dir='ltr'><strong><em>colitur,</em></strong></span> <span class='ocrx_word' id='word_1_883' title='bbox 2891 4928 2938 4973; x_wconf 85' lang='lat' dir='ltr'><strong><em>et</em></strong></span> <span class='ocrx_word' id='word_1_884' title='bbox 2983 4916 3252 5014; x_wconf 65' lang='lat' dir='ltr'><strong><em>adoretur,</em></strong></span> <span class='ocrx_word' id='word_1_885' title='bbox 3288 4922 3343 4974; x_wconf 89' lang='lat' dir='ltr'><strong><em>in</em></strong></span> <span class='ocrx_word' id='word_1_886' title='bbox 3379 4916 3669 5014; x_wconf 70' lang='lat' dir='ltr'><strong><em>parietibus</em></strong></span> 
     </span>
    </p>
   </div>
   <div class='ocr_carea' id='block_1_122' title="bbox 391 4993 1978 5066">
    <p class='ocr_par' dir='ltr' id='par_1_122' title="bbox 391 4993 1978 5066">
     <span class='ocr_line' id='line_1_122' title="bbox 391 4993 1978 5066; baseline -0.001 -18"><span class='ocrx_word' id='word_1_887' title='bbox 391 4993 529 5050; x_wconf 90' lang='lat' dir='ltr'><strong><em>bane</em></strong></span> <span class='ocrx_word' id='word_1_888' title='bbox 561 5010 684 5066; x_wconf 87' lang='lat' dir='ltr'><strong><em>rege</em></strong></span> <span class='ocrx_word' id='word_1_889' title='bbox 712 5011 821 5066; x_wconf 78' lang='lat' dir='ltr'><strong><em>aera</em></strong></span> <span class='ocrx_word' id='word_1_890' title='bbox 864 5000 1004 5049; x_wconf 66' lang='lat' dir='ltr'><strong><em>(Lais.</em></strong></span> <span class='ocrx_word' id='word_1_891' title='bbox 1041 4995 1145 5066; x_wconf 56' lang='lat'><strong><em>743’)</em></strong></span> <span class='ocrx_word' id='word_1_892' title='bbox 1180 4995 1471 5066; x_wconf 80' lang='lat' dir='ltr'><strong><em>celebrato,</em></strong></span> <span class='ocrx_word' id='word_1_893' title='bbox 1507 5007 1630 5066; x_wconf 89' lang='lat' dir='ltr'><strong><em>cap.</em></strong></span> <span class='ocrx_word' id='word_1_894' title='bbox 1665 4993 1753 5054; x_wconf 78' lang='grc'><strong><em>15,</em></strong></span> <span class='ocrx_word' id='word_1_895' title='bbox 1783 4993 1978 5066; x_wconf 84' lang='lat' dir='ltr'><strong><em>citatur</em></strong></span> 
     </span>
    </p>
   </div>
   <div class='ocr_carea' id='block_1_123' title="bbox 391 5061 1975 5132">
    <p class='ocr_par' dir='ltr' id='par_1_123' title="bbox 391 5061 1975 5132">
     <span class='ocr_line' id='line_1_123' title="bbox 391 5061 1975 5132; baseline 0 -14"><span class='ocrx_word' id='word_1_896' title='bbox 391 5079 562 5119; x_wconf 87' lang='lat' dir='ltr'><strong><em>canon</em></strong></span> <span class='ocrx_word' id='word_1_897' title='bbox 602 5061 672 5120; x_wconf 58' lang='lat'><strong>2&#39;9</strong></span> <span class='ocrx_word' id='word_1_898' title='bbox 716 5065 1061 5121; x_wconf 86' lang='lat' dir='ltr'><strong><em>lliberritani.</em></strong></span> <span class='ocrx_word' id='word_1_899' title='bbox 1109 5064 1166 5120; x_wconf 82' lang='lat' dir='ltr'><strong><em>In</em></strong></span> <span class='ocrx_word' id='word_1_900' title='bbox 1213 5064 1614 5127; x_wconf 89' lang='lat' dir='ltr'><strong><em>Suessoniensi,</em></strong></span> <span class='ocrx_word' id='word_1_901' title='bbox 1658 5061 1804 5132; x_wconf 85' lang='lat' dir='ltr'><strong><em>quod</em></strong></span> <span class='ocrx_word' id='word_1_902' title='bbox 1847 5077 1975 5118; x_wconf 90' lang='lat' dir='ltr'><strong><em>ann.</em></strong></span> 
     </span>
    </p>
   </div>
   <div class='ocr_carea' id='block_1_124' title="bbox 393 5133 1979 5202">
    <p class='ocr_par' dir='ltr' id='par_1_124' title="bbox 393 5133 1979 5202">
     <span class='ocr_line' id='line_1_124' title="bbox 393 5133 1979 5202; baseline -0.001 -13"><span class='ocrx_word' id='word_1_903' title='bbox 393 5133 548 5193; x_wconf 87' lang='lat' dir='ltr'><strong><em>Dom.</em></strong></span> <span class='ocrx_word' id='word_1_904' title='bbox 578 5137 684 5194; x_wconf 78' lang='lat'><strong><em>855</em></strong></span> <span class='ocrx_word' id='word_1_905' title='bbox 719 5136 1046 5193; x_wconf 89' lang='lat' dir='ltr'><strong><em>celebratum</em></strong></span> <span class='ocrx_word' id='word_1_906' title='bbox 1092 5137 1210 5202; x_wconf 85' lang='lat' dir='ltr'><strong><em>fuit,</em></strong></span> <span class='ocrx_word' id='word_1_907' title='bbox 1254 5136 1308 5190; x_wconf 95' lang='lat' dir='ltr'><strong><em>in</em></strong></span> <span class='ocrx_word' id='word_1_908' title='bbox 1349 5138 1482 5190; x_wconf 90' lang='lat' dir='ltr'><strong><em>actis</em></strong></span> <span class='ocrx_word' id='word_1_909' title='bbox 1528 5135 1756 5190; x_wconf 87' lang='lat' dir='ltr'><strong><em>actionis</em></strong></span> <span class='ocrx_word' id='word_1_910' title='bbox 1804 5133 1860 5200; x_wconf 88' lang='lat'><strong><em>6,</em></strong></span> <span class='ocrx_word' id='word_1_911' title='bbox 1908 5134 1979 5188; x_wconf 81' lang='lat' dir='ltr'><strong><em>ad</em></strong></span> 
     </span>
    </p>
   </div>
   <div class='ocr_carea' id='block_1_125' title="bbox 394 5203 1979 5274">
    <p class='ocr_par' dir='ltr' id='par_1_125' title="bbox 394 5203 1979 5274">
     <span class='ocr_line' id='line_1_125' title="bbox 394 5203 1979 5274; baseline 0.001 -16"><span class='ocrx_word' id='word_1_912' title='bbox 394 5205 552 5262; x_wconf 80' lang='lat' dir='ltr'><strong><em>tinent</em></strong></span> <span class='ocrx_word' id='word_1_913' title='bbox 583 5210 756 5263; x_wconf 86' lang='lat' dir='ltr'><strong><em>ultimi</em></strong></span> <span class='ocrx_word' id='word_1_914' title='bbox 788 5211 1034 5274; x_wconf 83' lang='lat' dir='ltr'><strong><em>canonis,</em></strong></span> <span class='ocrx_word' id='word_1_915' title='bbox 1067 5208 1298 5263; x_wconf 76' lang='lat' dir='ltr'><strong><em>refertur</em></strong></span> <span class='ocrx_word' id='word_1_916' title='bbox 1323 5221 1496 5262; x_wconf 86' lang='lat' dir='ltr'><strong><em>canon</em></strong></span> <span class='ocrx_word' id='word_1_917' title='bbox 1530 5207 1598 5261; x_wconf 76' lang='lat'>73</span> <span class='ocrx_word' id='word_1_918' title='bbox 1628 5203 1979 5261; x_wconf 90' lang='lat' dir='ltr'><strong><em>lliberritani.</em></strong></span> 
     </span>
    </p>
   </div>
   <div class='ocr_carea' id='block_1_126' title="bbox 391 5274 1979 5348">
    <p class='ocr_par' dir='ltr' id='par_1_126' title="bbox 391 5274 1979 5348">
     <span class='ocr_line' id='line_1_126' title="bbox 391 5274 1979 5348; baseline 0 -18"><span class='ocrx_word' id='word_1_919' title='bbox 391 5274 821 5339; x_wconf 82' lang='lat' dir='ltr'><strong><em>Wormacicnse.</em></strong></span> <span class='ocrx_word' id='word_1_920' title='bbox 854 5281 954 5333; x_wconf 87' lang='lat' dir='ltr'><strong><em>sub</em></strong></span> <span class='ocrx_word' id='word_1_921' title='bbox 977 5278 1249 5333; x_wconf 84' lang='lat' dir='ltr'><strong><em>Ludovico</em></strong></span> <span class='ocrx_word' id='word_1_922' title='bbox 1281 5293 1406 5348; x_wconf 89' lang='lat' dir='ltr'><strong><em>rege</em></strong></span> <span class='ocrx_word' id='word_1_923' title='bbox 1432 5293 1577 5332; x_wconf 89' lang='lat' dir='ltr'><strong><em>anno</em></strong></span> <span class='ocrx_word' id='word_1_924' title='bbox 1603 5277 1819 5332; x_wconf 87' lang='lat' dir='ltr'><strong><em>Domini</em></strong></span> <span class='ocrx_word' id='word_1_925' title='bbox 1851 5275 1979 5348; x_wconf 77' lang='lat'><strong><em>863,</em></strong></span> 
     </span>
    </p>
   </div>
   <div class='ocr_carea' id='block_1_127' title="bbox 391 5347 1981 5418">
    <p class='ocr_par' dir='ltr' id='par_1_127' title="bbox 391 5347 1981 5418">
     <span class='ocr_line' id='line_1_127' title="bbox 391 5347 1981 5418; baseline -0.002 -15"><span class='ocrx_word' id='word_1_926' title='bbox 391 5362 511 5404; x_wconf 87' lang='lat' dir='ltr'><strong><em>can.</em></strong></span> <span class='ocrx_word' id='word_1_927' title='bbox 553 5350 644 5413; x_wconf 74' lang='lat'><strong><em>39,</em></strong></span> <span class='ocrx_word' id='word_1_928' title='bbox 672 5349 911 5405; x_wconf 88' lang='lat' dir='ltr'><strong><em>admittit</em></strong></span> <span class='ocrx_word' id='word_1_929' title='bbox 948 5364 1209 5406; x_wconf 87' lang='lat' dir='ltr'><strong><em>canonem</em></strong></span> <span class='ocrx_word' id='word_1_930' title='bbox 1244 5349 1277 5404; x_wconf 77' lang='lat'><strong>5</strong></span> <span class='ocrx_word' id='word_1_931' title='bbox 1319 5348 1662 5404; x_wconf 77' lang='lat' dir='ltr'><strong><em>lliberritani.</em></strong></span> <span class='ocrx_word' id='word_1_932' title='bbox 1713 5347 1981 5418; x_wconf 87' lang='lat' dir='ltr'><strong><em>Mogunti-</em></strong></span> 
     </span>
    </p>
   </div>
   <div class='ocr_carea' id='block_1_128' title="bbox 392 5419 1984 5492">
    <p class='ocr_par' dir='ltr' id='par_1_128' title="bbox 392 5419 1984 5492">
     <span class='ocr_line' id='line_1_128' title="bbox 392 5419 1984 5492; baseline -0.001 -18"><span class='ocrx_word' id='word_1_933' title='bbox 392 5435 516 5492; x_wconf 90' lang='lat' dir='ltr'><strong><em>num</em></strong></span> <span class='ocrx_word' id='word_1_934' title='bbox 547 5421 649 5492; x_wconf 87' lang='lat' dir='ltr'><strong><em>sub</em></strong></span> <span class='ocrx_word' id='word_1_935' title='bbox 673 5419 895 5474; x_wconf 83' lang='lat' dir='ltr'><strong><em>Rabano</em></strong></span> <span class='ocrx_word' id='word_1_936' title='bbox 917 5423 1192 5492; x_wconf 79' lang='lat' dir='ltr'><strong><em>cplSt‘Opt),</em></strong></span> <span class='ocrx_word' id='word_1_937' title='bbox 1222 5435 1341 5474; x_wconf 88' lang='lat' dir='ltr'><strong><em>can.</em></strong></span> <span class='ocrx_word' id='word_1_938' title='bbox 1374 5421 1464 5483; x_wconf 74' lang='lat'><strong><em>‘22,</em></strong></span> <span class='ocrx_word' id='word_1_939' title='bbox 1497 5420 1724 5492; x_wconf 81' lang='lat' dir='ltr'><strong><em>suscipit</em></strong></span> <span class='ocrx_word' id='word_1_940' title='bbox 1747 5434 1984 5492; x_wconf 81' lang='lat' dir='ltr'><strong><em>canones</em></strong></span> 
     </span>
    </p>
   </div>
   <div class='ocr_carea' id='block_1_129' title="bbox 392 5485 1981 5562">
    <p class='ocr_par' dir='ltr' id='par_1_129' title="bbox 392 5485 1981 5562">
     <span class='ocr_line' id='line_1_129' title="bbox 392 5485 1981 5562; baseline -0.004 -14"><span class='ocrx_word' id='word_1_941' title='bbox 392 5491 424 5548; x_wconf 85' lang='lat'><strong>5</strong></span> <span class='ocrx_word' id='word_1_942' title='bbox 453 5501 507 5547; x_wconf 88' lang='lat' dir='ltr'><strong><em>et</em></strong></span> <span class='ocrx_word' id='word_1_943' title='bbox 529 5492 598 5547; x_wconf 75' lang='lat'><strong><em>63</em></strong></span> <span class='ocrx_word' id='word_1_944' title='bbox 627 5485 976 5548; x_wconf 80' lang='lat' dir='ltr'><strong><em>lliberritani.</em></strong></span> <span class='ocrx_word' id='word_1_945' title='bbox 1025 5485 1500 5562; x_wconf 64' lang='lat' dir='ltr'><strong><em>Mdguhtinumque</em></strong></span> <span class='ocrx_word' id='word_1_946' title='bbox 1529 5485 1687 5562; x_wconf 87' lang='lat' dir='ltr'><strong><em>_aliud</em></strong></span> <span class='ocrx_word' id='word_1_947' title='bbox 1733 5485 1981 5562; x_wconf 83' lang='lat' dir='ltr'><strong><em>subepi-</em></strong></span> 
     </span>
    </p>
   </div>
   <div class='ocr_carea' id='block_1_130' title="bbox 390 5559 1981 5633">
    <p class='ocr_par' dir='ltr' id='par_1_130' title="bbox 390 5559 1981 5633">
     <span class='ocr_line' id='line_1_130' title="bbox 390 5559 1981 5633; baseline -0.001 -17"><span class='ocrx_word' id='word_1_948' title='bbox 390 5576 560 5633; x_wconf 88' lang='lat' dir='ltr'><strong><em>scopo</em></strong></span> <span class='ocrx_word' id='word_1_949' title='bbox 583 5563 892 5632; x_wconf 81' lang='lat' dir='ltr'><strong><em>Arnulpbo,</em></strong></span> <span class='ocrx_word' id='word_1_950' title='bbox 927 5579 1053 5618; x_wconf 90' lang='lat' dir='ltr'><strong><em>ann.</em></strong></span> <span class='ocrx_word' id='word_1_951' title='bbox 1089 5559 1216 5629; x_wconf 54' lang='lat'>8&#39;88,</span> <span class='ocrx_word' id='word_1_952' title='bbox 1240 5577 1446 5616; x_wconf 83' lang='lat' dir='ltr'><strong><em>eamme</em></strong></span> <span class='ocrx_word' id='word_1_953' title='bbox 1476 5560 1570 5627; x_wconf 71' lang='lat'><strong><em>26,</em></strong></span> <span class='ocrx_word' id='word_1_954' title='bbox 1600 5559 1981 5615; x_wconf 79' lang='lat' dir='ltr'><strong><em>rel‘ertadmit-</em></strong></span> 
     </span>
    </p>
   </div>
   <div class='ocr_carea' id='block_1_131' title="bbox 394 5633 1974 5704">
    <p class='ocr_par' dir='ltr' id='par_1_131' title="bbox 394 5633 1974 5704">
     <span class='ocr_line' id='line_1_131' title="bbox 394 5633 1974 5704; baseline -0.001 -18"><span class='ocrx_word' id='word_1_955' title='bbox 394 5633 562 5702; x_wconf 88' lang='lat' dir='ltr'><strong><em>titque</em></strong></span> <span class='ocrx_word' id='word_1_956' title='bbox 593 5650 854 5690; x_wconf 88' lang='lat' dir='ltr'><strong><em>canonem</em></strong></span> <span class='ocrx_word' id='word_1_957' title='bbox 903 5636 969 5690; x_wconf 77' lang='grc'><strong><em>15</em></strong></span> <span class='ocrx_word' id='word_1_958' title='bbox 1004 5635 1277 5704; x_wconf 84' lang='lat' dir='ltr'><strong><em>ejusdem;</em></strong></span> <span class='ocrx_word' id='word_1_959' title='bbox 1310 5633 1668 5702; x_wconf 88' lang='lat' dir='ltr'><strong><em>eumdemque</em></strong></span> <span class='ocrx_word' id='word_1_960' title='bbox 1710 5645 1974 5704; x_wconf 64' lang='lat' dir='ltr'><strong><em>canonem</em></strong></span> 
     </span>
    </p>
   </div>
   <div class='ocr_carea' id='block_1_132' title="bbox 392 5699 1981 5766">
    <p class='ocr_par' dir='ltr' id='par_1_132' title="bbox 392 5699 1981 5766">
     <span class='ocr_line' id='line_1_132' title="bbox 392 5699 1981 5766; baseline -0.002 -6"><span class='ocrx_word' id='word_1_961' title='bbox 392 5699 580 5760; x_wconf 79' lang='lat' dir='ltr'><strong><em>laudat</em></strong></span> <span class='ocrx_word' id='word_1_962' title='bbox 620 5716 675 5761; x_wconf 91' lang='lat' dir='ltr'><strong><em>et</em></strong></span> <span class='ocrx_word' id='word_1_963' title='bbox 705 5708 925 5761; x_wconf 88' lang='lat' dir='ltr'><strong><em>innovat</em></strong></span> <span class='ocrx_word' id='word_1_964' title='bbox 953 5699 1599 5766; x_wconf 16' lang='lat' dir='ltr'><strong><em>concilium’Coloniense</em></strong></span> <span class='ocrx_word' id='word_1_965' title='bbox 1639 5701 1740 5759; x_wconf 90' lang='lat' dir='ltr'><strong><em>sub</em></strong></span> <span class='ocrx_word' id='word_1_966' title='bbox 1787 5699 1981 5757; x_wconf 85' lang='lat' dir='ltr'><strong><em>Carolo</em></strong></span> 
     </span>
    </p>
   </div>
   <div class='ocr_carea' id='block_1_133' title="bbox 393 5771 1979 5841">
    <p class='ocr_par' dir='ltr' id='par_1_133' title="bbox 393 5771 1979 5841">
     <span class='ocr_line' id='line_1_133' title="bbox 393 5771 1979 5841; baseline -0.001 -11"><span class='ocrx_word' id='word_1_967' title='bbox 393 5774 594 5832; x_wconf 86' lang='lat' dir='ltr'><strong><em>Crasso</em></strong></span> <span class='ocrx_word' id='word_1_968' title='bbox 621 5778 673 5832; x_wconf 89' lang='lat' dir='ltr'><strong><em>in</em></strong></span> <span class='ocrx_word' id='word_1_969' title='bbox 700 5791 906 5833; x_wconf 90' lang='lat' dir='ltr'><strong><em>canone</em></strong></span> <span class='ocrx_word' id='word_1_970' title='bbox 926 5775 959 5831; x_wconf 85' lang='lat'>6</span> <span class='ocrx_word' id='word_1_971' title='bbox 979 5791 1224 5831; x_wconf 87' lang='lat' dir='ltr'><strong><em>suorum.</em></strong></span> <span class='ocrx_word' id='word_1_972' title='bbox 1255 5775 1384 5831; x_wconf 91' lang='lat' dir='ltr'><strong><em>ltem</em></strong></span> <span class='ocrx_word' id='word_1_973' title='bbox 1411 5774 1731 5831; x_wconf 81' lang='lat' dir='ltr'><strong><em>Arelatense</em></strong></span> <span class='ocrx_word' id='word_1_974' title='bbox 1755 5788 1812 5839; x_wconf 87' lang='lat' dir='ltr'><strong><em>tt,</em></strong></span> <span class='ocrx_word' id='word_1_975' title='bbox 1840 5771 1979 5841; x_wconf 89' lang='lat' dir='ltr'><strong><em>apud</em></strong></span> 
     </span>
    </p>
   </div>
   <div class='ocr_carea' id='block_1_134' title="bbox 397 5843 1977 5920">
    <p class='ocr_par' dir='ltr' id='par_1_134' title="bbox 397 5843 1977 5920">
     <span class='ocr_line' id='line_1_134' title="bbox 397 5843 1977 5920; baseline -0.002 -19"><span class='ocrx_word' id='word_1_976' title='bbox 397 5845 732 5904; x_wconf 88' lang='lat' dir='ltr'><strong><em>Brucardum</em></strong></span> <span class='ocrx_word' id='word_1_977' title='bbox 749 5849 842 5904; x_wconf 90' lang='lat' dir='ltr'><strong><em>lib.</em></strong></span> <span class='ocrx_word' id='word_1_978' title='bbox 871 5862 1000 5920; x_wconf 87' lang='lat' dir='ltr'><strong><em>xvu,</em></strong></span> <span class='ocrx_word' id='word_1_979' title='bbox 1028 5862 1147 5918; x_wconf 87' lang='lat' dir='ltr'><strong><em>cap.</em></strong></span> <span class='ocrx_word' id='word_1_980' title='bbox 1173 5848 1242 5905; x_wconf 80' lang='grc'><strong><em>55</em></strong></span> <span class='ocrx_word' id='word_1_981' title='bbox 1270 5855 1326 5904; x_wconf 87' lang='lat' dir='ltr'><strong><em>et</em></strong></span> <span class='ocrx_word' id='word_1_982' title='bbox 1353 5847 1574 5903; x_wconf 88' lang='lat' dir='ltr'><strong><em>lvonem</em></strong></span> <span class='ocrx_word' id='word_1_983' title='bbox 1592 5861 1641 5902; x_wconf 72' lang='grc' dir='ltr'><strong><em>ιχ</em></strong></span> <span class='ocrx_word' id='word_1_984' title='bbox 1663 5862 1714 5916; x_wconf 94' lang='lat' dir='ltr'><strong><em>p.</em></strong></span> <span class='ocrx_word' id='word_1_985' title='bbox 1732 5843 1977 5912; x_wconf 87' lang='lat' dir='ltr'><strong><em>Decrct.,</em></strong></span> 
     </span>
    </p>
   </div>
   <div class='ocr_carea' id='block_1_135' title="bbox 2083 4987 3670 5062">
    <p class='ocr_par' dir='ltr' id='par_1_135' title="bbox 2083 4987 3670 5062">
     <span class='ocr_line' id='line_1_135' title="bbox 2083 4987 3670 5062; baseline 0.003 -20"><span class='ocrx_word' id='word_1_986' title='bbox 2083 4987 2408 5062; x_wconf 85' lang='lat' dir='ltr'><strong><em>depingatur.</em></strong></span> <span class='ocrx_word' id='word_1_987' title='bbox 2443 4991 2548 5062; x_wconf 81' lang='lat' dir='ltr'><strong><em>sed</em></strong></span> <span class='ocrx_word' id='word_1_988' title='bbox 2575 4989 2697 5062; x_wconf 64' lang='lat' dir='ltr'><strong><em>bace</em></strong></span> <span class='ocrx_word' id='word_1_989' title='bbox 2726 4991 2858 5062; x_wconf 86' lang='lat' dir='ltr'><strong><em>satis</em></strong></span> <span class='ocrx_word' id='word_1_990' title='bbox 2895 5006 2994 5060; x_wconf 93' lang='lat' dir='ltr'><strong><em>pro</em></strong></span> <span class='ocrx_word' id='word_1_991' title='bbox 3036 4991 3285 5048; x_wconf 88' lang='lat' dir='ltr'><strong><em>instituto</em></strong></span> <span class='ocrx_word' id='word_1_992' title='bbox 3314 4987 3502 5046; x_wconf 68' lang='lat' dir='ltr'><strong><em>noStro</em></strong></span> <span class='ocrx_word' id='word_1_993' title='bbox 3536 5007 3670 5047; x_wconf 86' lang='lat' dir='ltr'><strong><em>cen-</em></strong></span> 
     </span>
    </p>
   </div>
   <div class='ocr_carea' id='block_1_136' title="bbox 2083 5059 3671 5132">
    <p class='ocr_par' dir='ltr' id='par_1_136' title="bbox 2083 5059 3671 5132">
     <span class='ocr_line' id='line_1_136' title="bbox 2083 5059 3671 5132; baseline 0.002 -17"><span class='ocrx_word' id='word_1_994' title='bbox 2083 5059 2328 5132; x_wconf 76' lang='lat' dir='ltr'><strong><em>seantttt‘,</em></strong></span> <span class='ocrx_word' id='word_1_995' title='bbox 2357 5060 2508 5132; x_wconf 88' lang='lat' dir='ltr'><strong><em>quod</em></strong></span> <span class='ocrx_word' id='word_1_996' title='bbox 2542 5059 2588 5116; x_wconf 90' lang='lat' dir='ltr'><strong><em>si</em></strong></span> <span class='ocrx_word' id='word_1_997' title='bbox 2633 5063 2753 5132; x_wconf 90' lang='lat' dir='ltr'><strong><em>quis</em></strong></span> <span class='ocrx_word' id='word_1_998' title='bbox 2795 5059 2947 5131; x_wconf 86' lang='lat' dir='ltr'><strong><em>plura</em></strong></span> <span class='ocrx_word' id='word_1_999' title='bbox 2978 5062 3255 5118; x_wconf 90' lang='lat' dir='ltr'><strong><em>desiderat</em></strong></span> <span class='ocrx_word' id='word_1_1000' title='bbox 3287 5065 3338 5121; x_wconf 89' lang='lat' dir='ltr'><strong><em>in</em></strong></span> <span class='ocrx_word' id='word_1_1001' title='bbox 3370 5063 3671 5132; x_wconf 82' lang='lat' dir='ltr'><strong><em>expositio-</em></strong></span> 
     </span>
    </p>
   </div>
   <div class='ocr_carea' id='block_1_137' title="bbox 2084 5131 3670 5191">
    <p class='ocr_par' dir='ltr' id='par_1_137' title="bbox 2084 5131 3670 5191">
     <span class='ocr_line' id='line_1_137' title="bbox 2084 5131 3670 5191; baseline 0.003 -6"><span class='ocrx_word' id='word_1_1002' title='bbox 2084 5145 2208 5185; x_wconf 88' lang='lat' dir='ltr'><strong><em>nem</em></strong></span> <span class='ocrx_word' id='word_1_1003' title='bbox 2253 5131 2447 5186; x_wconf 83' lang='lat' dir='ltr'><strong><em>borum</em></strong></span> <span class='ocrx_word' id='word_1_1004' title='bbox 2479 5131 2756 5188; x_wconf 87' lang='lat' dir='ltr'><strong><em>Canonum</em></strong></span> <span class='ocrx_word' id='word_1_1005' title='bbox 2801 5133 3054 5188; x_wconf 88' lang='lat' dir='ltr'><strong><em>consulat</em></strong></span> <span class='ocrx_word' id='word_1_1006' title='bbox 3100 5133 3160 5187; x_wconf 84' lang='grc' dir='ltr'><strong><em>Ι).</em></strong></span> <span class='ocrx_word' id='word_1_1007' title='bbox 3199 5131 3546 5191; x_wconf 84' lang='lat' dir='ltr'><strong><em>Fernandum</em></strong></span> <span class='ocrx_word' id='word_1_1008' title='bbox 3599 5135 3670 5190; x_wconf 89' lang='lat' dir='ltr'><strong><em>de</em></strong></span> 
     </span>
    </p>
   </div>
   <div class='ocr_carea' id='block_1_138' title="bbox 2085 5201 3666 5278">
    <p class='ocr_par' dir='ltr' id='par_1_138' title="bbox 2085 5201 3666 5278">
     <span class='ocr_line' id='line_1_138' title="bbox 2085 5201 3666 5278; baseline 0.003 -24"><span class='ocrx_word' id='word_1_1009' title='bbox 2085 5201 2340 5278; x_wconf 66' lang='lat' dir='ltr'><strong><em>Mendoza</em></strong></span> <span class='ocrx_word' id='word_1_1010' title='bbox 2371 5202 2511 5258; x_wconf 89' lang='lat' dir='ltr'><strong><em>libro</em></strong></span> <span class='ocrx_word' id='word_1_1011' title='bbox 2535 5203 2724 5278; x_wconf 77' lang='lat' dir='ltr'><strong><em>citato,</em></strong></span> <span class='ocrx_word' id='word_1_1012' title='bbox 2756 5203 2988 5278; x_wconf 80' lang='lat' dir='ltr'><strong><em>Alauunt</em></strong></span> <span class='ocrx_word' id='word_1_1013' title='bbox 3025 5204 3234 5278; x_wconf 69' lang='lat' dir='ltr'><strong><em>Copam</em></strong></span> <span class='ocrx_word' id='word_1_1014' title='bbox 3273 5207 3489 5278; x_wconf 85' lang='lat' dir='ltr'><strong><em>dialogo</em></strong></span> <span class='ocrx_word' id='word_1_1015' title='bbox 3531 5204 3584 5269; x_wconf 79' lang='grc' dir='ltr'><strong><em>ὅ,</em></strong></span> <span class='ocrx_word' id='word_1_1016' title='bbox 3614 5220 3666 5260; x_wconf 92' lang='lat' dir='ltr'><strong><em>c.</em></strong></span> 
     </span>
    </p>
   </div>
   <div class='ocr_carea' id='block_1_139' title="bbox 2086 5273 3669 5349">
    <p class='ocr_par' dir='ltr' id='par_1_139' title="bbox 2086 5273 3669 5349">
     <span class='ocr_line' id='line_1_139' title="bbox 2086 5273 3669 5349; baseline 0.002 -23"><span class='ocrx_word' id='word_1_1017' title='bbox 2086 5273 2177 5349; x_wconf 73' lang='lat' dir='ltr'><strong><em>l6,</em></strong></span> <span class='ocrx_word' id='word_1_1018' title='bbox 2207 5284 2258 5326; x_wconf 87' lang='lat' dir='ltr'><strong><em>et</em></strong></span> <span class='ocrx_word' id='word_1_1019' title='bbox 2283 5287 2345 5327; x_wconf 81' lang='lat' dir='ltr'><strong><em>ex</em></strong></span> <span class='ocrx_word' id='word_1_1020' title='bbox 2371 5273 2766 5349; x_wconf 82' lang='lat' dir='ltr'><strong><em>recentioribus</em></strong></span> <span class='ocrx_word' id='word_1_1021' title='bbox 2799 5273 3393 5349; x_wconf 26' lang='lat' dir='ltr'><strong><em>tbeologist’Yazquez,</em></strong></span> <span class='ocrx_word' id='word_1_1022' title='bbox 3425 5273 3632 5349; x_wconf 74' lang='lat' dir='ltr'><strong><em>Sttarez</em></strong></span> <span class='ocrx_word' id='word_1_1023' title='bbox 3655 5318 3669 5343; x_wconf 96' lang='lat'><strong><em>,</em></strong></span> 
     </span>
    </p>
   </div>
   <div class='ocr_carea' id='block_1_140' title="bbox 2085 5342 3672 5472">
    <p class='ocr_par' dir='ltr' id='par_1_140' title="bbox 2085 5342 3672 5472">
     <span class='ocr_line' id='line_1_140' title="bbox 2085 5342 3672 5472; baseline 0.001 -76"><span class='ocrx_word' id='word_1_1024' title='bbox 2085 5342 2456 5472; x_wconf 34' lang='lat' dir='ltr'><strong><em>:tborcatnéin</em></strong></span> <span class='ocrx_word' id='word_1_1025' title='bbox 2479 5345 2906 5402; x_wconf 83' lang='lat' dir='ltr'><strong><em>Commentariis</em></strong></span> <span class='ocrx_word' id='word_1_1026' title='bbox 2928 5342 3276 5418; x_wconf 67' lang='lat' dir='ltr'><strong><em>adq.25,tu&#39;.</em></strong></span> <span class='ocrx_word' id='word_1_1027' title='bbox 3308 5342 3388 5420; x_wconf 82' lang='lat' dir='ltr'><strong><em>p.,</em></strong></span> <span class='ocrx_word' id='word_1_1028' title='bbox 3413 5349 3479 5403; x_wconf 93' lang='lat' dir='ltr'><strong><em>D.</em></strong></span> <span class='ocrx_word' id='word_1_1029' title='bbox 3510 5347 3672 5412; x_wconf 76' lang='lat' dir='ltr'><strong><em>’flto.,</em></strong></span> 
     </span>
     <span class='ocr_line' id='line_1_141' title="bbox 2121 5431 2408 5470; baseline -0.01 0"><span class='ocrx_word' id='word_1_1030' title='bbox 2121 5431 2144 5469; x_wconf 95' lang='lat' dir='ltr'><strong><em>r</em></strong></span> <span class='ocrx_word' id='word_1_1031' title='bbox 2177 5455 2191 5470; x_wconf 94' lang='lat'><strong><em>.</em></strong></span> <span class='ocrx_word' id='word_1_1032' title='bbox 2225 5433 2258 5469; x_wconf 79' lang='grc' dir='ltr'>ο</span> <span class='ocrx_word' id='word_1_1033' title='bbox 2283 5431 2311 5469; x_wconf 90' lang='lat' dir='ltr'><strong><em>e</em></strong></span> <span class='ocrx_word' id='word_1_1034' title='bbox 2394 5455 2408 5467; x_wconf 94' lang='lat'><strong><em>.</em></strong></span> 
     </span>
    </p>
   </div>
   <div class='ocr_carea' id='block_1_141' title="bbox 2085 5416 2408 5470">
    <p class='ocr_par' dir='ltr' id='par_1_141' title="bbox 2085 5416 2408 5470">
     <span class='ocr_line' id='line_1_142' title="bbox 2085 5416 2408 5470; baseline -0.003 -2"><span class='ocrx_word' id='word_1_1035' title='bbox 2085 5423 2191 5470; x_wconf 88' lang='lat' dir='ltr'><strong><em>art.</em></strong></span> <span class='ocrx_word' id='word_1_1036' title='bbox 2225 5416 2258 5469; x_wconf 81' lang='lat'>5</span> <span class='ocrx_word' id='word_1_1037' title='bbox 2283 5424 2335 5470; x_wconf 87' lang='lat' dir='ltr'><strong><em>et</em></strong></span> <span class='ocrx_word' id='word_1_1038' title='bbox 2356 5418 2408 5470; x_wconf 80' lang='lat'><strong><em>6.</em></strong></span> 
     </span>
    </p>
   </div>
   <div class='ocr_carea' id='block_1_142' title="bbox 2157 5485 3675 5554">
    <p class='ocr_par' dir='ltr' id='par_1_142' title="bbox 2157 5485 3675 5554">
     <span class='ocr_line' id='line_1_143' title="bbox 2157 5485 3675 5554; baseline 0.002 -14"><span class='ocrx_word' id='word_1_1039' title='bbox 2157 5488 2213 5540; x_wconf 66' lang='lat'><strong><em>*2.</em></strong></span> <span class='ocrx_word' id='word_1_1040' title='bbox 2245 5485 2306 5542; x_wconf 91' lang='lat' dir='ltr'><strong><em>S.</em></strong></span> <span class='ocrx_word' id='word_1_1041' title='bbox 2338 5485 2592 5554; x_wconf 86' lang='lat' dir='ltr'><strong><em>Licerius,</em></strong></span> <span class='ocrx_word' id='word_1_1042' title='bbox 2630 5496 2736 5544; x_wconf 90' lang='lat' dir='ltr'><strong><em>etc.</em></strong></span> <span class='ocrx_word' id='word_1_1043' title='bbox 2770 5488 2984 5545; x_wconf 85' lang='lat' dir='ltr'><strong><em>Floruit</em></strong></span> <span class='ocrx_word' id='word_1_1044' title='bbox 3022 5488 3081 5544; x_wconf 90' lang='lat' dir='ltr'><strong><em>S.</em></strong></span> <span class='ocrx_word' id='word_1_1045' title='bbox 3114 5489 3358 5547; x_wconf 88' lang='lat' dir='ltr'><strong><em>Licerius</em></strong></span> <span class='ocrx_word' id='word_1_1046' title='bbox 3383 5500 3526 5543; x_wconf 88' lang='lat' dir='ltr'><strong><em>anno</em></strong></span> <span class='ocrx_word' id='word_1_1047' title='bbox 3567 5487 3675 5543; x_wconf 83' lang='lat' dir='ltr'><strong><em>Do-</em></strong></span> 
     </span>
    </p>
   </div>
   <div class='ocr_carea' id='block_1_143' title="bbox 2088 5556 3666 5632">
    <p class='ocr_par' dir='ltr' id='par_1_143' title="bbox 2088 5556 3666 5632">
     <span class='ocr_line' id='line_1_144' title="bbox 2088 5556 3666 5632; baseline -0.001 -20"><span class='ocrx_word' id='word_1_1048' title='bbox 2088 5557 2220 5613; x_wconf 85' lang='lat' dir='ltr'><strong><em>mini</em></strong></span> <span class='ocrx_word' id='word_1_1049' title='bbox 2243 5558 2512 5632; x_wconf 17' lang='lat' dir='ltr'><strong><em>268,7quo</em></strong></span> <span class='ocrx_word' id='word_1_1050' title='bbox 2545 5559 2613 5615; x_wconf 90' lang='lat' dir='ltr'><strong><em>de</em></strong></span> <span class='ocrx_word' id='word_1_1051' title='bbox 2641 5563 2760 5632; x_wconf 85' lang='lat' dir='ltr'><strong><em>ipso</em></strong></span> <span class='ocrx_word' id='word_1_1052' title='bbox 2787 5563 2997 5632; x_wconf 85' lang='lat' dir='ltr'><strong><em>egimus</em></strong></span> <span class='ocrx_word' id='word_1_1053' title='bbox 3030 5577 3152 5616; x_wconf 90' lang='lat' dir='ltr'><strong><em>cum</em></strong></span> <span class='ocrx_word' id='word_1_1054' title='bbox 3189 5556 3530 5632; x_wconf 74' lang='lat' dir='ltr'><strong><em>Dextro,_qtti</em></strong></span> <span class='ocrx_word' id='word_1_1055' title='bbox 3580 5569 3666 5632; x_wconf 77' lang='lat' dir='ltr'><strong><em>ta-</em></strong></span> 
     </span>
    </p>
   </div>
   <div class='ocr_carea' id='block_1_144' title="bbox 2087 5627 3665 5702">
    <p class='ocr_par' dir='ltr' id='par_1_144' title="bbox 2087 5627 3665 5702">
     <span class='ocr_line' id='line_1_145' title="bbox 2087 5627 3665 5702; baseline -0.003 -16"><span class='ocrx_word' id='word_1_1056' title='bbox 2087 5645 2208 5702; x_wconf 75' lang='lat' dir='ltr'><strong><em>men</em></strong></span> <span class='ocrx_word' id='word_1_1057' title='bbox 2243 5629 2346 5702; x_wconf 89' lang='lat' dir='ltr'><strong><em>lto_c</em></strong></span> <span class='ocrx_word' id='word_1_1058' title='bbox 2381 5627 2499 5686; x_wconf 88' lang='lat' dir='ltr'><strong><em>loco</em></strong></span> <span class='ocrx_word' id='word_1_1059' title='bbox 2529 5632 2596 5687; x_wconf 91' lang='lat' dir='ltr'><strong><em>de</em></strong></span> <span class='ocrx_word' id='word_1_1060' title='bbox 2626 5627 2769 5688; x_wconf 83' lang='lat' dir='ltr'><strong><em>fama</em></strong></span> <span class='ocrx_word' id='word_1_1061' title='bbox 2810 5627 2872 5689; x_wconf 75' lang='lat' dir='ltr'><strong><em>ac</em></strong></span> <span class='ocrx_word' id='word_1_1062' title='bbox 2905 5633 3074 5702; x_wconf 86' lang='lat' dir='ltr'><strong><em>gloria</em></strong></span> <span class='ocrx_word' id='word_1_1063' title='bbox 3110 5633 3345 5702; x_wconf 88' lang='lat' dir='ltr'><strong><em>nominis</em></strong></span> <span class='ocrx_word' id='word_1_1064' title='bbox 3383 5627 3500 5696; x_wconf 88' lang='lat' dir='ltr'><strong><em>ejus</em></strong></span> <span class='ocrx_word' id='word_1_1065' title='bbox 3532 5627 3665 5702; x_wconf 80' lang='lat' dir='ltr'><strong><em>agit.</em></strong></span> 
     </span>
    </p>
   </div>
   <div class='ocr_carea' id='block_1_145' title="bbox 2087 5699 3668 5773">
    <p class='ocr_par' dir='ltr' id='par_1_145' title="bbox 2087 5699 3668 5773">
     <span class='ocr_line' id='line_1_146' title="bbox 2087 5699 3668 5773; baseline -0.002 -18"><span class='ocrx_word' id='word_1_1066' title='bbox 2087 5700 2256 5773; x_wconf 78' lang='lat' dir='ltr'><strong><em>Porro</em></strong></span> <span class='ocrx_word' id='word_1_1067' title='bbox 2285 5700 2538 5773; x_wconf 77' lang='lat' dir='ltr'><strong><em>carensis</em></strong></span> <span class='ocrx_word' id='word_1_1068' title='bbox 2567 5705 2738 5769; x_wconf 90' lang='lat' dir='ltr'><strong><em>urbis,</em></strong></span> <span class='ocrx_word' id='word_1_1069' title='bbox 2771 5699 2931 5773; x_wconf 77' lang='lat' dir='ltr'><strong><em>cujus</em></strong></span> <span class='ocrx_word' id='word_1_1070' title='bbox 2955 5702 3245 5773; x_wconf 71' lang='lat' dir='ltr'><strong><em>episcopus</em></strong></span> <span class='ocrx_word' id='word_1_1071' title='bbox 3279 5701 3444 5773; x_wconf 76' lang='lat' dir='ltr'><strong><em>luisse</em></strong></span> <span class='ocrx_word' id='word_1_1072' title='bbox 3468 5699 3668 5773; x_wconf 83' lang='lat' dir='ltr'><strong><em>scribi-</em></strong></span> 
     </span>
    </p>
   </div>
   <div class='ocr_carea' id='block_1_146' title="bbox 2085 5767 3668 5840">
    <p class='ocr_par' dir='ltr' id='par_1_146' title="bbox 2085 5767 3668 5840">
     <span class='ocr_line' id='line_1_147' title="bbox 2085 5767 3668 5840; baseline 0 -16"><span class='ocrx_word' id='word_1_1073' title='bbox 2085 5780 2172 5826; x_wconf 87' lang='lat' dir='ltr'><strong><em>tur</em></strong></span> <span class='ocrx_word' id='word_1_1074' title='bbox 2221 5769 2278 5826; x_wconf 89' lang='lat' dir='ltr'><strong><em>S.</em></strong></span> <span class='ocrx_word' id='word_1_1075' title='bbox 2323 5771 2585 5840; x_wconf 87' lang='lat' dir='ltr'><strong><em>Licerius,</em></strong></span> <span class='ocrx_word' id='word_1_1076' title='bbox 2635 5767 2882 5830; x_wconf 83' lang='lat' dir='ltr'><strong><em>meminit</em></strong></span> <span class='ocrx_word' id='word_1_1077' title='bbox 2925 5767 3235 5826; x_wconf 74' lang='lat' dir='ltr'><strong><em>Atitonintts</em></strong></span> <span class='ocrx_word' id='word_1_1078' title='bbox 3283 5772 3335 5825; x_wconf 93' lang='lat' dir='ltr'><strong><em>in</em></strong></span> <span class='ocrx_word' id='word_1_1079' title='bbox 3385 5767 3668 5840; x_wconf 10' lang='lat' dir='ltr'><strong><em>ltiinerario</em></strong></span> 
     </span>
    </p>
   </div>
   <div class='ocr_carea' id='block_1_147' title="bbox 2087 5839 3666 5913">
    <p class='ocr_par' dir='ltr' id='par_1_147' title="bbox 2087 5839 3666 5913">
     <span class='ocr_line' id='line_1_148' title="bbox 2087 5839 3666 5913; baseline -0.003 -17"><span class='ocrx_word' id='word_1_1080' title='bbox 2087 5841 2227 5899; x_wconf 88' lang='lat' dir='ltr'><strong><em>inter</em></strong></span> <span class='ocrx_word' id='word_1_1081' title='bbox 2257 5839 2577 5899; x_wconf 87' lang='lat' dir='ltr'><strong><em>Lanuuium</em></strong></span> <span class='ocrx_word' id='word_1_1082' title='bbox 2600 5853 2656 5902; x_wconf 89' lang='lat' dir='ltr'><strong><em>et</em></strong></span> <span class='ocrx_word' id='word_1_1083' title='bbox 2689 5844 3181 5913; x_wconf 72' lang='lat' dir='ltr'><strong><em>Caesaraugustam.</em></strong></span> <span class='ocrx_word' id='word_1_1084' title='bbox 3229 5839 3463 5912; x_wconf 79' lang='lat' dir='ltr'><strong><em>Scripsit</em></strong></span> <span class='ocrx_word' id='word_1_1085' title='bbox 3502 5839 3666 5898; x_wconf 85' lang='lat' dir='ltr'><strong><em>etiam</em></strong></span> 
     </span>
    </p>
   </div>
  </div>
