4148 6172
302 267 406 328 509

1350 277 1580 336 FLAVH
1620 278 1800 336 LUCII
1842 279 2104 338 DEXTRI
2143 270 2561 338 CHRONICON.

3498 285 3604 345 5l0

299 388 432 446 A.C.
457 389 581 448 584.
657 390 950 450 Gratianus
981 390 1282 464 Imperator
1307 393 1743 452 Catecltumenns
1773 397 1804 452 8
1837 395 1957 452 Kal.
2011 396 2354 469 Septembris
2380 398 2668 455 occiditur.
2699 399 2779 457 Fl.
2813 401 3099 472 Maximus,
3153 403 3240 460 vir
3293 403 3600 463 A.R.ll55.

723 483 1055 550 Catbolicus,
1081 487 1360 557 tyrannice
1387 502 1418 541 a
1460 487 1721 543 militibus
1748 487 2050 556 Imperator
2074 487 2288 554 Galliae,
2321 488 2530 561 Angliae
2556 500 2610 546 et
2640 491 2908 563 Hispania:
2929 493 3225 550 salutatur.

655 575 963 634 Eucbarius
986 573 1284 649 Presbyter
1313 571 1607 634 Toletanus
1636 579 1790 634 exsul
1821 579 1871 634 itt
1906 575 2163 649 HiSpania
2191 575 2369 634 lioret.

647 668 896 726 Concilio
938 668 1330 728 Mediolanensi
1383 671 1728 729 Theodosius
1778 676 2051 744 Angustus
2093 672 2359 742 interluit,
2409 673 2502 746 qui
2530 676 2748 748 egregie
2793 675 3047 736 utebatur
3075 692 3248 752 opera

722 763 912 822 Sancti
939 763 1222 822 Pontillcis
1253 765 1625 824 Cordubensis
1655 767 1929 839 Gregorii.

1515 923 1777 982 BIVAIHI
1815 924 2389 986 COMMENTARIUS.

302 1045 468 1123 Deum
489 1045 631 1123 dedit
657 1044 1109 1118 Hispania,'quctn
1130 1043 1382 1102 videmus.
1411 1045 1627 1101 Caetera
1645 1045 1788 1116 apud
1817 1045 1899 1118 ip—
2002 1047 2140 1117 quod
2162 1047 2306 1114 omni
2331 1049 2435 1123 die,
2458 1049 2562 1103 sive
2588 1064 2689 1123 non
2717 1049 2963 1123 iejunans
2988 1049 3296 1119 matutinas,
3319 1050 3424 1106 sive
3460 1041 3622 1123 jejuJ

296 1133 417 1174 sum
443 1118 626 1174 leaito.

366 1133 431 1244 ἲ.
443 1133 751 1246 ἵξῃ-1
768 1226 780 1240 .
799 1185 1106 1253 Gratianus,
1121 1197 1227 1243 etc.
1242 1186 1494 1243 Nonnulli
1508 1197 1738 1243 mortem
1752 1187 1887 1245 Gra-

296 1259 429 1314 tiani
450 1260 504 1314 in
533 1275 730 1314 annuat
760 1259 1157 1327 praecedentem
1175 1258 1495 1328 conjiciunt,
1519 1272 1576 1314 ut
1603 1259 1890 1325 Baronius,

293 1331 449 1400 cujus
476 1341 652 1386 tamen
675 1330 1012 1398 computatio
1045 1345 1152 1384 uno
1182 1345 1327 1384 anno
1357 1331 1676 1400 plerumque
1709 1331 1892 1385 Deutri

293 1403 738 1470 supputationem
774 1401 1090 1470 praecedere
1119 1401 1275 1456 solet.
1314 1401 1548 1470 Occisus
1569 1411 1652 1455 est
1680 1400 1895 1455 Gratia-

293 1485 396 1526 nus
429 1487 458 1526 a
487 1473 721 1527 Maximo
750 1469 1028 1540 Tyranno,
1057 1472 1150 1539 qui
1180 1470 1399 1540 quidem
1430 1469 1770 1539 professione
1797 1485 1893 1524 ca-

271 1543 548 1610 tholicus,
574 1544 866 1612 imperium
895 1544 948 1596 in
972 1542 1254 1609 Hispania,
1288 1542 1500 1609 Anglia.
1535 1551 1589 1595 et
1617 1541 1894 1595 Britannia

291 1613 542 1681 arripuit.
571 1611 730 1669 Gilda
752 1613 976 1682 sapiens
1007 1612 1075 1665 de
1106 1612 1327 1666 excidio
1350 1611 1681 1675 Britannico,
1715 1613 1784 1668 de
1828 1627 1894 1666 eo

291 1686 512 1751 asserit,
543 1700 707 1739 unam
735 1685 942 1738 alarum
974 1682 1041 1735 ad
1071 1682 1409 1751 Hispaniam,
1441 1684 1666 1738 alterunt
1694 1683 1760 1736 ad
1793 1684 1896 1737 Ita-

292 1754 419 1811 liam
450 1755 799 1820 estu-ndisse,
829 1763 884 1809 et
913 1757 1165 1808 thronum
1201 1755 1413 1822 imperii
1443 1753 1588 1822 apud
1630 1752 1891 1822 Treviros

287 1825 612 1880 collocasse.
642 1824 895 1880 Socrates
917 1823 1014 1879 lib.
1041 1839 1092 1892 ν,
1114 1838 1162 1879 c.
1181 1839 1257 1888 χι,
1281 1821 1405 1878 eum
1429 1821 1893 1892 inquitfuissege-

285 1911 425 1951 nere
461 1896 816 1961 Britannum;
855 1895 1105 1951 Sozimus
1136 1908 1288 1962 vero,
1323 1893 1417 1948 lib.
1450 1909 1500 1948 tv
1527 1935 1544 1959 ,
1595 1892 1888 1962 Hispanum

288 1966 440 2020 facit.
475 1966 680 2021 Probat
702 1965 967 2020 Baronins
995 1967 1159 2034 luisse
1187 1961 1528 2018 Constantini
1552 1961 1729 2034 Magni
1756 1979 1890 2020 con-

288 2038 670 2106 sanguineum,
704 2045 1060 2105 vocatumque
1088 2033 1169 2088 Fl.
1203 2034 1541 2106 Clementem
1570 2033 1887 2101 Maximum,

287 2105 451 2174 atque
479 2108 531 2162 in
561 2107 844 2162 Britannia
874 2108 1232 2162 acclamatum
1265 2105 1648 2173 imperatorem
1673 2119 1701 2157 a
1748 2106 1891 2162 mili-

289 2178 491 2233 litibus.
546 2177 783 2234 Consule
823 2178 1061 2233 ldacinm
1087 2215 1102 2243 ,
1135 2188 1192 2231 et
1212 2176 1592 2232 Marcellinum
1616 2177 1670 2231 in
1709 2177 1883 2233 Chro-

291 2264 449 2304 IIICIS.

356 2321 411 2374 2.
443 2319 758 2384 Eucharitts,
783 2327 887 2374 etc.
945 2318 1020 2374 De
1049 2317 1241 2374 eodem
1297 2318 1408 2388 agit
1446 2319 1508 2374 S.
1555 2311 1890 2386 Augustinus

286 2390 470 2446 Serui.
502 2392 570 2446 de
591 2391 873 2447 miraculis
897 2391 955 2444 S.
982 2390 1242 2459 Stephani
1267 2392 1707 2460 protomartyris,
1735 2394 1890 2460 cujus

291 2463 504 2518 meritis
527 2480 556 2516 a
586 2462 736 2528 gravi
764 2458 1092 2531 aegritudine
1117 2458 1446 2531 miratmlose
1469 2458 1732 2516 liberatus
1768 2458 1890 2524 luit,

287 2543 342 2603 ct
373 2535 540 2589 semel
569 2533 637 2588 ad
682 2529 848 2587 vitam
905 2544 1236 2603 revocatus._
1265 2529 1563 2585 Eucharins
1595 2531 1614 2603 (
1641 2534 1716 2585 ait
1757 2533 1846 2585 ille
1875 2533 1894 2602 )

289 2602 566 2674 Presbyter
591 2621 654 2658 ea:
679 2603 942 2671 Hispania
965 2603 1193 2658 Culantte
1216 2601 1459 2656 habitans
1477 2643 1492 2668 ,
1521 2601 1682 2674 reteri
1717 2601 1895 2657 morbo

287 2673 479 2728 calculi
501 2675 766 2729 laborabat
795 2691 813 2728 .'
849 2692 961 2745 per,
981 2677 1283 2728 meritoriam
1323 2676 1564 2744 martyris
1585 2673 1848 2745 Stephani
1877 2713 1893 2738 ,

286 2763 446 2816 quant
479 2745 724 2801 Posidius
757 2743 864 2816 illo,
892 2743 1120 2798 adduxit
1147 2747 1415 2816 episcopus
1445 2743 1468 2810 ,’
1511 2744 1684 2816 salvus
1725 2749 1894 2814 factus

287 2827 385 2870 est.
421 2815 567 2870 Idem
597 2819 706 2886 ipse
736 2815 1030 2887 Eat-Iturius
1059 2815 1235 2885 postea
1289 2816 1466 2887 morbo
1504 2815 1609 2869 alio
1639 2819 1891 2887 pravale-

287 2902 455 2959 scente
467 2885 704 2942 mortuus
729 2888 801 2942 sic
806 2886 1013 2959 jacebat
1041 2927 1056 2951 ,
1079 2897 1133 2941 ut
1153 2887 1198 2940 ei
1213 2885 1564 2959 jampollices
1586 2885 1894 2958 ligarerttur:

291 2958 631 3026 epitulutione
655 2958 825 3011 autem
842 2960 1106 3012 memorati
1129 2958 1392 3028 ntartyris,
1425 2975 1540 3012 cum
1565 2959 1629 3012 de
1651 2959 1895 3012 memoria

287 3031 403 3100 ejus
434 3040 702 3102 reportata
719 3039 868 3102 esset,
894 3038 942 3083 et
971 3045 1127 3095 super
1148 3029 1374 3099 jacentis
1403 3045 1592 3102 corpus
1623 3031 1781 3083 ntissa
1811 3032 1895 3098 ip-

289 3099 399 3154 sius
422 3099 703 3172 presbyteri
733 3101 929 3166 tunica,
963 3103 1235 3154 suscitatus
1273 3107 1368 3152 est.
1421 3099 1549 3172 Haec
1604 3116 1734 3172 vero
1787 3115 1894 3172 non

292 3173 398 3226 hoc
422 3169 907 3240 anno'contigete,
942 3172 1040 3225 sed
1079 3181 1364 3238 postquam
1420 3170 1619 3224 Paulus
1667 3169 1898 3224 Orosius

291 3245 556 3311 reliquias
589 3245 921 3297 sanctissimi
965 3241 1384 3311 protomartyris
1435 3241 1490 3295 in
1543 3240 1894 3296 Occidentem

291 3315 502 3383 primus
530 3315 759 3370 invexit.
789 3315 989 3369 Dexter
1010 3313 1187 3368 solum
1218 3316 1296 3367 ait
1321 3351 1338 3379 ,
1375 3316 1478 3366 hoc
1516 3328 1660 3368 anno
1685 3313 1897 3368 Eucha-

289 3387 433 3440 rium
467 3387 520 3440 in
555 3387 732 3440 Africa
755 3385 1025 3438 ﬂoruisse.

361 3457 415 3511 5.
444 3456 681 3510 Concilio
716 3455 1118 3519 Mediolanensi,
1152 3461 1258 3508 etc.
1286 3453 1458 3523 Hujus
1485 3453 1716 3509 Concilii
1745 3471 1896 3511 tuen-

293 3526 368 3582 tio
393 3531 455 3582 lit
473 3529 542 3582 ab
575 3528 844 3597 episcopis
871 3526 1162 3582 Heliodoro
1185 3538 1237 3578 ut
1259 3526 1580 3580 Clirotnatio
1596 3529 1646 3580 in
1666 3528 1895 3594 epistola

289 3599 355 3652 ad
384 3599 447 3653 S.
501 3600 888 3670 Hieronymum
914 3637 927 3660 .
953 3597 1841 3670 _supcr_editione‘martyrolOgii
1879 3618 1894 3656 :

292 3670 385 3724 ubi
415 3671 578 3724 etiam
611 3670 676 3724 de
703 3667 892 3723 Sancto
939 3667 1203 3737 Gregorio
1253 3667 1595 3738 Cordubensi
1619 3667 1897 3738 episcopo

289 3751 457 3812 agunt
476 3739 628 3812 {Cum
642 3735 1275 3812 religiosissimustaiuni)
1296 3739 1491 3809 August
1499 3755 1556 3792 us
1570 3735 1895 3812 Theodosius

2001 1134 2158 1183 nans,
2183 1121 2500 1191 vespertinas
2528 1121 2794 1192 explicans
2826 1119 3017 1176 Missas
3037 1161 3052 1184 ,
3079 1137 3260 1176 coruus
3315 1119 3603 1192 martyrum

1996 1205 2215 1259 quorum
2243 1193 2485 1245 natalitia
2513 1200 2706 1257 essent,
2735 1191 2960 1259 plurima
3008 1193 3220 1250 nomina
3268 1203 3602 1249 memoraret.

1997 1258 2326 1331 Factumque
2351 1273 2423 1315 est
2451 1272 2506 1315 ut
2539 1279 2712 1316 omnes
2738 1258 3097 1327 statueremus,
3130 1263 3199 1316 ad
3229 1273 3370 1316 tuam
3385 1263 3607 1319 scribere

1997 1332 2328 1406 citaritatem,
2353 1343 2408 1385 ut
2429 1335 2804 1406 famosissimas
2827 1335 3034 1406 feriales
3059 1333 3373 1406 derarchivio
3400 1332 3460 1389 S.
3489 1333 3602 1388 Eu-

1994 1403 2121 1476 sebii
2149 1402 2396 1476 Ctesarete
2425 1402 2720 1459 Paltestina:
2747 1402 3280 1476 episcopilinquirens,
3306 1414 3596 1474 martyrum

1997 1471 2067 1524 ad
2097 1488 2190 1524 nos
2219 1473 2416 1546 dirigas
2437 1479 2602 1544 festa;
2630 1485 2685 1528 ut
2709 1471 3080 1541 possintushoc
3107 1476 3328 1546 oﬁicium
3347 1471 3603 1546 per'tuam

1996 1552 2230 1618 spartam
2260 1543 2783 1618 industriammetius
2813 1543 3193 1618 perfectiusque
3234 1547 3303 1599 ad
3349 1545 3601 1618 honorem

1997 1611 2096 1666 Dei
2117 1617 2431 1685 martyribus
2455 1617 2711 1671 exhibere.
2747 1611 3016 1679 llthténus
3045 1611 3142 1672 illi.
3168 1617 3381 1672 Atvero
3410 1617 3604 1672 Hiero-

1994 1683 2338 1810 ;t‘yzii'iliaﬁiéisot.
2361 1686 2672 1756 ltujustnodi
2688 1688 3060 1758 inscriptionis
3089 1688 3246 1743 titulo
3279 1688 3600 1758 consignata

1995 1843 2058 1896 Β.
2102 1843 2405 1901 HIEBONYII
2441 1861 2612 1903 ευρειι
2649 1864 2718 1905 ΕΟ
2754 1863 2867 1906 IPSO
2905 1865 2974 1905 AD
3031 1863 3240 1906 EOSDEI
3290 1863 3596 1906 RESPONSIO.

1993 1936 2293 1995 Cltromatio
2316 1951 2365 1996 et
2393 1940 2687 1998 Heliodoro
2712 1946 2902 2069 segetis
2934 1944 3211 2016 episcopis,
3239 1941 3596 2014 Hieronymus

2648 2033 2763 2069 pres
2800 2026 2933 2069 uter.

2646 2033 2933 2087 presbyter.

2063 2101 2281 2157 Constat
2309 2105 2588 2161 Dominum
2603 2119 2838 2162 nostrum
2863 2109 3041 2163 Iesum
3063 2106 3327 2164 Christum
3351 2111 3492 2162 omni
3513 2109 3602 2164 die

1994 2184 2526 2250 martyrymguorum
2540 2180 2846 2250 Atriumphos
2874 2183 3132 2247 excipere,
3163 2195 3382 2249 quorum
3400 2179 3604 2250 passio-

1994 2260 2082 2297 nes
2111 2261 2143 2298 a
2271 2246 2493 2320 Eusebio
2523 2245 2828 2304 Casariensi
2854 2245 3098 2320 episcopo
3128 2245 3350 2320 scriptas
3399 2245 3598 2314 reperi-

1993 2329 2128 2390 mus.
2180 2315 2322 2390 Nam
2370 2317 2748 2374 Constantinus
2787 2315 3087 2390 Augustus,
3136 2315 3252 2390 cum
3288 2319 3600 2390 Caesaream

1998 2385 2178 2453 fuisset
2209 2388 2491 2458 ingressus,
2521 2400 2572 2443 et
2592 2391 2782 2443 diceret
2811 2385 3094 2443 memorato
3115 2389 3337 2442 antistiti
3363 2429 3380 2453 ,
3409 2399 3468 2442 ut
3508 2405 3601 2453 pe-

1998 2465 2124 2529 teret
2150 2457 2327 2526 aliqua
2367 2459 2618 2527 beneficia
2645 2460 2947 2515 Caesariensi
2980 2460 3223 2513 Ecclesiae
3267 2458 3548 2529 profutura
3575 2473 3594 2512 :

2000 2527 2191 2602 legitur
2233 2530 2557 2600 respondisse
2592 2531 2870 2586 Eusebium
2905 2548 2924 2586 :
2953 2527 3276 2602 opibusrsuis‘
3309 2529 3599 2602 Ecclesium

2000 2596 2244 2670 dilatam,
2278 2596 2424 2654 nulla
2454 2603 2660 2666 petendi
2681 2602 2925 2670 beneﬁcia
2967 2596 3286 2657 necessitate
3315 2599 3555 2669 compelli
3579 2617 3599 2655 :

1998 2669 2291 2742 sibi_tanten
2319 2672 2632 2742 desiderium
2659 2669 2920 2728 immobile
2950 2675 3228 2737 exstitisse,
3261 2683 3315 2725 ut
3341 2671 3598 2742 quidquid

1997 2739 2052 2790 in
2081 2738 2308 2816 Republ.
2340 2741 2579 2797 Romana
2606 2755 2803 2815 gestum
2827 2747 2898 2798 sit
2919 2762 3040 2816 erga
3061 2752 3270 2816 saucth
3303 2738 3422 2809 Dei,
3449 2738 3598 2813 judi-

2000 2825 2078 2863 ces
2101 2813 2368 2878 iudicibus
2395 2813 2719 2870 succedentes
2742 2817 2794 2869 in
2813 2813 3052 2870 universo
3067 2816 3187 2868 orbe
3208 2813 3470 2878 Romano,
3491 2817 3598 2868 sol-

2001 2882 2145 2935 licita
2175 2887 2588 2952 perscrutatione
2609 2929 2622 2950 ,
2656 2898 2982 2942 monumenta
3007 2885 3216 2956 publica
3243 2886 3596 2951 discutienda,

1999 2957 2378 3029 perquirereut,
2411 2968 2455 3029 et
2477 2959 2567 3029 qui
2600 2957 2923 3029 Martyrum,
2955 2976 2986 3011 ιι
3009 2955 3132 3026 quo
3162 2955 3353 3010 Judice
3375 2997 3388 3020 ,
3408 2957 3466 3029 in
3495 2973 3604 3026 qua

1999 3025 2263 3098 provincia
2288 3027 2364 3080 vel
2394 3025 2614 3098 civitate,
2643 3025 2876 3098 qna'tlie,
2901 3025 3060 3098 quove
3073 3027 3451 3098 perseverantia
3477 3025 3597 3098 pas-

1999 3096 2156 3168 sionis
2177 3111 2297 3168 ‘sute
2325 3096 2662 3168 obtinuerunt
2684 3096 2931 3165 palmum,
2959 3101 3022 3151 tle
3050 3096 3177 3167 ipsis
3204 3096 3449 3168 at'clt_ivt'is
3473 3096 3597 3168 suib-

2001 3163 2142 3228 lota,
2177 3163 2298 3236 'ipsi
2326 3164 2569 3240 Eusebio,
2591 3163 2734 3239 regio
2755 3163 3245 3240 jussu’tlirig'erent.
3275 3165 3481 3240 “Unde
3515 3167 3600 3235 fa-

1999 3243 2139 3288 ctum
2165 3249 2260 3299 est,
2282 3246 2336 3290 ttt
2360 3238 2577 3294 idoneus
2604 3236 2791 3293 relator
2814 3241 3034 3292 existens
3049 3236 3082 3301 “,
3105 3246 3154 3292 et
3179 3236 3599 3291 Ecclesiasticam

2001 3306 2271 3381 historiam
2302 3318 2516 3375 texerat,
2551 3320 2596 3364 et
2623 3312 2849 3363 onmium
2898 3326 3024 3381 pene
3059 3319 3364 3381 martyrum
3391 3309 3599 3379 provin-

2000 3377 2195 3450 ciarum
2226 3381 2455 3432 omnium
2483 3381 2833 3436 Romanarum
2867 3377 3066 3449 tropaea
3094 3377 3318 3450 diligens
3345 3377 3596 3434 historio-

1999 3449 2230 3522 grttphus
2279 3451 2616 3506 declararet:
2674 3465 2926 3522 quatenus
2978 3453 3117 3506 omni
3157 3449 3241 3504 die
3281 3451 3598 3520 sacrificium

1981 3517 2112 3598 .Deo
2130 3519 2419 3598 offerentes,
2456 3539 2636 3598 eorum
2664 3517 2873 3598 nomina
2900 3524 3252 3598 meminissent
3287 3537 3305 3575 :
3333 3517 3598 3598 studentes

1999 3591 2086 3664 qui
2117 3591 2198 3664 die
2215 3593 2347 3662 ipso,
2380 3611 2480 3661 quo
2501 3597 2817 3664 sacri/icium
2849 3595 3148 3663 offerretur,
3179 3595 3394 3646 victores
3415 3594 3602 3646 diabo-

2001 3659 2040 3712 li
2063 3659 2400 3735 exstitissent,
2431 3676 2479 3718 et
2508 3659 2747 3735 martyrii
2769 3668 2851 3720 sui
2876 3659 3141 3735 triumpho:
3165 3665 3601 3735 pollentes_atque

2007 3733 2312 3806 ovantesgad
2333 3748 2505 3806 regem
2532 3731 2681 3788 suum
2709 3731 3051 3802 pervenissent
3079 3733 3359 3806 Christum.
3385 3731 3503 3806 Hac
3535 3735 3602 3786 de

291 3792 593 3864 ﬁediolani
619 3792 808 3864 urbem
829 3792 968 3864 esset
997 3792 1277 3880 ing‘ressus’,
1310 3792 1674 3883 univergosque
1724 3792 1902 3883 Italia:
1929 3792 1973 3855 (Ζ
2006 3818 2165 3883 {ausa
2194 3792 2522 3883 singulorum
2571 3792 2822 3883 mensium
2849 3847 2864 3871 ,
2918 3805 3378 3883 singulorumque,
3396 3802 3600 3857 dierum

291 3883 564 3953 episcOpos
600 3883 668 3936 ad
711 3897 766 3936 se
808 3879 1104 3944 invitasset,
1160 3891 1289 3946 ctc.,
1341 3889 1397 3953 e_t
1427 3879 1694 3934 infcriuS'
1741 3881 1902 3950 Coepit

290 3949 763 4008 christianissimus
790 3954 1028 4021 princeps
1057 3963 1296 4004 sanctum
1348 3949 1657 4021 Gregorium
1701 3953 1900 4007 Corduo

289 4023 466 4078 bensis
501 4022 748 4080 Ecclesia:
776 4026 831 4078 in
853 4040 913 4077 ea
933 4025 1181 4093 prat,"erre
1219 4023 1507 4076 Antistitent
1531 4061 1546 4085 ,
1577 4024 1715 4091 quod
1765 4025 1904 4078 omni

289 4097 376 4150 die
404 4096 507 4149 sive
531 4113 634 4149 non
654 4099 906 4168 jejunans
936 4095 1244 4160 matutinas,
1278 4094 1384 4146 sive
1407 4097 1655 4166 Jejunans
1700 4111 1904 4162 vesper-

290 4168 436 4220 tittus
462 4164 728 4233 explicans
759 4164 811 4219 Μ
819 4167 969 4225 issas,
1004 4181 1180 4218 eorum
1211 4164 1499 4234 martyrum
1545 4181 1765 4231 quorum
1809 4184 1905 4220 tta-

290 4238 676 4310 talitiaesseat,
707 4238 936 4310 plurima
969 4237 1201 4310 nomina
1227 4246 1540 4310 memoraret
1561 4246 1730 4310 ,Aetc.‘
1766 4237 1904 4310 Hinc

291 4309 520 4362 occasio
549 4305 925 4378 martyrologii
973 4307 1027 4362 in
1070 4305 1322 4378 Ecclesia
1374 4307 1752 4362 conscribendi
1801 4309 1902 4363 de-

290 4386 521 4446 sumpta
554 4391 659 4443 est,
691 4393 742 4433 et
770 4389 900 4432 tunc
923 4394 1040 4447 qua:
1065 4377 1333 4432 Eusebius
1384 4379 1554 4432 iusius
1592 4379 1738 4433 libro
1794 4395 1904 4434 uno

286 4452 359 4506 de
421 4451 590 4518 gestis
634 4451 935 4518 Martyrum
975 4450 1314 4514 scripserat,
1356 4449 1716 4520 Hieronymus
1751 4451 1904 4506 brevi

286 4523 516 4585 collegit
549 4528 837 4590 opusculo,
868 4520 1012 4590 quod
1044 4520 1486 4588 Martyrologium
1541 4523 1899 4591 nuncupavit.

288 4591 534 4660 Uttaque
559 4593 791 4661 cpistola
830 4593 897 4647 ad
927 4591 1318 4664 Hieronymum
1349 4631 1366 4652 ,
1389 4601 1451 4664 et
1492 4607 1521 4646 a
1567 4593 1903 4664 Hieronymo

285 4664 501 4725 scripta
548 4664 806 4718 omnibus
843 4666 995 4718 orbis
1045 4662 1562 4732 martyrologiorum
1623 4662 1904 4720 codicibus

285 4733 540 4803 pra-poni
568 4735 854 4788 consuevit
883 4750 1061 4803 ,quas
1111 4731 1199 4788 hic
1249 4731 1493 4788 inserere
1537 4735 1902 4790 necessarium

285 4807 561 4868 diutinus,
592 4806 658 4859 tle
682 4806 788 4859 lidc
811 4820 1000 4859 carum
1027 4805 1230 4860 acturi.

285 4896 569 4953 E}ISTOLA
606 4895 910 4953 CHBOIIA'I'II
950 4912 1017 4952 ΕΤ
1059 4897 1351 4954 "ELIODORI
1412 4911 1772 4953 EPISCOPORUI
1838 4915 1904 4954 AD

363 4969 598 5022 Βειτιιι
659 4969 1057 5034 Ιιιειιοιιιιιιυιι,
1126 4985 1194 5025 ne
1255 4984 1428 5026 orent:
1493 4971 1904 5026 MAR'HBOLOGII

361 5053 722 5095 COLLIGENDO.

293 5133 569 5206 Domino“
587 5144 766 5188 sancto
824 5133 972 5190 Patri
1033 5134 1389 5206 Hieronymo,
1468 5133 1794 5190 Chromatius
1857 5143 1905 5189 et

517 5204 838 5260 Heliodorus
867 5207 1094 5276 episcopi
1120 5207 1173 5259 in
1200 5203 1426 5259 Homine
1446 5207 1687 5260 salutem.

366 5298 506 5354 Cum
534 5297 958 5371 religiosissimus
982 5301 1246 5368 Augustus
1266 5298 1589 5371 Theodosius
1620 5298 1904 5371 Mediolani

291 5372 478 5425 urbem
504 5368 944 5443 esset'ingt'esstts,
962 5373 1325 5438 universosque
1345 5368 1521 5424 Italia:
1539 5371 1808 5442 episcopos
1835 5370 1905 5424 ad

285 5458 345 5496 se
367 5443 659 5507 invitasset,
685 5442 732 5495 et
761 5442 822 5494 ob
843 5459 1055 5496 causam
1084 5442 1528 5510 aliquantulorutn
1549 5442 1907 5510 episcoporum

287 5515 386 5583 qui
419 5529 485 5566 ex
505 5513 701 5566 Ariona
732 5514 858 5582 faece
883 5529 1004 5567 suas
1025 5515 1226 5566 animas
1257 5513 1612 5581 inquinassent
1641 5551 1654 5575 ,
1677 5513 1905 5581 inquire-

287 5582 372 5637 ret
405 5598 425 5637 :
451 5584 667 5654 contigit
701 5595 749 5637 et
791 5594 1017 5638 nostram
1061 5583 1366 5654 parvitatem
1395 5584 1450 5638 in
1498 5582 1687 5654 eodem
1729 5585 1909 5636 adesse

288 5601 372 5637 res
405 5601 425 5637 :
451 5601 667 5705 conqutt
701 5601 749 5637 et
791 5601 1017 5638 nostram
1061 5601 1366 5654 part-uatem
1395 5601 1450 5638 tn
1498 5601 1679 5636 eoaent
1729 5601 1906 5636 aaesse

288 5655 545 5708 concilio.
607 5672 638 5707 η
666 5671 768 5723 quo
797 5671 916 5708 cum
944 5654 1167 5708 dicenda
1195 5655 1335 5709 dicta
1360 5662 1550 5718 essent,
1579 5661 1625 5706 et
1655 5653 1906 5722 definien-

289 5728 366 5778 da
397 5724 636 5796 deﬁnita,
662 5727 816 5796 cazpit
843 5726 1298 5796 christianissimus
1322 5726 1560 5796 princeps
1617 5724 1678 5781 S.
1712 5724 1908 5795 Grego-

288 5797 445 5852 rium
475 5795 820 5852 Cordubensis
854 5795 1098 5853 Ecclesia:
1119 5797 1169 5850 in
1210 5813 1271 5852 eo
1317 5797 1566 5868 μηνίει-τε
1597 5797 1904 5863 antistitem,

2007 3877 2140 3942 festa
2170 3876 2597 3943 conscripsimus,
2634 3884 2688 3929 ut
2717 3876 2894 3943 jubere
2923 3875 3285 3946 dignnbimini,
3330 3875 3602 3946 perennem

2007 3955 2196 4016 nostrw
2226 3948 2496 4012 parvitatis
2516 3950 2814 4000 memoriam
2834 3947 2946 4016 fore
2967 3945 3228 4000 credentes
3253 3961 3271 4011 ;
3324 3961 3436 3998 cunt
3485 3945 3606 3999 die-

2006 4015 2097 4068 btts
2128 4016 2365 4089 omnibus
2390 4034 2481 4089 per
2510 4028 2580 4072 tot
2612 4015 2869 4072 annorum
2893 4020 3061 4089 spatia
3090 4026 3272 4071 sancta
3295 4028 3597 4071 sanctorum

2004 4089 2223 4161 nomina
2238 4087 2430 4161 fuerint
2473 4092 2648 4158 festive
2681 4087 2959 4144 celebrata.
2996 4087 3063 4142 Et
3092 4090 3342 4161 quoniam
3369 4106 3459 4156 per
3479 4091 3593 4143 sin-

2004 4157 2155 4231 gulos
2186 4159 2320 4224 dies,
2352 4157 2668 4215 diversarum
2716 4157 3129 4230 provinciarum,
3181 4162 3599 4231 diuersorumque

2006 4230 2206 4282 urbium
2241 4233 2513 4305 plusquam
2542 4234 2952 4305 octingentorum
2979 4243 3024 4286 et
3047 4241 3426 4305 nongentarum
3460 4230 3602 4305 mare

2007 4310 2176 4368 tyrum
2199 4315 2316 4355 sunt
2343 4303 2550 4356 nomina
2574 4303 2840 4358 nominata
2865 4319 2885 4358 :
2913 4314 2966 4357 ut
2991 4303 3165 4356 nullus
3203 4303 3313 4356 dies
3364 4303 3426 4355 sit
3451 4341 3464 4365 ,
3513 4303 3604 4369 qui

2006 4387 2106 4424 non
2134 4373 2270 4424 intra
2290 4373 2682 4442 quingentorum
2707 4391 2979 4427 numerant
3002 4373 3215 4443 reperiri
3239 4373 3400 4438 possit
3428 4373 3597 4424 ascri-

2005 4451 2146 4509 ptus,
2200 4453 2433 4514 exempto
2473 4444 2556 4514 die
2600 4444 2810 4499 kalend.
2839 4443 3598 4499 Januariorumnonsiderans

2006 4514 2139 4566 inter
2156 4513 2564 4568 innumerabiles
2578 4515 2779 4580 turbas,
2797 4515 3000 4569 lectoris
3022 4515 3255 4566 animum
3280 4515 3418 4565 intra
3438 4528 3598 4566 unum

2007 4599 2226 4636 mensem
2253 4601 2403 4652 posse
2433 4584 2706 4638 lassescere
2727 4600 2745 4637 :
2770 4602 2834 4639 ne
2859 4586 2915 4638 id
2935 4585 3162 4647 eveniat,
3184 4585 3397 4636 breviter
3417 4593 3465 4638 et
3487 4598 3604 4635 suc-

2005 4655 2169 4708 cincte
2193 4671 2372 4709 eorum
2403 4657 2490 4724 qui
2516 4663 2633 4709 sunt
2669 4658 2724 4708 in
2751 4656 3073 4725 amplissima
3097 4655 3393 4723 festivitate,
3419 4655 3474 4708 in
3494 4653 3602 4708 suis

2007 4726 2134 4779 locis
2162 4735 2360 4780 tantum
2384 4741 2493 4795 prce
2522 4727 2762 4780 omnibus
2784 4736 3100 4796 memoratus
3135 4741 3271 4787 sum,
3289 4735 3602 4796 utantputa-

2008 4809 2090 4851 tus
2117 4796 2351 4868 fastidio,
2381 4814 2514 4852 unus
2545 4799 2608 4852 de
2636 4797 2872 4852 omnibus
2900 4795 3126 4866 sufﬁciat
3167 4796 3370 4868 libellus
3399 4795 3601 4865 ascrip-

2010 4867 2287 4926 ttts.’Sane
2328 4871 2381 4923 in
2434 4871 2600 4938 printa
2641 4878 2786 4942 parte
2814 4867 3012 4934 libelli,
3066 4869 3296 4942 omnium
3343 4867 3606 4942 beatorum

2010 4943 2366 5012 apostolorum
2413 4942 2543 5012 festa
2575 4939 3014 5012 conscripsimus,
3053 4948 3111 4993 ut
3160 4939 3270 4993 dies
3312 4941 3443 4994 varii
3500 4957 3605 4995 non

2008 5011 2212 5083 videant
2234 5011 2487 5080 dividere,
2511 5029 2633 5083 quos
2669 5030 2776 5066 una
2799 5011 3030 5083 dignitas
3060 5013 3387 5080 apostolatus
3419 5013 3471 5065 in
3509 5029 3608 5068 cte-

2009 5081 2124 5155 lesti
2143 5084 2307 5153 gloria
2330 5085 2448 5155 fecit
2479 5081 2588 5139 esse
2608 5081 2872 5138 sublimes.
2906 5082 3184 5137 Hactenus
3215 5084 3600 5154 Hieronymus.

1934 5179 1987 5238 D
2082 5154 2646 5238 liibil‘tat'nsartum,
2685 5167 2991 5238 tectumque
3017 5155 3605 5238 2,ειηιιτιιιι,νιειιςιηιιιιόιι

2013 5233 2286 5280 vetustate
2315 5225 2556 5280 lulcitum
2575 5266 2590 5288 ,
2619 5226 2759 5292 quod
2789 5241 2819 5278 a
2851 5225 3248 5281 recentioribus
3283 5227 3337 5280 in
3379 5226 3601 5280 dubium

2012 5309 2228 5349 versum
2259 5310 2365 5351 non
2407 5297 2496 5352 sit.
2532 5296 2894 5350 Snbdubitare
2932 5296 3097 5366 erepit
3125 5297 3372 5352 Molanns
3401 5297 3468 5349 de
3498 5295 3604 5349 ttde

2013 5367 2327 5422 earumdem
2356 5365 2724 5436 epistolarum,
2755 5374 2812 5423 et
2839 5365 3106 5423 Baronius
3135 5370 3347 5424 tandem
3372 5377 3430 5421 ut
3454 5379 3607 5436 com-

2015 5437 2290 5508 metttitias
2321 5435 2540 5508 prorsus
2573 5438 2794 5505 reiecit,
2826 5440 2966 5493 libro
2993 5455 3091 5493 suo
3121 5440 3190 5494 de
3220 5435 3601 5508 Martyrologio

2013 5505 2294 5573 Romano;
2321 5505 2462 5577 quod
2500 5510 2712 5579 quidem
2755 5519 2817 5565 ut
2854 5511 3100 5576 suadeat,
3139 5509 3304 5563 tttnlta
3348 5505 3607 5579 variaque

2013 5579 2262 5652 congerit
2306 5577 2678 5652 undecumque
2720 5591 3067 5652 argumenta.
3106 5579 3343 5633 Primum
3387 5577 3606 5652 quidem

2013 5647 2194 5720 capite
2223 5652 2256 5706 6
2280 5652 2552 5708 contendit
2585 5647 2853 5714 evertere.
2883 5652 3024 5720 quod
3057 5651 3314 5704 hactenus
3333 5647 3606 5720 rcredebav

2015 5719 2101 5798 tur
2128 5737 2160 5776 a
2189 5727 2406 5798 multis,
2436 5724 2630 5798 librum
2659 5724 2879 5777 Eusebii
2902 5719 3284 5798 ’Cmsaricitsis
3310 5719 3379 5773 de
3405 5727 3612 5798 marty-

2014 5795 2164 5851 ribus
2179 5810 2290 5851 non
2312 5795 2477 5851 alium
2498 5793 2689 5861 luisse,
2713 5807 2872 5862 quam
2895 5789 3338 5860 compendiosum
3370 5789 3612 5848 omnium
