4148 6172
484 269 585 336 5H

1520 264 1777 338 ,rmvn
1815 263 1997 324 LUCll
2034 261 2294 322 DEXTBI
2333 243 2745 324 CHRONICON.

3676 262 3786 324 512

1709 375 1967 464 amna
2002 400 2571 463 COMMENTARIUS.

487 537 803 590 sanctorum
832 503 1542 604 martyrumeollectionem
1565 537 1629 580 ea
1656 520 1926 604 brevitate
1953 531 2087 604 con:-
2109 515 2311 604 A‘rum
2339 518 2756 604 antesignanum
2777 563 2790 588 ,
2818 517 3138 604 signiferpm
3166 523 3221 574 et
3237 515 3548 604 principem
3576 531 3787 604 nuncu-

491 613 729 669 textam,
765 615 878 673 qua
900 591 1287 673 ma'rtyrologia
1313 602 1620 652 noscuntur
1649 591 1995 673 conscripta;
2029 595 2086 644 et

490 689 557 733 ea
589 663 808 745 propter
836 663 1277 745 Martyrologium
1307 663 1867 745 nun‘cupatuni.__ll:e_e
1900 670 2085 717 tamen

489 733 656 818 quam
690 733 1030 818 'mendacitér
1066 733 1316 818 dicantur
1349 733 1880 818 (ai_t)’non__aliunde
1923 746 2086 818 quam

494 803 826 874 t'estimoniis
861 815 1038 885 ipsius
1067 812 1291 885 Eusebii
1321 803 1600 885 probatur,
1629 808 1724 885 lib.
1756 822 1810 885 tv
1835 820 1956 885 cap.
1991 803 2082 885 lxi,

489 888 562 944 de
609 886 670 944 S.
713 874 941 949 Pionié;
992 895 1050 941 et
1092 884 1188 939 lib.
1238 898 1292 949 v,
1323 874 1457 952 'cap.
1505 874 1635 952 Set
1659 878 1737 952 4,
1768 874 2107 952 deepistola'

493 958 757 1017 Ecclesia:
796 946 1214 1032 Lugdunensis;
1256 946 1310 1010 et
1347 946 1468 1032 cap.
1507 951 1579 1008 20
1607 949 1674 1006 de
1704 950 1764 1032 ξ.
1798 946 2087 1032 Apollonio

495 1037 752 1101 senatore
779 1025 950 1101 agens
972 1067 989 1091 ,
1013 1028 1236 1101 asserit
1272 1039 1332 1101 se
1374 1025 1568 1101 horum
1599 1025 1837 1101 omnium
1867 1027 1986 1101 acta
2029 1025 2085 1072 in

497 1102 639 1158 libro
667 1100 752 1175 _d_e
803 1089 1132 1175 Hartyribus
1179 1094 1488 1175 plenissime
1515 1093 1858 1175 scripsisse;
1905 1089 2089 1175 ibique

501 1171 731 1240 reperiri
760 1159 1045 1244 epistolam
1076 1159 1426 1244 prae-dictam,
1472 1173 1530 1221 et
1558 1159 1864 1244 orationem
1903 1159 2090 1230 apolo-

500 1233 731 1314 geticam
774 1233 834 1300 εἰ.
874 1233 1371 1314 Apollonii_co_ram
1410 1245 1600 1314 senatu
1643 1233 1882 1314 habitam
1925 1245 2086 1314 quam

501 1301 865 1386 Hieronymus
902 1301 1099 1379 v'ocat,
1147 1308 1360 1382 Insigne
1394 1308 1650 1362 volumen.
1695 1301 2090 1386 ErgoneJliber

501 1401 642 1442 unus
661 1429 677 1453 ,
708 1383 962 1441 volumen
987 1397 1155 1439 unum
1177 1423 1192 1444 ,
1226 1392 1303 1437 tot
1327 1387 1625 1454 martyrum
1652 1385 1773 1431 acta
1804 1383 2090 1454 continere

501 1445 786 1524 valuisset,
811 1456 878 1511 ad
902 1463 1364 1525 quorumrtantum
1393 1445 1612 1525 nomina
1635 1445 2092 1525 recensendam}

502 1515 1086 1599 sufficere'potuisset‘l
1114 1523 1380 1599 Equidem
1401 1522 1449 1599 _s_i
1483 1532 1594 1599 tam_
1614 1519 1846 1599 prolixe,
1879 1524 1944 1599 ut
1963 1515 2094 1599 fecit

506 1599 559 1654 in
587 1599 734 1664 aliis,
766 1585 930 1654 totius
953 1585 1213 1652 Ecclesia:
1238 1592 1517 1650 catholicae
1547 1585 1758 1658 ab'ipso
1787 1585 2090 1644 scribenda:

501 1671 731 1726 fuissent
761 1684 854 1725 res
889 1678 1059 1739 gestae
1097 1677 1406 1740 sanctorum
1440 1671 1778 1740 martyrum,
1813 1674 1922 1740 non
1952 1673 2092 1740 unus

506 1740 668 1806 liber,
703 1755 811 1796 non
838 1731 1083 1812 cc'ntum,
1109 1753 1215 1791 non
1246 1734 1479 1812 denique
1506 1731 1650 1812 mille
1681 1731 1913 1812 fuissent
1937 1731 2092 1790 satis,

506 1827 609 1868 nec
638 1799 753 1882 ipse
782 1809 1016 1882 mundus
1045 1799 1240 1882 capere
1268 1799 1535 1877 potuisset
1563 1817 1660 1858 eos
1678 1842 1692 1870 ,
1721 1800 1812 1872 qui
1840 1799 1910 1856 de
1942 1813 2006 1854 ea
2034 1813 2095 1854 re

505 1879 776 1938 scribendi
803 1880 1035 1937 fuissent
1056 1879 1246 1953 libros.
1279 1948 1290 1953 Δ
1451 1947 1462 1953 _
1533 1946 1544 1953 _
1976 1941 1987 1953 _

579 1953 851 2008 (la-terum
884 1955 987 2006 hoc
1009 1965 1114 2004 non
1142 1948 1293 2004 multi
1318 1946 1578 2018 ponderis
1601 1954 1703 2018 est,
1735 1959 1859 2018 nam
1882 1957 1948 2018 ex
1976 1946 2093 2011 ipso

509 2023 747 2079 Eusebio
777 2024 946 2095 liquet
989 2024 1125 2092 (nec
1153 2014 1502 2095 aliis_,'_quam
1539 2034 1569 2072 a
1597 2014 1832 2071 Baronio
1862 2016 2095 2095 citantur

514 2084 862 2178 testimoniis")
889 2084 1063 2163 ipsum
1094 2108 1201 2146 non
1230 2084 1398 2174 mille,
1426 2104 1535 2172 non
1561 2097 1802 2178 centum,
1839 2100 1946 2178 npn
1975 2084 2096 2178 plu:

509 2181 598 2221 res
629 2164 698 2220 de
719 2156 890 2236 gestis
913 2156 1218 2236 martyrum
1249 2156 1534 2230 scripsisse
1561 2159 1730 2236 libros
1751 2198 1765 2219 .
1797 2156 1899 2236 sed
1927 2168 2092 2236 unum

507 2227 824 2309 dumtaxat;
849 2250 1009 2306 quem
1035 2227 1157 2309 cum
1181 2233 1294 2302 ipse
1319 2227 1608 2309 numquam
1636 2229 1705 2309 d_e
1728 2227 2095 2309 magnitudine

508 2306 724 2378 laudet,
767 2297 884 2361 non
915 2314 1000 2362 est
1031 2306 1174 2378 unde
1203 2297 1500 2378 credamus
1541 2297 2093 2378 niaximum-luisse:

513 2365 813 2443 quinim'mo
855 2391 1015 2445 quem
1069 2375 1203 2429 alias
1258 2376 1451 2445 librum
1495 2380 1752 2445 vocarat,
1803 2365 2098 2445 aliquando

510 2441 754 2504 libellum
787 2441 964 2503 vocat.
1007 2445 1099 2500 Sic
1139 2459 1261 2498 cum
1301 2444 1369 2499 de
1413 2445 1472 2497 S.
1519 2442 1709 2496 Pionio
1745 2441 1856 2510 agit
1894 2441 1988 2493 lib.
2020 2452 2096 2504 iv,

513 2533 636 2588 cap.
672 2520 737 2575 14
772 2535 785 2573 :
825 2514 1410 2591 Qualemdenique(ait)_
1431 2523 1480 2567 ct
1509 2529 1662 2580 quam
1688 2513 1939 2591 insignem
1960 2525 2100 2591 rnor-

511 2581 633 2654 tem,
669 2581 864 2656 praeter
881 2589 1016 2643 alias
1047 2581 1222 2640 omnes
1255 2581 1336 2639 res
1360 2581 1422 2638 ab
1449 2600 1506 2637 eo
1533 2592 1677 2637 tanta
1716 2581 1834 2635 cum
1868 2581 2100 2656 admira-

513 2651 869 2732 tione'gestas,
904 2677 993 2732 eos
1018 2657 1205 2726 quibus
1235 2656 1430 2732 libitum
1459 2662 1535 2708 est
1572 2667 1899 2732 cognoscere,
1928 2652 1998 2703 ad
2033 2651 2101 2703 li-

516 2723 704 2784 bellum
727 2723 872 2785 nobis
901 2730 965 2783 de
994 2723 1217 2782 veterum
1245 2728 1554 2783 Sanctorum
1577 2723 1836 2792 martyriis
1859 2723 1916 2775 in
1943 2736 2103 2774 unum

515 2800 741 2855 redactis
769 2803 984 2864 editum,
1016 2800 1107 2870 qui
1135 2799 1344 2869 quidem
1370 2797 1549 2870 omnia
1575 2796 1714 2870 facta
1740 2793 1883 2848 illius
1912 2792 2103 2862 plenis-

515 2871 646 2926 sime
679 2867 1068 2940 complectitur,
1116 2867 1476 2924 amandamus.
1521 2867 1627 2921 Sed
1666 2880 1901 2935 quonam
1948 2871 2104 2932 pacto

518 2942 640 2998 lieri
669 2944 849 3006 valet,
893 2953 950 2996 ut
981 2956 1089 2996 uno
1123 2940 1306 2996 libello
1335 2947 1413 2994 tot
1450 2945 1746 3008 martyrum
1776 2945 1927 3006 gesta
1957 2949 2108 2989 com-

517 3013 780 3083 prehendi
813 3015 1024 3081 possint
1048 3012 1072 3066 ?
1094 3011 1235 3067 Sane
1270 3010 1393 3083 quia
1438 3008 1632 3083 majori
1671 3015 1935 3083 erparte
1965 3019 2108 3059 mar-

519 3078 698 3154 iyrum
724 3078 929 3142 Christi
958 3083 1200 3139 breviter
1220 3078 1683 3154 complectebatur
1714 3078 2018 3154 historiam,
2052 3083 2110 3131 et

517 3149 656 3211 nihil
684 3155 831 3211 aliud
862 3155 968 3211 nisi
999 3155 1218 3210 nomina
1245 3149 1477 3208 civitatis
1502 3158 1558 3206 et
1582 3149 1852 3219 praesidis,
1882 3163 1945 3202 ac
1967 3161 2110 3201 mar-

519 3227 648 3297 tyrii
691 3242 864 3297 genus
900 3225 1068 3297 (quod
1101 3224 1256 3297 aliud
1283 3223 1365 3297 de
1405 3223 1483 3278 eis
1505 3225 1668 3297 _scire
1712 3235 1820 3276 non
1866 3219 2106 3297 valuit),

519 3273 864 3362 suisui;
901 3273 1366 3352 unauana;
1398 3273 1672 3362 sarisas
1707 3273 1826 3362 se...
1856 3273 2107 3362 ἀεριαηίηξ
2136 3273 2184 3338 c

520 3359 1141 3435 declararet.'Exemplo
1161 3365 1232 3420 sit
1252 3359 1456 3435 Adonis
1477 3361 1940 3435 martyrologium,
1963 3359 2109 3429 quod

520 3439 740 3505 quidem
779 3452 885 3490 nou
916 3433 1084 3491 multa
1113 3436 1304 3505 implet
1332 3433 1458 3488 folia
1485 3475 1498 3496 ,
1525 3442 1589 3505 et
1611 3445 1787 3487 tamen
1816 3433 2111 3485 multorum

523 3503 580 3563 in
625 3521 693 3562 eo
732 3514 1032 3578 martyrum
1078 3503 1767 3578 acta',interrogationes,
1817 3515 2111 3578 restionsa,

524 3577 820 3643 miracula;
870 3573 1037 3633 immo
1079 3587 1135 3631 et.
1179 3576 1425 3645 epistola:
1473 3574 1933 3645 conscributitur,_
1955 3581 2015 3627 ut
2059 3573 2112 3625 in

523 3657 711 3704 sancta
741 3641 1046 3716 AnaStasia,
1079 3657 1138 3703 et
1164 3641 1728 3720 Chrysogonovidere
1759 3653 1862 3720 e_s_t.
1891 3641 2003 3699 Nec
2028 3657 2115 3697 me

522 3729 726 3784 movet,
751 3721 893 3791 quod
916 3729 1142 3776 sanctus
1163 3715 1488 3791 Apollonius
1504 3716 1712 3791 dicatur
1733 3732 1764 3770 a
1783 3715 2113 3791 Hieronymo

523 3793 736 3861 insigne
768 3785 1018 3848 volumen
1044 3785 1359 3862 scripsisse,
1391 3802 1445 3844 et
1475 3787 1580 3842 hoc
1609 3788 1774 3862 etiam
1798 3789 1849 3840 in
1881 3785 2021 3842 libro
2046 3785 2116 3862 _d_e

525 3856 854 3934 martyribus
875 3905 890 3927 ,
923 3856 1176 3934 Eusebii;
1203 3862 1577 3925 contineatur;
1611 3859 1866 3929 quoniam
1893 3873 1999 3914 non
2029 3856 2116 3910 di-

525 3932 680 3988 citur
697 3935 948 3989 volumen
982 3933 1113 3987 illud
1152 3933 1394 4002 insigne,
1430 3940 1681 4000 reSpectu
1711 3944 1918 4002 magna:
1947 3943 2120 3996 quau-

527 4003 730 4066 titatis,
758 4004 858 4057 sed
890 4004 961 4056 oh
996 4001 1317 4071 dignitatem
1346 4004 1561 4070 operis,
1595 4011 1654 4071 et
1687 4001 2076 4071 perfectionem
2102 4013 2116 4052 :

531 4073 988 4161 ll“.°.'.'!‘ld",'9t‘9.'.“
1011 4069 1536 4161 ipsasciret}?
1564 4072 1626 4161 εει.
1647 4069 1884 4161 “huc?
1915 4069 2118 4161 fﬁeri!!!-

533 4140 749 4198 Eceles.
798 4144 960 4198 simili
1007 4140 1226 4211 prorsus
1273 4140 1432 4212 pacto
1472 4141 1542 4196 de
1589 4141 1648 4196 Β.
1692 4140 1886 4212 Pontio
1917 4140 1973 4196 S.
2019 4141 2123 4210 Cy-

531 4214 708 4285 priani
737 4215 973 4270 diacono
1001 4213 1198 4283 inquit,
1245 4211 1455 4285 insigne
1485 4212 1739 4285 volumen
1765 4211 1833 4285 de
1863 4213 2122 4282 martyrio

531 4282 776 4354 ejusdem
819 4282 1106 4353 scripsisse
1132 4330 1146 4353 ,
1187 4282 1339 4355 quod
1357 4282 1550 4340 'tamen
1591 4282 1973 4340 brevissimum
2001 4297 2123 4339 esse

531 4357 745 4428 cunctis
777 4358 1120 4428 perspicuum
1147 4366 1250 4411 est.

544 4467 573 4500 χ
603 4427 714 4485 Sed
741 4425 1190 4500 urget'llaronius
1217 4445 1338 4499 cap.
1367 4431 1398 4483 7
1424 4427 1692 4498 sequenti,
1720 4425 1906 4500 multis
1930 4425 2124 4482 suﬂ'ar-

531 4499 742 4556 cinatas
791 4499 914 4557 esse
963 4499 1263 4556 mendaciis
1313 4501 1449 4555 duas
1505 4500 1602 4554 has
1645 4499 1904 4568 epistolas
1936 4537 1953 4564 ,
2005 4513 2124 4568 qum

532 4587 719 4627 earmn
760 4571 1022 4644 detegunt
1069 4572 1423 4644 imposturam
1470 4589 1484 4626 :
1538 4569 1920 4644 videlicet,_l_‘f
1969 4567 2124 4644 Quod

2124 1900 2174 1961 B

2189 598 2310 661 pat,
2362 588 2629 661 apologize
2661 588 2926 645 adversus
2954 589 3206 646 Rufinum
3236 588 3335 644 lib.
3365 588 3467 661 ret
3489 604 3528 661 u
3553 597 3610 645 et
3629 589 3786 646 alibi.

2187 657 2252 732 59
2284 657 2442 728 Quod
2486 657 2873 732 a'llieronymi
2910 661 3052 732 stylo
3089 660 3321 730 epistola
3362 659 3452 715 illa
3489 660 3788 732 discrepet.

2189 731 2247 803 §°
2293 733 2552 799 Demum,
2594 732 2740 803 quod
2768 731 2840 788 in
2883 731 3496 803 posteriorirasseratur
3537 731 3788 788 kalendis

2187 801 2445 875 Januarii
2472 801 2678 859 nullum
2723 801 2979 873 umquam
3019 802 3422 875 catholicorum
3458 804 3780 875 martyrium

2188 887 2406 944 passum
2427 874 2596 947 fuisse
2612 917 2628 944 ,
2652 875 2796 946 quod
2820 884 2998 947 tamen
3020 890 3085 930 ex
3107 875 3356 947 Romano
3377 874 3787 947 Martyrologio,

2188 953 2243 1001 et
2269 945 2483 1017 iacteris
2512 945 2707 1002 falsum
2737 961 2860 1002 esse
2889 945 3081 1017 liquet.
3113 946 3241 1002 llaec
3270 945 3383 1017 ille.

2267 1015 2433 1072 Valde
2464 1025 2645 1072 tamen
2687 1015 2993 1073 mirandum
3022 1027 3108 1074 est
3144 1017 3324 1072 virum
3353 1016 3738 1074 doctissimum
3762 1058 3781 1085 ,

2189 1086 2403 1143 levibus
2427 1087 2757 1158 conjucturis
2785 1089 3037 1154 ductum,
3067 1089 3328 1159 epistolas
3356 1087 3524 1145 hasce
3550 1089 3790 1146 subver-

2192 1169 2307 1214 tere
2335 1161 2710 1226 contendisse,
2738 1175 2873 1232 quas
2900 1170 3080 1216 tamen
3112 1167 3332 1215 constat
3355 1169 3483 1232 ante
3508 1161 3793 1232 octingen-

2191 1239 2277 1285 tos
2317 1245 2490 1286 annos
2529 1247 2557 1284 a
2598 1229 3028 1300 praeclarissimis
3051 1273 3067 1297 ,
3109 1239 3164 1285 et
3199 1231 3538 1287 auctoritatis
3575 1229 3796 1288 eximia:

2192 1301 2563 1373 scriptoribus
2581 1303 2814 1373 agnitas,
2838 1312 2894 1357 et
2915 1303 2967 1358 in
2991 1303 3342 1373 veneratione
3365 1302 3576 1358 habitas
3595 1302 3792 1370 fuisse,

2192 1371 2444 1428 videlicet
2472 1374 2540 1427 ab
2564 1371 2925 1438 cassiodoro,
2959 1373 3102 1429 Beda
3129 1383 3186 1428 et
3214 1371 3519 1437 Strabone,
3550 1389 3792 1443 quorum

2195 1443 2248 1496 in
2279 1443 2373 1499 Dei
2418 1444 2658 1499 Ecclesia
2708 1445 2994 1500 sententia!
3020 1444 3089 1499 de
3133 1444 3352 1499 levitate
3381 1459 3678 1514 nusquam,
3723 1446 3798 1502 de

2193 1514 2460 1583 gravitate
2487 1515 2683 1585 ubique
2711 1515 2942 1570 laudata:
2965 1517 3203 1571 luerunt.
3229 1515 3428 1584 Accipe
3450 1516 3799 1585 singulorum

2197 1585 2385 1640 verba.
2431 1585 2789 1642 Cassiodorus
2830 1587 2924 1642 lib.
2967 1585 3036 1641 de
3083 1585 3259 1641 lnstit.
3308 1585 3614 1641 divinarum
3657 1588 3795 1644 lect.

2195 1671 2317 1724 cap.
2340 1657 2444 1712 δεῖ
2477 1654 2696 1711 Futura:
2718 1657 3047 1712 beatitudinis
3073 1673 3240 1712 mores
3257 1656 3379 1728 (ait)
3396 1661 3526 1711 vitas
3547 1655 3798 1726 Patruus,

2195 1728 2543 1798 confessiones
2569 1728 2827 1800 ﬁdelium,
2855 1729 3115 1800 passiones
3154 1737 3445 1800 martyrum
3478 1728 3634 1800 legite
3664 1745 3800 1784 ron-

2197 1807 2428 1872 stanter;
2457 1815 2586 1872 quas
2611 1800 2746 1853 inter
2778 1799 2914 1872 alia,
2950 1800 3002 1872 in
3030 1799 3252 1872 epistola
3271 1800 3452 1872 sancti
3480 1799 3801 1872 Hieronymi

2197 1869 2266 1921 ad
2301 1867 2680 1943 Chromatium,
2712 1880 2760 1924 et
2783 1867 3130 1925 Heliodorum
3150 1869 3406 1925 destinata
3432 1867 3802 1943 proculdubio

2197 1941 2460 2006 reperietis
2485 1955 2503 2013 _:
2531 1943 2618 2012 qui
2649 1957 2740 2010 per
2771 1950 2933 1996 totum
2969 1943 3143 1996 orbem
3176 1941 3440 2013 terrarum
3459 1945 3703 2013 floruere,
3741 1951 3803 1998 ut

2197 2020 2378 2085 sancta
2405 2011 2624 2085 imitatio
2658 2027 2745 2066 vos
2771 2028 3087 2085 provocans,
3123 2011 3192 2064 ad
3215 2011 3639 2085 etclestia'regna
3675 2031 3802 2082 pcr-

2198 2082 2376 2154 ducat.
2427 2081 2581 2154 \’jde.
2631 2081 2836 2154 quaeso,
2886 2099 3048 2153 quam
3091 2082 3231 2152 apud
3273 2099 3467 2139 omnes
3514 2081 3797 2154 receptum

2200 2153 2397 2219 fuerit,
2440 2150 2751 2209 Cassiodori
2803 2150 3049 2224 tempore
3097 2150 3385 2223 epistolam
3436 2150 3832 2222 illamfcum'

2200 2238 2365 2292 opere
2396 2225 2794 2296 Martyrologii,
2829 2226 3138 2297 Hieronymi
3169 2227 3334 2297 letum
3364 2241 3521 2293 esse;
3551 2227 3698 2296 quod
3731 2227 3800 2282 ad

2201 2309 2320 2368 eam
2346 2305 2622 2368 provocet
2660 2298 2902 2368 lectores
2941 2296 3074 2352 suos
3119 2311 3215 2367 pro
3255 2296 3560 2353 devotionis
3604 2298 3800 2368 spiritu

2201 2363 2523 2422 hauriendo.
2566 2366 2706 2421 Beda
2733 2367 2786 2422 in
2815 2363 3134 2423 Retractatﬁ
3157 2369 3211 2422 in
3250 2370 3381 2423 Acta
3412 2363 3800 2436 Apostolorum

2201 2438 2381 2523 cap.nl
2421 2438 2709 2523 sicuinquit
2731 2439 3127 2522 ,‘zoAstipulatur
3160 2447 3207 2492 et
3248 2438 3376 2523 liber
3411 2439 3802 2523 Martyrologii,

2201 2508 2289 2575 qui
2307 2506 2459 2562 Beati
2483 2506 2790 2580 Hieronymi
2813 2506 3037 2574 nomine,
3062 2526 3124 2580 ac
3147 2511 3448 2580 praefatione
3468 2506 3764 2566 attitulatur
3785 2527 3804 2566 :

2201 2581 2432 2648 quamvis
2462 2580 2601 2651 idem
2632 2579 2987 2651 Hieronymus
3013 2579 3160 2634 illius
3197 2579 3318 2634 libri
3345 2598 3446 2637 non
3479 2593 3684 2647 auctor,
3717 2583 3808 2636 sed

2203 2651 2490 2732 interpres,
2535 2650 2788 2732 Eusebius
2823 2650 2995 2732 autem
3033 2661 3217 2732 auctor
3253 2653 3504 2707 exstitisse
3540 2666 3804 2732 narretur.

2207 2721 2587 2793 grtelationem
2608 2722 2854 2793 intelligo
2876 2722 3164 2793 epistolam
3185 2722 3254 2778 de
3277 2738 3381 2786 qua
3404 2738 3546 2778 nunc
3567 2727 3806 2793 agimus.

2205 2789 2536 2855 Walafridns
2558 2807 2685 2846 vero
2705 2789 3042 2849 Str'abo’luec
3062 2794 3250 2849 scribit
3275 2793 3371 2850 lib.
3423 2793 3493 2850 de
3518 2789 3658 2851 Reb.
3690 2795 3804 2851 Ec-

2213 2863 2452 2937 clesiast.
2471 2878 2594 2937 cap.
2621 2863 2694 2918 28
2721 2883 2733 2918 :
2756 2864 3112 2936 Hieronymus
3129 2864 3585 2937 Martyrologium,
3601 2877 3811 2922 secutus

2207 2931 2488 2988 Eusebium
2517 2934 2884 2991 Cwsariensem
2914 2931 3004 3003 per
3027 2937 3153 2990 anni
3178 2931 3443 2990 circulum'
3457 2931 3770 3004 conscripsit
3790 2953 3811 3001 ;

2209 3021 2269 3078 ea
2308 3007 2578 3078 occasione
2617 3008 2681 3061 ab
2733 3006 3005 3078 Episcopis
3054 3005 3380 3078 Chromatig.
3425 3017 3472 3062 et
3514 3007 3812 3063 Heliodoro

2210 3074 2344 3150 illud
2386 3093 2512 3150 apns
2549 3090 2762 3148 rogatus
2782 3074 3122 3150 componere,
3154 3079 3276 3149 quia
3301 3077 3645 3145 Theodosius,
3677 3081 3811 3134 reli-

2211 3148 2388 3220 giosus
2435 3149 2743 3220 imperator,
2800 3151 2854 3203 in
2893 3148 3113 3205 Concilio
3155 3148 3520 3220 episcoporum
3574 3151 3815 3206 laudavit

2214 3217 2942 3292 Gregoriuni_Cordubensem
2985 3217 3495 3292 episcopum,'quod
3540 3223 3678 3276 omni
3729 3223 3817 3277 die

2215 3291 2398 3357 missas
2427 3290 2690 3361 explicans
2713 3335 2727 3358 ,
2777 3307 2957 3344 eorum
2984 3290 3268 3361 martyrum
3306 3308 3525 3358 quorum
3569 3294 3816 3349 nutatitia

2215 3371 2415 3434 essent,
2451 3362 2659 3414 nomina
2688 3363 2920 3434 plurima
2945 3372 3388 3417 commemoraret.
3425 3365 3554 3430 Qua:
3583 3364 3648 3416 ad
3683 3379 3818 3419 ver-

2215 3432 2341 3503 hum
2375 3431 2660 3498 desumpta
2688 3431 2916 3488 suntex
2958 3435 3188 3503 epistola
3215 3434 3514 3489 Chromatii
3542 3444 3596 3489 et
3629 3434 3818 3490 llelio—

2215 3501 2358 3556 dori.
2379 3504 2592 3575 Ergone
2614 3513 2693 3558 tot
2711 3501 3091 3575 tantorumque
3108 3505 3396 3560 Doctorum
3442 3505 3816 3574 posthabenda

2217 3582 2303 3646 est
2331 3573 2655 3646 auctoritas,
2689 3582 2748 3629 ut
2776 3573 3018 3630 liberaui
3037 3577 3107 3630 sit
3130 3577 3386 3646 cuiquam
3415 3579 3692 3646 proprium
3726 3592 3818 3632 se-

2217 3644 2310 3717 qui
2335 3656 2561 3717 martem
2585 3645 2637 3700 in
2660 3661 2717 3702 re
2738 3648 2916 3717 gravi,
2946 3661 3065 3714 quae
3088 3661 3194 3702 non
3220 3644 3437 3716 quidem
3459 3644 3816 3717 eo‘njceturis,

2218 3714 2314 3841 god
2329 3716 2668 3840 taestiigri‘riiis
2689 3714 3038 3790 antiquorum
3061 3714 3486 3789 comprobanda,
3513 3714 3605 3774 aut
3625 3734 3823 3792 repro-

2257 3802 2322 3840 an
2367 3802 2394 3840 a
2425 3801 2485 3841 er
2560 3829 2572 3841 .

2257 3799 2394 3840 anua
2425 3799 2572 3842 erat!

2291 3858 2421 3926 Quae
2457 3873 2588 3913 vero
2620 3871 2809 3914 contra
2839 3859 3126 3915 veritatem
3158 3859 3461 3930 excogitata
3489 3871 3647 3928 sunt,
3687 3877 3820 3918 vera

2220 3944 2344 3985 esse
2372 3944 2479 4004 non
2515 3942 2759 4004 possunt,
2799 3941 2860 3985 ut
2890 3932 3104 4004 patebit
3130 3932 3486 4002 expendendo
3511 3933 3818 4004 sigillatim,

2221 4017 2342 4069 qua:
2370 4000 2426 4054 in
2457 4003 2788 4058 contrarium
2814 4003 2971 4073 nobis
2999 4000 3223 4073 ohjccit.
3259 4006 3319 4058 l°
3352 4005 3494 4060 Leve
3521 4000 3600 4059 est
3624 4045 3638 4067 ,
3669 4006 3821 4073 quod

2221 4073 2291 4125 ab
2317 4073 2590 4145 episcopis
2620 4072 3092 4144 presbyter-Pater
3117 4084 3477 4142 tumcupetur,
3511 4074 3555 4129 si
3589 4072 3821 4145 preSby-

2225 4153 2307 4198 ter
2347 4141 2709 4215 Hieronymus
2749 4141 2862 4212 est,
2911 4145 3002 4213 qui
3045 4146 3208 4200 Pater
3251 4141 3409 4209 lidei,
3459 4155 3514 4200 ct
3555 4141 3823 4201 Ecclesia:

2227 4215 2425 4269 Doctor
2460 4230 2527 4270 eo
2566 4216 2826 4284 temporis
2854 4215 3174 4271 habebatur.
3205 4215 3414 4272 Forsan
3441 4215 3495 4271 iu
3525 4231 3690 4270 causa
3724 4218 3824 4272 fuit

2224 4285 2458 4355 dignitas
2488 4286 2782 4340 cardiualis
2821 4287 3163 4358 presbyteri,
3205 4303 3370 4358 quam
3413 4288 3515 4343 etsi
3548 4288 3824 4344 Baronius

2227 4367 2407 4429 neget,
2451 4358 2752 4429 Chaconius
2781 4359 3009 4427 speciali
3039 4361 3302 4429 opusculo
3339 4368 3559 4425 tuetur;
3601 4368 3655 4413 et
3699 4359 3824 4428 ejus

2227 4428 2591 4500 irrelragabile
2614 4429 2984 4500 testimonium
3007 4428 3194 4485 Roma:
3221 4429 3399 4496 video,
3429 4429 3647 4500 quoties
3673 4431 3825 4500 apsi-

2227 4498 2350 4552 dem
2385 4499 2607 4569 majoris
2633 4499 2817 4555 altaris
2849 4500 3105 4556 Ecclesia:
3140 4500 3357 4557 Sanctae
3395 4498 3574 4556 llaria‘.
3603 4498 3828 4567 Maioris

2227 4570 2647 4642 circumspicio;
2674 4585 2798 4626 nam
2819 4587 2850 4627 a
2873 4580 3119 4641 tempore
3147 4571 3285 4627 Sixti
3312 4573 3456 4627 tertii
3485 4571 3650 4642 paulo
3678 4571 3824 4626 inle-

541 4654 740 4720 praeter
760 4640 1045 4720 antiquum
1077 4640 1286 4699 morem
1311 4643 1693 4720 Chromatiusi
1716 4649 1771 4696 et
1805 4640 2124 4696 Heliodorus
2151 4658 2205 4720 ι)
2231 4641 2392 4720 rioris
2417 4654 2592 4720 aetate
2613 4643 2974 4720 Hieronymo,
3008 4643 3215 4720 Musivo
3237 4658 3420 4720 _opere
3449 4640 3828 4720 vetustissimo

533 4713 796 4786 episcopi,
826 4714 1210 4786 Hieronymum
1236 4715 1633 4786 presbyterum,
1657 4713 1872 4786 Patrem
1895 4721 2124 4786 vocent;

537 4783 590 4856 id
622 4783 766 4855 quod
796 4801 864 4840 eo
888 4783 1060 4856 magis
1086 4784 1217 4856 vitio
1238 4783 1380 4841 mn
1405 4783 1605 4856 debet,
1631 4784 1776 4856 quod
1808 4784 1883 4856 illi
1910 4783 2128 4856 nomine

535 4852 757 4912 Patrum
789 4852 1002 4912 concilii
1034 4855 1451 4910 lllcdiolanensis
1485 4870 1546 4909 se
1573 4855 1808 4908 scribere
1835 4853 2041 4908 dicunt.
2069 4852 2128 4906 2°

537 4925 694 4992 Quod
715 4929 1063 4983 meminerint
1079 4927 1321 4995 przcdicti
1341 4925 1580 4991 concilii,
1603 4923 1910 4995 Theodosio
1931 4923 2128 4992 imper.

537 4999 888 5068 coacti,quod
910 4994 1308 5054 tameumerum
1331 5012 1450 5068 esse
1469 4998 1776 5066 ligmentum
1789 4994 1920 5068 satis
1938 4995 2133 5068 probat

539 5065 814 5123 silentium
849 5069 968 5137 ejus
1007 5069 1266 5137 temporis
1293 5065 1645 5135 scriptorum;
1679 5081 1840 5137 nemo,
1861 5065 2128 5134 siquidem

539 5138 686 5194 illius
704 5136 969 5195 meminit.
989 5140 1047 5196 3°
1065 5136 1219 5206 Quod
1237 5147 1454 5210 agentes
1467 5139 1535 5194 de
1547 5136 2133 5209 GregorioCordubcn-

540 5211 615 5278 si,
651 5211 980 5266 mentionem
1004 5211 1204 5266 faciant
1235 5211 1662 5274 vespertinarum
1695 5211 1984 5265 missarum
2011 5214 2132 5280 qua:

543 5291 680 5338 teste
705 5282 1030 5352 Augustino,
1063 5281 1224 5352 epist.
1249 5282 1374 5345 118,
1408 5281 1589 5351 cap.5,
1621 5281 1735 5336 sola
1756 5281 1891 5337 feria
1918 5279 2128 5351 quinta,

544 5353 770 5422 majoris
799 5353 1152 5410 hebdomadas
1183 5353 1238 5407 in
1270 5353 1510 5408 Ecclesia
1543 5354 1734 5408 ﬁerent
1767 5369 1780 5406 :
1821 5363 1875 5408 et
1902 5352 2044 5422 quod
2079 5355 2133 5406 in

543 5423 739 5480 diebus
758 5424 958 5495 jejunii
987 5435 1285 5494 martyrum
1309 5425 1550 5480 natalitia
1573 5423 1878 5479 celebrasse
1899 5424 2131 5486 dicatur,

545 5511 670 5551 cum
693 5505 872 5551 tamen
897 5497 1060 5568 longe
1083 5498 1246 5550 aliam
1271 5495 1436 5550 fuisse
1460 5496 1713 5568 Ecclesiae
1735 5497 1852 5568 ejus
1875 5495 2134 5564 temporis

545 5565 1013 5624 consuetudinem
1037 5577 1249 5623 constet
1289 5583 1360 5622 ex
1403 5565 1635 5622 concilio
1667 5565 1975 5620 Laodiceae
2010 5579 2132 5634 cap.

548 5637 610 5693 51
655 5638 707 5693 iu
737 5639 955 5695 collect.
990 5639 1162 5695 sancti
1205 5638 1418 5694 Martini
1453 5636 1786 5701 Dumieusis,
1820 5649 1943 5703 cap.
1981 5637 2054 5694 48
2082 5645 2136 5691 et

549 5706 641 5777 55,
672 5723 863 5780 quzust.
901 5713 953 5780 1,
989 5709 1110 5767 Non
1131 5710 1247 5767 licet
1269 5711 1322 5764 in
1351 5707 1637 5780 Quodne"
1666 5706 1819 5774 Quod
1844 5707 2134 5780 Eusebium

550 5777 743 5840 vocent
772 5777 1029 5844 Sanctum
1049 5827 1064 5857 ,
1097 5796 1260 5860 quem
1292 5777 1471 5842 tamen
1514 5777 1876 5856 Hieronymus
1906 5777 2136 5840 Ariano-

2236 4713 2303 4768 ad
2335 4713 2521 4767 laevam
2556 4713 2832 4784 Evangelii
2854 4715 3041 4769 visitur
3069 4715 3210 4770 idem
3237 4714 3437 4769 Doctor
3457 4723 3681 4770 sanctus
3708 4715 3830 4783 epi-

2218 4785 2439 4852 ‘sc0pali
2473 4786 2638 4840 infula
2678 4787 3015 4849 honestatus,
3061 4785 3437 4841 conscendens
3467 4784 3787 4840 cathedram
3808 4826 3826 4852 ,

2237 4865 2637 4928 coopertusque
2657 4856 2820 4911 mitra
2850 4856 3239 4928 (cardinalium
3264 4857 3708 4928 presbyterorum
3739 4857 3827 4912 iu-

2237 4926 2408 4997 signi)
2450 4926 2758 4984 sermonem
2797 4926 2866 4982 ad
2892 4937 3112 4983 sanctas
3138 4928 3358 4984 Paulam
3385 4926 3444 4982 et
3471 4927 3828 4983 Eustochium

2239 4999 2442 5055 habere
2461 5043 2474 5062 .
2505 5016 2626 5055 cum
2655 4999 2921 5067 ejusmodi
2951 4999 3307 5067 inscriptione
3333 5017 3344 5052 :
3374 4998 3602 5054 Sanctus
3635 4997 3830 5054 Hiero-

2239 5087 2424 5141 nymus
2471 5086 2753 5125 sermonem
2802 5069 2929 5138 facit
2973 5071 3042 5141 ad
3089 5069 3316 5125 Paulam
3363 5078 3412 5126 et
3455 5068 3826 5126 Eustochium.

2238 5139 2303 5195 εδ
2347 5142 2608 5198 Barouius
2647 5141 2918 5197 neminem
2955 5139 3111 5196 affert
3149 5143 3497 5211 antiquorum
3535 5141 3828 5196 concilium

2240 5212 2643 5268 lilcdiolanense
2673 5221 2962 5283 negantem
2991 5229 3006 5269 :
3049 5227 3148 5267 nos
3186 5223 3295 5284 tres
3337 5211 3688 5284 gravissimos
3719 5213 3831 5267 Do-

2240 5290 2418 5338 etores
2449 5284 2756 5350 attulimus;
2788 5295 2844 5340 et
2873 5284 3118 5352 quamvis
3146 5284 3182 5338 ii
3217 5283 3502 5350 deesSent,
3534 5297 3830 5354 argumen-

2242 5364 2354 5408 tum
2382 5363 2568 5425 utpote
2594 5357 2900 5425 negativum
2938 5354 3076 5410 nihil
3099 5364 3288 5410 contra
3319 5355 3678 5410 afﬁrmantem
3711 5356 3832 5424 epi-

2241 5427 2433 5480 stolam
2465 5425 2848 5482 concludebat.
2883 5425 3035 5482 Adde
3075 5426 3301 5497 reperiri
3339 5425 3660 5497 etiamejus
3683 5433 3830 5479 tem-

2243 5497 2390 5567 poris
2419 5507 2694 5554 auctorem
2725 5498 3006 5566 Dextrum,
3036 5495 3276 5566 qui'ejus
3304 5495 3548 5552 meminit
3579 5497 3828 5567 concilii,

2241 5566 2295 5624 et
2324 5567 2564 5624 historia:
2604 5569 2980 5639 epistolarum.
3027 5569 3102 5623 De
3139 5577 3381 5639 tempore
3411 5568 3630 5623 concilii
3665 5566 3830 5634 hujus
3915 5599 3936 5618 ,ν

2243 5655 2368 5695 mox
2399 5655 2640 5710 agemus.
2686 5641 2750 5695 ’ὄσ
2789 5638 3230 5709 Vespertinarum
3259 5638 3556 5710 missarum
3590 5639 3828 5704 varium,

2243 5727 2344 5781 pro
2365 5711 2688 5768 diversitate
2714 5711 3021 5782 regionum,
3048 5710 3214 5765 fuisse
3238 5712 3290 5766 in
3323 5709 3826 5782 Ecclesiamorem,

2245 5777 2474 5861 ipsemet
2504 5777 3029 5854 Baronius’l‘atetur;
3057 5782 3314 5843 stridere
3343 5791 3427 5842 cat
3445 5781 3585 5856 apud
3606 5777 3838 5858 Cypria.
