4148 6172
557 253 657 312 55!

1628 244 1860 304 FLAVII
1897 241 2078 302 LUCII
2117 239 2376 300 DEXTRI
2411 238 2819 300 CHRONICON.

3750 235 3856 295 559.

557 369 834 430 A.C.425.
909 364 1251 425 Theodosius
1270 361 1568 420 Theodosii
1595 361 1828 418 senioris
1852 367 2030 432 pater,
2055 358 2146 430 qui
2169 357 2296 414 dolo
2317 355 2701 414 hmreticorum
2725 353 2858 411 obiit
2880 352 2933 408 in
2954 350 3157 420 Africa,
3180 363 3210 407 a
3234 349 3472 408 nonnul-
3521 351 3590 408 Δ.
3608 349 3856 412 “.1174.

994 461 1060 516 lis
1093 460 1232 516 inter
1261 468 1529 528 martyres
1547 455 1804 512 refertur.

918 555 1113 627 Ingens
1161 553 1306 608 inter
1344 558 1562 606 nostros
1605 548 1895 620 episcopos
1941 545 2220 602 contentio
2267 551 2385 600 orta
2436 551 2543 609 est,
2589 539 2732 614 quod
2778 539 3032 597 catholici
3075 538 3142 596 ad
3185 537 3501 611 dignitatem

987 649 1340 721 (quamquam
1372 645 1510 700 bene
1545 641 1764 713 quidem
1793 640 1860 696 ad
1895 636 2294 710 ptenitentiam)
2325 651 2432 692 non
2463 635 2771 706 reciperent
2795 634 2980 706 lapsos
3010 635 3062 690 in
3095 634 3344 690 lueresim
3383 633 3506 690 Pri-

987 741 1243 808 scilliani,
1274 753 1451 809 neque
1480 736 1547 792 ad
1574 751 1724 792 suam
1747 732 2186 790 communionem
2218 745 2342 787 cum
2369 729 2651 799 dignitate.

915 835 1114 893 Scribit
1137 850 1233 906 per
1262 833 1380 889 haec
1405 841 1650 902 tempora
1679 829 1950 886 Isidorius
1975 822 2552 883 JuniorCordubensis
2573 822 2866 894 episcopus
2887 820 3285 892 Allcgoriarum
3312 819 3509 889 librum

987 929 1160 985 Paulo
1193 926 1390 983 Orosio
1416 921 1816 980 Tarraconensi
1847 929 1905 978 et
1926 934 2090 988 super
2113 917 2314 973 Lucam
2333 914 2649 983 scripserat.

919 1023 1003 1081 Ab
1022 1036 1168 1078 anno
1201 1018 1308 1076 410
1338 1024 1622 1090 coeperunt
1652 1014 1814 1073 Saevi
1846 1011 2126 1085 possidere
2157 1009 2500 1075 Gallazciam,
2532 1015 2745 1064 vastata
2778 1006 3076 1065 Lusitania.

1783 1126 2042 1186 BIVARII
2081 1121 2651 1182 COMMENTARIUS.

565 1271 623 1320 et
650 1259 948 1318 antistitem
968 1297 983 1325 ,
1009 1270 1074 1313 ex
1107 1269 1174 1311 eo
1213 1251 1357 1326 quod
1389 1250 1454 1308 ad
1494 1249 1700 1308 calcem
1730 1245 1913 1320 operis
1950 1242 2157 1310 subdit,
2187 1242 2235 1302 A
2263 1237 2337 1294 thi
2358 1256 2389 1292 a
2419 1248 2576 1322 gente
2597 1237 2941 1326 Hunnorum,
2975 1247 3022 1294 et
3051 1240 3442 1326 susceptisnnt.
3467 1240 3551 1326 in”
3580 1238 3862 1326 lio-muniri,

569 1338 713 1392 inter
741 1333 877 1388 alias
909 1329 1256 1402 precationes
1287 1342 1302 1380 :

689 1449 774 1498 Sic
793 1459 872 1496 me
893 1444 1148 1506 gramineo
1170 1443 1510 1490 remanentem
1533 1436 1752 1507 denique
1769 1444 1940 1496 campo

755 1502 970 1560 Seduius
993 1513 1230 1569 aegrotam
1255 1509 1418 1566 pastor
1437 1513 1581 1551 ovem
1608 1502 1811 1548 releras.

567 1617 724 1672 IIunc
754 1629 886 1669 vero
909 1613 961 1667 in
989 1611 1244 1680 llispania
1275 1605 1533 1680 habuisse
1558 1611 1856 1680 pastorem,
1875 1607 2162 1680 postquam

571 1671 743 1743 lioma
774 1684 964 1751 rediit,
989 1683 1072 1736 vel
1091 1671 1236 1735 'illud
1261 1671 1571 1751 convincit,
1589 1674 1734 1744 quod
1759 1673 1958 1751 librum
2015 1671 2169 1751 Peri-

572 1739 878 1828 stephanon
905 1739 1274 1828 Ain_lli_spania
1308 1756 1431 1828 post
1458 1739 1692 1828 reditum
1723 1743 1972 1814 scripsit;
2025 1739 2169 1794 unde

571 1831 625 1885 in
661 1817 864 1900 hymno
887 1825 953 1880 de
981 1824 1040 1880 S.
1075 1817 1370 1877 Isattrentio
1411 1817 1624 1886 inquit:

945 1938 1047 1989 Nos
1069 1937 1227 1988 Vasco
1252 1935 1428 1984 Iberus
1447 1931 1640 1996 dividit,

948 2001 1088 2050 Bittis
1107 2006 1325 2048 remotos
1343 1995 1577 2059 Alpibus;

946 2063 1105 2114 'I‘rans
1124 2061 1435 2112 Cotianorttm
1455 2060 1589 2121 juga,

1009 2125 1168 2174 Trans
1193 2129 1244 2173 et
1266 2116 1498 2184 Pyrtenas
1513 2116 1798 2184 ninguidos.

948 2187 1043 2253 Yix
1075 2187 1192 2253 fama
1218 2181 1332 2232 nota
1358 2190 1455 2253 est,
1482 2181 1659 2253 altdltis
1693 2241 1704 2253 ο

946 2250 1103 2308 Quam
1126 2247 1268 2310 plena
1287 2247 1469 2310 sanctis
1489 2243 1641 2310 Roma
1665 2243 1733 2291 sit
1759 2253 1773 2289 :

946 2305 1102 2372 Quam
1123 2305 1264 2358 ilives
1288 2307 1535 2372 Urbanum
1559 2305 1717 2354 solum

1009 2373 1175 2424 Sacris
1197 2369 1437 2434 sepulcris
1462 2370 1659 2418 ﬂoreat.

582 2482 701 2537 Iloe
744 2487 800 2536 et
851 2478 907 2536 in
966 2477 1256 2550 Ilippolyto
1287 2474 1548 2540 dixerat,
1605 2486 1729 2528 nam
1796 2472 1937 2528 inter
1977 2473 2174 2523 etctera

584 2553 772 2608 subdit
803 2568 817 2606 :

949 2638 1048 2689 Sed
1072 2637 1157 2700 qui
1183 2648 1407 2700 caremus
1424 2633 1502 2700 his
1523 2633 1682 2700 bonis,

949 2701 1056 2751 Nec
1077 2697 1331 2761 sanguinis
1356 2697 1566 2759 vestigia

946 2761 1132 2814 Videre
1155 2773 1316 2809 coram
1338 2771 1616 2822 possumus,

1013 2823 1202 2874 Caelum
1230 2823 1479 2873 intuemur
1505 2822 1714 2871 eminus.

647 2957 705 3012 '5.
733 2951 1076 3014 Theodosius,
1107 2962 1215 3007 etc.
1243 2948 1436 3005 Narrat
1461 2957 1691 3003 mortem
1721 2943 2015 3000 Theodosii
2037 2943 2176 2999 Oro-

578 3029 692 3083 sius
723 3027 817 3081 lib.
849 3041 952 3098 vn,
973 3039 1026 3082 c.
1051 3025 1143 3087 5'5,
1171 3039 1240 3077 ex
1268 3035 1376 3092 quo
1397 3030 1465 3098 e_t_
1495 3018 1664 3098 I’aulo
1691 3018 2023 3098 Diaconoct
2052 3015 2174 3098 aliis

576 3099 728 3154 card.
755 3087 1045 3152 Duronius.
1082 3087 1382 3164 Acceperat
1428 3091 1624 3164 Valens
1676 3089 2061 3164 prognosticon
2105 3087 2173 3141 de

576 3166 1090 3241 succcssore,_quod_
1117 3158 1245 3236 eius
1271 3178 1470 3218 nomen
1501 3158 1709 3241 litteras
1749 3159 1896 3241 Theo
1923 3158 2173 3241 haberet

575 3241 630 3296 in
658 3241 835 3310 capite
855 3256 878 3310 γε
907 3231 975 3292 Μ’
995 3248 1057 3310 ut
1080 3231 1195 3307 ipse
1200 3242 1527 3310 _everteret,
1556 3233 1757 3310 multos
1783 3231 1956 3284 occidi
1981 3231 2171 3310 jussit,

575 3303 774 3377 quibus
803 3303 1174 3378 Theophilius,
1197 3307 1517 3378 Theodorus
1543 3303 1732 3378 forsan
1762 3316 1959 3356 nomen
2029 3309 2166 3378 erat.

581 3372 733 3437 Unde
756 3394 822 3434 eo
851 3372 1034 3433 lurore
1063 3379 1256 3433 doctus
1280 3375 1649 3431 Theodosium
1672 3373 1861 3428 ducem
1904 3372 2171 3426 strenuis-

579 3453 777 3506 simnm
804 3451 857 3504 in
889 3448 1138 3519 Ilispania
1169 3456 1372 3519 ortum,
1396 3447 1484 3514 qui
1521 3460 1605 3499 res
1637 3444 2169 3519 imper_ii__nutantes

576 3521 634 3577 in
668 3520 870 3586 Africa,
905 3514 1055 3590 parta
1081 3520 1308 3573 victoria
1339 3517 1407 3590 de
1438 3516 1682 3584 tyrannis
1721 3514 2082 3578 stabiliverat,
2116 3521 2171 3590 et

575 3594 694 3663 ejus
741 3583 922 3663 (illuni
960 3589 1328 3663 Theodosium
1373 3583 1501 3663 item
1557 3595 1924 3663 nuncupatum
1984 3583 2164 3663 necari

577 3657 810 3719 cin'avit.
844 3662 1012 3717 Filius
1038 3676 1198 3732 quem
1231 3661 1370 3714 Deus
1401 3658 1631 3732 imperio
1661 3657 2062 3732 destinaverat,
2089 3657 2170 3709 fu-

575 3752 695 3805 gam
721 3734 833 3789 iniit
856 3750 872 3799 ;
896 3729 1069 3788 senes
1090 3742 1218 3788 tunc
1238 3730 1672 3786 Catechumenus
1693 3771 1706 3794 ,
1731 3729 2042 3805 priusquam
2061 3742 2169 3805 etc-

574 3799 818 3870 derctur,
851 3805 1106 3871 baptizari
1139 3805 1384 3868 curavit;
1413 3808 1744 3870 acceptaque
1773 3802 1942 3854 sancti
1999 3799 2164 3853 fontis

577 3893 735 3946 aqua,
790 3886 846 3931 et
895 3876 1014 3929 fuso
1053 3876 1214 3930 simul
1247 3873 1747 3946 sangttine,_i_mpie
1776 3881 1830 3926 et
1885 3871 2165 3946 tyrannice

579 3941 899 4008 trucidatus,
935 3946 1070 4000 abiit
1105 3948 1168 3999 ad
1195 3941 1504 3999 Dominum.
1557 3943 1694 3997 Ilinc
1727 3941 1959 4006 factum,
2019 3941 2163 4009 quod

2270 1326 2365 1381 pro
2399 1311 2780 1382 misericordia,
2808 1313 3044 1380 iussione
3075 1312 3296 1382 Augusti
3347 1311 3595 1366 Valentis.
3659 1312 3781 1366 Fuit
3823 1314 3864 1367 is

2271 1380 2448 1436 annus
2473 1397 2501 1435 a
2530 1380 2748 1437 Christo
2777 1393 2904 1436 nato
2931 1383 3042 1438 576
3070 1401 3084 1439 :
3115 1380 3365 1450 scqttcnti
3395 1399 3546 1446 vero,
3569 1399 3701 1438 coss.
3735 1384 3866 1438 Gra-

2270 1453 2411 1506 tiano
2445 1468 2498 1508 tv
2529 1463 2576 1506 et
2615 1452 2952 1518 Merobaude,
2977 1471 3100 1523 gens
3131 1453 3419 1508 Gothorum
3462 1456 3552 1524 qui
3591 1472 3687 1524 pro
3719 1458 3868 1509 mise-

2270 1473 2411 1506 uano
2445 1473 2498 1508 tv
2529 1473 2576 1506 et
2615 1473 2665 1506 tu
2679 1473 2952 1518 erobauae,
2977 1473 3100 1523 gens
3131 1473 3419 1508 comarum
3462 1473 3550 1524 qui
3633 1473 3687 1507 ro
3719 1473 3866 1509 mise-

2269 1524 2498 1577 ricordia
2529 1526 2750 1596 suscepti
2777 1533 2918 1590 stmt,
2951 1525 3268 1579 rebellarunt
3296 1529 3540 1579 adversus
3574 1473 3866 1593 Iiomanos,

2271 1597 2479 1665 adqnos
2500 1597 2871 1665 expugnandos
2901 1607 3020 1650 sunt
3051 1597 3198 1650 missi
3223 1599 3429 1650 cantites
3449 1613 3565 1649 cum
3592 1597 3868 1666 militibus,

2272 1675 2317 1720 et
2345 1676 2704 1736 pugnaverunt
2728 1684 2842 1720 cum
2874 1667 3079 1721 Gothis.
3105 1670 3264 1721 Auno
3295 1683 3424 1722 vero
3446 1667 3552 1722 578
3591 1665 3802 1722 Valente
3818 1665 3871 1723 vt

2273 1747 2320 1791 et
2362 1737 2735 1808 Valentiniano,
2759 1753 2796 1791 tt
2828 1747 2933 1791 toto
2957 1755 3094 1792 anno
3124 1756 3217 1808 per
3239 1738 3498 1793 dioecesim
3520 1737 3871 1794 Thraciarum

2272 1817 2318 1861 et
2352 1808 2607 1878 Scythia},
2634 1818 2680 1862 et
2711 1807 2926 1872 Maesite,
2957 1807 3130 1864 Gothi
3163 1810 3518 1864 habitaverunt
3571 1810 3730 1864 simul
3756 1852 3770 1872 ,
3823 1821 3872 1864 et

2273 1893 2362 1932 eas
2387 1881 2809 1949 deprwdat'erunt
2830 1897 2848 1946 ;
2869 1880 3055 1934 deinde
3084 1897 3243 1951 usque
3265 1883 3334 1934 ad
3356 1891 3530 1946 portas
3567 1883 3707 1934 urbis
3735 1881 3871 1935 Con-

2276 1951 2762 2022 stantinopolitanw
2789 1961 3056 2006 venerunt.
3087 1957 3245 2006 Anno
3275 1953 3380 2008 379
3405 1953 3496 2022 qui
3526 1951 3626 2006 fuit
3660 1952 3874 2020 primus

2277 2019 2571 2075 Theodosii
2597 2023 2960 2090 imperatoris,
2997 2023 3159 2076 multa
3187 2023 3322 2078 bella
3347 2019 3572 2078 Romani
3620 2019 3736 2078 cum
3760 2022 3873 2078 Go-

2277 2091 2377 2146 this
2415 2091 2809 2148 commiserunt:
2840 2093 3027 2148 deinde
3067 2096 3296 2150 victoria:
3323 2095 3569 2148 nuntiata:
3619 2105 3741 2148 sunt
3779 2099 3875 2149 atl-

2276 2176 2452 2235 uersus
2483 2162 2699 2232 Gothos,
2729 2163 2948 2229 Alanos,
2981 2175 3135 2235 atque
3165 2165 3383 2220 llunnos
3412 2168 3495 2220 die
3532 2180 3604 2220 xv
3636 2165 3869 2222 Kalend.

2280 2231 2545 2287 Decembr.
2575 2231 2712 2290 Pace
2747 2247 2925 2290 tamen
2950 2231 3075 2290 cum
3104 2236 3314 2292 llunnis
3366 2237 3530 2302 facta,
3579 2238 3874 2293 Athanari-

2277 2318 2374 2377 cus
2402 2305 2702 2360 Gothorum
2732 2322 2828 2361 rex
2864 2307 3140 2376 ingressus
3183 2316 3267 2363 est
3314 2307 3868 2377 Constantinopolim,

2279 2375 2508 2447 Syagrio
2546 2385 2600 2431 et
2625 2377 2896 2432 Eucherio
2928 2375 3116 2449 "coss.,
3143 2379 3193 2432 id
3244 2388 3359 2441 est,
3393 2378 3594 2434 Christi
3647 2380 3777 2439 581:
3803 2375 3870 2435 eo

2279 2461 2408 2523 vero
2437 2458 2673 2523 mortuo,
2704 2449 2946 2523 universa
2970 2466 3094 2520 gens
3124 2450 3417 2505 Gothorum
3456 2467 3572 2523 cum
3613 2466 3735 2523 rege
3776 2469 3868 2506 suo

2279 2517 2332 2570 in
2367 2517 2673 2572 Romaniant
2697 2536 2750 2573 se
2771 2517 3098 2576 tradiderunt
3119 2565 3133 2588 ,
3165 2523 3247 2576 die
3276 2538 3302 2573 v
3330 2539 3453 2577 non.
3505 2517 3692 2575 Octob:
3745 2524 3871 2577 anni

2283 2593 2581 2662 sequentis.
2618 2591 2754 2645 Ilinc
2790 2591 3076 2658 ell'ectum,
3119 2602 3177 2646 ut
3231 2594 3456 2647 ltomani
3513 2593 3871 2662 imperatores

2207 2641 2252 2704 B
2281 2641 2580 2714 etiam;
2604 2641 2774 2734 copiis
2796 2641 3189 2728 sinistros;
3221 2641 3724 2734 egisseegisse“,
3751 2641 3872 2719 ut;

2281 2741 2500 2805 rentur;
2561 2733 2636 2805 uti
2684 2743 2872 2788 eontra
2904 2734 3263 2805 Radagaisom
3317 2733 3602 2805 tyrannum
3649 2736 3870 2805 iecere,

2277 2802 2518 2870 quicum
2563 2804 2812 2858 ducentis
2844 2802 3085 2861 millibus
3134 2802 3355 2862 suorum
3419 2817 3589 2860 totam
3646 2804 3866 2860 Italiam

2275 2873 2659 2946 inundaverat,
2689 2875 2782 2929 sed
2807 2875 2876 2929 ab
2902 2876 3114 2931 llunnis
3136 2885 3193 2932 et
3234 2876 3428 2932 Gothis
3457 2877 3654 2931 devicti
3715 2887 3866 2946 sunt,

2275 2943 2380 2997 sub
2410 2945 2648 3000 Arcadio
2671 2961 2723 2999 vt
2751 2955 2806 2999 et
2837 2947 3015 3002 Probo
3037 2962 3206 3009 eoss..
3238 2963 3383 3002 anno
3404 2949 3616 3004 scilicet
3647 2943 3866 3003 Domini

2274 3013 2406 3090 406,
2439 3017 2583 3090 quod
2631 3016 2973 3090 Marcellinus
3016 3020 3066 3072 in
3115 3020 3319 3090 Chron.
3365 3028 3594 3074 narrat:
3639 3035 3705 3074 ex
3759 3036 3870 3090 quo

2274 3087 2437 3160 etiam
2471 3087 2757 3160 habemus,
2789 3089 2931 3158 quod
2963 3090 3128 3144 Basso
3163 3101 3214 3144 et
3242 3089 3496 3160 Philippo
3524 3105 3672 3146 coss.
3709 3087 3871 3146 0ΙὶΓί-

2274 3158 2343 3211 sti
2370 3174 2513 3212 anno
2542 3159 2677 3221 408.
2709 3159 2902 3214 Stilico
2937 3171 3108 3228 spreto
3153 3158 3753 3230 Honorio—imperatore,
3785 3180 3870 3217 re-

2273 3244 2533 3300 gnumque
2561 3233 2674 3298 ejus
2700 3231 2932 3298 inhians,
2961 3233 3266 3294 Alanorum.
3310 3232 3597 3288 Sueuorum
3626 3275 3641 3299 ,
3699 3233 3870 3288 Wan-

2273 3299 2613 3375 dalorumqne
2637 3313 2813 3374 gentes
2841 3304 3013 3369 donis,
3053 3305 3382 3375 pecuniisqne
3430 3305 3634 3358 illectus
3687 3316 3869 3359 contra

2273 3369 2505 3444 Honorii
2528 3369 2744 3444 regnum
2767 3376 3026 3438 excitarit,
3053 3369 3373 3429 Eucherium
3407 3376 3574 3442 [ilium
3603 3392 3757 3430 suum
3781 3394 3868 3430 ru-

2272 3441 2418 3516 pieus
2444 3441 2705 3516 Caesarem
2752 3446 3015 3499 ordinare.
3047 3446 3222 3501 Solvit
3261 3441 3453 3501 Stilico
3504 3459 3682 3503 morte
3739 3463 3868 3516 pro-

2272 3513 2389 3584 pria
2417 3514 2739 3581 proditionis
2769 3531 2981 3584 ptenas,
3015 3517 3237 3571 Barbari
3277 3532 3410 3572 vero
3464 3513 3864 3573 insolentiores

2271 3582 2452 3658 eliecti
2503 3585 2715 3652 imperii
2770 3582 3091 3656 provincias
3138 3587 3440 3658 invadunt;
3480 3596 3536 3643 et
3583 3604 3732 3643 anno
3781 3605 3870 3644 se-

2269 3656 2456 3722 quenti
2514 3666 2709 3732 agente
2748 3658 3048 3732 Constante
3099 3656 3440 3732 Consmntini
3491 3662 3706 3732 tyranni
3749 3662 3864 3715 lilio

2269 3733 2468 3801 contra
2509 3725 2797 3798 Didymum
2842 3739 2894 3784 et
2956 3729 3342 3801 Verinianum,
3403 3740 3463 3785 ut
3513 3725 3756 3801 I'ruspcr
3815 3733 3868 3787 in

2269 3795 2543 3873 Chronico
2572 3794 2825 3873 alflirmat,
2852 3801 3025 3873 Alani,
3055 3794 3346 3870 Wandali,
3379 3794 3614 3873 etSuAeri
3657 3794 3871 3873 'llispn-

2269 3869 2381 3922 uias
2408 3869 2626 3939 ingressi
2657 3881 2794 3936 sunt,
2829 3871 3083 3925 videlicet
3112 3886 3218 3927 tera
3247 3869 3480 3927 Caisaris
3507 3871 3635 3940 447,
3661 3869 3866 3929 Christi

2270 3952 2400 3993 vero
2427 3955 2571 3994 anno
2605 3941 2727 4006 409,
2757 3944 2835 3995 uti
2869 3942 3068 3998 Idatius
3098 3953 3152 3998 et
3175 3944 3356 3998 caeteri
3390 3952 3616 4008 notant,
3679 3944 3864 4000 Hono-

582 4017 780 4072 Dester
830 4015 1041 4084 scribit,
1073 4031 1103 4070 a
1149 4015 1427 4070 nonnullis
1479 4026 1670 4083 p05tea
1710 4014 1854 4069 inter
1897 4024 2164 4083 martyres
2190 4016 2234 4077 C
2269 4011 2349 4084 r_io
2377 4026 2468 4084 _\'lll
2496 4023 2559 4084 et
2581 4012 2890 4067 'I‘heodusio
2920 4012 3138 4069 Arcadii
3163 4014 3272 4068 lilio
3292 4029 3526 4079 ttt,coss.
3560 4028 3709 4068 anno
3733 4017 3861 4071 410.

575 4096 962 4228 ηειῗηῗίιῒεῐὲέ,
995 4153 1386 4228 etc._Decreto
1434 4151 1951 4228 reoncil_ii_Tol‘e_tani
1996 4155 2162 4228 primi

577 4223 912 4300 nuncupati,
932 4225 1174 4300 nonnulli
1207 4225 1448 4300 episcOpi
1498 4241 1564 4280 ex
1606 4223 2074 4300 Priscillianistis,
2131 4244 2163 4284 e

572 4296 844 4369 dignitate
867 4298 1026 4368 ejecti
1055 4304 1202 4369 sunt.
1233 4298 1355 4369 aliis
1376 4304 1586 4369 retenta
1611 4296 1893 4363 dignitate,
1917 4312 2160 4352 commu-

577 4367 778 4426 nicatio
813 4367 938 4426 cum
958 4368 1173 4423 czeteris
1195 4367 1465 4436 episcopis
1493 4374 1682 4437 negata
1716 4376 1800 4422 est
1821 4369 1884 4420 ad
1910 4376 2155 4436 tempus;

574 4443 830 4499 nimirum
859 4455 1140 4512 quousque
1168 4439 1276 4512 illis
1301 4454 1391 4510 per
1416 4455 1626 4512 papam,
1655 4438 1736 4512 rel
1763 4455 1874 4512 per,
1907 4439 1968 4494 S.
2011 4440 2155 4496 Sim-

574 4517 858 4583 plicianum
878 4509 1178 4583 communio
1200 4509 1372 4577 detur,
1394 4509 1456 4565 ut
1478 4509 1610 4583 inibi
1632 4511 1841 4583 dicitur
1865 4510 2159 4583 insenten-

571 4581 642 4640 tia
666 4598 850 4640 contra
881 4582 1324 4637 Priscilltanistas
1357 4583 1483 4636 lata.
1521 4581 1672 4648 Inde,
1707 4581 1846 4636 haud
1901 4581 2154 4651 dubium,

571 4657 850 4711 contentio
876 4655 976 4708 ista
1013 4654 1168 4708 duxit
1191 4664 1393 4708 ortum.

641 4726 694 4780 5.
727 4724 960 4789 Scribit,
1016 4736 1123 4779 etc.
1185 4726 1383 4778 Exstat
1411 4721 1806 4792 Allegoriarum
1857 4723 2028 4792 liber,
2087 4726 2154 4782 de

569 4813 676 4868 quo
709 4798 796 4851 hic
826 4796 1031 4851 mentio
1053 4802 1158 4862 est,
1193 4796 1336 4868 inter
1360 4808 1523 4863 opera
1555 4795 1615 4848 S.
1653 4793 1840 4868 Isidnri
1865 4794 2148 4868 llispalen-

568 4865 646 4923 s’is
672 4888 684 4928 ;
715 4883 874 4935 quem
901 4875 1077 4920 tamen
1109 4881 1175 4920 ex
1203 4867 1454 4934 catalogo
1483 4880 1702 4918 suorum
1734 4865 1801 4918 ab
1827 4865 2152 4932 ejusdisci-

571 4940 713 5008 polis
756 4937 1048 5002 Ildelonso,
1079 4947 1132 4992 ct
1156 4936 1447 5008 Branlione
1475 4937 1751 5008 conlecto,
1788 4935 1976 5008 liquet
2009 4939 2148 4992 alte-

567 5003 682 5063 rius
705 5008 892 5062 Isidori
917 5024 1039 5063 esse
1056 5023 1214 5078 quam
1246 5007 1604 5077 IIiSpalensis.
1628 5003 1736 5060 Cur
1754 5003 1934 5061 autem
1955 5007 2150 5064 Junior

567 5081 656 5132 hic
684 5079 1054 5134 Cordubensis
1108 5079 1338 5143 dicatur,
1378 5093 1407 5130 a
1465 5078 1622 5131 nobis
1665 5082 1720 5131 in
1773 5079 2148 5147 superioribus

566 5149 868 5219 expositum
893 5159 994 5213 est,
1046 5151 1111 5203 ad
1143 5166 1344 5204 annum
1377 5148 1588 5219 Domini
1622 5149 1746 5212 584,
1781 5149 1875 5203 ubi
1926 5149 1995 5206 de
2042 5152 2144 5207 Se-

564 5217 705 5277 niori
736 5220 1069 5275 Cordubensi
1099 5223 1329 5287 egimus,
1361 5219 1454 5291 qui
1487 5217 1792 5275 Chronicon
1832 5219 2068 5290 scripsit.

633 5295 687 5347 ϐ.
717 5293 792 5346 Ab
811 5307 982 5365 an_no_,_
1004 5298 1111 5365 etc_.
1138 5291 1458 5365 Scytharum
1498 5291 1841 5365 Barbaricam
1890 5292 2145 5365 irruptio-

561 5380 706 5430 ncm,
735 5379 842 5434 qua
866 5361 1040 5427 Italia,
1073 5361 1268 5434 Gallia,
1301 5363 1514 5428 Africa,
1541 5363 1692 5427 Asia,
1719 5373 1774 5417 et
1803 5371 1972 5418 totum
2006 5361 2141 5434 pene

560 5407 972 5491 ἰὶᾙὶἱῖοῖῖὖῖηἰιεε
990 5407 1188 5489 diebus
1210 5407 1974 5503 iritpeiitim’tiuZEs'aiotiiest;
2001 5407 2140 5502 ὗῖςὶἷ
2166 5407 2220 5467 Ι)

561 5508 748 5562 scrtim
779 5505 1070 5574 Ilisltanim,
1115 5503 1287 5559 fusius
1327 5505 1746 5574 nartatJdatius
1791 5504 2138 5561 Latnacensis

562 5578 680 5646 ejus
721 5575 981 5648 temporis
1015 5577 1267 5645 scriptor,
1295 5576 1538 5648 aetestis
1566 5575 1835 5648 oculatus
1863 5576 1914 5629 in
1948 5576 2141 5647 Ilispa-

557 5645 665 5703 nia.
696 5645 961 5704 Pra-misit
998 5648 1212 5718 quidem
1247 5649 1300 5702 in
1336 5645 1517 5718 Fastis
1541 5645 1920 5718 consularibus
1944 5687 1961 5714 ,
2005 5645 2139 5716 quu-

555 5733 680 5788 nam
703 5736 809 5775 ovo
838 5717 1042 5773 tantum
1065 5718 1264 5775 malum
1287 5729 1462 5774 ortum
1496 5717 1680 5782 fuerit,
1711 5717 1994 5788 inquiens;
2037 5719 2134 5774 Va-

555 5787 691 5848 lente
713 5808 747 5848 ν
776 5799 826 5849 et
855 5789 1217 5849 Valentiniano
1253 5807 1388 5849 coss.
1415 5790 1532 5847 victi
1552 5799 1598 5847 et
1625 5787 1826 5864 expulsi
1855 5800 1972 5848 sunt
2021 5789 2128 5848 Go-

2269 4080 2808 4153 Barbari‘llispanias
2838 4084 2976 4139 inter
2999 4100 3058 4140 se
3096 4084 3422 4149 sortiuntur,
3477 4087 3543 4138 ita
3575 4096 3633 4138 ut
3664 4087 3865 4141 Galla:-

2266 4153 2346 4206 cia
2381 4153 2658 4209 Wandalis
2684 4165 2738 4210 et
2767 4155 2995 4223 Suevis,
3036 4158 3226 4212 Alanis
3277 4157 3557 4211 Lusitania
3614 4165 3676 4211 et
3729 4156 3864 4214 Car-

2268 4223 2604 4295 thaginensis
2637 4228 2912 4295 provincia
2945 4270 2960 4293 ,
3012 4227 3206 4282 Btetica
3242 4238 3420 4283 autem
3450 4231 3593 4283 solis
3621 4227 3865 4283 Wanda-

2265 4294 2334 4368 liﬁs
2360 4297 2600 4351 cederet.
2627 4294 2755 4363 Quae
2786 4314 2914 4354 vero
2945 4298 3290 4354 sortitionem
3341 4300 3498 4355 istam
3551 4315 3856 4368 princesse-

2264 4367 2413 4432 rint,
2483 4368 2714 4423 inlerius
2764 4384 2886 4423 cum
2962 4370 3164 4424 Dextro
3222 4369 3465 4427 dicemus
3525 4367 3592 4424 ad
3651 4385 3860 4426 annum

2262 4436 2627 4512 Dominib'lll.
2653 4440 2814 4495 Gothi
2863 4456 2973 4495 non
3019 4441 3292 4512 intrarunt
3339 4442 3626 4511 Hispanias
3684 4458 3860 4512 usque

2261 4511 2326 4562 ad
2347 4524 2550 4583 annum
2575 4510 2914 4566 Dominitlti
2935 4513 3038 4566 sub
3075 4511 3352 4581 Ataulpho
3397 4510 3644 4582 ipsorum
3699 4510 3855 4583 rege,

2259 4590 2314 4632 ut
2339 4594 2438 4634 suo
2464 4581 2583 4635 loco
2621 4584 3069 4637 monstrabimus.
3111 4585 3245 4638 Illud
3291 4581 3472 4638 tamen
3523 4600 3550 4636 a
3592 4581 3863 4638 Salviano

2258 4649 2578 4724 Massiliensi
2612 4662 2852 4708 notatum
2878 4656 3116 4721 invenio,
3145 4655 3386 4724 peccatis
3419 4655 3704 4710 hominum
3736 4655 3861 4709 cxi-

2256 4723 2511 4791 gentihus
2564 4725 2908 4780 Barbaricam
2949 4723 3314 4780 vastationem
3349 4727 3400 4780 in
3430 4737 3540 4780 toto
3572 4726 3734 4780 Rom.
3760 4728 3862 4781 im-

2255 4797 2414 4875 pario
2447 4794 2681 4875 factam:
2714 4797 3227 4875 postquatn_e_ten_i_t_n
3259 4796 3329 4850 de
3354 4796 3545 4875 Galliis
3586 4802 3740 4875 justo
3759 4797 3862 4875 Dei

2248 4866 2688 4938 jtttIiCItliitlvaSiS
2713 4866 2920 4938 egerat,
2937 4867 3120 4938 subdit
3144 4867 3322 4922 lib.vtt
3351 4868 3419 4923 de
3444 4868 3805 4923 Providentia
3845 4885 3859 4922 :

2256 4937 2392 5002 Quid
2435 4937 2720 5011 Hispanias
2756 4937 2902 5011 non,
2949 4937 3026 4992 vel
3078 4939 3256 4992 eadem
3283 4939 3427 5011 ,Arel
3477 4941 3685 5010 majora
3734 4942 3858 5011 fcr-

2251 5023 2345 5061 sau
2413 5009 2541 5063 ritia'
2593 5010 2973 5078 perdiderunt?
3028 5026 3156 5079 quas
3199 5009 3408 5079 quidem
3469 5009 3690 5064 cccleslis
3736 5009 3853 5075 ira,

2249 5081 2453 5134 etiamsi
2500 5082 2620 5134 aliis
2663 5081 2973 5152 quibuslibet
3020 5080 3268 5152 Barbaris
3313 5081 3644 5147 tradidisset,
3681 5082 3849 5150 digna

2250 5150 2768 5224 tantenﬂagitior‘um
2800 5161 3049 5224 tormenta
3083 5150 3427 5206 toleraverunt
3466 5153 3712 5222 puritatis
3745 5154 3856 5206 ini-

2248 5222 2388 5294 mici.
2415 5222 2538 5277 Sed
2569 5225 2782 5278 accessit
2803 5227 2900 5278 hoc
2931 5223 3000 5276 ad
3031 5225 3476 5294 manifestandum
3518 5225 3626 5277 illis
3672 5223 3858 5294 impu-

2245 5292 2434 5348 dentia:
2477 5294 2894 5360 damnationem,
2953 5304 3009 5347 ut
3065 5292 3342 5350 Wandolis
3398 5292 3764 5364 potissimum,
3801 5295 3859 5346 id

2246 5374 2341 5438 est,
2390 5365 2592 5436 pudicis
2637 5365 2884 5420 Barbaris
2935 5365 3286 5438 traderentur.
3324 5364 3617 5438 Dupliciter
3647 5368 3702 5420 in
3759 5366 3862 5418 illa

2246 5433 2609 5510 Hispanorum
2640 5438 2942 5510 captivitate
2969 5435 3111 5510 Deus
3151 5433 3420 5510 ostendere
3449 5438 3614 5491 voluit
3635 5479 3650 5504 ,
3684 5453 3865 5507 quan-

2248 5515 2357 5560 tum
2384 5518 2430 5561 et
2459 5509 2650 5581 odisset
2676 5509 2848 5581 carnis
2871 5509 3165 5575 libidinem,
3190 5519 3237 5562 et
3261 5509 3500 5581 diligeret
3519 5517 3862 5572 castitatem;

2247 5595 2364 5632 cum
2394 5587 2441 5633 et
2479 5578 2746 5634 Vandalus
2774 5580 2835 5634 ob
2857 5597 3006 5634 suam
3037 5581 3261 5636 maxime
3290 5578 3598 5651 pudicitiam
3623 5581 3734 5634 illis
3765 5595 3862 5651 su-

2242 5664 2572 5723 perponeret,
2597 5660 2642 5705 et
2675 5651 2943 5723 Hispanos
2973 5653 3035 5704 ob
3065 5654 3231 5723 solum
3258 5649 3336 5706 rel
3363 5653 3588 5706 maxime
3616 5649 3859 5723 impudi-

2239 5722 2761 5795 citiumsnbjugaret.
2793 5722 3136 5795 Quidenim?
3169 5721 3446 5794 Numquid
3467 5739 3570 5777 non
3618 5721 3770 5795 erant
3801 5722 3861 5774 in

2237 5795 2377 5850 omni
2400 5791 2802 5851 orbeterrarnm
2830 5791 3054 5849 Barbari
3083 5791 3360 5868 fortiores,
3404 5795 3592 5869 quibus
3649 5791 3863 5866 Hispo-
