4148 6172
364 239 471 301 56‘)

1432 239 1657 298 FLAVII
1695 238 1877 298 LUCII
1913 236 2178 297 DEXTRI
2214 237 2628 297 CHRONICON.

3567 242 3678 302 870

369 356 438 413 A.
467 353 534 414 C.
559 356 686 417 450.
752 354 1072 414 Cohortium
1095 370 1215 428 qute
1236 355 1289 413 in
1321 355 1578 426 Hispania
1600 365 1728 412 sunt
1745 354 2192 426 priestantissima
2216 354 2321 412 hoc
2341 366 2591 425 tempore
2609 355 3006 415 Celtiberorum
3029 367 3310 428 censetur,
3358 359 3675 418 ωηιξη.

804 451 1066 524 sedetque
1116 449 1399 521 Brigantii,
1435 449 1601 505 habet
1630 449 1848 506 Suellos
1888 435 2314 519 iaculatores-ex
2358 448 2561 521 oppido
2587 448 2744 517 Gelo,
2773 462 3030 524 corrupte
3058 452 3204 510 dicto
3233 452 3304 509 ab

798 545 930 616 ipsis
953 543 1220 601 militibus
1241 541 1464 607 Suellis,
1493 542 1584 611 qui
1619 549 1878 610 praestant
1901 548 2018 596 arte
2038 539 2340 611 jaculandi.

726 636 983 708 Epistolte
1015 638 1076 691 Β.
1113 633 1346 706 Virginis
1377 631 1446 689 ad
1477 633 1538 689 S.
1570 632 1861 701 lgnatium,
1892 639 1946 688 ct
1976 629 2224 701 ejusdem
2253 631 2322 688 ad
2349 631 2763 689 Sanctissimam
2800 632 3100 706 Virginem,
3135 635 3316 694 maui-

798 731 899 786 bus
923 729 1166 785 lidelium
1197 741 1342 783 nunc
1370 734 1642 782 teruntur.

722 823 931 880 Eodem
975 833 1220 894 tempore
1264 822 1318 876 in
1369 817 1660 876 Tabulario
1709 816 2044 873 Messaneusi
2092 823 2308 886 reperta
2337 823 2424 871 est
2468 813 2716 885 quwdam
2759 815 2989 886 epistola
3039 817 3308 878 Hebraice

793 927 1023 973 exarata
1053 932 1082 970 a
1130 915 1191 971 Β.
1237 914 1461 986 Virgine
1489 914 1555 969 ad
1597 912 1819 970 eosdem
1851 911 2002 968 cives
2042 911 2446 978 Messanenses,
2480 919 2535 965 et
2560 909 2784 964 maximi
2819 910 3057 966 ducitur.

724 1008 930 1066 Eodem
959 1017 1206 1078 tempore
1245 1007 1422 1062 allata:
1471 1005 1538 1061 ad
1573 1005 1860 1073 Hispanias
1909 1005 2155 1075 reliquize
2201 1019 2372 1059 sacrae
2403 1003 2645 1072 Virginis
2673 1002 2998 1060 Theodosia:
3027 1005 3094 1060 ad
3131 1005 3316 1063 thsa-

805 1118 953 1158 ream
977 1099 1286 1157 Palmstittm
1307 1113 1481 1170 passae
1512 1099 1612 1155 sub
1642 1099 2002 1165 Maximiano,
2035 1108 2090 1156 et
2117 1099 2185 1154 ad
2217 1099 2476 1172 oppidum
2510 1099 2676 1156 llacid
2713 1101 2949 1172 ignobile
2979 1101 3309 1171 Cantabriae,

792 1195 996 1252 dictum
1029 1194 1266 1252 Salviam
1295 1203 1518 1262 terram,
1550 1208 1673 1250 cum
1706 1195 1941 1251 maximo
1971 1193 2179 1251 honore
2207 1195 2470 1251 devecue.

721 1291 789 1347 Et
814 1289 1008 1346 eodem
1054 1289 1217 1344 etiam
1243 1302 1387 1342 anno
1417 1297 1650 1358 repertae
1678 1298 1806 1344 sunt
1832 1279 2085 1358 reliquiae
2113 1288 2174 1344 S.
2208 1287 2426 1345 Memuii
2461 1289 2654 1345 Mancii
2683 1287 2982 1344 Eborensis
3010 1288 3064 1344 in
3098 1290 3313 1349 Lusita-

790 1381 878 1438 nia
902 1379 1194 1452 pontiﬁcis,
1223 1392 1278 1437 et
1303 1381 1466 1453 primi
1494 1381 1640 1437 illius
1669 1379 1820 1436 urbis
1847 1381 2078 1452 apostoli
2112 1402 2123 1436 :
2155 1383 2244 1452 qui
2273 1398 2541 1440 converso
2577 1385 2728 1455 prius
2762 1385 2964 1456 populo
3012 1386 3307 1444 Cathalau-

789 1478 951 1535 uensi
993 1478 1046 1533 iu
1076 1477 1276 1544 Gallia,
1307 1487 1495 1547 postea
1547 1477 1600 1531 in
1634 1475 1924 1546 Hispanias
1954 1475 2252 1546 trajicicns,
2283 1477 2478 1534 Eborae
2509 1477 2846 1548 praedicavit,
2882 1479 2972 1535 ubi
3003 1487 3060 1535 et
3089 1491 3300 1552 marty-

785 1570 928 1625 rium
958 1582 1154 1639 passus
1179 1576 1287 1622 est.
1324 1567 1449 1620 Fuit
1477 1566 1612 1622 civis
1641 1566 1940 1634 Romanus,
1972 1577 2027 1622 et
2055 1565 2256 1624 ChriSti
2289 1567 2624 1638 discipulus,
2658 1581 2709 1626 et
2743 1571 2812 1626 ab
2835 1586 2980 1626 anno
3009 1573 3077 1628 36
3103 1572 3310 1629 Christi

784 1662 852 1718 ad
899 1675 1100 1716 annum
1135 1661 1238 1716 106
1289 1659 1342 1714 in
1369 1659 1565 1726 Callia,
1610 1670 1663 1714 et
1691 1659 1946 1731 Hispania
1979 1661 2326 1731 praedicavit,
2363 1671 2416 1718 ct
2446 1663 2547 1730 sub
2592 1663 2827 1734 Trajauo
2857 1665 3174 1739 martyrium
3205 1665 3316 1739 (uti

792 1753 932 1823 dixi)
965 1767 1063 1825 pro
1091 1751 1292 1807 Christi
1327 1748 1546 1806 nomine
1576 1765 1768 1822 passus
1793 1761 1901 1806 est.

721 1847 827 1903 Per
868 1845 1154 1916 Hispanias
1199 1843 1437 1899 celebris
1466 1852 1583 1898 erat
1605 1842 1870 1898 memoria
1903 1841 2192 1914 Pomponii
2225 1843 2461 1909 Paulati,
2496 1842 2766 1902 Calidouii
2795 1845 3170 1916 Bracarcusis,
3201 1847 3310 1904 Lu-

789 1940 932 1995 ciani
961 1935 1428 2007 Cmsaraugustani
1451 1935 1716 2004 episcopi,
1747 1935 1834 2002 qui
1869 1943 2230 2006 pra-terquam
2264 1935 2484 1991 fuerunt
2512 1938 2814 2008 scriptores
2841 1939 3087 2010 egregii,
3119 1941 3303 1996 conci-

799 2033 876 2088 lio
911 2030 1127 2086 cuidam
1159 2028 1571 2098 Carthaginiensi
1601 2043 1724 2083 cunt
1755 2027 1879 2082 aliis
1907 2027 2183 2084 Africanis
2215 2028 2610 2096 interfuerunt,
2643 2039 2697 2085 ct
2730 2029 3197 2100 subscripserunt.

714 2121 1010 2180 Florebant
1038 2135 1204 2190 Opera
1237 2118 1428 2173 Isidori
1459 2117 1702 2173 Junioris
1731 2117 1974 2188 episcopi
2001 2117 2377 2174 Cordubensis
2406 2135 2572 2190 super
2599 2119 2797 2175 Lucam
2827 2130 2882 2175 et
2913 2121 3114 2192 Reges.
3147 2123 3312 2178 Mori-

788 2226 874 2269 tur
897 2228 1040 2268 anuo
1071 2211 1284 2267 Domini
1315 2211 1442 2266 450.
1472 2208 1655 2265 lllicuit
1685 2211 1902 2281 egregia
1931 2211 2202 2279 doctrina,
2235 2223 2287 2268 et
2306 2213 2566 2284 opinione
2601 2215 2873 2268 mirabilis
2903 2214 3304 2274 sanctimonize.

787 2306 1066 2363 Successit
1095 2305 1152 2360 in
1197 2304 1329 2360 sede
1362 2303 1662 2374 pontiﬁcali
1695 2303 2038 2360 Cordubensi
2068 2305 2336 2375 Gregorio
2388 2307 2505 2362 viro
2550 2308 2922 2372 sanctissimo,
2956 2307 3306 2364 doctissimo-

783 2415 890 2470 que
915 2413 1060 2453 anno
1087 2397 1307 2452 circiter
1340 2395 1466 2451 400.
1500 2395 1624 2450 Fuit
1651 2395 1891 2464 pontifex
1922 2399 2080 2453 anuis
2109 2398 2202 2454 50.

711 2493 848 2550 Cum
861 2491 977 2548 haec
992 2491 1293 2548 scriberem
1308 2489 1633 2562 regnabatin
1651 2490 1905 2560 Hispania
1922 2490 2318 2548 Theodoredus
2331 2509 2425 2550 rex
2440 2535 2450 2547 .
2466 2491 2838 2567 Currebatque
2851 2495 2970 2567 ejus
2981 2510 3157 2551 anuus
3172 2513 3302 2566 un,

1569 2627 1824 2685 BIVARII
1864 2627 2440 2687 COMMENTARIUS.

357 2762 556 2802 annum
582 2748 614 2804 4
642 2743 1228 2820 Τιιεράοςίξνιυηξᾳτίε,
1261 2742 1616 2820 Ceuscricum
1644 2741 1946 2820 Wandalo-
1975 2749 2023 2806 Λ
2054 2762 2172 2820 rum
2199 2745 2579 2820 llispalensem
2612 2757 2980 2818 agnoverunt,
3013 2749 3168 2820 cujus
3219 2759 3467 2817 respectu:

356 2835 475 2874 rum
523 2835 731 2890 regem,
754 2817 1031 2874 Catholica
1065 2816 1191 2890 ﬁde,
1223 2831 1383 2886 quant
1413 2816 1644 2890 primum
1661 2815 1946 2890 coluerat.

356 2885 609 2958 deserta,
635 2892 699 2944 ad
730 2890 1056 2945 Arianorum
1088 2885 1282 2957 dogma
1338 2886 1630 2958 transisse:
1661 2885 1787 2941 inde
1819 2901 1950 2941 vero

360 2957 798 3033 persecutionem
833 2961 1023 3033 ipsius
1034 2969 1242 3033 contra
1257 2957 1558 3033 catholicos
1583 2957 1809 3012 duxisse
1833 2959 1948 3033 ori—

354 3027 570 3102 ginem;
599 3033 667 3089 de
697 3048 802 3101 qua
835 3027 953 3087 fuse
985 3030 1168 3086 Victor
1198 3027 1473 3102 Uticensis
1520 3036 1766 3102 tractat,
1801 3037 1851 3081 et
1883 3027 1952 3102 de

355 3099 628 3231 Erulctibus
687 3099 808 3174 ejus
857 3103 1164 3158 Romanum
1221 3099 1666 3171 Martyrologium
1717 3099 1952 3153 diversis

397 3194 443 3230 Il‘
469 3191 570 3231 HIS.

397 3176 570 3231 it-Iius.

515 3247 844 3315 Coltortium,
877 3254 982 3301 etc.
1018 3242 1220 3300 Eadem
1257 3240 1368 3315 fere
1398 3240 1559 3315 verba
1594 3240 1842 3308 reperies
1883 3239 1952 3296 ad

357 3333 561 3372 annum
590 3317 792 3373 Christi
831 3312 909 3373 7&6
931 3362 945 3384 ,
975 3332 1095 3384 qua:
1127 3313 1315 3369 nescio
1365 3328 1432 3366 an
1466 3312 1601 3366 vitio
1654 3326 1954 3384 amanuen-

357 3392 497 3444 sium
524 3391 718 3446 iterum
745 3389 848 3444 ltoc
891 3383 1016 3443 Icco
1056 3387 1255 3440 inserta
1286 3385 1424 3447 sint,
1459 3398 1528 3436 an
1562 3399 1695 3437 vero
1745 3391 1803 3436 ttt
1833 3383 1950 3446 ejus

358 3462 603 3515 Cultortis
652 3463 856 3515 mentio
889 3461 980 3514 liat
1003 3502 1015 3520 ,
1049 3457 1201 3528 quasi
1247 3455 1348 3509 Itoc
1377 3456 1542 3510 etiam
1576 3463 1824 3524 tempore
1853 3455 1952 3508 Ilo-

359 3531 531 3585 rentis
556 3543 742 3585 contra
777 3529 1078 3586 Waudalus
1105 3540 1158 3583 et
1187 3529 1413 3580 Suevos.

431 3603 486 3656 6.
520 3601 804 3673 Epistolte,
854 3613 978 3673 etc.
1010 3599 1254 3673 Consule
1282 3615 1408 3673 qua:
1460 3598 1527 3652 de
1572 3598 1654 3653 eis
1701 3597 1950 3667 superius

360 3670 598 3728 diximus
628 3674 693 3727 ad
725 3690 923 3727 annum
961 3672 1168 3726 Domini
1203 3670 1323 3724 Illi.

433 3746 488 3798 7.
520 3743 715 3798 Eodem
743 3757 1002 3814 tempore,
1025 3743 1255 3814 etcaHis
1286 3740 1353 3793 tle
1382 3755 1442 3794 ea
1475 3739 1705 3814 epistola
1736 3739 1796 3794 Β.
1831 3739 1949 3814 γῆξ

359 3815 502 3886 ginis
532 3816 599 3871 ad
631 3811 1083 3886 Messaneusesia
1134 3813 1344 3886 Dextro
1392 3813 1596 3866 mentio
1648 3811 1749 3886 lit,
1780 3812 1948 3886 semel

359 3882 578 3958 quidem
631 3888 848 3957 quando
888 3885 1158 3958 divulgari
1203 3882 1947 3958 cmpitt'ccensscripta_atl

357 3953 562 4013 annum
597 3953 804 4012 Domini
838 3957 939 4020 86;
985 3958 1178 4010 iterum
1203 3955 1425 4024 quando
1447 3955 1498 4009 in
1527 3953 1822 4008 Tabulario
1850 3953 1947 4008 de-

359 4044 468 4084 nuo
501 4039 714 4097 reperta
742 4039 859 4092 est,
884 4027 1027 4098 quod
1059 4027 1160 4098 hoc
1191 4029 1310 4080 loco
1343 4027 1420 4078 lit.

430 4101 482 4156 8.
535 4093 732 4154 Eodem
764 4093 990 4169 tempore
1015 4097 1227 4162 allatw,
1263 4107 1385 4169 etc.
1434 4095 1514 4169 De
1555 4093 1672 4169 eius
1708 4094 1946 4169 transla—

357 4171 508 4227 tione
531 4166 983 4226 scribitJoatiucs
1015 4169 1233 4223 Marieta
1261 4168 1352 4222 Iih.
1407 4183 1458 4222 tv
1485 4166 1551 4222 de
1593 4166 1808 4221 Sanctis
1861 4167 1954 4221 lli-

356 4243 584 4311 spauia',
616 4258 737 4308 cap.
773 4242 839 4296 (i7
859 4283 872 4306 ,
903 4241 1203 4309 asset-itque
1232 4240 1349 4311 ejus
1379 4253 1564 4311 sacras
1610 4237 1867 4311 reliquias
1899 4241 1950 4292 in

357 4309 534 4384 pretio
567 4313 756 4369 haberi
791 4328 969 4384 prope
989 4312 1175 4366 urbem
1214 4310 1590 4384 Victoriatniu
1623 4309 1912 4384 Cantabria
1933 4351 1948 4373 ,

355 4379 584 4456 ejusque
611 4379 908 4440 Ecclesium
931 4383 1086 4437 sitattt
1115 4397 1238 4437 eSse
1259 4381 1745 4456 ittlt‘t"S(tlt'tttierra
1767 4379 1860 4451 (qu
1881 4398 1950 4456 «tn

355 4450 561 4511 Dexter
587 4456 825 4512 Salviam
857 4465 1054 4510 terram
1080 4462 1234 4505 vocat
1257 4454 1276 4524 )
1305 4462 1349 4505 et
1375 4452 1626 4507 Sanctum
1647 4450 1860 4524 Crucem
1888 4453 1952 4505 de

354 4525 642 4598 Campezo,
676 4527 727 4581 in
755 4527 895 4598 Salttt
930 4525 1219 4586 Alaheusi,
1251 4522 1614 4598 vnlgoSierra
1664 4522 1726 4575 de
1763 4523 1945 4598 Aluba.

425 4594 578 4653 9.'Et
606 4598 783 4651 eodem
825 4597 980 4652 etiam
1029 4611 1199 4658 anno,
1234 4603 1337 4648 etc.
1375 4594 1536 4647 Multa
1562 4635 1579 4659 ,
1609 4609 1780 4659 caque
1811 4597 1946 4648 scitu

352 4667 674 4737 dignissima
705 4671 946 4724 diximus
976 4667 1045 4722 de
1065 4675 1254 4720 Sancto
1287 4665 1542 4718 Memmio
1573 4668 1622 4717 itt
1651 4664 1949 4737 superiori-

351 4734 454 4795 bus
482 4740 550 4794 ad
576 4755 774 4794 annum
801 4739 1010 4794 Domini
1035 4737 1104 4793 90
1126 4753 1244 4806 qum
1277 4745 1331 4788 tn
1365 4737 1638 4790 censnlas.
1674 4734 1728 4789 lo
1753 4737 1944 4791 codice

352 4826 559 4866 excuso
614 4810 1045 4880 Ctesaraugusta:
1092 4817 1208 4876 post
1263 4807 1354 4880 illa
1400 4806 1566 4880 verba
1625 4817 1837 4880 textus,
1877 4809 1946 4861 ad

349 4898 548 4937 annum
582 4880 686 4938 106
715 4876 945 4936 deerant
971 4880 1296 4950 sequentia,
1328 4878 1381 4931 in
1405 4877 1619 4950 Callia,
1670 4887 1714 4930 et
1749 4876 1946 4949 Hispu-

347 4955 438 5007 rtia
468 4953 764 5018 pm'tlicarit
783 4994 798 5016 ,
826 4969 946 5019 qua:
975 4949 1074 5006 nos
1105 4967 1171 5004 ex
1205 4949 1324 5002 aliis
1351 4949 1674 5017 adjeeimtts.

423 5026 508 5080 ID.
539 5018 960 5095 Perﬂispanias,
994 5032 1098 5076 etc.
1120 5023 1309 5095 Actum
1334 5021 1544 5095 anubis
1567 5018 1755 5095 estde
1785 5019 1944 5095 [fom-

348 5095 514 5164 pouio
557 5089 782 5150 Paulato
812 5096 878 5147 ad
904 5089 1102 5149 annum
1136 5093 1346 5146 Domini
1373 5093 1511 5155 2:5;
1548 5091 1615 5146 de
1644 5089 1943 5146 Caledonia

349 5181 480 5221 vero
508 5167 574 5220 ad
604 5183 803 5220 annum
830 5166 956 5222 263.

418 5240 508 5294 II.
542 5235 856 5299 Florebant,
883 5248 988 5292 etc.
1017 5233 1152 5290 Vide
1175 5249 1296 5304 qua:
1324 5231 1390 5286 de
1433 5230 1640 5285 Isidoro
1671 5232 1773 5286 isto
1797 5231 1941 5304 dixi-

343 5323 468 5363 mus
497 5309 563 5362 ad
592 5325 719 5362 ann.
753 5308 966 5362 Domini
989 5305 1094 5362 425
1121 5303 1356 5374 etprius
1385 5304 1450 5358 ad
1479 5320 1680 5357 annum
1713 5303 1840 5359 584.
1871 5304 1943 5360 De

340 5389 712 5447 cognomento
741 5388 920 5433 autem
976 5377 1143 5447 ipsius
1197 5378 1458 5430 nonnulla
1491 5374 1785 5430 difﬁcultas
1817 5386 1936 5447 est:

339 5446 517 5506 codex
579 5451 768 5505 Dextri
813 5446 1046 5505 excusus
1076 5457 1230 5502 vocat
1255 5463 1376 5500 cum
1404 5487 1420 5511 ,
1455 5448 1686 5515 primum
1720 5446 1936 5516 quidem

337 5520 654 5586 Junioretu,
699 5523 1040 5592 postmodum
1087 5535 1214 5574 vero
1264 5517 1549 5574 Seniorem
1583 5518 1766 5592 {quod
1796 5532 1923 5573 sane

339 5610 529 5648 errore
557 5588 909 5663 exscriptoris
941 5595 1150 5663 factum
1174 5600 1286 5652 est,
1321 5600 1379 5644 ut
1403 5605 1510 5663 ego
1543 5588 1670 5663 mihi
1706 5603 1924 5657 persua-

341 5677 464 5726 sutu
506 5665 678 5721 habeo
721 5661 892 5724 {nam
946 5662 1155 5720 tametsi
1205 5661 1439 5731 potuerit
1472 5661 1629 5716 facile
1671 5674 1700 5711 a
1733 5675 1921 5731 recen-

342 5735 568 5801 tloribus
597 5737 914 5804 auctoribus
941 5735 1165 5808 ratiari,
1205 5729 1318 5801 illis
1351 5731 1605 5800 nimirum
1633 5733 1725 5814 qui
1754 5729 1924 5796 1δὶἀο-

3551 2771 3661 2812 ΓΙοτ

2058 2768 2172 2800 rtmt
2204 2768 2579 2813 Iltspateltsem
2612 2768 2980 2818 agnoverunt,
3013 2768 3168 2820 cujus
3219 2768 3467 2817 respectu
3512 2768 3658 2821 prior

2058 2817 2146 2872 hic
2189 2816 2560 2874 Cordubensis
2598 2821 2977 2888 proculdubio
3027 2820 3217 2878 Senior
3263 2823 3369 2878 dici
3424 2823 3658 2882 debuit:

2055 2901 2316 2971 caeterum
2352 2888 2590 2971 Dexter,
2620 2891 2711 2960 qui
2753 2892 2902 2947 illum
2939 2895 3204 2963 ignoravit
3231 2937 3246 2959 ,
3302 2895 3522 2971 adcum
3569 2913 3660 2954 re-

2055 2965 2269 3032 spicere
2295 2965 2602 3032 nonpotuit
2627 3003 2642 3025 ,
2673 2971 2727 3016 et
2753 2977 2813 3018 en
2843 2975 3066 3032 propter
3095 2967 3340 3020 absolute
3364 2966 3507 3021 hunc
3531 2967 3662 3023 Cor-

2055 3030 2357 3086 tluheuscm
2399 3031 2684 3086 Jnniot'em
2719 3030 2956 3087 vocasse
2975 3047 3182 3089 certum
3233 3046 3334 3089 est.
3371 3038 3548 3092 Aliter
3591 3039 3660 3094 de

2056 3101 2127 3175 bl.
2149 3101 2555 3175 ΔΜιικίιιιρμεξῖιιξ
2583 3103 2965 3157 continuatore
2999 3107 3374 3170 sentiendum,
3404 3107 3492 3175 qui
3535 3123 3656 3164 cunt

2054 3170 2320 3226 Isidorum
2373 3171 2750 3298 Ilisgalensem
2805 3177 3132 3243 agnoverit,
3168 3177 3338 3229 multo
3388 3170 3658 3232 recentio-

2058 3257 2206 3298 rem.
2261 3243 2407 3297 hunc
2509 3243 2874 3298 ordubeusetn
2931 3245 3047 3298 iure
3112 3248 3320 3298 ontimo
3368 3247 3656 3298 Seniorem

2058 3257 2206 3306 rem,
2261 3243 2407 3316 hunc
2463 3243 2874 3316 Cordubensem
2925 3245 3047 3313 jure
3112 3248 3320 3316 optimo
3368 3247 3656 3304 Senioretn

2056 3314 2387 3380 nunrupavit
2410 3355 2425 3376 ,
2461 3313 2526 3368 ad
2551 3331 2750 3368 annum
2783 3314 2988 3370 Chriin
3017 3318 3141 3372 452.

2130 3384 2218 3460 42.
2251 3383 2379 3439 Cum
2402 3383 2512 3441 Itarc
2539 3387 2813 3460 scriberent
2841 3428 2854 3452 ,
2887 3401 2993 3460 etc.
3025 3387 3188 3444 Multa
3220 3405 3342 3460 qua:
3389 3389 3492 3445 hoc
3539 3391 3658 3447 loco

2053 3456 2160 3532 diei
2189 3467 2449 3532 poterant
2471 3460 2521 3512 itt
2550 3459 2807 3532 Apologia
2835 3473 2932 3528 pro
2966 3459 3071 3532 isto
3095 3456 3260 3532 opere
3291 3473 3476 3516 u0tata
3498 3473 3650 3530 sunt,

2055 3527 2144 3582 ubi
2197 3529 2578 3602 respondimus
2603 3527 2688 3585 ad
2730 3527 2986 3602 ea,’qu.'e
3035 3527 3164 3586 hinc
3195 3534 3437 3587 nonnulli
3465 3527 3657 3588 existi;-

2055 3607 2204 3654 mant
2228 3599 2423 3672 deduci
2471 3611 2660 3656 contra
2714 3599 2902 3672 operis
2947 3605 3400 3671 germanitatem;
3451 3620 3570 3672 quze
3601 3615 3654 3659 tu

2054 3671 2330 3725 Consulas.
2377 3671 2717 3740 llllpOs'uel‘al
2773 3671 3049 3729 CltrOniczo
3103 3690 3203 3728 suo
3251 3675 3411 3728 liuent
3463 3671 3659 3730 Auctor

2053 3741 2431 3821 atttio.Cltt_-isti
2461 3742 2601 3821 ego,
2629 3758 2752 3821 cum
2787 3745 2918 3821 illud
2964 3744 3165 3821 dicavit
3199 3743 3561 3821 Hieronymo,
3590 3754 3654 3821 ut

2053 3827 2118 3867 ex
2141 3812 2364 3878 epiStola
2411 3812 2477 3866 ad
2499 3813 2757 3868 Orosinm
2791 3814 2946 3876 data,
2975 3814 3130 3868 initio
3159 3817 3343 3875 operis
3383 3812 3650 3871 constitit.

2051 3881 2322 3956 Caeterum
2351 3882 2416 3935 ad
2442 3899 2633 3956 manus
2657 3884 2968 3956 llierouymi
3003 3886 3292 3952 pervenire
3321 3901 3426 3940 non
3451 3887 3650 3956 potuit,

2052 3953 2144 4024 qui
2176 3969 2322 4007 anno
2359 3954 2464 4010 426
2511 3955 2576 4009 ad
2613 3957 2778 4010 Deum
2814 3953 3132 4022 transierat;
3175 3957 3244 4011 de
3273 3957 3425 4026 enjus
3455 3953 3649 4013 tamen

2053 4033 2228 4080 tuorte
2251 4042 2394 4080 anno
2426 4026 2600 4081 adhuc
2627 4027 2857 4095 455,qui
2886 4027 2985 4082 fuit
3015 4027 3232 4082 Arcadii
3261 4028 3498 4094 ll,nihil
3518 4032 3654 4085 certi

2063 4097 2118 4151 in
2147 4098 2400 4167 llispauia
2434 4099 2747 4164 dicebatur,
2786 4107 2841 4152 ttt
2887 4099 3088 4152 Itlatius
3117 4100 3171 4154 itt
3201 4099 3477 4155 Chronico
3518 4103 3657 4156 scri-

2061 4169 2170 4237 bit,
2198 4169 2414 4238 nequis
2461 4173 2720 4237 miretur,
2775 4170 3086 4225 Cltrouicun
3132 4173 3182 4226 ei
3236 4173 3459 4226 missum
3511 4188 3654 4226 anno

2056 4243 2166 4300 4ἶο
2195 4285 2210 4308 ,
2261 4251 2456 4310 quarto
2499 4242 2754 4296 nimirum
2798 4243 2868 4295 ab
2891 4245 3037 4308 _t~jns
3077 4242 3217 4296 {elici
3266 4242 3532 4307 transitu,
3579 4244 3646 4297 ad

2055 4315 2173 4383 ejus
2207 4313 2492 4382 pervenire
2535 4329 2729 4367 tuauus
2774 4314 3107 4381 nequivisse.
3161 4315 3280 4380 Quo
3324 4321 3502 4366 tamen
3535 4324 3654 4378 post

2053 4400 2229 4439 annos
2257 4384 2462 4451 aliquot
2488 4401 2514 4435 a
2546 4383 2752 4436 Dextro
2777 4394 3081 4449 comperto,
3110 4383 3302 4436 iterum
3335 4399 3470 4452 opus
3492 4398 3649 4437 suum

2056 4456 2265 4513 revisit,
2299 4455 2549 4522 perfecit,
2583 4454 2953 4521 locupletavit,
2991 4469 3097 4507 nuo
3131 4455 3352 4520 quidem
3400 4456 3453 4506 in
3482 4469 3652 4505 anuo-

2055 4541 2174 4580 rutu
2202 4524 2598 4593 Chronologia,
2635 4526 2730 4577 sed
2765 4530 2814 4576 iu
2845 4525 3164 4589 sententiis,
3199 4539 3333 4588 quas
3367 4525 3460 4576 toti
3494 4524 3646 4590 operi

2053 4595 2316 4660 intexuit,
2351 4605 2407 4647 ut
2454 4597 2521 4650 de
2569 4595 2827 4649 memoria
2879 4593 3072 4647 mortis
3111 4595 3299 4665 ipsius
3330 4594 3651 4665 llierouymi

2052 4679 2300 4730 Constat,
2334 4666 2488 4734 cujus
2519 4667 2585 4719 ad
2617 4682 2819 4718 :tutttttn
2853 4665 3066 4718 Domini
3095 4664 3204 4720 49.6
3247 4665 3371 4718 fecit
3419 4664 3650 4720 ltltfltlio-

2052 4754 2174 4793 nem
2202 4757 2215 4791 :
2247 4739 2434 4806 sicque
2467 4736 2858 4806 locupletatum
2883 4747 2936 4790 et
2986 4748 3201 4789 auctum
3235 4735 3403 4790 Paulo
3450 4738 3649 4791 Oresio

2048 4812 2225 4864 amico
2255 4818 2310 4862 et
2337 4810 2740 4878 consanguineo
2766 4822 2867 4861 suo
2901 4808 3092 4862 iterum
3126 4808 3460 4878 nuncupavit
3483 4849 3496 4868 ,
3528 4807 3652 4863 ulti-

2051 4897 2192 4935 mam
2227 4879 2376 4949 operi
2409 4877 2626 4935 manum
2656 4880 2947 4942 imponens
2979 4893 3121 4932 anno
3156 4877 3367 4933 Domini
3394 4877 3534 4941 440.
3578 4881 3646 4935 de

2049 4969 2152 5018 qua
2187 4953 2426 5020 loquitur
2454 4969 2574 5004 cum
2606 4951 2681 5004 ait
2707 4968 2719 5002 :
2742 4949 2869 5004 Cum
2899 4951 3009 5002 Ιηιέ
3035 4949 3328 5011 scriberem,
3351 4960 3458 5005 cte.
3485 4960 3646 5017 atque

2049 5023 2174 5078 huic
2198 5040 2341 5078 anno
2362 5033 2573 5077 ctL-tera:
2596 5023 2668 5077 ibi
2694 5031 2893 5076 notata:
2917 5020 3290 5093 elirotiologize
3313 5036 3644 5093 congruunt,

2047 5094 2300 5150 videlicet
2347 5093 2534 5148 Romae
2569 5093 2835 5153 t-ottditaz.
2891 5107 3021 5162 terter
3064 5090 3338 5154 Czesaris,
3394 5090 3450 5148 et
3495 5094 3647 5162 regni

2046 5164 2389 5220 Theotloretli
2424 5166 2570 5235 regis
2592 5164 2902 5235 Gothorum
2925 5163 2978 5235 in
3012 5161 3288 5232 Hispania.
3319 5163 3452 5219 Nattt
3481 5161 3646 5220 Urbis

2046 5237 2288 5290 Conditio
2307 5279 2320 5298 ,
2350 5243 2406 5290 ttt
2434 5234 2786 5304 in’principio
2821 5234 3060 5288 habitum
3086 5244 3198 5300 est,
3229 5235 3645 5304 praeceSsitNa-

2048 5307 2209 5361 talem
2240 5307 2438 5362 Christi
2471 5303 2630 5360 anuis
2655 5305 2789 5369 75l;
2823 5321 2930 5358 atra
2984 5322 3114 5360 vero
3155 5303 3317 5360 anuis
3361 5307 3452 5361 38.
3488 5303 3645 5358 Unde

2046 5392 2223 5433 annus
2257 5379 2466 5433 Domini
2513 5377 2619 5432 440
2666 5375 2975 5432 necessario
3006 5377 3109 5431 erit
3155 5377 3342 5431 Rotnze
3392 5375 3630 5428 conditae

2046 5450 2177 5504 “9|
2205 5461 2258 5505 et
2287 5465 2410 5503 aera!
2432 5447 2663 5503 Czesat'is
2688 5450 2810 5502 478.
2839 5447 3065 5515 Insuper
3097 5448 3266 5501 Itlatio
3299 5457 3436 5500 teste
3461 5488 3475 5511 ,
3500 5461 3636 5497 anno

2030 5519 2100 5576 24
2133 5522 2334 5589 imperii
2379 5520 2592 5577 Arcadii
2635 5531 2682 5574 et
2726 5517 2948 5573 Honorii
2983 5517 3159 5572 Wulia
3188 5517 3477 5589 Gothorum
3525 5531 3642 5589 rege

2032 5587 2279 5662 defuncto
2316 5593 2605 5648 Theodore:
2649 5593 2666 5660 (
2709 5591 2788 5647 sic
2821 5593 2935 5661 ipse
2966 5587 3396 5662 Tlteodoredntu
3435 5597 3591 5662 vocat
3620 5587 3639 5657 )

2030 5657 2268 5718 successit
2295 5666 2346 5720 iu
2377 5681 2552 5737 regno.
2593 5657 2715 5737 Fuit
2741 5664 2783 5721 is
2805 5657 2981 5717 annus
3012 5678 3040 5716 a
3075 5669 3201 5737 nato
3238 5657 3463 5737 Dotttitto
3490 5657 3598 5737 “8
3620 5699 3638 5724 ,

2031 5749 2094 5797 ex
2121 5752 2226 5818 quo
2251 5752 2416 5814 usque
2434 5728 2514 5798 ’λιιι
2545 5734 2652 5800 440
2683 5737 3054 5797 intercurrunt
3082 5729 3155 5796 22
3186 5728 3337 5809 regni
3372 5729 3636 5795 'l‘ltcotlos
