4148 6172
491 271 599 333 575

1391 264 1688 325 FL.\VIUS
1725 261 1977 326 LUCIUS
2014 261 2301 321 DEXTER
2336 261 2864 322 CHRONOLOGUS.

3685 262 3797 322 576

493 393 708 470 gendis,
739 397 796 448 et
814 387 983 460 ipsius
1006 383 1256 442 Antiochi
1281 381 1577 440 miserabili
1603 381 1846 438 interitu.
1879 379 2086 437 Rursus
2112 380 2170 443 Α
2191 377 2368 452 capilli
2416 380 2601 448 capitis
2645 383 2754 453 ejus
2786 380 2937 451 quasi
2979 380 3104 436 lana
3136 381 3330 436 munda
3373 395 3391 435 :
3423 381 3641 438 thronus
3683 385 3800 455 eius

492 503 615 559 cap.
648 486 704 550 9,
737 497 961 554 regnum
992 479 1307 536 Iudaeorum
1337 475 1662 532 duraturum
1688 474 1938 546 praedixit
1967 489 2092 546 spa-

495 581 572 638 tio
601 579 671 634 69
696 572 1186 636 hebdomadarum,
1219 570 1272 625 id
1303 579 1409 635 est,
1443 568 1557 624 lere
1582 568 1684 624 500
1713 581 1998 634 annorum,
2031 575 2093 622 ut

495 672 740 730 omittam
763 682 826 723 ea
847 682 966 738 qua:
988 679 1109 719 cum
1137 661 1308 718 [datio
1328 663 1397 716 dc
1424 676 1610 730 regum
1639 658 1826 716 Austri
1847 669 1900 715 et
1925 657 2093 730 Aqui-

494 765 638 823 lonis
667 761 929 827 dissidiis,
959 766 1015 813 et
1038 757 1221 828 populi
1256 754 1348 809 Dei
1379 769 1551 825 usque
1584 753 1650 808 ad
1679 753 1840 810 linem
1866 756 2094 811 saeculo-

495 872 618 914 rum
638 852 924 910 eventibus
951 863 1093 905 nunc
1115 846 1485 917 exposuimus,
1518 855 1572 901 et
1602 843 1672 902 ab
1693 844 1809 916 ipso
1832 846 2093 917 propheta

497 950 808 1007 referuntur
845 944 899 1000 in
935 958 987 998 c.
1018 957 1083 1005 Χ,
1118 957 1169 995 st
1211 949 1264 995 et
1303 955 1398 994 xu.
1440 937 1574 993 Cum
1618 937 1784 1009 igitur
1814 939 2091 1010 proprium

501 1039 740 1099 Dunielis
762 1033 1043 1107 propheta:
1064 1031 1226 1088 fuerit
1251 1031 1317 1087 dc
1346 1029 1528 1102 regnis
1559 1029 1767 1100 magnis
1795 1037 1851 1084 ct
1874 1046 2095 1086 monar-

496 1139 638 1196 chiis
667 1147 853 1206 agere,
883 1145 1004 1202 qua:
1035 1145 1204 1198 usque
1224 1127 1291 1182 ad
1325 1127 1484 1182 linem
1515 1123 1702 1180 mundi
1733 1125 2094 1181 dominabun-

497 1242 586 1289 tur
615 1231 667 1286 in
709 1229 858 1298 ipso;
904 1226 994 1296 qui
1051 1225 1164 1279 lieri
1209 1231 1410 1293 posset,
1446 1233 1498 1273 ut
1531 1235 1649 1274 eam
1689 1219 1859 1274 solam
1907 1219 2097 1276 sileret

497 1339 687 1394 regum
719 1317 1014 1390 Hispanim,
1055 1331 1174 1387 qua:
1213 1312 1476 1368 latissime
1509 1313 1750 1366 omnium
1781 1327 1877 1381 per
1907 1311 2093 1368 orbem

502 1417 695 1475 diliusa
726 1422 831 1480 est,
869 1428 988 1482 qua:
1018 1408 1207 1464 orbem
1236 1407 1469 1462 altermn
1500 1403 1731 1472 subjecit
1761 1402 1906 1472 ﬁdei,
1947 1421 2098 1475 qua:-

498 1525 606 1582 que
635 1509 758 1580 plus
786 1503 1001 1561 caeteris
1027 1501 1094 1557 ad
1130 1499 1390 1555 Ecclesia:
1420 1505 1789 1569 augmentum,
1822 1496 2097 1552 defensio-

503 1619 626 1662 nem
658 1613 712 1658 et
739 1599 966 1672 gloriam
1003 1604 1250 1670 spectare
1285 1591 1655 1663 conspicitur?
1690 1591 1756 1646 Et
1798 1590 1912 1645 lucc
1941 1589 2095 1646 dixe-

500 1698 626 1762 rim,
661 1709 728 1750 ne
761 1693 880 1762 quis
908 1703 1104 1744 novatn
1133 1685 1530 1757 expositionem
1574 1683 1752 1738 subito
1783 1683 2093 1752 exhorreat,

2195 475 2422 544 ﬂamma:
2445 473 2602 546 ignis,
2627 483 2758 528 rota:
2777 477 2889 547 ejus
2910 475 3044 546 ignis
3073 492 3357 534 accensus:
3380 478 3568 548 ﬂuuius
3594 477 3798 549 igneus,

2194 567 2506 640 rapidusque
2541 569 2900 640 egrediebatur
2940 587 2972 623 a
3021 571 3153 641 facie
3179 574 3335 644 ejus;
3364 570 3532 627 millia
3570 572 3800 628 millium

2193 659 2557 714 ministrabant
2578 660 2647 727 ei,
2681 668 2729 714 et
2751 660 2922 715 decies
2950 659 3137 716 millies
3161 673 3374 716 centena
3399 664 3566 718 millia
3595 668 3804 720 assiste-

2194 749 2316 805 bant
2337 749 2402 804 ei.
2428 749 2462 803 J
2471 751 2702 804 udicium
2719 751 2878 816 sedit,
2906 760 2955 806 et
2979 750 3101 806 libri
3128 753 3295 824 aperti
3316 762 3458 808 sunt.
3477 755 3804 826 Aspiciebam

2195 852 2406 916 prapter
2436 859 2608 898 vocem
2648 860 2939 910 sermonum
2968 845 3267 916 grandium,
3297 861 3426 916 quos
3469 863 3635 902 cornu
3667 847 3805 902 illud

2195 935 2532 1007 loquebatur;
2555 944 2606 990 et
2641 936 2747 990 vidi
2779 937 3024 1007 quoniam
3052 937 3326 1007 interfecta
3352 947 3484 993 esset
3525 939 3712 1008 bestia,
3755 949 3806 997 et

2194 1031 2409 1103 perisset
2437 1047 2628 1101 corpus
2648 1032 2780 1102 ejus,
2811 1043 2856 1085 et
2880 1031 3124 1086 traditum
3151 1041 3280 1086 esset
3299 1033 3368 1087 ad
3395 1034 3804 1088 comburendum

2195 1124 2304 1195 igni
2335 1141 2354 1180 :
2375 1125 2599 1178 aliarum
2628 1142 2828 1197 quoque
2853 1126 3136 1180 bestiarum
3176 1126 3349 1181 ablata
3389 1135 3518 1181 esset
3557 1137 3803 1196 potestas,

2196 1226 2242 1270 et
2271 1225 2501 1288 tempora
2531 1217 2647 1271 vitae
2671 1218 2953 1271 constituta
2987 1227 3158 1272 essent
3200 1219 3274 1272 eis
3320 1235 3479 1285 usque
3506 1220 3574 1272 ad
3604 1229 3806 1288 tempus

2196 1319 2244 1366 et
2275 1319 2489 1379 tempus.
2534 1311 2857 1384 Aspiciebam
2888 1328 3008 1383 ergo
3052 1313 3104 1366 in
3133 1313 3327 1366 visione
3371 1315 3561 1380 noctis,
3603 1328 3653 1369 et
3692 1331 3807 1369 ecce

2197 1418 2313 1456 cum
2343 1403 2556 1458 nubibus
2580 1404 2694 1457 cwli
2719 1405 2865 1472 quasi
2892 1403 3034 1474 [ilius
3057 1405 3276 1458 hominis
3294 1405 3542 1470 veniebat,
3575 1416 3624 1460 et
3647 1424 3808 1471 usque

2198 1497 2266 1551 ad
2279 1497 2556 1568 Antiquam
2574 1498 2776 1552 dierum
2807 1498 3055 1567 pervenit,
3077 1506 3122 1552 et
3151 1499 3202 1551 in
3225 1508 3498 1570 conspectu
3515 1498 3628 1569 ejus
3652 1499 3807 1553 obtu-

2195 1591 2367 1646 lerunt
2390 1608 2538 1658 eum;
2564 1601 2610 1644 et
2631 1593 2770 1646 dedit
2793 1592 2839 1645 ei
2862 1601 3187 1662 potestatem,
3210 1593 3475 1660 honorem,
3500 1601 3547 1647 et
3566 1608 3806 1665 regnum,

2199 1695 2247 1738 et
2271 1702 2445 1740 omnes
2469 1685 2673 1758 populi,
2710 1685 2896 1751 tribus,
2923 1697 2970 1741 et
2997 1684 3194 1758 lingua:
3221 1686 3322 1758 ipsi
3351 1687 3606 1752 servient;
3658 1699 3809 1759 pote-

499 1788 596 1844 sed
612 1759 899 1858 patienter
926 1781 1098 1850 legat;
1129 1795 1251 1833 nam
1280 1791 1637 1848 qumcnmque
1661 1792 1691 1830 a
1713 1775 1936 1831 Daniele
1959 1791 2098 1846 prte-
2121 1759 2175 1821 Β
2202 1785 2310 1831 stas
2331 1780 2464 1849 ejus,
2493 1785 2718 1848 potestas
2740 1787 2932 1832 (eterna
2959 1793 3076 1849 qua:
3101 1793 3201 1833 non
3231 1777 3808 1853 auferetur,etregaum

498 1877 642 1934 dicta
674 1882 802 1930 sunt
839 1886 960 1940 cap.
1003 1869 1099 1924 illo
1128 1883 1201 1922 vn
1231 1867 1299 1923 de
1335 1883 1441 1938 quo
1471 1865 1702 1936 agimus,
1754 1865 1806 1920 in
1839 1866 2095 1936 Hispania

499 1968 796 2038 adimpleta
845 1962 1070 2028 Videbit,
1115 1975 1235 2033 qua:
1267 1969 1446 2014 tamen
1480 1959 1666 2013 nnllibi
1715 1955 1975 2014 hactenus
2007 1975 2098 2015 ve-

500 2059 698 2118 rilieari
749 2059 968 2114 inventa
1013 2063 1163 2121 sunt,
1215 2051 1430 2122 quando
1466 2052 1682 2122 quidem
1727 2050 2098 2124 expositiones

500 2151 734 2224 priores,
777 2134 889 2204 suis
915 2146 1077 2204 etiam
1107 2145 1422 2200 auctoribus
1453 2143 1768 2212 fatentibus,
1798 2144 2098 2200 iliauilestis

499 2239 875 2313 repugnantiis
917 2240 1092 2310 plena:
1121 2245 1276 2293 sunt;
1320 2249 1478 2305 quam
1510 2250 1639 2290 vero
1671 2251 1768 2290 nos
1812 2235 2095 2305 amplecti-

497 2351 640 2398 mur,
667 2331 895 2389 faciliter
917 2341 971 2386 et
995 2330 1236 2386 suaviter
1258 2339 1453 2385 cuncta
1476 2327 1752 2384 distribuit
1770 2328 2093 2399 etexplicat.

569 2429 639 2486 Ut
711 2437 892 2482 tamen
958 2425 1209 2481 ordinate
1290 2422 1696 2496 procedamus,
1766 2424 2098 2494 przcmittere

498 2537 785 2582 neeeSsum
834 2531 918 2577 est
962 2521 1137 2591 ipsum
1187 2518 1523 2590 prophetica:
1567 2517 1932 2588 pra-dictionis
1966 2533 2098 2573 con-

497 2627 728 2680 textum,
760 2623 816 2670 et
853 2613 982 2685 quid
1015 2613 1133 2667 aliis
1174 2611 1348 2666 visum
1389 2609 1465 2666 sit
1495 2624 1592 2680 per
1627 2625 1746 2664 eam
1780 2609 2094 2680 signiﬁcari.

499 2709 712 2766 Etcum
734 2707 865 2763 nihil
895 2721 1092 2762 eorum
1113 2703 1414 2777 prophetia:
1441 2702 1626 2760 verbis
1650 2701 1920 2773 quadrare
1946 2717 2098 2756 mon-

497 2801 890 2866 straverimus,
934 2799 1152 2854 demum
1202 2796 1600 2868 expositionem
1641 2803 1923 2861 nostram,
1987 2795 2097 2850 Deo

495 2896 659 2963 duce,
708 2906 1098 2966 preponemus,
1145 2900 1201 2947 et
1237 2888 1736 2966 prOpugnabimns:
1783 2886 1835 2942 in
1864 2901 1991 2959 qua,
2040 2895 2099 2942 ut

496 3005 681 3061 spero,
713 2987 846 3044 nihil
879 2986 981 3041 erit
1009 2984 1152 3058 quod
1181 2981 1513 3055 propheticis
1545 2980 1725 3036 verbis
1763 2995 1870 3036 non
1917 2979 2098 3036 cohazv

497 3093 638 3153 reat,
674 3082 806 3140 nihil
837 3081 1057 3147 durum,
1091 3077 1224 3134 nihil
1253 3077 1521 3134 violenter
1547 3074 2036 3132 accommodatum.

803 3217 832 3290 ᾗ
869 3217 931 3273 Il.
965 3215 1202 3270 Danielis
1240 3211 1524 3286 prophetia:
1554 3228 1671 3284 cap.
1705 3209 1814 3266 \‘ll.

571 3358 722 3409 Anno
777 3353 944 3423 primo
1002 3350 1304 3404 Balthassar
1343 3348 1477 3420 regis
1543 3344 1856 3417 Babylonis,
1909 3343 2097 3399 Daniel

497 3446 755 3500 somnium
782 3444 906 3497 vidit
939 3457 957 3496 :
983 3443 1112 3496 visio
1137 3451 1310 3495 autent
1336 3440 1521 3508 capitis
1550 3439 1664 3510 ejus
1691 3439 1747 3492 in
1788 3435 1944 3492 cubili
1969 3453 2097 3503 suo;

499 3550 547 3596 et
575 3541 834 3595 somniant
855 3538 1082 3593 scribens
1109 3537 1242 3592 brevi
1262 3553 1497 3592 sermone
1524 3534 1931 3608 comprehendit,
1953 3552 2097 3588 sum-

501 3635 776 3702 matimque
824 3633 1171 3704 perstringens
1216 3633 1290 3686 ait
1324 3647 1342 3688 :
1389 3629 1636 3685 Videbam
1676 3630 1731 3684 in
1769 3630 1964 3684 visione
1987 3645 2101 3683 mea

499 3739 666 3793 nocte,
699 3736 750 3781 et
789 3742 904 3780 ecce
943 3734 1162 3795 quatuor
1203 3725 1337 3778 venti
1377 3723 1488 3778 coeli
1531 3721 1834 3796 pugnabunt
1877 3721 1929 3776 in
1970 3721 2104 3775 mari

501 3837 706 3891 magno,
732 3829 780 3874 et
799 3829 1021 3891 quatuor
1043 3818 1220 3873 bestiw
1239 3817 1460 3891 grandes
1483 3815 1857 3870 descendebant
1885 3815 1949 3869 de
1972 3816 2102 3870 mari

501 3914 718 3966 diversa:
757 3915 890 3966 inter
921 3929 994 3966 se.
1027 3909 1211 3966 Prima
1238 3912 1387 3978 quasi
1418 3911 1603 3976 lewrta,
1655 3918 1702 3964 et
1740 3907 1853 3962 alas
1884 3907 2103 3962 habebat

502 4007 712 4076 aquilw.
745 4003 1066 4073 Aspiciebam
1097 4005 1261 4058 donec
1289 4004 1476 4058 evulsa:
1495 4012 1612 4057 sunt
1640 4001 1741 4056 ala:
1767 4005 1901 4075 ejus,
1934 4012 1978 4056 et
2009 4019 2099 4056 stt-

504 4096 644 4150 blata
673 4105 746 4149 est
773 4096 836 4148 de
862 4103 1018 4163 terra,
1046 4105 1092 4148 et
1131 4110 1286 4164 super
1311 4095 1464 4164 pedes
1493 4093 1642 4163 quasi
1680 4091 1833 4146 homo
1861 4093 2021 4159 stetit,
2055 4101 2104 4146 et

503 4203 592 4240 cor
632 4185 854 4239 hominis
904 4188 1083 4239 datum
1128 4195 1200 4238 est
1229 4185 1299 4240 ei.
1333 4183 1401 4238 Et
1443 4200 1555 4239 ecce
1580 4183 1740 4239 bestia
1775 4185 1880 4238 alia
1922 4184 2104 4238 similis

506 4296 624 4334 urso
653 4279 703 4333 in
731 4289 876 4351 parte
903 4280 1062 4346 stetit,
1092 4289 1137 4333 et
1163 4289 1262 4332 tres
1293 4280 1500 4333 ordines
1523 4286 1670 4332 erant
1701 4279 1752 4331 in
1781 4294 1868 4332 ore
1891 4279 2026 4350 ejus,
2057 4287 2104 4333 et

504 4373 555 4425 in
583 4371 841 4439 dentibus,
869 4382 919 4426 et
941 4373 1014 4425 sic
1040 4371 1281 4425 dicebant
1311 4372 1357 4425 ei
1398 4387 1416 4428 :
1457 4369 1653 4443 Surge,
1684 4370 1893 4426 comede
1923 4388 2104 4426 carnes

504 4464 777 4534 plurimas.
809 4462 935 4518 Post
963 4464 1072 4516 ha'c
1099 4462 1431 4536 aspiciebam,
1461 4473 1509 4518 et
1539 4478 1650 4517 ecce
1679 4465 1786 4517 alia
1807 4465 1955 4534 quasi
1983 4482 2105 4534 par-

2201 1871 2314 1941 ejus
2340 1869 2480 1940 quod
2506 1885 2610 1924 non
2638 1880 3015 1940 corrumpetur.

2273 1959 2494 2014 Horruit
2525 1961 2738 2034 spiritus
2767 1979 2912 2017 meus
2941 1979 2960 2017 :
2985 1979 3079 2036 ego
3124 1962 3316 2019 Daniel
3354 1965 3567 2020 territus
3606 1983 3724 2020 sum
3753 1966 3807 2023 in

2200 2051 2304 2119 his,
2337 2063 2384 2108 et
2414 2053 2632 2109 visiones
2661 2056 2847 2126 capitis
2879 2057 2977 2112 mei
3009 2057 3442 2113 conturbauerunt
3471 2076 3572 2116 me.
3603 2061 3811 2117 Accessi

2199 2145 2270 2198 ad
2298 2162 2453 2200 unum
2478 2146 2542 2200 de
2568 2148 2946 2216 assistentibus,
2973 2157 3020 2204 et
3045 2150 3312 2204 veritatem
3339 2150 3637 2222 qucerebam
3665 2152 3730 2206 ab
3751 2169 3810 2209 eo

2200 2235 2265 2290 de
2289 2236 2523 2291 omnibus
2556 2238 2657 2291 his.
2707 2237 2808 2303 Qui
2849 2238 2980 2293 dixit
3019 2241 3146 2315 mihi
3191 2241 3667 2311 interpretationem
3701 2261 3812 2300 ser-

2201 2347 2431 2394 monum,
2485 2341 2531 2385 et
2579 2333 2756 2386 docuit
2805 2349 2937 2392 me:
2984 2333 3082 2389 lla:
3125 2346 3346 2406 quatuor
3377 2337 3551 2394 bestia:
3585 2356 3810 2412 magna,

2199 2431 2421 2492 quatuor
2464 2433 2584 2478 sunt
2626 2441 2808 2496 regna,
2840 2441 2957 2496 quat
2996 2439 3307 2499 consurgent
3343 2430 3407 2483 de
3441 2438 3598 2485 terra.
3631 2432 3815 2488 Susci-

2201 2515 2340 2585 pient
2363 2523 2534 2568 autem
2562 2532 2779 2586 regnum
2806 2518 2974 2572 sancti
3006 2518 3102 2574 Dei
3130 2519 3395 2589 altissimi,
3425 2532 3472 2577 et
3513 2523 3809 2579 obtinebunt

2201 2624 2415 2679 regnum
2433 2625 2593 2680 usque
2623 2611 2676 2664 in
2707 2611 2958 2666 steculum
2981 2621 3033 2668 et
3056 2612 3304 2668 steculum
3332 2615 3666 2672 steculorutn.

2274 2699 2403 2754 Post
2451 2700 2548 2754 hoc
2574 2701 2712 2756 volui
2751 2703 3027 2772 diligenter
3065 2706 3265 2762 discere
3301 2706 3365 2762 de
3399 2709 3557 2762 bestia
3599 2721 3811 2779 quarta,

2199 2809 2316 2865 quae
2344 2802 2452 2848 erat
2491 2793 2759 2849 dissimilis
2786 2796 2932 2851 valde
2969 2796 3032 2852 ab
3073 2798 3334 2866 onmibus,
3367 2809 3415 2855 et
3443 2801 3692 2856 terribilis
3734 2804 3818 2857 ni-

2201 2886 2322 2954 mis,
2349 2885 2527 2941 dentes
2551 2895 2597 2941 et
2627 2903 2822 2961 ungues
2848 2891 2961 2960 ejus
2989 2891 3176 2962 ferrei:
3201 2893 3492 2946 comedebat
3513 2903 3563 2948 et
3593 2897 3815 2949 cummi-

2201 2978 2410 3043 nuebat,
2454 2987 2501 3033 et
2551 2980 2748 3049 reliqua
2797 2981 3012 3052 pedibus
3065 2983 3174 3036 suis
3224 2985 3592 3054 conculcabat,
3644 2998 3695 3042 et
3745 2989 3818 3042 de

2203 3072 2440 3127 cornibus
2479 3073 2652 3129 decem
2676 3089 2791 3144 qua:
2817 3074 3033 3129 habebat
3063 3077 3113 3128 in
3141 3077 3329 3147 capite,
3357 3089 3402 3132 et
3433 3079 3498 3134 de
3527 3079 3632 3134 alio
3671 3082 3822 3149 quod

2124 3141 2171 3208 C
2201 3172 2374 3218 ortum
2407 3166 2597 3237 fuerat,
2637 3141 2757 3220 ante
2781 3166 2922 3237 quod
2945 3141 3232 3223 ceciderant
3265 3141 3367 3224 tria
3407 3187 3648 3239 cornua;
3673 3141 3724 3227 et
3750 3175 3821 3229 de

2199 3274 2358 3313 cornu
2391 3259 2483 3313 illo
2508 3260 2646 3330 quod
2675 3260 2891 3315 habebnt
2933 3260 3131 3329 oculos,
3163 3272 3210 3315 et
3241 3282 3297 3318 os
3325 3264 3535 3336 loquens
3568 3269 3816 3339 grandia.

2201 3361 2248 3406 et
2276 3355 2446 3424 majus
2476 3361 2585 3406 erat
2615 3355 2835 3409 ueteris.
2871 3355 3191 3425 Aspiciebam
3218 3399 3233 3424 ,
3266 3367 3313 3412 et
3355 3374 3468 3413 ecce
3491 3375 3651 3414 cornu
3679 3361 3821 3416 illud

2203 3444 2425 3514 faciebat
2475 3444 2662 3499 bellum
2711 3446 2959 3502 adversus
3002 3457 3228 3516 sanctos,
3269 3459 3316 3503 et
3363 3451 3670 3522 prtevalebat
3715 3453 3821 3520 eis,

2201 3537 2363 3591 donec
2391 3539 2525 3591 venit
2554 3537 2812 3608 Antiquus
2843 3540 3070 3608 dierum,
3097 3551 3144 3596 et
3168 3543 3432 3615 judicium
3456 3545 3599 3599 dedit
3621 3547 3825 3602 sanctis

2203 3628 2453 3695 Excelsi,
2483 3639 2533 3684 et
2580 3641 2780 3704 tempus
2826 3633 3076 3701 advenit,
3126 3645 3173 3689 et
3214 3652 3429 3707 regnum
3483 3637 3828 3694 obtinuerunt

2202 3723 2387 3777 sancti.
2423 3721 2490 3776 Et
2512 3723 2586 3778 sic
2608 3724 2719 3779 ait:
2736 3723 2908 3780 Bestia
2931 3736 3114 3794 quarta
3142 3746 3356 3801 regnum
3375 3742 3615 3801 quartum
3637 3733 3734 3786 erit
3763 3734 3827 3787 in

2205 3823 2363 3882 terra,
2409 3816 2547 3886 quod
2595 3832 2769 3889 majus
2816 3819 2911 3873 erit
2943 3820 3178 3875 omnibus
3219 3824 3407 3894 regnis,
3459 3834 3509 3878 et
3553 3826 3830 3881 devorabis

2204 3909 2498 3962 universam
2531 3918 2741 3975 terram,
2775 3920 2821 3964 et
2866 3911 3212 3980 conculcabit,
3260 3924 3306 3968 et
3334 3917 3644 3970 comminuet
3680 3935 3823 3974 eam.

2207 3996 2376 4053 Porro
2414 4015 2612 4053 cornua
2643 3999 2816 4055 decem
2847 4002 3014 4072 ipsius
3056 4005 3222 4078 regni,
3256 4006 3427 4060 decem
3466 4023 3610 4081 reges
3640 4021 3826 4078 erant,

2206 4098 2254 4142 et
2285 4089 2420 4142 alius
2447 4099 2722 4160 consurget
2742 4101 2856 4162 post
2881 4109 2994 4158 eos,
3023 4103 3070 4147 et
3093 4095 3204 4163 ipse
3232 4099 3488 4168 potentior
3507 4101 3605 4153 erit
3625 4101 3835 4172 priori—

2207 4180 2322 4247 bus,
2351 4189 2398 4234 et
2419 4191 2520 4237 tres
2551 4197 2698 4256 reges
2726 4186 3040 4254 humiliabit,
3068 4199 3114 4244 et
3137 4206 3394 4246 sermones
3424 4202 3602 4248 contra
3632 4193 3834 4248 Excel-

2206 4292 2319 4332 sum
2347 4277 2600 4346 loquetur,
2635 4287 2681 4331 et
2709 4291 2914 4334 sanctos
2943 4281 3196 4336 Altissimi
3225 4294 3484 4351 conteret,
3518 4298 3565 4340 et
3594 4288 3830 4358 putabit,

2207 4368 2346 4438 quod
2385 4368 2545 4437 possit
2581 4378 2783 4426 mutare
2809 4381 3061 4444 tempora,
3091 4383 3138 4428 et
3177 4375 3346 4446 leges;
3385 4388 3434 4431 et
3473 4379 3740 4434 tradentur
3764 4381 3834 4436 in

2211 4477 2364 4515 ntanu
2401 4463 2514 4533 ejus
2542 4479 2704 4534 usque
2739 4463 2808 4516 ad
2844 4475 3062 4537 tempus,
3091 4477 3140 4520 et
3175 4477 3431 4538 tempora,
3463 4480 3512 4524 et
3541 4472 3835 4526 dimidium

503 4561 622 4624 dus,
664 4567 710 4612 et
750 4557 866 4612 alas
894 4558 1110 4614 habebat
1136 4561 1282 4629 quasi
1323 4561 1450 4624 avis,
1477 4569 1702 4631 quatuor
1740 4576 1896 4631 super
1929 4578 2005 4628 se,
2052 4572 2101 4616 ει
2131 4537 2182 4598 D
2209 4555 2450 4623 temporis
2480 4563 2568 4608 :et
2597 4556 2859 4628 judicium
2888 4559 3083 4612 sedebit
3113 4570 3168 4616 ut
3193 4561 3465 4631 auferatur
3489 4565 3738 4630 potentia,
3773 4575 3836 4619 et

502 4661 724 4722 quatuor
749 4653 920 4723 cupita
949 4662 1094 4706 erant
1123 4654 1174 4706 in
1208 4653 1398 4723 bestia,
1429 4665 1476 4709 et
1502 4664 1728 4726 potestas
1759 4655 1881 4710 data
1919 4667 1992 4710 est
2029 4658 2098 4714 ei.

506 4743 634 4799 Post
673 4745 781 4800 ha'c
819 4747 1130 4814 aspiciebam
1171 4749 1223 4802 in
1263 4751 1454 4804 visione
1494 4750 1678 4815 noctis,
1713 4763 1758 4804 et
1789 4767 1904 4806 ecce
1945 4750 2103 4804 bestia

503 4853 688 4914 quarta
731 4845 974 4898 terribilis
999 4857 1152 4912 atque
1173 4847 1445 4912 mirabilis,
1473 4858 1521 4901 et
1546 4849 1697 4920 [ortis
1721 4849 1895 4916 nimis,
1927 4851 2104 4905 dentes

441 4944 462 5000 ,'
528 4956 697 4994 erreos
737 4940 954 4996 habebat
987 4960 1219 5016 magnos,
1253 4944 1521 4998 comedens
1551 4954 1703 5014 atque
1727 4950 2101 5016 comminueus,

501 5043 549 5086 et
591 5031 789 5098 reliqua
832 5034 1041 5102 pedibus
1090 5036 1197 5089 suis
1231 5035 1542 5089 conculcans
1579 5052 1599 5092 :
1628 5037 1895 5092 dissimilis
1933 5050 2105 5093 autent

505 5132 611 5177 erat
641 5125 838 5177 (tuteris
866 5125 1038 5178 bestiis
1065 5144 1194 5196 quas
1221 5127 1449 5182 videram
1481 5136 1602 5182 ante
1629 5147 1760 5195 eam,
1792 5140 1841 5186 et
1889 5133 2107 5189 habebat

504 5235 698 5275 cornua
745 5217 938 5271 decem.
979 5219 1385 5276 Considerubam
1433 5239 1654 5290 cornua,
1702 5235 1750 5280 et
1799 5243 1911 5280 ecce
1945 5244 2108 5282 cornu

505 5312 652 5366 aliud
677 5314 952 5386 parvulum
981 5322 1151 5367 ortum
1179 5325 1254 5370 est
1283 5319 1346 5370 de
1372 5317 1541 5372 medio
1579 5334 1778 5383 eorum,
1825 5329 1873 5372 et
1903 5320 2003 5373 tria
2045 5321 2110 5374 de

505 5406 747 5460 cornibus
775 5405 955 5479 primis
982 5405 1160 5461 evulsa
1191 5417 1308 5462 sunt
1339 5425 1370 5460 a
1399 5410 1532 5480 [acie
1559 5410 1702 5480 eius;
1743 5419 1790 5464 et
1834 5425 1948 5464 ecce
1975 5411 2112 5465 oculi

504 5501 655 5570 quasi
694 5501 831 5555 oculi
860 5498 1085 5555 hominis
1113 5511 1256 5558 erant
1294 5502 1346 5556 in
1384 5517 1566 5570 cornu,
1599 5515 1646 5561 et
1675 5518 1732 5558 os
1768 5501 1985 5574 loquens
2026 5503 2111 5560 in-

510 5597 684 5670 gentia

577 5691 898 5761 Aspicicbaut
927 5693 1089 5750 donec
1109 5695 1286 5752 throni
1311 5696 1468 5771 positi
1494 5704 1634 5764 sunt,
1657 5703 1706 5752 et
1733 5693 1983 5765 Antiquus
2007 5694 2116 5753 die-

507 5793 629 5842 rum
654 5786 784 5847 sedit
814 5803 834 5847 .°
876 5793 1233 5854 vestimentum
1271 5798 1386 5871 ejus
1431 5794 1713 5853 candidum
1739 5793 1891 5870 quasi
1921 5795 2033 5863 nix,
2072 5798 2122 5852 et

2209 4655 2528 4713 conteratur,
2557 4657 2605 4702 et
2625 4649 2882 4719 dispereat
2907 4667 3070 4720 usque
3095 4652 3148 4706 in
3168 4653 3324 4722 liuent
3356 4669 3374 4707 :
3405 4669 3621 4728 regnum
3647 4665 3834 4711 autem

2210 4747 2258 4792 et
2297 4748 2541 4811 potestas,
2587 4751 2635 4796 et
2674 4744 2980 4814 magnitudo
3014 4748 3161 4814 regni
3200 4763 3319 4818 qua:
3343 4757 3418 4803 est
3460 4749 3632 4804 subter
3670 4766 3839 4807 omne

2212 4835 2392 4888 malum
2407 4835 2556 4889 detur
2578 4837 2768 4905 papula
2787 4845 3087 4892 sanctorum
3114 4839 3386 4909 Altissimi,
3410 4846 3560 4914 cujus
3579 4859 3834 4913 regnum,

2213 4943 2426 4997 regnum
2457 4930 2824 5000 sempiternum
2851 4939 2944 4989 est.
2977 4941 3026 4986 e‘t
3065 4947 3242 4988 omnes
3267 4951 3407 5007 reges
3433 4936 3646 4989 servient
3675 4937 3742 4998 ei,
3774 4948 3837 4992 et

2211 5021 2468 5077 obrdient.
2508 5019 2788 5093 [lucusque
2831 5023 2954 5091 ﬁnis
2998 5025 3160 5080 verbi.
3215 5026 3327 5097 Ego
3376 5025 3566 5080 Daniel
3603 5028 3837 5084 multum

2213 5114 2604 5186 cogitationibus
2635 5115 2757 5169 uicis
2785 5117 3166 5186 conturbabar,
3209 5128 3256 5173 et
3287 5119 3446 5188 [acies
3475 5136 3588 5175 mea
3627 5131 3838 5177 multth

2213 5221 2286 5263 est
2315 5210 2364 5262 in
2396 5225 2474 5262 me
2501 5224 2518 5262 :
2548 5208 2755 5263 verbum
2784 5219 2954 5265 autem
2983 5211 3036 5264 in
3066 5213 3223 5267 corde
3251 5230 3363 5269 meo
3389 5215 3708 5269 conservari.

2217 5321 2245 5392 §
2283 5321 2371 5377 Ill.
2417 5324 2629 5403 Qutein
2672 5326 3260 5403 vulgata_et_communi
3296 5331 3621 5403 expositione
3651 5331 3824 5403 husz

2327 5395 2648 5467 prophetica,
2691 5399 2854 5452 verbis
2886 5399 3052 5470 ipsius
3091 5395 3382 5472 repugnare
3418 5395 3718 5460 videantur.

2287 5509 2418 5566 Tria
2445 5512 2716 5582 prurcipue
2741 5514 2916 5583 capita
2938 5513 3222 5587 prophetia
3250 5516 3518 5587 ejusmodi
3542 5518 3828 5587 continet,

2219 5602 2474 5660 videlicet
2511 5614 2741 5674 quatuor
2771 5605 3087 5662 animalium
3116 5649 3130 5665 .
3161 5624 3258 5664 seu
3301 5625 3595 5678 regnorum
3647 5610 3833 5666 hislo-

2220 5698 2355 5758 riam
2390 5713 2405 5756 :
2441 5696 2706 5771 judicium
2749 5699 3073 5758 solemniter
3099 5703 3435 5760 eelebratum
3465 5719 3496 5759 a
3531 5705 3673 5770 Deo;
3718 5712 3838 5759 tra-

2222 5791 2488 5853 ditionem
2513 5788 2748 5868 denique
2777 5793 2931 5870 regni
2955 5793 3223 5872 perpetui,
3255 5804 3310 5855 et
3339 5793 3459 5856 sine
3489 5792 3598 5856 line
3619 5795 3835 5872 populo
