4148 6172
323 233 430 289 5⁸17

794 228 1332 288 APPENDIX.—IN
1373 224 1813 286 l’ROPllETlAM
1857 223 2173 282 DANlltLIS
2209 224 2298 281 DE
2335 222 2668 294 QUATUOR
2706 221 3156 282 ANIMALIBUS.

3513 223 3625 280 578

319 357 632 403 sanctorum
664 345 804 418 ejus.
838 347 970 403 Mira
1011 347 1275 404 hactenus
1297 343 1589 401 consensio
1615 344 1670 398 in
1703 341 1919 412 exposi-
1945 348 1990 404 Α
2020 342 2136 399 lluc
2160 357 2296 399 vero
2319 341 2387 398 de
2413 340 2745 398 monarchiis
2768 350 3014 412 tempore
3042 338 3343 412 prophetiae
3370 339 3476 396 diei
3507 356 3615 397 non

319 442 467 497 tione
495 455 682 495 eorum
711 441 856 495 inter
886 455 1078 496 omnes
1116 439 1352 494 Danielis
1394 436 1760 494 elueidatores
1790 434 1908 490 fuit.

319 533 644 590 Straverunt
675 533 820 588 viam
850 533 1065 590 exteris
1094 531 1421 588 vetustiores
1455 531 1666 595 Patres,
1695 543 1835 600 quos
1858 529 1911 584 in

319 625 544 696 prologo
614 625 855 682 Danielis
901 641 1024 681 cum
1081 624 1314 682 Eusebio
1374 621 1694 681 Cmsariensi
1747 621 1915 678 refert

317 728 540 774 sanctus
561 717 950 790 Hieronymus,
973 717 1372 782 Theodoretus,
1397 716 1564 782 Beda,
1592 715 1865 786 Rupertus
1896 732 1910 770 :

319 811 603 881 secutique
646 820 774 866 sunt
819 824 1012 866 eorum
1056 809 1288 882 vestigia
1334 797 1590 864 Albertus
1643 807 1866 879 Magnus
1893 850 1909 876 ,

319 903 472 974 llugo
517 903 802 968 Carensis,
853 901 1140 976 Lyranus,
1191 912 1247 958 et
1304 902 1636 958 recentiores
1682 915 1910 969 omnes,

319 995 525 1052 Hector
551 995 760 1063 Pintus,
789 995 1030 1066 Pereira,
1059 993 1349 1052 Cornelius
1375 996 1444 1050 de
1466 993 1688 1065 Lapide,
1719 1003 1773 1048 et
1795 992 1909 1048 alii.

317 1087 376 1143 1η
415 1104 482 1144 eo
524 1087 688 1158 igitur
717 1087 1090 1152 conveniunt,
1141 1097 1199 1141 ut
1245 1095 1496 1142 asserant
1531 1096 1771 1156 ,quatuor
1818 1083 1913 1140 illa

317 1180 574 1244 animalia
604 1179 1014 1252 hieroglyphiee
1039 1177 1392 1235 adumbrasse
1429 1187 1662 1249 quatuor
1693 1177 1914 1232 notissi-

317 1291 434 1333 mas
461 1275 828 1345 monarchias,
861 1277 1232 1349 Assyriorum,
1263 1276 1573 1344 Persarum,
1601 1275 1913 1333 Grmeorum

319 1379 376 1426 et
417 1370 785 1430 Romanorum
811 1411 828 1438 ,
875 1372 1071 1442 quibus
1118 1370 1333 1427 tandem
1372 1370 1442 1426 de
1474 1370 1656 1426 medio
1685 1370 1917 1425 sublatis

315 1462 895 1535 universalegeneris
944 1463 1164 1518 humani
1210 1462 1474 1532 judicium
1528 1461 1916 1517 celebrandum

316 1566 422 1627 est,
455 1565 514 1614 et
556 1572 783 1628 regnum
817 1567 1082 1612 :eternum
1125 1555 1330 1610 sanctis
1355 1563 1410 1610 et
1455 1553 1649 1610 electis
1700 1552 1918 1609 traden-

314 1651 467 1707 dum.
505 1650 662 1708 Unde
691 1661 747 1708 et
774 1665 944 1706 cornu
988 1650 1120 1706 illud
1164 1649 1411 1730 ultimum
1443 1659 1654 1720 quarta:
1683 1649 1874 1704 bestia:
1900 1689 1918 1716 ,

2016 435 2225 506 potuit,
2275 434 2713 506 quandoquidem
2766 433 3089 506 Babylonica
3117 475 3132 499 ,
3177 449 3275 489 seu
3321 432 3614 490 Chaldaica

2016 542 2122 582 non
2154 527 2330 583 solum
2368 527 2479 597 jam
2511 537 2629 584 orta
2657 567 2672 592 ,
2721 527 2816 582 sed
2860 541 2995 596 pene
3043 535 3254 581 mortua
3286 535 3443 591 erat,
3493 540 3614 580 eum

2017 620 2158 676 visio
2199 620 2314 677 haec
2342 631 2564 676 ostensa
2612 619 2821 675 dicatur
2871 634 3016 673 anno
3062 620 3086 674 1
3132 618 3445 674 Baltliassar
3474 619 3620 689 regis

2017 714 2346 788 Babylonis,
2380 715 2431 770 in
2478 729 2585 785 quo
2616 712 2873 784 praedicta
2915 713 3230 768 monarchia
3271 711 3497 778 defecit;
3532 710 3619 766 vel

2017 807 2135 878 ipso
2159 808 2380 864 Daniele
2408 816 2550 865 teste
2574 822 2696 878 eap.
2723 823 2774 860 ν.
2799 805 3008 861 Deinde
3035 805 3285 860 animalia
3319 804 3434 860 hmc
3454 805 3618 860 simul

2017 917 2082 958 ex
2133 901 2268 956 mari
2298 909 2583 957 ventorum
2622 899 2842 956 ﬂatibus
2875 900 3079 972 agitato
3119 908 3242 955 orta
3271 911 3417 955 sunt.
3455 900 3615 956 Vide-

2019 992 2157 1060 bam,
2192 993 2389 1064 inquit,
2418 993 2471 1047 in
2495 993 2692 1048 visione
2714 1009 2862 1060 mea;
2884 1002 2931 1047 et
2961 1008 3077 1048 ecce
3101 1003 3325 1061 quatuor
3349 995 3484 1050 renti
3506 993 3627 1050 caeli

2017 1088 2318 1160 pugnabant
2346 1090 2397 1142 in
2430 1087 2562 1142 mari
2593 1105 2782 1160 magno
2805 1128 2821 1154 ,
2867 1096 2915 1142 ct
2953 1097 3178 1158 quatuor
3198 1088 3376 1143 bestia:
3399 1088 3620 1160 grandes

2016 1181 2362 1236 ascendebant
2391 1182 2456 1236 de
2484 1182 2614 1236 mari
2644 1183 2861 1237 diversae
2887 1182 3021 1236 inter
3043 1197 3118 1235 se.
3143 1180 3470 1237 Monarchia:
3490 1196 3623 1238 vero
3651 1221 3668 1238 .

2017 1273 2128 1330 illa:
2169 1290 2274 1331 non
2320 1275 2481 1331 simul
2511 1285 2644 1331 orta:
2674 1284 2835 1342 sunt,
2867 1275 2962 1332 sed
2989 1277 3300 1332 successive
3329 1292 3426 1346 per
3450 1276 3619 1333 multa

2020 1385 2286 1426 annorum
2325 1370 2631 1437 curricula;
2687 1379 2874 1441 utpote
2901 1385 2931 1426 e
2960 1371 3157 1442 quibus
3201 1371 3475 1442 posterior
3501 1379 3622 1426 orta

2019 1473 2243 1531 semper
2264 1460 2428 1518 fuerit
2463 1462 2518 1516 in
2546 1461 2824 1518 interitum
2857 1463 3054 1533 prioris
3083 1479 3098 1517 :
3134 1477 3255 1518 nam
3285 1463 3470 1519 Persa:
3493 1463 3625 1518 sub-

2016 1555 2277 1626 jugarunt
2317 1557 2574 1629 Assyrios
2597 1602 2611 1626 ,
2645 1572 2740 1612 seu
2769 1558 3090 1624 Cltaldzcos;
3141 1557 3336 1614 Persas
3364 1566 3489 1629 post
3515 1556 3623 1614 250

2021 1648 2237 1719 imperii
2271 1664 2447 1704 annos
2473 1650 2697 1706 Graecus
2727 1650 2928 1707 delevit
2956 1653 3229 1708 exercitus
3254 1652 3355 1708 sub
3387 1651 3623 1707 Alexan-

314 1745 503 1800 volunt
527 1743 641 1800 fore
662 1744 1285 1813 Antichristum,utpote
1314 1743 1400 1798 cui
1432 1742 1559 1797 illud
1589 1741 1908 1797 conveniat:
1943 1737 1993 1796 B
2017 1741 2119 1796 dro
2157 1742 2359 1812 :cujus
2401 1743 2720 1798 monarchia
2750 1743 2805 1798 in
2825 1743 2956 1814 'ejus
2995 1753 3170 1800 morte
3216 1744 3395 1800 divisa
3441 1754 3525 1801 est
3567 1745 3624 1802 in

316 1835 594 1893 Sermones
621 1845 806 1892 contra
835 1835 1115 1890 Eacelsum
1158 1836 1415 1907 loquetur,
1448 1845 1496 1889 et
1520 1844 1725 1888 sanctos
1755 1833 1917 1887 Altis-

312 1929 436 1983 simi
471 1939 730 1996 conteret;
762 1937 816 1984 et
845 1929 974 1984 illud
1007 1945 1021 1984 :
1060 1927 1178 1982 Vidi
1203 1928 1445 1998 quoniam
1482 1928 1752 1998 interfecta
1781 1934 1911 1981 esset

316 2020 478 2075 bestia
499 2060 517 2086 ,
549 2031 598 2075 et
645 2022 860 2089 perisset
898 2037 1088 2090 corpus
1128 2021 1274 2090 ejus,
1312 2028 1360 2074 et
1393 2019 1641 2073 traditum
1671 2027 1804 2073 esset
1839 2018 1910 2072 ad

317 2115 720 2170 eomburendnm
751 2114 900 2185 igni;
932 2122 1061 2168 tunc
1092 2112 1391 2182 jirzesertim
1421 2112 1640 2184 quando
1667 2129 1786 2166 cum
1815 2109 1913 2166 iiu-

314 2208 458 2261 bibus
487 2205 600 2262 rmli
633 2205 808 2261 Filius
831 2205 1052 2260 hominis
1090 2206 1363 2270 ueniebat;
1392 2213 1448 2262 et.
1482 2205 1700 2276 quando
1738 2205 1915 2259 throni

316 2301 474 2370 positi
503 2310 646 2367 sunt,
679 2310 724 2354 et
749 2301 1006 2370 Antiquus
1029 2299 1230 2353 dierum
1259 2299 1422 2364 sedit;
1449 2308 1506 2353 et
1525 2297 1742 2368 quando
1759 2296 1914 2371 judi-

313 2395 455 2446 cium
480 2393 634 2460 sedit,
664 2401 712 2446 et
742 2392 862 2446 libri
885 2392 1052 2461 aperti
1081 2401 1223 2446 sunt.
1254 2390 1368 2447 Soli
1397 2390 1627 2446 Rahhini
1651 2391 1915 2447 hactenus

311 2485 382 2542 ab
410 2485 494 2540 his
508 2485 909 2551 dissenserunt,
937 2485 1026 2554 qui
1055 2494 1274 2540 sanctos
1297 2484 1421 2539 illos
1442 2483 1638 2554 quibus
1659 2499 1911 2552 regnum,

310 2579 497 2634 occisa
529 2578 727 2648 bestia,
758 2579 941 2632 datum
969 2587 1073 2643 est,
1096 2577 1292 2633 volunt
1331 2577 1498 2632 fuisse
1523 2576 1865 2633 Machahmos
1893 2620 1910 2646 ,

307 2678 367 2724 et
409 2669 657 2725 ultimum
707 2685 892 2742 regem
925 2670 977 2724 in
1023 2669 1176 2739 ipsos
1217 2671 1652 2740 persecutionem
1686 2684 1913 2726 moven-

314 2773 453 2829 tem,
485 2779 586 2834 per
608 2779 780 2820 cornu
822 2762 1183 2834 significatum
1209 2806 1226 2832 ,
1261 2765 1612 2821 Antiochum.
1638 2762 1912 2820 Caeterum

306 2855 622 2912 Antiochus
647 2871 756 2911 non
810 2856 910 2911 fuit
939 2856 1260 2912 undecimus
1283 2858 1364 2912 sui
1410 2856 1740 2926 principatus
1768 2872 1862 2912 rex
1896 2898 1914 2924 ,

309 2959 372 3003 ut
403 2949 715 3019 oportebat,
746 2948 790 3004 si
819 2963 915 3019 per
937 2963 1108 3004 cornu
1137 2948 1271 3004 illud
1295 2948 1610 3004 adumbrari
1636 2947 1870 3004 debebat
1900 2966 1915 3004 :

309 3051 367 3097 et
389 3041 528 3096 nihil
558 3041 628 3097 de
651 3041 864 3096 caneris
887 3041 1291 3097 accommodari
1319 3049 1627 3112 opportune
1655 3051 1835 3110 potest
1861 3040 1914 3095 itt

2023 1835 2122 1890 tria
2155 1851 2320 1907 regna
2352 1879 2367 1902 ,
2402 1835 2710 1907 Syriacum,
2761 1837 3142 1893 Macedonium
3174 1846 3228 1894 et
3258 1837 3574 1912 Egyptium
3607 1856 3622 1894 :

2017 1926 2105 1984 his
2133 1930 2452 1999 superiores
2477 1928 2653 1985 ell‘ecti
2701 1927 2931 1990 Romani
2981 1931 3350 1986 monarchiam
3381 1940 3621 1987 erectam

2017 2039 2114 2095 per
2140 2024 2248 2081 500
2275 2039 2446 2081 annos
2468 2041 2497 2080 a
2521 2024 2760 2080 secundo
2784 2025 2929 2080 bello
2954 2025 3160 2080 Punico
3186 2040 3356 2097 usque
3380 2025 3448 2081 ad
3471 2026 3622 2081 urhis

2016 2119 2354 2176 eversionem
2395 2134 2492 2188 per
2517 2118 2790 2174 Alaricum
2834 2117 2936 2174 sub
2971 2134 3112 2174 anno
3155 2119 3344 2175 Roma:
3385 2118 3623 2175 condita:

2019 2211 2195 2279 1161,
2223 2222 2644 2267 conservarunt.

2091 2304 2300 2360 Rursus
2331 2303 2384 2358 in
2433 2302 2799 2374 applicatione
2831 2303 3069 2372 cujusvis
3100 2302 3290 2358 bestia:
3316 2303 3382 2358 ad
3413 2311 3619 2359 certam

2019 2395 2392 2451 monarchiam
2419 2437 2434 2461 ,
2487 2408 2644 2450 nova:
2682 2394 2935 2450 oriuntur
2962 2393 3364 2464 ambiguitates.
3420 2395 3494 2449 De
3529 2410 3620 2449 se-

2017 2489 2195 2544 ennda
2219 2488 2392 2544 bestia
2415 2487 2635 2553 dicitur,
2657 2487 2802 2558 quod
2828 2496 2937 2542 tres
2958 2485 3178 2542 ordines
3199 2486 3442 2542 dentium
3466 2495 3626 2544 erant

2019 2581 2074 2637 in
2101 2596 2200 2638 ore
2228 2582 2364 2652 ejus,
2403 2580 2510 2636 hoe
2538 2590 2718 2636 autem
2767 2580 2950 2649 p0tius
2978 2580 3356 2635 verilicarctur
3379 2580 3432 2635 in
3468 2582 3626 2637 tertia

2019 2674 2337 2732 Graecorum
2384 2675 2700 2731 monarchia
2724 2715 2739 2740 ,
2772 2689 2932 2746 quam
2973 2673 3026 2728 in
3074 2673 3310 2730 secunda
3347 2693 3358 2728 :
3389 2689 3514 2730 nam
3562 2690 3626 2732 ea

2019 2771 2198 2827 divisa
2231 2770 2352 2838 fuit,
2383 2779 2442 2825 ut
2469 2768 2608 2839 dixi,
2636 2770 2688 2824 in
2719 2769 2819 2824 tria
2863 2783 3028 2838 regna
3058 2782 3120 2824 se
3162 2767 3397 2824 invicem
3432 2768 3626 2825 debel-

2022 2867 2211 2931 lantia,
2236 2865 2378 2936 quod
2416 2863 2672 2920 secunda:
2719 2879 2826 2917 non
2854 2861 3077 2918 accidit.
3111 2861 3216 2919 Sed
3243 2864 3414 2930 aiunt,
3441 2862 3626 2917 veriti-

2025 2957 2138 3014 cari
2171 2957 2224 3012 in
2271 2955 2380 3010 illis
2415 2955 2588 3010 tribus
2619 2954 2957 3025 principibus
3001 2955 3291 3010 Persarum
3319 2996 3335 3022 ,
3365 2955 3457 3025 qui
3487 2969 3626 3024 pra:-

2026 3058 2184 3105 erant
2209 3047 2314 3104 120
2345 3047 2578 3116 satrapis
2609 3064 2622 3100 :
2655 3062 2750 3116 per
2775 3061 2875 3102 eos
2898 3046 3043 3102 enim
3076 3047 3390 3103 universum
3419 3046 3623 3117 guber-

313 3133 426 3189 hae
453 3133 835 3202 explicatione.
867 3133 980 3190 Sed
1012 3133 1382 3203 relinquamus
1421 3134 1613 3188 inanes
1653 3131 1874 3188 Iudaeos
1895 3172 1912 3197 ,
1942 3113 1990 3174 (ἶ
2024 3146 2257 3199 Dabam.-
2286 3113 2576 3211 imperiqm
2607 3181 2622 3207 ,
2653 3113 2772 3209 ipso
2819 3140 3042 3196 Daniele
3089 3149 3229 3196 ιεειθ
3271 3155 3394 3209 cap,
3425 3113 3505 3194 ξη,
3553 3139 3625 3193 At

314 3227 410 3296 qui
463 3227 636 3281 multo
675 3226 846 3296 magis
893 3225 1300 3296 impugnatione
1345 3224 1577 3280 alterius
1625 3223 1912 3280 sententia:

313 3321 607 3392 expugnati
629 3321 943 3377 manebunt.

386 3413 443 3467 In
475 3429 539 3470 ea
567 3428 698 3469 vero
729 3423 836 3468 tam
871 3412 1036 3468 multa
1065 3421 1193 3468 sunt
1236 3411 1571 3469 coluerentia
1608 3411 1864 3467 destituta
1893 3451 1909 3475 ,

320 3516 382 3562 ut
416 3505 576 3564 facile
601 3522 631 3561 a
656 3509 852 3578 quovis
877 3507 1139 3574 judicium
1169 3506 1237 3560 de
1269 3522 1331 3562 ea
1366 3505 1496 3561 ferri
1532 3506 1721 3574 possit.
1747 3503 1914 3559 Vetu-

322 3603 526 3658 stiores
556 3616 688 3659 sane
718 3601 912 3657 Patres
955 3615 1075 3656 eam
1122 3599 1357 3671 amplexi
1396 3603 1800 3655 excusationem
1828 3598 1914 3669 ju-

325 3705 462 3749 stam
497 3694 730 3762 habent,
765 3693 1200 3764 quandoquidem
1224 3708 1324 3748 suo
1357 3703 1600 3761 tempore
1629 3691 1908 3762 prophetia

319 3786 566 3842 nondum
593 3785 814 3856 impleta
853 3794 1004 3842 erat:
1036 3785 1404 3841 recentiorum
1431 3794 1610 3840 autem
1643 3798 1746 3837 non
1779 3783 1913 3838 levis

319 3889 424 3942 est,
460 3888 539 3934 tot
569 3887 856 3948 tantosque
885 3879 1274 3947 antesignanos
1297 3877 1481 3948 sequi;
1514 3889 1841 3946 quamquam
1881 3890 1914 3929 a

320 3971 516 4027 multis
545 3971 893 4026 diflicultates
939 3971 1184 4042 ingentes
1229 3977 1573 4040 paterentur,
1607 3967 1738 4022 illud
1787 3966 1914 4021 Plu-

321 4061 499 4118 tarchi
529 4061 633 4118 sibi
661 4072 1021 4133 usurpantes:
1064 4060 1310 4133 Magnos,
1343 4061 1388 4114 si
1416 4059 1722 4124 erravimus,
1757 4058 1916 4113 duces

319 4152 621 4209 habuimus.
671 4153 832 4210 Certe
895 4153 1257 4224 llieronymus
1307 4167 1414 4206 non
1467 4161 1577 4206 tam
1626 4149 1912 4220 sequitur,

319 4260 486 4314 quam
518 4244 718 4314 refert,
769 4255 824 4301 et
851 4245 1052 4302 refutat
1094 4260 1438 4302 communem
1468 4245 1614 4299 illam
1647 4244 1918 4314 interpre-

323 4335 587 4392 tationem
634 4336 702 4392 de
745 4345 977 4408 quatuor
1020 4336 1391 4402 monarchiis;
1425 4335 1920 4406 ctidillieultatihus

323 4437 641 4494 superatus.
659 4430 712 4484 in
739 4428 1013 4499 principio
1040 4431 1556 4486 commentariorum
1583 4430 1743 4498 hujus
1770 4429 1918 4498 capi-

323 4519 430 4581 tis,
480 4507 597 4576 hare
632 4523 894 4591 praemisit
925 4539 938 4576 :
972 4519 1037 4575 In
1078 4522 1428 4593 superioribus
1454 4521 1768 4594 (capitibus)
1795 4521 1922 4576 ordo

319 4611 558 4678 sequitur
588 4613 852 4680 historias,
884 4613 1009 4684 quid
1051 4613 1147 4668 sub
1182 4611 1687 4681 Nabuchodonosor,
1713 4623 1761 4667 et
1795 4611 1927 4666 Bal-

324 4706 530 4774 thasar,
549 4717 596 4761 et
623 4705 819 4776 Dario,
851 4709 956 4763 sive
986 4708 1126 4780 Cyro
1155 4707 1473 4762 mirabilium
1500 4707 1765 4779 signoruni
1790 4707 1926 4760 acci-

324 4800 470 4853 derit
493 4816 513 4854 :
536 4801 590 4856 in
625 4801 707 4856 his
740 4819 858 4857 vero
889 4803 964 4876 (id
1005 4812 1122 4868 est,
1149 4819 1180 4857 a
1210 4817 1282 4857 vn
1311 4800 1488 4870 capite
1526 4815 1701 4870 usque
1729 4800 1797 4854 ad
1827 4799 1925 4870 xu)

322 4905 614 4947 narrantur
641 4895 871 4962 somnia,
917 4910 1030 4965 qua:
1063 4894 1283 4966 singulis
1303 4894 1406 4948 sint
1442 4893 1550 4948 uisa
1590 4891 1922 4964 temporibus,

326 5000 559 5055 quorum
589 4987 734 5041 solus
759 4987 1012 5060 propheta
1041 4988 1275 5042 conscius
1303 4997 1402 5050 est,
1434 4995 1482 5040 et
1507 4983 1708 5038 nullam
1735 4981 1925 5038 habent

325 5079 482 5149 apud
524 5079 771 5135 barbaras
799 5082 1033 5136 nationes
1071 5081 1227 5153 signi,
1257 5080 1334 5135 vel
1363 5078 1690 5134 reuelationis
1716 5074 1924 5146 magni-

334 5171 610 5238 tudinem;
636 5175 726 5229 sed
757 5183 956 5230 tantum
977 5175 1304 5240 describitur,
1329 5181 1386 5228 ut
1413 5174 1556 5245 apud
1583 5180 1814 5244 posteros
1843 5185 1930 5225 eo-

330 5279 489 5331 rum,
519 5282 637 5336 qua:
655 5269 767 5322 uisa
791 5279 919 5322 sunt
947 5269 1194 5324 memoria
1235 5275 1538 5340 perseveret.

415 5358 482 5410 At
507 5374 628 5428 qua:
663 5359 718 5415 in
749 5361 1022 5431 praedictis
1049 5360 1382 5418 monarchiis
1413 5376 1519 5416 non
1548 5359 1933 5416 verificantur?

327 5450 534 5506 Paucis
563 5453 731 5509 multa
761 5455 1143 5525 perstringam.
1184 5453 1422 5508 Primum
1467 5455 1648 5508 omnia
1676 5453 1767 5508 illa
1798 5468 1935 5524 qua-

331 5555 470 5600 tuor
492 5561 654 5616 regna
685 5565 782 5618 per
805 5548 1010 5604 heSIias
1037 5546 1361 5618 significata,
1393 5563 1501 5602 non
1533 5556 1672 5612 orta,
1704 5545 1800 5601 sed
1827 5545 1938 5601 ori-

332 5647 468 5693 tura
497 5641 866 5709 przcdicuntnr
893 5641 964 5696 ab
1007 5641 1222 5711 angelo.
1257 5639 1355 5695 Ha:
1377 5649 1602 5711 quatuor
1629 5639 1801 5693 bestia:
1829 5653 1940 5692 ma-

329 5745 464 5802 gnte
488 5771 506 5800 ,
537 5742 760 5804 quatuor
786 5743 907 5790 sunt
951 5749 1148 5806 regna,
1189 5747 1308 5805 qua:
1341 5739 1653 5806 consurgent
1692 5732 1757 5788 de
1780 5740 1940 5787 terra.

2021 3250 2264 3308 quaeram
2293 3248 2394 3305 ego
2436 3248 2572 3305 quas
2609 3247 2803 3290 carnes
2827 3233 2964 3303 jussi
3010 3243 3138 3287 sunt
3167 3232 3467 3287 devorare?
3494 3229 3627 3285 nihil

2021 3329 2092 3385 de
2116 3325 2440 3384 crudelitate
2458 3341 2647 3382 eorum
2665 3325 2912 3397 legimus.
2931 3324 3244 3395 Quinimmo
3269 3340 3408 3380 unus
3427 3338 3491 3382 ex
3527 3325 3624 3381 tri-

2021 3420 2121 3474 bus
2169 3418 2286 3488 ipse
2333 3417 2523 3473 Daniel
2570 3428 2685 3473 erat
2721 3458 2736 3482 ,
2783 3417 3050 3488 siquidem
3098 3432 3220 3487 cap.
3255 3431 3308 3472 Vl
3357 3417 3560 3472 dicitur
3605 3435 3619 3472 :

2020 3508 2235 3564 Placuit
2257 3509 2439 3577 Dario,
2466 3519 2515 3564 et
2537 3509 2802 3562 constituit
2819 3525 2977 3579 super
2989 3525 3206 3580 regnum
3227 3517 3467 3577 satrapas
3494 3507 3625 3582 12.0,

2021 3612 2076 3657 ut
2109 3612 2276 3658 essent
2303 3603 2358 3657 in
2382 3612 2489 3657 toto
2520 3619 2676 3672 regno
2705 3618 2840 3668 suo;
2872 3613 2920 3656 et
2948 3619 3100 3674 super
3124 3602 3384 3671 principes
3410 3610 3536 3666 tres,
3565 3616 3630 3655 ea:

2020 3692 2204 3763 quibus
2246 3691 2438 3746 Daniel
2476 3709 2612 3746 unus
2638 3701 2781 3757 erat;
2808 3691 2876 3746 de
2917 3707 3025 3760 quo
3055 3691 3276 3746 videant
3305 3691 3430 3760 ipsi,
3461 3706 3624 3759 qualn

2021 3785 2403 3842 crudelitatem
2426 3785 2476 3838 ei
2504 3785 2825 3854 impingunt,
2846 3791 2907 3838 ut
2930 3782 3146 3853 quoquo
3174 3783 3340 3837 modo
3366 3783 3472 3851 ipsi
3498 3797 3627 3839 vero
3707 3799 3713 3802 '

2011 3878 2224 3933 dictum
2275 3876 2345 3932 sit
2375 3893 2389 3930 :
2418 3876 2611 3949 Surge,
2644 3881 2852 3929 comede
2888 3892 3069 3930 carnes
3110 3875 3391 3947 plurimas.
3419 3874 3625 3932 Adluee

2021 3970 2150 4042 quid
2182 3969 2453 4040 significat
2479 4010 2495 4035 ,
2527 3967 2670 4039 quod
2699 3968 2873 4023 bestia
2923 3968 3084 4022 tertia
3131 3967 3339 4023 dicitur
3363 3967 3625 4024 habuisse

2021 4073 2254 4135 quatuor
2285 4062 2462 4133 capita
2490 4102 2505 4126 ,
2529 4070 2584 4117 et
2614 4061 2730 4116 alas
2758 4060 3026 4116 totidem?
3053 4059 3215 4116 Certe
3238 4075 3339 4117 nec
3368 4068 3624 4132 quatuor,

2023 4173 2125 4215 nee
2154 4168 2280 4214 octo
2305 4156 2483 4211 solum
2509 4170 2662 4226 reges
2691 4153 2860 4210 fuisse
2879 4155 2930 4208 in
2960 4154 3275 4210 Crmcorum
3303 4151 3624 4210 monarehia

2023 4249 2156 4305 satis
2184 4248 2534 4320 perspicuum
2561 4257 2676 4310 est;
2701 4255 2757 4300 et
2789 4246 3074 4313 imperium
3103 4245 3398 4300 Alexandri
3444 4246 3496 4298 in
3525 4243 3625 4298 tria

2027 4343 2312 4397 dumtaxat
2344 4354 2508 4410 regna
2535 4338 2776 4393 divisum
2811 4336 2929 4391 fuit.
2957 4335 3110 4405 Quod
3134 4335 3200 4391 ad
3229 4345 3477 4405 quartam
3501 4349 3626 4403 spe-

1953 4458 2004 4519 D
2028 4443 2139 4490 ctat
2179 4449 2298 4504 qua:
2343 4430 2640 4488 terribilior
2667 4427 2884 4484 creteris
2932 4428 3286 4494 describitur,
3321 4427 3626 4481 Romanum

2031 4543 2128 4597 per
2155 4541 2276 4582 eam
2306 4523 2596 4594 imperium
2621 4519 2919 4591 significari
2951 4519 3309 4575 contendunt.
3341 4518 3448 4576 Sed
3491 4517 3626 4573 nihil

2029 4618 2310 4676 difﬁcilius
2337 4661 2353 4686 ,
2392 4617 2543 4672 solos
2573 4614 2841 4686 siquidem
2889 4613 3140 4668 undecim
3173 4628 3332 4683 reges
3358 4627 3533 4683 usque
3558 4610 3626 4668 ad

2024 4712 2294 4786 judicium
2342 4707 2592 4765 habitura
2639 4706 2837 4762 dicitur
2869 4704 2959 4760 illa
2997 4723 3010 4758 z
3043 4712 3177 4775 quot
3214 4719 3346 4760 vero
3394 4703 3630 4760 decedes

2031 4805 2397 4860 Romanorum
2431 4802 2822 4872 imperatorum
2851 4797 3103 4852 fuerunt?
3131 4813 3253 4851 nam
3287 4812 3489 4852 cornua
3523 4814 3627 4852 un-

2032 4898 2212 4953 decim
2265 4894 2492 4951 totidem
2540 4907 2698 4963 reges
2747 4891 2865 4958 ejus
2910 4890 3090 4962 quarti
3137 4890 3293 4961 regni
3343 4892 3628 4959 denotare,

2035 4987 2260 5060 angelus
2311 4984 2516 5040 Dauieli
2568 4985 2848 5053 exposuit.
2899 4983 3126 5053 Insuper
3159 4982 3380 5038 videant
3410 4983 3512 5053 ipsi
3536 5000 3630 5039 ve-

2036 5083 2208 5138 lintne
2251 5080 2430 5136 facere
2475 5077 2867 5133 Antichristum
2911 5076 3282 5132 Romanorum
3334 5078 3631 5148 imperato-

2022 5190 2185 5238 rem,
2219 5181 2276 5228 et
2316 5172 2436 5242 ejus
2463 5169 2797 5225 monarchia:
2830 5169 3078 5223 ultimum
3111 5184 3290 5240 regem
3315 5211 3330 5238 ,
3375 5170 3630 5240 quoniam

2038 5267 2107 5322 de
2155 5281 2328 5322 cornu
2375 5264 2662 5320 undecimo
2710 5262 2899 5317 bestia:
2937 5270 3151 5334 quarta:
3192 5263 3458 5318 asset-itur
3487 5259 3630 5329 quod

2042 5363 2252 5417 futurus
2297 5362 2368 5415 sit
2398 5375 2495 5415 rex
2534 5358 2756 5413 ultimus
2805 5357 2954 5428 regni
2999 5372 3098 5426 per
3134 5356 3263 5411 illud
3295 5352 3582 5425 signifieati
3621 5369 3634 5403 :

2043 5454 2214 5510 Porro
2252 5469 2451 5508 cornua
2487 5452 2661 5506 decem
2687 5449 2852 5519 ipsius
2887 5448 3036 5519 regni
3075 5448 3253 5502 decem
3283 5461 3426 5515 reges
3463 5450 3645 5506 erunt,

2043 5557 2089 5602 ct
2121 5547 2257 5601 alius
2285 5553 2556 5616 consurget
2587 5551 2703 5616 post
2734 5559 2837 5606 eos,
2875 5551 2920 5596 et
2951 5542 3062 5610 ipse
3084 5540 3339 5608 potentior
3372 5535 3468 5590 erit
3496 5535 3638 5606 prio-

2044 5640 2210 5706 ribus,
2240 5648 2287 5694 et
2320 5649 2421 5693 tres
2448 5653 2591 5709 reges
2619 5635 2936 5702 humiliabit,
2959 5643 3006 5688 et
3027 5647 3284 5688 sermones
3311 5640 3490 5685 contra
3534 5628 3644 5686 Ex-

2046 5735 2240 5790 celsum
2267 5731 2528 5803 loquetur,
2560 5739 2667 5786 etc.
