4076 6158
406 180 611 281 ’579

1400 211 1698 270 FLAVIUS
1735 173 1983 268 LUCll‘S
2022 202 2309 262 osxrsn
2345 200 2883 263 cnnosowcus

3692 202 3804 263 580

575 336 695 393 Non
721 330 945 405 majoris
960 336 1045 388 est
1062 329 1327 387 momenti
1351 327 1496 399 quod
1516 329 1725 384 Annius
1744 324 2104 381 Viterbiensis
2131 324 2180 381 A
2210 318 2392 389 festat,
2415 331 2470 378 et
2492 320 2734 378 nondum
2766 321 2980 378 ﬁnitum
3023 322 3309 380 mundum.
3339 323 3572 396 Insuper
3594 321 3802 395 judicio

505 431 560 486 in
606 425 1002 500 quarstionibus
1045 438 1209 495 super
1260 421 1645 495 Apocalypsim
1701 427 2104 475 commentatus

507 531 592 577 est
619 537 634 576 :
666 533 840 575 cornu
865 516 1119 573 ultimum
1150 515 1547 570 Macltometem
1573 510 2101 583 psettdopropbetam

508 612 802 669 denotasse
829 653 845 678 ,
893 608 1032 665 nihil
1062 606 1265 664 etenim
1291 620 1484 661 eorum
1511 647 1527 673 ,
1572 619 1693 676 qua:
1721 602 1793 659 de
1812 617 1982 657 cornu
2010 602 2105 657 illo

507 702 855 760 dicunturin
905 699 1244 755 Macltomete
1270 697 1613 756 verilicatur:
1661 708 1766 751 nec
1809 695 1955 752 enim
2006 694 2106 750 fuit

510 796 735 852 ultimus
758 794 905 849 illius
935 800 1145 863 quarta:
1175 790 1532 857 monarchite,
1556 788 1703 860 quod
1723 789 1791 844 de
1817 803 1988 844 cornu
2013 787 2106 844 illo

508 888 731 955 dicitur,
764 885 859 943 sed
894 885 1224 956 principium
1253 897 1443 939 novae:
1478 895 1579 939 nec
1605 893 1827 938 secutus
1856 890 1941 945 est
1966 880 2105 935 alios

507 958 697 1037 decem
724 992 916 1050 reges,
947 991 1047 1034 nec
1077 974 1385 1031 ltumiliavit
1416 983 1531 1031 tres
1557 972 1806 1041 illorum,
1840 989 1941 1031 nec
1963 973 2109 1046 judi-

508 1074 652 1129 cium
683 1071 853 1127 ullum
885 1073 941 1125 in
967 1069 1087 1140 ejus
1115 1078 1296 1125 morte
1323 1068 1528 1125 factum
1559 1067 1791 1139 legimus
1811 1107 1826 1136 ,
1853 1080 1957 1123 nec
1983 1079 2106 1122 cor-

471 1179 609 1237 .pus
636 1164 754 1235 ejus
783 1164 908 1234 igne
937 1169 1239 1218 crematum
1282 1172 1389 1218 est.

579 1255 807 1325 Insuper
826 1253 970 1325 quod
1007 1252 1271 1323 judicium
1301 1267 1333 1307 a
1364 1251 1587 1308 Daniele
1616 1250 1723 1307 hoc
1750 1249 1877 1306 loco
1901 1246 2105 1321 prteri-

508 1365 631 1406 sum
660 1390 676 1417 ,
706 1349 777 1405 de
804 1349 1002 1404 ultimo
1027 1349 1194 1403 totius
1216 1346 1444 1402 humani
1472 1347 1696 1419 generis
1734 1346 2047 1415 esponitur,
2074 1358 2106 1397 ι

507 1460 645 1502 vero
668 1444 991 1501 destitutum
1016 1445 1142 1515 quis
1169 1449 1277 1500 nOn
1302 1444 1485 1500 videt?
1514 1441 1633 1498 Non
1661 1444 1806 1517 enim
1841 1443 1894 1497 in
1926 1457 1996 1497 eo
2018 1441 2108 1511 jn-

507 1538 614 1596 dcx
643 1539 995 1596 constituitur
1013 1538 1275 1594 Christus
1299 1538 1564 1593 Dominus
1590 1581 1605 1606 ,
1636 1538 1781 1608 quod
1825 1538 1880 1592 in
1909 1538 2106 1592 ultimo

510 1632 753 1688 Futurum
793 1633 926 1688 ﬁdes
967 1632 1157 1697 docet,
1187 1631 1283 1687 sed
1321 1640 1562 1687 aeternus
1588 1631 1769 1697 Pater,
1804 1630 1977 1700 prima
2020 1629 2104 1683 ui-

2207 419 2452 481 peracto,
2493 422 2550 468 et
2579 414 2757 469 occisa
2789 422 2981 486 quarta
3011 415 3210 484 bestia,
3237 416 3307 471 de
3331 414 3507 472 tribus
3551 416 3676 473 aliis
3720 417 3800 473 di-

2204 508 2367 572 citur,
2392 506 2538 577 quod
2569 521 2830 564 concessa
2857 508 2957 565 fuit
2988 510 3121 581 ipsis
3144 509 3260 565 vita
3289 524 3461 581 usque
3489 512 3558 567 ad
3587 520 3794 567 certum

2206 604 2445 668 tempus,
2469 598 2592 655 sine
2618 608 2889 672 potestate
2922 610 3100 658 tamen
3150 609 3208 658 et
3243 601 3488 659 dominio
3517 619 3532 657 :
3562 603 3799 659 Aliarum

2204 707 2408 763 quoque
2428 691 2711 747 bestiarum
2734 692 2915 749 ablata
2936 707 3013 752 est
3049 704 3292 768 potestas,
3321 704 3371 751 et
3401 704 3641 767 tenipora
3681 698 3801 753 vita!

2206 787 2493 841 constituta
2518 795 2641 841 sunt
2669 787 2743 843 eis
2764 803 2926 860 usque
2961 787 3033 843 ad
3072 797 3271 863 tempus
3315 796 3364 844 et
3394 788 3801 860 tempus.Nerno

2206 887 2388 934 autem
2412 879 2639 935 audebit
2692 893 2950 937 asserere
3003 890 3126 951 post
3172 881 3486 937 universale
3534 879 3796 952 judicium

2205 969 2415 1041 aliquas
2438 980 2634 1041 gentes
2662 970 2765 1027 sub
2793 969 2933 1028 etelo
2975 970 3032 1028 in
3081 972 3184 1028 liae
3230 973 3339 1028 vita
3362 972 3431 1028 ad
3462 983 3679 1043 tempus
3706 986 3798 1030 re-

2211 1061 2550 1133 linquendas.
2571 1061 2701 1119 Sive
2729 1064 2895 1134 igitur
2920 1063 3147 1131 bestias,
3177 1063 3297 1120 sive
3338 1064 3627 1135 judicium,
3681 1064 3800 1122 sive

2209 1172 2433 1229 regnum
2452 1167 2575 1228 post
2601 1159 2777 1229 ipsum
2806 1166 3126 1216 sanctorum
3152 1158 3359 1230 popqu
3377 1158 3564 1216 datum
3590 1156 3808 1230 sigilh-

2207 1252 2306 1306 tim
2330 1252 2710 1323 applicandum
2736 1250 3113 1325 inspiciamus,
3139 1253 3450 1309 nmomeras
3478 1263 3533 1310 et
3581 1254 3807 1323 incussu

2207 1345 2412 1403 rabiles
2439 1346 2753 1402 communis
2782 1346 3059 1418 expositio
3089 1347 3306 1404 videtur
3355 1348 3469 1418 pati
3507 1346 3809 1403 σηιωκτυ

2208 1447 2293 1493 tes
2334 1457 2353 1495 :
2389 1441 2441 1493 in
2482 1454 2548 1495 ea
2578 1454 2709 1496 vero
2733 1452 2901 1511 quam
2947 1440 3114 1496 modo
3156 1454 3496 1512 exponemus
3529 1482 3544 1506 ,
3585 1445 3811 1495 cessent

2207 1546 2419 1597 omnes,
2445 1531 2585 1587 nihil
2638 1548 2749 1587 nou
2805 1533 3044 1589 conteret
3087 1532 3312 1598 risioni,
3355 1541 3553 1588 cuneta
3608 1545 3809 1589 conse-

2206 1638 2359 1695 nant,
2392 1629 2697 1698 miramque
2720 1628 2776 1683 in
2820 1626 3038 1684 emtetis
3082 1626 3202 1700 ejus
3225 1628 3469 1698 partibus
3498 1640 3813 1684 consonate.

510 1726 706 1780 ntirum
738 1725 1101 1781 sanctissima:
1128 1723 1412 1779 Trinitatis
1452 1737 1715 1794 persomt.
1756 1721 1869 1777 Nec
1899 1722 1976 1776 illi
2018 1721 2108 1791 ju—
2135 1704 2187 1766 Β
2213 1722 2340 1776 tiam
2371 1735 2497 1777 cum
2528 1737 2588 1776 re
2618 1722 2917 1793 signiﬁcata
2944 1722 3297 1792 reperiuntur
3325 1722 3544 1778 habere.
3572 1721 3809 1778 Praer-

508 1817 655 1873 dicio
679 1817 894 1873 sistitur
919 1817 1214 1871 humanum
1243 1831 1415 1887 genus
1434 1855 1450 1881 ,
1485 1831 1584 1886 pro
1615 1815 1826 1872 meritis
1859 1816 2100 1885 prtemis,

508 1910 594 1966 vel
617 1923 807 1980 pinnas
832 1908 1096 1965 factorum
1125 1917 1495 1979 recepturum,
1515 1909 1568 1963 in
1590 1909 1841 1980 singulis.
1867 1911 1961 1964 sed
1989 1911 2107 1980 ipse

511 2001 733 2057 humani
775 2002 995 2072 generis
1030 2002 1396 2073 Redemptor;
1440 2003 1488 2057 is
1517 2003 1789 2073 siquidem
1828 2003 1976 2058 Patri
2007 2016 2109 2058 suo

509 2094 726 2150 oblatus
773 2096 994 2151 dicitur.
1044 2095 1127 2151 En
1168 2096 1335 2152 verba
1386 2096 1671 2167 prophetae
1712 2113 1728 2151 :
1778 2096 2108 2165 Aspidebant

511 2189 678 2242 donec
704 2186 879 2241 throni
926 2187 1077 2255 positi
1110 2197 1233 2265 sunt
1259 2229 1274 2255 ,
1308 2196 1355 2253 et
1397 2189 1654 2259 Antiquis
1697 2188 1898 2243 dierum
1938 2188 2109 2255 sedit;

510 2280 867 2334 restimetttum
896 2281 1009 2351 ejus
1036 2280 1315 2335 candidum
1355 2283 1511 2351 quasi
1548 2281 1661 2348 nis,
1688 2291 1736 2335 et
1774 2282 1955 2354 capilli
1992 2285 2107 2355 ejus

507 2378 658 2447 quasi
681 2375 803 2431 lana
832 2376 1050 2433 munda.
1082 2376 1216 2452 Quae
1242 2390 1375 2432 sane
1403 2378 1595 2432 aeterni
1622 2377 1800 2432 Patris
1831 2378 2104 2432 luculenta

509 2477 566 2523 et
608 2467 1019 2539 appositissima
1062 2468 1316 2537 ligaratio
1355 2477 1442 2523 est
1474 2484 1487 2521 :
1520 2467 1795 2524 subinl‘ert
1843 2470 2107 2524 assisten-

511 2561 653 2615 tium
686 2575 974 2615 numerum
1006 2577 1022 2613 :
1053 2559 1229 2614 Hillia
1258 2562 1478 2616 militum
1521 2563 1888 2616 ministrabant
1925 2564 1975 2617 ei
1998 2608 2011 2633 ,
2057 2571 2109 2619 et

511 2633 685 2706 decies
729 2651 918 2706 millies
948 2661 1165 2706 centena
1208 2653 1375 2708 millia
1416 2654 1730 2709 assistebant
1755 2657 1835 2722 ei;
1863 2656 2007 2727 quod
2038 2656 2107 2711 de

512 2743 774 2815 angelicis
815 2744 1101 2815 spiritibus
1127 2744 1226 2799 Dei
1264 2745 1532 2801 ministris
1569 2745 1772 2802 dictum
1808 2762 1966 2803 nemo
1997 2763 2104 2803 non

518 2838 690 2895 videt.
720 2838 828 2896 Sed
858 2839 982 2907 quis
1006 2838 1219 2907 judicio
1249 2848 1401 2894 tanto
1428 2841 1647 2896 oblatus
1684 2840 1918 2897 dicitur?
1946 2843 2105 2913 Aspi-

508 2930 706 2986 ciebam
729 2928 851 2999 (ait)
883 2938 933 2985 et
954 2946 1068 2986 ecce
1087 2947 1206 2986 cum
1236 2931 1462 2986 nubibus
1509 2932 1623 2987 caeli
1651 2932 1803 3002 quasi
1842 2932 1987 3003 ﬁlias
2011 2935 2107 2986 Ite-

510 3023 667 3077 minis
682 3021 934 3086 veniebat,
964 3031 1014 3076 et
1043 3038 1209 3093 usque
1225 3022 1297 3077 ad
1318 3023 1605 3093 Antiquam
1627 3024 1829 3078 dierum
1850 3026 2103 3096 pervenit.

508 3116 775 3189 Numquid
801 3117 970 3187 judex
1017 3131 1289 3185 sessurus,
1335 3118 1422 3173 cui
1474 3118 1722 3174 homines
1762 3120 1883 3174 sisti
1931 3119 2102 3175 debe-

507 3210 667 3266 rent?
697 3210 944 3276 minime,
976 3207 1072 3264 sed
1100 3208 1336 3280 ipsemet
1381 3209 1599 3264 oblatus
1631 3220 1716 3265 est
1746 3209 1946 3273 iudici,
1977 3221 2022 3265 et
2050 3212 2105 3266 in

507 3312 784 3373 conspectu
807 3306 930 3375 ejus
956 3300 1256 3356 obtulerant
1298 3318 1437 3357 eum.
1486 3302 1744 3373 Sequitur
1789 3302 2105 3360 favorabilis

510 3410 611 3466 pro
636 3410 705 3452 eo
732 3396 838 3450 lata
862 3395 1156 3463 sententia,
1188 3394 1257 3449 Et
1300 3395 1441 3449 dedit
1481 3398 1535 3452 ei
1569 3397 1755 3469 (Pater
1779 3395 1983 3468 ludes)
2010 3414 2105 3467 po-

510 3497 764 3553 testatem,
788 3498 839 3543 et
856 3491 1133 3554 honorem,
1154 3498 1202 3542 et
1221 3503 1439 3561 regnum
1462 3504 1481 3543 :
1504 3498 1551 3542 et
1585 3505 1761 3546 omnes
1784 3491 1984 3563 rapidi,
2009 3491 2102 3545 tri-

506 3581 600 3637 btts
619 3591 665 3637 et
685 3581 878 3654 lingua:
899 3581 1001 3650 ipsi
1028 3581 1253 3635 servient
1276 3596 1294 3635 :
1315 3589 1539 3652 potestas
1561 3585 1674 3656 ejus
1701 3592 1926 3650 potestas
1949 3571 2103 3639 teter-

507 3690 596 3741 ua,
615 3690 732 3746 qua:
760 3690 863 3728 non
888 3674 1174 3743 auferetur,
1198 3682 1247 3728 et
1273 3689 1492 3744 regnum
1513 3677 1627 3747 ejus
1667 3675 1813 3746 quod
1846 3691 1953 3730 non
1980 3692 2098 3731 ror-

503 3780 792 3839 rsnnpetur.
831 3768 896 3823 Et
925 3776 1057 3823 tunc
1094 3766 1297 3836 popttio
1331 3776 1646 3823 sanctorum
1684 3767 1973 3830 Altissimi.
2001 3783 2099 3825 oc-

504 3862 619 3918 cisa
638 3861 838 3927 bestia,
896 3874 1123 3931 regnum
1175 3858 1360 3914 datum
1415 3869 1520 3914 est.
1573 3858 1679 3916 Ubi
1728 3861 1859 3916 illud
1884 3875 2103 3932 quoque

503 3951 666 4007 valde
691 3950 985 4006 notandum
1006 3958 1113 4018 est,
1147 3950 1292 4020 quod
1318 3952 1371 4003 itt
1396 3951 1550 4006 calce
1574 3952 1805 4008 visionis
1833 3968 2105 4024 expresse

507 4043 797 4109 asserisur,
857 4051 977 4111 post
1031 4039 1164 4096 illud
1197 4040 1461 4110 judicium
1502 4041 1715 4097 Danieli
1768 4052 2051 4099 estcnsum
2080 4086 2103 4113 ,η

507 4133 712 4191 multos
758 4132 1033 4190 subcmlo
1069 4131 1447 4188 dominaturos
1507 4148 1688 4205 reges.
1737 4136 1833 4205 qui
1884 4150 2103 4191 monr-

509 4228 648 4286 ehize
675 4226 863 4300 populi
879 4235 1190 4282 sancton
1221 4226 1485 4295 servient,
1539 4236 1597 4283 et
1637 4228 1913 4285 obedient.
1944 4229 2101 4287 Unde

505 4337 731 4396 regnum
760 4321 891 4377 illud
937 4336 1034 4377 seu
1078 4319 1396 4376 monarcltia
1439 4320 1631 4376 ultima
1673 4324 1858 4393 populi
1884 4333 2104 4382 sanem-

2210 1831 2373 1884 quam
2394 1816 2537 1886 quod
2564 1816 2677 1885 jam
2701 1830 2821 1886 cap.
2855 1815 2892 1869 2
2922 1815 3136 1872 ostensi
3160 1815 3375 1872 fuerant
3405 1814 3693 1887 prophetat
3714 1828 3806 1870 or-

2212 1918 2298 1963 tus
2328 1918 2384 1964 et
2416 1909 2668 1964 interitus
2696 1921 2931 1979 quatuor
2960 1909 3174 1964 illarum
3217 1908 3667 1964 monarebiarum
3707 1909 3811 1963 sub

2209 2009 2339 2072 typo
2359 2009 2576 2065 statuae,
2630 2015 2659 2055 a
2706 1999 3247 2057 Nabuchodonosoro
3274 2000 3426 2066 viam,
3473 2014 3541 2057 ex
3576 1999 3809 2057 totidem

2211 2093 2444 2149 metallis
2470 2094 2740 2150 contectae
2771 2109 2785 2149 :
2814 2094 2962 2150 unde
2991 2094 3291 2150 verisimile
3333 2107 3440 2149 non
3463 2102 3548 2149 est
3606 2094 3807 2150 iterum

2209 2187 2393 2242 denuo
2409 2202 2525 2243 rem
2544 2188 2798 2244 eamdem
2822 2203 2853 2242 π
2878 2185 3109 2243 Daniele
3124 2186 3349 2258 scriptis
3366 2185 3654 2255 tramam,
3671 2200 3810 2257 prte-

2208 2281 2398 2337 sertim
2420 2281 2545 2351 quia
2584 2297 2695 2337 non
2725 2282 2822 2335 luit
2869 2280 3119 2349 exposita
3147 2281 3219 2336 ab
3240 2281 3437 2352 angelo
3464 2282 3631 2351 missi
3671 2281 3811 2334 visio

2209 2374 2454 2442 ejusdem
2507 2374 2608 2439 rei,
2657 2373 2752 2428 sed
2803 2387 2960 2428 novas
3009 2381 3066 2429 et
3109 2372 3340 2429 diversa:
3382 2386 3609 2443 :quare
3658 2371 3814 2428 aliud

2207 2468 2486 2539 quidpiam
2509 2467 2579 2522 ab
2603 2481 2666 2522 ea
2685 2481 2827 2523 nunc
2856 2467 3219 2537 signiﬁcatum
3247 2481 3582 2538 qumramus.

2211 2600 2239 2674 ᾗ
2270 2600 2358 2675 ιν,
2405 2598 2637 2675 Novae!
2671 2612 2851 2675 exacta
2873 2602 3113 2675 ejusdem
3153 2602 3438 2675 prpplietia;
3466 2602 3731 2675 expositio
3753 2604 3811 2656 de

2280 2672 2485 2736 Alanis,
2524 2670 2827 2740 Wandalis,
2862 2670 3067 2739 Suebis,
3116 2670 3163 2727 et
3188 2670 3372 2728 Gothis
3418 2673 3471 2726 in
3521 2670 3809 2741 Hispanias

2258 2744 2601 2800 irruentibus
2642 2759 2663 2798 :
2715 2744 2881 2815 deque
2918 2743 3179 2799 catholica
3215 2745 3524 2800 monarcltia
3552 2746 3810 2816 proponi-

2278 2825 2384 2871 tur.

2276 2933 2410 3004 Age,
2435 2934 2546 3001 jam
2574 2946 2911 3000 exponamus
2943 2932 3319 3003 propheticum
3363 2931 3614 2989 Danieiis
3643 2933 3816 2991 visio-

2207 3040 2331 3081 nem
2364 3026 2434 3081 de
2465 3024 2722 3080 Barbaris
2779 3025 2831 3079 in
2889 3025 3201 3096 Hispaniam
3236 3024 3578 3081 irruentibus
3627 3043 3641 3079 :
3684 3040 3810 3082 nam

2211 3133 2307 3188 per
2328 3117 2427 3172 ltas
2460 3116 2661 3172 bestias
2714 3117 2979 3171 barbaras
3022 3116 3323 3187 signiﬁcari
3377 3117 3641 3174 nationes
3694 3120 3815 3189 ipse

2210 3209 2577 3283 Hieronymus
2608 3210 2893 3265 annotavit
2946 3210 3219 3281 inquiens,
3276 3211 3583 3284 Regnorum
3626 3212 3817 3283 feritas

2205 3314 2360 3375 atque
2386 3304 2670 3358 crudelitas
2698 3304 2980 3359 bestiarum
3000 3306 3207 3360 nomine
3235 3304 3649 3366 demonstratur.
3703 3308 3813 3364 Ba-

2206 3410 2311 3466 que
2330 3411 2475 3451 anno
2501 3396 2714 3450 Domini
2733 3397 2860 3463 H9,
2892 3412 3000 3453 tera
3032 3398 3173 3454 ϐενε.
3198 3398 3329 3467 447,
3358 3399 3580 3456 Arcadii
3602 3408 3669 3457 es
3700 3401 3815 3457 Ho-

2203 3489 2347 3543 norii
2379 3487 2513 3555 imp.
2546 3501 2634 3543 an.
2671 3488 2761 3558 15,
2796 3490 2989 3545 eodem
3023 3490 3269 3547 Honorio
3299 3500 3474 3549 vmet
3490 3492 3819 3550 Theodosio

2203 3579 2424 3636 Arcadii
2455 3580 2570 3635 tilio
2623 3595 2683 3636 m
2734 3594 2905 3650 coss.,
2961 3585 3125 3639 tertio
3170 3584 3293 3640 idus
3338 3586 3622 3653 Octobris,
3682 3588 3817 3644 leris

2202 3674 2333 3730 item
2366 3676 2549 3737 tertia,
2578 3676 2755 3740 Alani,
2794 3676 3048 3733 Wandali
3084 3688 3132 3733 et
3165 3678 3348 3746 Saevi,
3401 3691 3515 3737 tres
3555 3678 3817 3739 barbara:

2205 3772 2476 3834 nationes,
2514 3768 2803 3835 Hispanias
2830 3772 3091 3840 ingressae
3111 3782 3261 3827 sunt.
3297 3773 3457 3828 Anno
3486 3785 3685 3831 autem
3710 3775 3817 3832 Do-

2203 3860 2337 3914 mini
2363 3859 2489 3928 Hd,
2524 3860 2617 3929 qui
2639 3859 2738 3914 fuit
2766 3875 2894 3915 uerte
2915 3863 3059 3918 Cres.
3079 3864 3206 3929 454,
3248 3863 3465 3935 imperii
3496 3881 3649 3922 vero
3672 3882 3817 3939 pra-

2202 3952 2475 4008 dietorum
2501 3951 2593 4016 22.
2610 3952 2768 4007 Gothi
2792 3955 2896 4010 sub
2921 3955 3205 4027 Ataulpho
3220 3973 3350 4029 rege
3370 3960 3598 4017 easdem
3627 3962 3822 4033 Hispa-

2203 4045 2325 4099 nias
2352 4046 2648 4101 intravere.
2702 4045 2760 4101 ln
2785 4046 2871 4103 his
2899 4062 3093 4106 omnes
3140 4048 3397 4108 auctores
3440 4056 3816 4124 corrreniuut,

2202 4148 2259 4193 et
2286 4139 2379 4209 qui
2403 4141 2649 4194 omnium
2678 4141 3027 4196 exactissime
3054 4145 3275 4213 scripsit
3311 4160 3373 4201 ea
3406 4145 3479 4203 de
3528 4162 3601 4205 re
3661 4149 3823 4206 testis

2203 4240 2258 4287 et
2311 4231 2430 4299 ipse
2472 4234 2723 4289 oculatus
2763 4232 2977 4299 ,ldatius
3006 4236 3297 4307 episcopus
3341 4234 3742 4310 Lamacensis,
3790 4257 3825 4296 π

2202 4326 2387 4393 quoin
2412 4323 2497 4379 his
2525 4324 2841 4383 nnmuducti
2895 4336 2952 4383 et
3004 4327 3235 4385 excitati
3276 4329 3498 4388 fuirmts.
3556 4333 3823 4405 Quatuor

504 4429 649 4483 rum,
678 4414 750 4470 de
775 4428 880 4484 qua
926 4411 1015 4469 hic
1052 4412 1248 4482 agitur,
1284 4411 1596 4469 nullatenus
1636 4424 1817 4482 potest
1854 4418 2096 4474 cmlestia
2126 4467 2181 4494 ἢ
2205 4432 2336 4489 ergo
2367 4418 2557 4474 bestia:
2579 4418 2647 4475 de
2675 4420 2812 4475 mari
2836 4421 3217 4490 ascendentes,
3243 4433 3483 4494 quatuor
3525 4428 3664 4484 isne
3693 4429 3822 4484 bar-

2124 4467 2183 4529 D

501 4507 791 4563 beatorum
832 4503 1033 4576 gaudia
1088 4503 1392 4570 denotare;
1460 4507 1903 4580 quandoquidem
1976 4522 2099 4581 post
2124 4503 2182 4529 "
2207 4512 2352 4565 harae
2373 4510 2628 4566 nationes
2656 4518 2786 4566 sunt
2811 4526 2881 4568 eo
2901 4521 3145 4584 tempore
3172 4516 3223 4569 in
3244 4514 3551 4584 perniciem
3613 4518 3820 4590 Hispa-

501 4613 726 4671 regnum
757 4597 1023 4653 caelorum
1076 4596 1145 4653 ab
1187 4597 1325 4666 ipsis
1375 4599 1734 4669 corporaliter
1791 4612 2094 4673 acceptum,

501 4693 686 4749 rutilus
711 4705 995 4748 remanere
1023 4691 1255 4761 populus
1292 4699 1389 4746 aut
1414 4707 1508 4747 rex
1548 4695 1752 4763 poterit
1804 4696 1907 4751 sub
1928 4698 2093 4765 coelo,

501 4795 833 4841 cumtamen
872 4797 1163 4839 mansuros
1212 4783 1415 4838 multos
1465 4792 1522 4838 et
1552 4785 1783 4855 populos
1831 4797 1887 4843 et
1939 4803 2098 4860 reges

499 4878 601 4933 sub
622 4878 745 4947 ipso
772 4876 1038 4947 propheta
1069 4868 1409 4944 pronuntiet,
1442 4873 1551 4930 illis
1576 4876 1764 4932 verbis
1816 4894 1828 4934 :
1864 4877 1933 4933 Et
1948 4882 2098 4949 judi-

500 4969 642 5035 cium
668 4967 884 5035 sedebit,
914 4975 972 5021 ut
998 4968 1269 5037 auferatur
1306 4967 1557 5038 potentia,
1601 4977 1652 5023 et
1688 4980 2002 5039 conteratur,
2044 4982 2093 5028 et

503 5060 764 5127 dispersat
791 5074 952 5131 usque
975 5060 1030 5114 in
1052 5060 1211 5129 ﬁnem
1252 5076 1271 5115 :
1300 5076 1518 5130 regnum
1562 5070 1737 5118 autem
1763 5075 1812 5119 et
1840 5076 2090 5139 potestas,

503 5161 553 5208 et
566 5150 873 5224 magnitudo
895 5151 1064 5224 regni,
1096 5166 1213 5221 qua
1233 5161 1306 5207 est
1327 5154 1507 5208 subter
1531 5170 1685 5211 omne
1711 5159 1913 5223 caelum,
1941 5160 2092 5217 detur

502 5243 695 5315 populo
714 5248 1010 5296 sanctorum
1054 5242 1329 5311 Altissimi,
1377 5253 1424 5300 et
1469 5262 1644 5303 omnes
1682 5265 1830 5319 reges
1870 5255 2092 5308 servient

499 5337 567 5401 ci,
590 5344 643 5390 et
660 5333 896 5389 obedient
928 5349 946 5386 :
972 5345 1083 5387 non
1126 5334 1324 5390 asserit
1382 5350 1546 5407 supra
1593 5339 1795 5397 caelum
1822 5385 1837 5412 ,
1889 5357 1987 5399 seu
2036 5345 2090 5399 in

498 5428 640 5486 cmlo
685 5440 910 5497 regnum
956 5422 1089 5479 illud
1115 5428 1532 5497 continendum,
1579 5431 1677 5487 sed
1715 5435 1892 5489 subter
1944 5452 2099 5493 omne

498 5521 704 5586 coetum,
735 5517 895 5589 eique
913 5529 1106 5571 omnes
1135 5531 1297 5587 reges
1321 5518 1670 5578 obedituros.
1716 5522 1825 5579 Sed
1853 5533 1910 5581 et
1936 5527 2088 5596 illud,

500 5614 762 5684 dispendi
791 5607 1053 5684 (potentia
1082 5606 1299 5683 bestia)
1327 5626 1493 5684 usque
1517 5613 1589 5669 ad
1615 5615 1804 5685 ﬁnem;
1858 5627 1981 5689 post
2001 5619 2092 5692 ju-

500 5702 702 5763 dicium
734 5702 890 5773 illud,
925 5701 1086 5759 tinem
1130 5699 1309 5761 adhuc
1347 5704 1539 5763 mundi
1579 5720 1870 5771 stqu
1912 5713 2089 5772 mi.

2205 4604 2416 4658 uiarum
2434 4610 2655 4670 erectze,
2680 4620 2786 4675 quo
2818 4614 2963 4662 tctus
2993 4620 3132 4677 pene
3155 4607 3311 4664 orbis
3325 4611 3483 4679 quasi
3509 4626 3544 4668 e
3574 4623 3824 4684 quatuor

2203 4696 2324 4765 ejus
2343 4695 2577 4767 angulis,
2605 4697 2707 4752 sub
2761 4696 2991 4754 totidem
3038 4707 3324 4756 ventorum
3381 4709 3514 4774 typo
3569 4706 3825 4777 agitatus

2203 4795 2311 4854 est,
2338 4794 2393 4843 et
2419 4788 2655 4865 undique
2702 4791 2920 4861 tyranni
2966 4790 3172 4848 Delium
3228 4792 3584 4852 insanientes
3623 4807 3822 4854 contra

2203 4880 2506 4937 Romanum
2538 4884 2825 4953 imperium
2852 4884 3254 4953 conspirarent.
3294 4886 3634 4955 Quinimmo
3673 4889 3825 4962 quod

2198 4989 2230 5030 a
2251 4985 2483 5047 quatuor
2507 4977 2685 5033 ventis
2711 4977 2972 5033 excitatas
3000 4978 3279 5047 dicuntur,
3323 4980 3379 5034 in
3414 4994 3485 5037 eo
3512 4981 3828 5055 impletum

2199 5069 2269 5125 ad
2296 5070 2538 5126 litteram
2584 5068 2940 5140 conspicitur,
2991 5071 3143 5140 quod
3169 5072 3427 5129 consuies
3465 5073 3589 5130 duo
3623 5086 3820 5133 contra

2200 5161 2426 5216 totidem
2456 5162 2811 5230 imperatores
2843 5161 3177 5219 rebellantes
3215 5164 3518 5235 prsctﬁcm
3569 5180 3823 5237 quatuor

2198 5254 2400 5310 bestias
2427 5269 2591 5323 super
2613 5253 2772 5309 Rom.
2800 5255 3090 5327 imperium
3119 5273 3172 5328 ,ε
3221 5258 3626 5318 remotissimis
3655 5262 3821 5320 terris

2198 5345 2539 5401 adduxerunt
2572 5363 2587 5400 :
2620 5346 2887 5417 siquidm
2924 5348 3114 5404 Stilico
3143 5364 3311 5406 comes
3347 5360 3527 5419 spreto
3564 5351 3819 5411 Honorio

2198 5438 2454 5508 principe,
2488 5453 2804 5512 regnumque
2831 5442 2943 5513 ejus
2975 5441 3206 5511 inhians,
3243 5444 3568 5515 Alanorum,
3608 5449 3813 5506 Sueuo-

2195 5547 2312 5585 rum
2352 5529 2836 5605 Wandalorumth
2865 5545 3047 5607 gentes
3064 5537 3217 5593 donis
3242 5538 3590 5610 periturisque
3614 5543 3815 5600 illectus

2194 5632 2374 5680 contra
2394 5640 2611 5699 regnum
2638 5623 2863 5681 Honorii
2883 5628 3129 5684 excitarit
3151 5645 3171 5697 ;
3211 5628 3431 5699 Ruﬁnus
3454 5646 3590 5688 rere
3628 5632 3810 5691 hrri-

2194 5718 2305 5773 cius
2334 5715 2563 5774 Arcadio
2607 5717 2838 5791 prindpi
2876 5718 3099 5777 Maidias
3146 5719 3679 5782 tendens‘d'hu'irm
3702 5726 3811 5785 Go-
