4122 6174
291 256 386 314 581

751 255 1281 313 APPENDIX.-—1N
1326 256 1771 314 PROPIIETIAM
1813 252 2134 312 D.\NlELlS
2177 255 2262 311 DE
2303 257 2638 325 QUATUOR
2682 259 3115 318 ANIMALIUUS.

3485 261 3592 319 589

289 373 493 428 Iberum
543 385 714 444 regem
767 373 1012 444 infestum
1056 374 1304 445 Rcipubl.
1357 375 1497 446 fecit.
1533 373 1712 430 Verba
1759 381 1885 428 sunt
1916 380 1960 433 Α
1994 373 2119 424 cias.
2158 373 2426 429 Habemus
2457 376 2665 432 Alanos
2695 376 2746 431 in
2775 377 2944 433 leaena
2967 378 3080 432 alas
3107 377 3308 448 aquilte
3357 377 3591 435 habente

293 464 588 520 Marcellini
609 465 828 522 comitis
867 466 920 522 in
973 466 1178 523 Chron.
1209 454 1275 523 ad
1315 483 1492 523 annos
1534 469 1748 523 Domini
1780 468 1887 523 595

294 565 346 610 et
371 555 497 612 608.
541 556 698 623 Quod
737 573 873 614 vero
920 558 989 616 de
1011 560 1147 615 mari
1177 562 1524 616 ascenderint
1555 570 1742 628 postea
1803 561 1885 614 sic

293 649 582 718 exponitur
607 650 677 704 ab
704 649 933 722 Angelo,
963 661 1021 707 ut
1045 668 1194 708 mare
1217 652 1476 708 mundum
1510 653 1688 722 ipsum
1718 651 1886 723 signi-

291 743 435 812 ticet,
467 759 590 801 nam
616 760 740 817 qua:
760 747 910 816 prius
931 746 1253 804 dicebantur
1277 747 1345 804 de
1376 749 1511 804 mari
1543 747 1881 813 ascendisse,

288 846 474 908 postea
523 838 590 895 de
639 848 784 895 terra
813 842 1227 897 consurrexisse
1283 843 1558 898 dicuntur.
1592 841 1699 897 Sed
1752 853 1885 896 vero

291 930 446 986 facile
472 931 640 987 etiam
662 931 893 1004 intelligi
925 944 1155 1004 possunt
1180 949 1263 991 ea:
1285 937 1535 991 nationes
1587 935 1641 988 in
1684 932 1882 1003 Hispa-

287 1025 429 1079 niam
461 1025 530 1082 de
557 1026 694 1081 mari
721 1027 1040 1084 ascendisse
1085 1044 1184 1099 per
1233 1039 1469 1100 quatuor
1509 1035 1700 1082 ventos
1729 1026 1877 1090 cteli.

283 1131 404 1173 cum
455 1132 593 1187 pene
619 1119 766 1173 omni
821 1135 888 1175 ex
944 1128 1096 1190 parte
1151 1121 1397 1176 maribus
1457 1121 1634 1175 cincta
1682 1120 1790 1173 sit:
1824 1127 1882 1174 et

281 1207 519 1264 sciamus
548 1209 752 1263 Alanos
775 1207 1182 1267 Occidentalem
1209 1214 1424 1282 plagam
1453 1225 1776 1281 occupasse,
1803 1209 1878 1264 ni-

280 1301 481 1356 mirum
509 1300 866 1367 Lusitaniam;
895 1303 1192 1360 Wandalos
1224 1304 1658 1371 Meridionalem,
1688 1302 1742 1357 id
1771 1310 1876 1368 est,

276 1393 558 1450 Baeticam:
589 1395 806 1452 Suevos
833 1395 1360 1467 Septentrionalem,
1392 1396 1654 1452 videlicet
1678 1395 1879 1451 Galize-

276 1485 418 1541 ciam
448 1496 506 1543 et
532 1488 782 1545 Asturias
809 1506 824 1544 :
857 1489 1174 1560 Gothosque
1225 1491 1293 1545 ab
1327 1489 1589 1546 Orientali
1643 1489 1880 1543 intrasse

271 1578 658 1637 Barcinonem.

345 1670 443 1724 llis
474 1673 686 1728 accedit
716 1671 860 1744 quod
893 1673 1082 1728 nullibi
1136 1674 1383 1744 gentium
1432 1679 1669 1741 quatuor
1717 1669 1874 1725 simul

269 1759 533 1819 barbarae
560 1766 1064 1820 nationesintrasse
1097 1766 1462 1834 reperiuntur,
1480 1764 1582 1817 nisi
1606 1767 1660 1817 ln
1686 1762 1875 1830 Hispa-

264 1851 462 1919 niam;
496 1854 624 1908 licet
650 1855 796 1908 cnim
832 1856 882 1909 in
914 1855 1121 1910 Italiam
1153 1867 1390 1924 quoque,
1440 1863 1494 1906 et
1535 1851 1791 1917 Galliam,
1817 1860 1877 1906 et

261 1943 626 2000 Germaniam
655 1947 848 2013 Alani,
879 1946 1124 2002 Wantlali
1152 1985 1168 2009 ,
1205 1945 1368 2001 Suevi
1410 1954 1462 1998 et
1493 1943 1655 1998 Gothi
1697 1942 1873 1997 intra-

254 2035 469 2103 verint,
505 2053 612 2092 non
643 2049 823 2093 tamen
851 2040 954 2093 soli
973 2039 1178 2094 sicutin
1203 2038 1536 2106 Hispaniam.
1561 2035 1872 2103 Namsimul

255 2145 390 2186 cum
412 2131 498 2187 eis
525 2132 663 2186 lluni
691 2145 744 2188 et
769 2133 928 2188 Eruli
951 2134 1294 2188 intraverunt
1323 2141 1378 2188 et
1398 2132 1614 2186 tandem
1662 2131 1875 2200 Longo-

255 2223 420 2280 bardi
446 2241 461 2281 :
492 2225 582 2295 qui
605 2241 798 2281 omnes
825 2226 894 2281 ab
917 2226 1193 2296 Hispaniis
1238 2225 1646 2279 abstinuerunt.
1695 2223 1876 2291 Quare

257 2324 452 2377 solum
483 2322 538 2376 in
591 2321 882 2392 Histianias
903 2333 1139 2394 quatuor
1160 2363 1174 2388 ,
1232 2336 1333 2376 nec
1363 2319 1567 2389 plures,
1597 2332 1702 2372 nec
1745 2333 1877 2386 pau-

257 2417 446 2470 ciores
474 2415 734 2486 ingressa:
764 2423 926 2470 sunt:
961 2417 1189 2486 etquod
1232 2423 1394 2485 caput
1421 2423 1502 2470 est
1536 2456 1551 2480 ,
1601 2414 1873 2468 universae

256 2509 574 2579 pmphetize
605 2510 1032 2565 circumstantiae
1058 2512 1110 2564 in
1138 2509 1254 2565 sola
1294 2509 1553 2578 Hispania
1586 2507 1872 2560 verilicano

257 2612 375 2657 tur.
415 2603 472 2658 In
511 2606 700 2674 primis
731 2605 868 2661 ordo
899 2605 1198 2661 bestiarum
1221 2647 1236 2672 ,
1269 2606 1448 2660 ordini
1491 2603 1773 2659 nationum
1818 2601 1874 2656 in

256 2695 560 2765 Hispanias
589 2698 912 2753 intrantium
955 2699 1378 2770 correspondet,
1436 2697 1542 2752 hoc
1595 2695 1865 2767 siquidem

255 2791 464 2846 ordine
492 2792 560 2845 ab
589 2791 762 2847 [datio
782 2802 837 2848 et
863 2792 1060 2849 Oresio
1090 2795 1458 2848 nominantur.
1498 2791 1701 2847 ldatius
1723 2789 1870 2845 enim

256 2883 364 2950 ait,
397 2882 558 2937 Alani
587 2893 634 2938 et
661 2883 916 2939 Wandali
940 2923 958 2952 ,
992 2893 1038 2939 et
1081 2885 1238 2940 Sueoi
1284 2884 1572 2952 Hispanias
1609 2883 1867 2955 ingressi,

255 2985 404 3042 etc.,
453 2985 510 3030 et
561 2987 684 3044 post
742 2993 916 3033 annos
965 2989 1204 3048 septem,
1237 2977 1540 3046 Ataulphus
1589 2989 1711 3031 cum
1760 2973 1872 3030 Go-

257 3067 378 3122 this
406 3067 785 3125 Burcinonem.
841 3069 1066 3126 Orosius
1097 3079 1280 3124 autem
1309 3070 1404 3123 lib.
1436 3083 1528 3136 vn,
1567 3083 1688 3135 cap.
1735 3067 1867 3121 ult.:

1995 466 2214 532 pr0prie
2245 468 2380 520 satis
2413 468 2699 534 denotari;
2755 469 2850 524 sed
2903 470 3046 525 unde
3087 471 3324 526 celerem
3371 471 3588 526 illorunt

1989 556 2338 613 abolitionem
2369 559 2690 616 educimus?
2708 572 2858 632 quot,
2881 578 3037 632 rogo,
3061 578 3259 625 annos,
3280 577 3475 618 eorum
3495 578 3595 618 vo—

1990 646 2122 702 lavit
2147 650 2744 719 superhia‘il)ecimutn
2774 669 2886 708 non
2923 653 3386 723 adimpleverunt,
3431 655 3477 710 si
3525 655 3592 710 li-

1989 737 2085 794 des
2109 740 2284 796 ldatio
2314 742 2561 798 habenda
2585 751 2691 810 est,
2719 745 2806 814 qui
2829 760 2977 800 anno
3017 746 3233 801 Domini
3274 747 3402 811 418,
3434 756 3492 802 et
3519 746 3592 801 ει

1987 829 2208 885 Arcadii
2247 842 2301 887 et
2333 833 2584 899 Honorii,
2631 837 2744 892 haec
2786 837 2972 892 scribit
3004 854 3019 892 :
3053 838 3212 892 Alani
3238 840 3328 908 qui
3351 837 3594 894 Wanda-

1985 921 2049 978 lis
2069 932 2117 978 et
2143 923 2334 980 Suevis
2365 927 2788 995 potentabtmtur,
2808 929 2939 984 adeo
2971 930 3091 984 αεεί
3111 939 3234 984 sunt
3253 947 3283 983 a
3300 929 3508 998 Gothis,
3534 941 3594 985 ut

1984 1017 2412 1072 eastinctoAtnce
2435 1019 2585 1086 (aliis
2605 1021 2642 1072 .4
2641 1021 2792 1092 jace)
2813 1037 2933 1092 rege
2950 1021 3204 1090 ipsorum,
3225 1023 3378 1091 pauci
3396 1023 3485 1093 qui
3504 1039 3595 1077 sst-

1984 1112 2306 1181 perfuerant,
2337 1112 2532 1167 abolito
2560 1114 2705 1184 regni
2729 1115 2938 1168 nomine
2952 1113 3104 1183 (ecce
3124 1113 3405 1184 quomodo
3425 1129 3590 1169 ever-

1983 1217 2059 1257 sa:
2087 1213 2217 1259 sunt
2241 1203 2344 1258 alte
2391 1201 2534 1273 ejus)
2574 1205 2638 1258 de
2677 1203 2960 1259 Gunderici
2992 1206 3132 1276 regis
3181 1203 3604 1273 Wandalorum;

1982 1294 2070 1363 qui
2088 1334 2104 1360 ,
2129 1295 2183 1348 in
2209 1293 2462 1350 Callaecia
2490 1298 2750 1352 resederat
2776 1336 2792 1362 ,
2827 1298 3120 1368 patrocinio
3142 1314 3195 1351 se
3221 1297 3589 1370 subjugarent.

1981 1385 2100 1440 Jatn
2131 1403 2265 1460 ergo
2293 1391 2344 1442 in
2367 1404 2432 1444 ea
2457 1391 2678 1446 natione
2703 1392 3016 1446 veriticatur
3057 1390 3202 1460 quod
3234 1408 3392 1463 super
3433 1393 3590 1462 pedes

1984 1479 2304 1549 quasihomo
2335 1484 2498 1547 stetit,
2523 1493 2571 1537 et
2613 1499 2702 1538 cor
2727 1484 2955 1538 hominis
3004 1483 3186 1538 datum
3234 1494 3308 1538 est
3359 1486 3426 1539 ei.
3480 1485 3588 1540 Ex.

1980 1573 2164 1626 Stitteti
2193 1589 2326 1629 vero
2343 1583 2470 1628 sunt
2497 1589 2525 1629 a
2553 1575 2731 1629 Walia
2754 1575 3054 1630 Gothorum
3089 1591 3248 1646 rege,
3278 1577 3372 1647 qui
3406 1579 3588 1632 eodem

1981 1684 2121 1721 anno
2155 1667 2237 1738 (ut
2256 1669 2441 1723 verbis
2468 1679 2589 1724 utar
2612 1670 2784 1737 ldatii)
2811 1670 3036 1724 Romani
3059 1670 3284 1725 nominis
3305 1687 3464 1724 causa
3494 1671 3582 1724 in-

1980 1769 2060 1814 tra
2114 1761 2401 1829 Hispanias
2468 1769 2632 1816 aedes
2665 1765 2920 1817 proximas
2977 1761 3330 1817 Barbarorunt
3383 1763 3579 1833 effecit.

1981 1854 2233 1924 Suntqui
2263 1856 2582 1910 existiment
2612 1855 2942 1910 Catltalanos
2985 1857 3170 1911 vocari
3199 1873 3363 1924 nunc,
3419 1857 3584 1927 quasi

1979 1944 2191 2000 Gothos
2249 1946 2475 2012 Alanos,
2531 1947 2676 2017 quod
2731 1947 2886 2002 Alani
2934 1948 3128 2003 Gothis
3172 1948 3408 2018 subjecti
3455 1963 3577 2004 eam

1978 2035 2258 2105 Hispaniae
2290 2047 2496 2104 partem
2546 2040 2962 2106 occupaverint.
3009 2049 3064 2094 et
3111 2041 3328 2110 utrique
3377 2055 3576 2096 nomen

1979 2131 2272 2198 provincia:
2299 2132 2574 2186 dederint.
2633 2131 2755 2185 Nan
2793 2133 3030 2187 deerunt
3067 2135 3269 2202 quibus
3302 2134 3572 2198 arrideat,

1979 2235 2088 2275 non
2111 2222 2231 2275 sine
2258 2223 2543 2291 mysterio.
2567 2221 2770 2276 Alanos
2794 2239 2892 2292 per
2916 2225 3138 2278 allatam
3168 2225 3396 2280 [causam
3417 2225 3570 2296 signi-

1979 2311 2156 2378 ﬁcari,
2181 2324 2237 2366 ut
2268 2313 2489 2368 nomine
2512 2313 2725 2372 bes-tite.
2752 2329 2952 2368 nomen
2971 2317 3135 2368 etiam
3159 2316 3394 2371 nationis
3417 2317 3574 2386 signi-

1981 2406 2557 2461 ﬁcatmindicaretur‘:
2594 2417 2650 2461 et
2679 2407 2823 2462 idem
2845 2407 3030 2462 forsan
3062 2407 3132 2462 de
3171 2409 3345 2476 prima
3396 2408 3575 2465 littera

1978 2499 2238 2554 secunda:
2277 2499 2468 2554 beStite
2495 2507 2552 2554 et
2583 2500 2822 2554 nationis
2855 2501 3029 2554 notari
3078 2500 3240 2555 alicui
3273 2499 3484 2568 libebit,
3519 2501 3574 2557 in

1977 2605 2110 2646 urso
2150 2590 2404 2646 videlicet
2435 2590 2731 2646 Wandalos
2755 2589 3124 2662 signiﬁcatos;
3182 2591 3278 2649 sed
3309 2594 3573 2651 solidiore

1977 2699 2392 2753 prosequantur.

2050 2778 2292 2832 Secunda
2316 2777 2496 2840 bestia,
2522 2776 2792 2832 li’audali.
2849 2809 2922 2820 ——
2963 2779 3090 2835 Tria
3120 2795 3337 2852 quoque
3375 2783 3445 2838 de
3482 2797 3571 2838 se-

1975 2870 2154 2926 cunda
2183 2871 2353 2926 bestia
2384 2870 2662 2937 dicuntur,
2719 2887 2837 2942 qtltE
2880 2872 3163 2928 Wandalis
3204 2874 3272 2929 ad
3323 2891 3568 2946 unguem

1974 2964 2346 3018 conveniunt:
2381 2963 2440 3017 1ο
2472 2963 2616 3032 quod
2639 2972 2748 3017 erat
2771 2963 2960 3017 similis
2991 2981 3152 3030 urso;
3200 2967 3253 3020 in
3304 2982 3414 3036 quo
3440 2982 3566 3022 cum

1975 3055 2173 3110 duritia
2204 3066 2258 3110 et
2284 3056 2572 3109 ferocitate
2610 3056 2918 3123 pan-iorem
2967 3059 3168 3112 victum
3225 3067 3415 3114 notant
3463 3061 3569 3113 Da-

262 3161 538 3230 Quamvi-s,
563 3163 754 3233 inquit,
778 3164 1066 3218 Alanorum
1093 3202 1109 3228 ,
1147 3160 1530 3218 Wandalorum
1558 3160 1874 3214 Sueuorum-

1981 3147 2136 3201 niclis
2160 3146 2508 3214 interpretes;
2537 3145 2602 3199 2°
2631 3147 2772 3213 quod
2833 3156 2934 3200 tres
2973 3150 3182 3206 ordines
3210 3157 3357 3202 erant
3394 3149 3448 3202 in
3479 3164 3568 3204 ore

258 3272 357 3326 que
386 3273 536 3326 reges
559 3259 733 3312 eodem
778 3258 1044 3314 nobiscum
1075 3257 1267 3328 placito
1295 3253 1497 3327 depacti
1527 3254 1713 3323 forent,
1759 3260 1867 3306 etc.

261 3345 452 3403 Prima
468 3349 698 3418 proinde
713 3351 888 3407 bestia
917 3351 1140 3418 Alanos,
1159 3347 1398 3404 secunda
1421 3345 1742 3410 Wandalos,
1759 3353 1870 3399 ter—

264 3440 334 3496 tia
355 3442 598 3512 Suevos,
624 3454 819 3516 quarta
844 3444 1053 3501 Gothos
1066 3443 1364 3514 signiﬁcat:
1385 3449 1436 3496 et
1461 3438 1863 3510 propriissime;

261 3537 698 3609 uniuscujusque
742 3538 940 3593 etenim
972 3537 1185 3606 prem-ia
1219 3535 1372 3605 signa
1397 3531 1730 3586 describunt.

337 3629 527 3684 Prima
575 3632 756 3697 bestia,
806 3630 980 3684 Alani.
1035 3657 1109 3669 ——
1137 3627 1264 3681 Tria
1316 3640 1449 3679 sane
1488 3623 1658 3678 bestia
1693 3621 1868 3692 prima

262 3722 531 3778 habuisse
554 3722 754 3779 dicitur
779 3741 790 3776 :
825 3724 884 3777 10
916 3721 1063 3790 quod
1083 3729 1194 3775 erat
1218 3719 1367 3787 quasi
1398 3717 1584 3783 letena,
1611 3713 1868 3768 nimirum

265 3825 595 3871 ceterarum
622 3830 686 3872 se
709 3817 997 3887 reputabat
1024 3813 1301 3882 reginam;
1339 3823 1464 3863 nam
1516 3807 1606 3861 leo
1650 3805 1702 3858 in
1754 3803 1872 3857 ani-

266 3908 506 3963 malibus
535 3907 820 3977 imperium
842 3906 1025 3971 habet;
1040 3905 1106 3957 '20
1120 3901 1265 3974 quod
1294 3901 1406 3954 alas
1423 3897 1639 3952 habebat
1657 3895 1868 3965 aquila,

265 3999 373 4057 hoc
403 4009 511 4067 est,
543 4015 728 4073 regem
763 3999 1088 4071 superbum;
1140 4011 1266 4052 nam
1314 3993 1500 4063 aquila
1549 3991 1692 4062 regis
1725 3987 1869 4044 indi-

267 4095 415 4149 cium
448 4102 553 4161 est,
586 4103 643 4150 et
671 4092 1129 4165 quemadmodum
1186 4091 1237 4144 in
1289 4086 1548 4144 cornibus
1579 4094 1634 4139 et
1676 4081 1869 4152 capiti-

273 4183 378 4240 bus
411 4186 732 4252 bestiarum,
764 4179 836 4239 ita
871 4184 1010 4240 etin
1053 4181 1156 4236 alis
1203 4193 1364 4250 reges
1405 4177 1771 4232 deputantur:
1819 4179 1874 4226 et

266 4277 609 4345 generaliter
637 4292 670 4330 a
691 4277 928 4346 paritate
959 4274 1204 4339 rationis,
1239 4267 1504 4342 quidquid
1542 4265 1744 4322 habere
1790 4264 1876 4319 di-

269 4382 477 4426 cuntur
507 4385 672 4440 super
692 4385 750 4426 se
781 4385 942 4442 reges
965 4377 1117 4435 sunt;
1144 4370 1208 4425 5°
1236 4365 1381 4438 quod
1401 4363 1645 4419 breviter
1685 4359 1874 4430 deplu-

270 4474 421 4521 mats
467 4475 572 4528 est,
621 4475 677 4521 et
725 4465 964 4534 dignitas
1013 4463 1161 4532 regia
1224 4460 1293 4515 ab
1345 4474 1412 4515 ea
1471 4457 1572 4512 fuit
1627 4456 1808 4510 ablata
1856 4469 1872 4508 :

1974 3243 2086 3312 ejus
2111 3247 2160 3292 et
2183 3239 2422 3292 dentibus
2446 3240 2584 3308 ejus.
2607 3238 2874 3293 Nimirum
2921 3239 3178 3308 quoniam
3217 3239 3274 3295 in
3303 3249 3415 3297 tres
3441 3255 3566 3308 par-

1975 3343 2055 3389 tes
2086 3348 2313 3403 regnum
2343 3331 2473 3386 illud
2500 3339 2621 3386 erat
2645 3331 3020 3398 dividendum,
3057 3343 3125 3390 'ct
3179 3334 3388 3405 tibique
3409 3335 3562 3393 fero-

1973 3425 2112 3480 ciam
2144 3424 2534 3489 cxercitnrum;
2559 3427 2620 3481 5°
2658 3425 2898 3496 denique
2917 3426 3062 3496 quod
3091 3425 3139 3483 ei
3173 3428 3274 3484 soli
3305 3429 3444 3485 inter
3458 3443 3566 3485 cte-
3647 3502 3651 3505 π

1973 3527 2120 3574 teras
2152 3519 2353 3573 bestias
2376 3519 2581 3574 dictum
2616 3517 2734 3584 fuit,
2769 3519 2961 3588 Surge,
2990 3522 3198 3575 comede
3237 3539 3418 3578 carnes
3445 3524 3565 3592 plu-

1972 3611 2152 3664 rimas.
2187 3609 2256 3665 Et
2278 3619 2424 3665 recte
2457 3610 2555 3664 tria
2587 3610 2706 3666 hac
2727 3610 2797 3667 de
2826 3612 3110 3667 Wandalis
3141 3614 3565 3685 dicuntttr,quo-

1972 3717 2092 3756 rum
2121 3703 2444 3770 parcitatem
2474 3703 2670 3766 victus,
2705 3706 2817 3756 ursi
2850 3705 3106 3774 symbolo
3124 3706 3441 3760 denotatam
3467 3747 3483 3773 ,
3511 3716 3568 3763 et

1974 3793 2376 3859 castimoniam,
2429 3809 2549 3862 (pun
2604 3793 2729 3848 inde
2769 3795 3165 3863 consequitur,
3218 3811 3570 3864 summopere

1974 3885 2158 3940 laudat
2183 3885 2472 3941 Salvianus
2501 3885 2866 3942 Massiliensis
2918 3887 3014 3943 lib.
3046 3906 3122 3945 vn
3151 3890 3220 3946 de
3267 3891 3566 3950 Providen-

1977 3975 2068 4029 tia.
2097 3975 2292 4046 lnejus
2323 3986 2504 4029 autem
2539 3991 2635 4030 ore
2678 3984 2791 4030 tres
2840 3977 3064 4033 ordines
3110 3979 3358 4036 dentium
3402 3982 3570 4041 fuisse

1975 4067 2251 4132 dicuntur,
2272 4069 2396 4137 quia
2425 4082 2545 4122 cuzn
2571 4083 2674 4123 una
2702 4069 2908 4138 quaevis
2932 4081 3254 4128 cmterarom
3285 4075 3572 4133 nationum

1975 4177 2003 4216 a
2035 4161 2352 4218 seinvicem
2405 4177 2702 4232 numquam
2747 4163 3097 4230 discesserit;
3153 4165 3406 4224 Wandali
3454 4178 3570 4225 tres

1977 4256 2224 4310 diversas
2247 4254 2558 4324 provincias
2585 4263 2915 4326 occuparunt
2940 4271 2954 4321 ;
3000 4267 3056 4313 et
3091 4258 3325 4328 primum
3348 4261 3568 4329 quidem

1977 4347 2366 4404 Wandalorum
2400 4347 2650 4403 nonnulli
2687 4347 2756 4402 ad
2777 4347 3092 4405 Gallaeciam
3152 4365 3317 4420 pmpe
3361 4352 3573 4408 Suevos

1980 4443 2146 4496 sedes
2164 4443 2421 4506 tixerunt,
2452 4440 2545 4494 alii
2573 4455 2704 4494 vero
2730 4444 3058 4508 cognomine
3099 4441 3294 4512 Silingi
3317 4443 3384 4496 ad
3411 4444 3574 4497 Bati-

268 4557 602 4627 Aspiciebam
625 4533 998 4612 donecevulsa:
1018 4564 1140 4609 sunt
1166 4553 1270 4607 alit
1304 4555 1440 4620 eius,
1491 4558 1536 4603 st
1566 4548 1772 4604 sublata
1799 4555 1875 4602 est

1981 4549 2100 4590 cam
2131 4534 2516 4598 declinarunt;
2551 4543 2605 4587 et
2634 4533 2854 4587 tandem
2887 4533 3146 4589 fortiores
3175 4535 3417 4604 ipsorum
3439 4535 3582 4590 Afri.

269 4649 338 4704 de
359 4660 524 4718 terra,
547 4661 594 4703 et
616 4663 774 4719 super
806 4650 958 4718 pedes
984 4647 1135 4717 quasi
1158 4644 1314 4698 homo
1333 4641 1470 4697 stetit
1494 4658 1514 4696 :
1543 4640 1801 4696 videlicet
1815 4639 1876 4694 tit

269 4743 400 4798 aliis
437 4744 742 4808 assisteret,
768 4741 1085 4798 servitutem
1116 4738 1398 4808 amplexa;
1445 4751 1565 4805 (iure
1591 4735 1736 4789 enim
1785 4750 1876 4788 su-

269 4833 600 4902 perbissima
627 4833 866 4888 omnium
895 4833 1004 4887 alta
1034 4829 1108 4886 de
1126 4845 1186 4884 se
1215 4825 1606 4899 prmsutnehat,
1649 4833 1706 4881 et
1750 4824 1877 4880 fera:

273 4923 534 4980 induerat
560 4925 848 4992 satvitiam,
879 4933 1165 4978 mansueta
1189 4928 1245 4976 et
1267 4917 1573 4974 tractabilis
1601 4915 1740 4971 facta
1769 4925 1881 4970 est.

271 5014 348 5071 Et
368 5017 477 5073 hoc
506 5017 756 5088 estquod
782 5017 1004 5083 dicitur,
1049 5024 1094 5069 et
1127 5030 1217 5069 cor
1240 5012 1464 5066 hominis
1487 5009 1671 5063 clatum
1693 5017 1768 5061 est
1790 5007 1838 5060 ei
1861 5021 1881 5060 :

277 5108 490 5165 Alanos
517 5109 664 5163 omni
695 5108 860 5164 modo
879 5107 968 5164 hic
992 5117 1149 5178 typus
1179 5103 1490 5161 adumbrat.
1519 5097 1882 5156 Potentaban-

277 5206 373 5254 tur
421 5199 705 5256 Wandalis
739 5210 793 5256 et
839 5199 1070 5262 Suevis;
1115 5197 1326 5253 Gothos
1365 5192 1758 5262 despiciebant.
1817 5191 1884 5246 Et

272 5293 505 5364 quando
530 5291 782 5348 Wandali
808 5292 968 5347 simul
994 5301 1050 5346 et
1072 5286 1565 5346 StteviGallaeciam
1593 5285 1768 5340 solam
1789 5296 1888 5339 oc-

271 5395 572 5456 cuparunt,
606 5386 760 5442 Alani
788 5387 1028 5454 potiores
1069 5383 1344 5452 Hispaniae
1375 5379 1686 5451 provincias
1717 5393 1880 5433 acce—

274 5487 504 5546 perunt,
561 5477 1042 5548 Carthaginensem
1095 5475 1311 5531 scilicet
1385 5481 1442 5528 et
1493 5471 1886 5526 Lusitaniam:

273 5568 588 5625 Gallteciam
619 5569 870 5625 Wandali
911 5576 1181 5640 occupant,
1235 5577 1281 5621 et
1331 5565 1488 5621 Saevi
1543 5563 1646 5633 (ait
1691 5561 1890 5616 ldatius

274 5673 438 5712 anno
476 5659 690 5714 Domini-
716 5658 844 5730 Ml)
866 5660 1018 5713 sitam
1039 5660 1093 5711 in
1121 5657 1452 5712 extremitate
1482 5653 1679 5709 Oceani
1726 5652 1890 5706 maris

278 5749 545 5820 occidua;
567 5751 723 5809 Alani
752 5748 1082 5807 Lusitaniam
1110 5759 1158 5804 et
1187 5748 1652 5820 Carthagiuenacm
1677 5743 1888 5814 prouin-

1983 4643 2100 4684 cam
2133 4635 2420 4698 ceperunt,
2451 4635 2504 4680 et
2526 4625 2900 4680 devastarunt.
2931 4625 3004 4681 lta
3046 4641 3178 4682 sane
3225 4643 3294 4683 ex
3351 4627 3582 4695 Orosio,

1982 4718 2210 4774 Isodoro
2236 4725 2292 4773 et
2319 4715 2491 4772 Idalio
2513 4715 2740 4772 credere
2760 4715 3074 4783 edocemur,
3110 4717 3270 4788 hujus
3300 4718 3582 4790 siquidem.

1986 4815 2170 4884 (quem
2203 4811 2310 4866 dno
2331 4812 2420 4866 alii
2452 4809 2782 4882 sequuntur)
2809 4810 2969 4865 verba
3015 4821 3166 4866 sunt.
3205 4813 3347 4867 Anu.
3378 4813 3443 4868 17
3474 4812 3553 4869 Ar

1987 4907 2126 4962 cadii
2158 4915 2212 4961 et
2243 4904 2466 4960 llonorii
2500 4921 2513 4957 :
2545 4902 2853 4958 Gallteciam.
2908 4901 3162 4958 Wundali
3215 4914 3490 4974 occupant,
3534 4915 3585 4962 et

1989 5001 2147 5057 Sueui
2175 5001 2330 5054 Alani
2355 4999 2679 5054 Lusitaniam
2704 5007 2751 5053 et
2777 4997 3234 5069 Carthagineusent
3257 5001 3585 5070 prouincias;

1985 5104 2032 5149 et
2066 5091 2319 5150 Wandali
2340 5093 2648 5164 cognomine
2682 5091 2878 5162 Silingi
2918 5090 3169 5146 Baeticam
3210 5095 3519 5162 sortiuntur,
3551 5109 3586 5148 ι

1989 5187 2182 5256 quibus
2204 5185 2558 5242 Waudalusia
2583 5185 2929 5253 postmodum
2961 5187 3225 5256 appellari
3253 5188 3437 5258 empit.
3466 5191 3588 5246 Atto

1991 5295 2062 5333 no
2092 5277 2292 5333 deinde
2341 5277 2376 5332 5
2425 5275 2726 5341 Theodosii,
2783 5275 3094 5332 Gensericus
3133 5296 3226 5335 rex
3274 5281 3338 5335 de
3377 5279 3588 5333 Baetica:

1992 5373 2272 5444 provincia:
2316 5371 2490 5425 littore
2526 5388 2644 5424 cum
2680 5370 2961 5426 Waudalis
3003 5375 3267 5440 omnibus,
3312 5386 3586 5440 eorumqre

1995 5464 2230 5536 familiis,
2264 5481 2433 5518 mense
2462 5463 2606 5517 Maio
2637 5463 2708 5516 ad
2731 5462 3134 5532 Mauritaniam,
3177 5475 3226 5521 et
3247 5466 3476 5534 Africam
3504 5479 3588 5516 re-

1995 5557 2130 5612 lictis
2156 5558 2359 5611 transiit
2389 5553 2680 5627 Bispanit's.
2705 5555 2912 5627 Ubique
2959 5566 3162 5612 tamen-
3189 5556 3384 5610 dentes
3428 5569 3582 5618 suos,

1996 5647 2054 5702 id
2098 5658 2203 5710 est,
2255 5646 2530 5702 feritatem
2581 5646 2634 5702 in
2692 5661 2883 5702 servos
2930 5643 3134 5700 Christi
3199 5655 3590 5708 exercuerunt,

1996 5750 2191 5796 cuncta
2221 5751 2414 5796 eorum
2440 5737 2579 5796 bona
2611 5737 3012 5808 deprtedautcs,
3036 5748 3100 5792 ac
3131 5735 3360 5792 miseros
3389 5736 3590 5794 miich
