4122 6174
475 236 582 294 583

1386 234 1682 295 FLAVIUS
1717 233 1966 294 LUCIUS
2004 232 2289 292 DEXTER
2321 235 2856 297 CllRONOLOGUS.

3644 235 3772 297 '58!

476 353 835 408 trucidantes.
862 352 1087 425 Egimus
1111 353 1165 408 in
1201 353 1578 424 superioribus
1603 354 1672 410 de
1699 355 1758 410 S.
1785 354 2068 409 Vincentio
2099 354 2151 413 Α
2181 356 2488 424 Decembri,
2521 372 2550 412 a
2575 357 2912 414 Theoderico
2941 355 3249 414 Gothorum
3270 369 3418 428 rege.
3439 355 3532 413 IV.
3559 355 3776 412 Riccia-

473 447 756 504 Cauriensi
789 449 840 503 in
872 449 1073 505 Baetica
1105 465 1132 503 a
1165 449 1450 504 Wandalis
1474 450 1738 522 martyrio
1767 457 2066 512 coronata;

473 541 650 612 deque
678 542 780 599 SS.
815 543 1143 614 martyribus
1169 542 1424 608 Arcadio,
1464 554 1519 599 et
1544 542 1710 598 sociis
1743 543 1819 597 'ab
1861 542 2070 598 eisdem

475 636 693 690 occisis.
727 635 805 692 De
833 635 916 690 his
945 652 1077 691 vero
1105 651 1242 706 quos
1263 636 1534 699 Bracarae,
1569 636 1839 692 Callaeciae
1871 645 2072 691 metro-

477 725 608 794 poli,
637 725 977 796 jugula—runt,
1003 725 1196 781 scribit
1221 726 1338 793 ipse
1361 725 1566 781 ldatius
1596 727 1665 781 ad
1689 743 1890 783 annum
1911 725 2068 780 Dom.

473 817 580 874 420
609 830 662 874 et
689 819 814 875 427.
842 820 908 875 Et
938 821 1092 891 quasi
1119 835 1306 890 parum
1345 821 1412 877 de
1453 820 1713 877 carnibus
1743 820 2072 876 Christianis

473 911 864 979 comedissent,
910 930 1118 984 surgere
1167 929 1356 969 rursus
1402 915 1666 983 jubentur
1723 925 1771 969 et
1801 915 2073 968 comedere

473 1018 654 1058 carnes
681 1004 957 1076 plurimas,
992 1020 1100 1076 quo
1133 1004 1428 1061 denotatur
1462 1005 1760 1061 Wandalos
1790 1021 1816 1058 a
1849 1007 2072 1062 sedibus

472 1111 608 1166 quas
646 1097 800 1167 prius
828 1099 881 1152 in
923 1097 1184 1168 Hispania
1229 1099 1507 1154 habebant
1554 1101 1884 1169 surrexisse,
1917 1108 1973 1155 et
2017 1104 2072 1154 in

474 1186 712 1243 Africam
749 1189 1162 1258 transfretasse,
1191 1191 1279 1247 ubi
1322 1193 1765 1263 persecutionem
1791 1193 1937 1248 illam
1971 1207 2072 1247 no-

473 1279 762 1347 tissimam,
792 1283 860 1340 ab
889 1284 970 1339 eis
1003 1283 1377 1346 Wandalicam
1423 1291 2072 1354 n’uncupatam,commo-

473 1385 691 1442 verunt,
715 1392 877 1433 causa
903 1379 1198 1434 Arianismi
1228 1379 1678 1451 inducendi,qu:n
1702 1389 1782 1435 tot
1803 1381 2072 1452 myriades

475 1483 776 1543 martyrum
815 1473 928 1528 Deo
961 1475 1312 1528 consecravit
1375 1485 1430 1530 et
1481 1490 1510 1528 a
1566 1476 1786 1530 Victore
1831 1474 2072 1530 Uticensi

471 1567 673 1636 scripta
713 1574 815 1622 est.
873 1566 956 1623 Ob
1007 1567 1058 1622 id
1113 1579 1262 1623 certe
1315 1568 1522 1623 dictum
1582 1567 1684 1622 fuit
1734 1567 2072 1623 Wandalicm

473 1659 686 1729 bestias,
713 1661 922 1714 comede
942 1675 1122 1714 carnes
1151 1660 1426 1731 plurimas,
1452 1659 1594 1730 quod
1630 1669 1807 1714 tamen
1839 1660 1905 1714 de
1924 1659 2068 1714 nulla

2176 449 2258 503 rio
2301 449 2420 504 sine
2464 462 2786 505 successore
2832 459 3045 504 mortuo
3097 449 3309 506 electus
3346 447 3444 503 fuit
3496 464 3527 504 a
3577 447 3773 505 Soeris

2177 539 2412 606 Maldra,
2444 542 2534 612 qui
2566 553 2762 612 quarto
2794 541 2947 614 regni
2978 557 3121 598 anno
3149 542 3366 598 occisus
3402 549 3508 598 est.
3540 533 3772 598 VCSuc-

2176 645 2450 686 ccssorem
2482 632 2668 688 habuit
2697 633 3143 688 Remismuudum.
3173 633 3262 689 Vl.
3291 634 3386 689 llic
3407 641 3589 691 autem
3613 635 3768 689 Aria-

2177 723 2443 790 nimirum,
2472 724 2560 781 vel
2590 724 2998 782 Tlteodomirum
3025 744 3044 782 :
3070 727 3273 798 duplici
3317 728 3640 799 insignitum
3673 745 3774 786 no-

2176 817 2356 886 mine,
2413 817 2559 890 quod
2630 819 2888 876 videlicet
2941 821 3206 892 principio
3259 821 3482 879 Arianis
3533 821 3772 889 faveret,

2176 907 2374 965 deinde
2428 910 2781 968 ltivinitatem
2813 910 3012 967 Chrisn
3060 912 3240 969 fassus
3288 913 3400 978 sit;
3433 913 3577 970 unde
3614 914 3776 985 prius

2178 1001 2554 1072 Arianimirus,
2596 1015 2780 1073 postea
2832 1003 3234 1060 Theodomirus
3285 1005 3464 1063 dictus
3509 1016 3618 1063 est.
3656 1007 3773 1062 VII.

2178 1092 2317 1148 Miro
2345 1095 2642 1151 Suevorum
2673 1097 3040 1166 gubernacula
3073 1096 3349 1168 suscepit;
3374 1107 3430 1154 et
3461 1097 3599 1164 Vlll,
3626 1099 3774 1155 Evo-

2179 1185 2346 1250 ricus,
2383 1187 2436 1241 in
2466 1201 2572 1258 quo
2604 1195 2711 1242 tota
2743 1188 3050 1245 Suevorum
3092 1204 3280 1261 regum
3313 1190 3570 1262 prosapia
3611 1191 3776 1248 simul

2177 1289 2304 1330 cum
2329 1291 2531 1332 corona
2564 1278 2787 1336 defecit.
2822 1281 2896 1335 Ita
2939 1296 3006 1337 ex
3041 1281 3235 1350 Idalio,
3271 1282 3344 1338 M.
3385 1283 3643 1350 Maximo,
3678 1284 3776 1341 Vi-

2177 1368 2437 1431 clarcnsi.
2465 1378 2524 1426 et
2544 1370 2754 1427 Isidoro
2785 1373 3119 1440 desumitur;
3148 1385 3203 1430 et
3245 1376 3461 1431 tametsi
3492 1377 3774 1444 nonnulli,

2179 1475 2248 1515 ex
2274 1459 2473 1530 quibus
2500 1473 2582 1517 est
2605 1461 2895 1530 Maximus,
2923 1465 2974 1519 in
3000 1466 3194 1521 ordine
3220 1481 3410 1537 regum
3435 1467 3778 1537 designando

2177 1553 2412 1618 varient,
2445 1568 2568 1608 nam
2613 1553 2945 1610 Ricciarium
2979 1557 3132 1628 ponit
3162 1572 3271 1613 non
3305 1558 3470 1614 tertio
3497 1561 3618 1615 loco
3653 1571 3776 1630 post

2178 1641 2576 1713 Rechillanem,
2627 1646 2724 1702 sed
2771 1649 2960 1717 quinto
3009 1649 3153 1704 inter
3216 1649 3666 1722 Remismundum
3722 1662 3780 1709 et

474 1760 796 1807 eicterarom
821 1749 1159 1806 dicitur.Cui
1182 1754 1348 1806 etiam
1387 1752 1486 1805 soli
1519 1753 1811 1805 convenire
1835 1751 2068 1814 videtur,

2183 1737 2602 1792 Arianimirnm:
2638 1754 2801 1795 neruo
2843 1752 3020 1795 tamen
3065 1742 3417 1798 octonarium
3470 1756 3654 1817 auget,
3687 1747 3772 1801 vel

472 1844 690 1914 quodin
724 1853 868 1915 parte
905 1844 1064 1909 stetit,
1116 1843 1371 1898 nimirum
1423 1843 1680 1912 quoniam
1726 1843 1955 1913 reliquis
2013 1844 2068 1896 in

477 1932 738 2003 lliSpania
767 1935 1136 2000 manentibus,
1158 1935 1260 1989 soli
1285 1933 1533 1989 Wandali
1569 1935 1620 1988 in
1645 1934 1807 1988 aliam
1860 1945 2067 2004 partem

470 2043 500 2082 a
531 2029 745 2084 cancris
770 2028 1005 2099 sejuncti
1033 2039 1182 2094 sunt,
1216 2026 1269 2082 id
1301 2035 1408 2093 est,
1436 2028 1489 2081 in
1515 2026 1851 2096 Hispaniam.

546 2121 722 2176 Tertia
744 2122 924 2189 bestia,
959 2121 1137 2178 Suevi.
1156 2149 1226 2161 -—
1252 2119 1502 2176 Totidem
1529 2131 1691 2190 atque
1731 2120 1782 2173 in
1817 2118 2067 2188 reliquis,

467 2213 522 2271 in
558 2216 717 2270 tertia
745 2215 916 2271 bestia
959 2225 1155 2282 notatu
1190 2214 1351 2285 digna
1393 2211 1780 2283 reperiuntur:
1813 2213 1873 2267 1ο
1908 2211 2066 2280 Quod

471 2319 586 2363 erat
610 2309 765 2380 quasi
807 2309 1027 2379 pardus,
1060 2309 1149 2379 qui
1201 2308 1270 2363 de
1298 2323 1500 2380 genere
1543 2307 1767 2361 leonum
1797 2307 2065 2370 existens,

471 2402 676 2473 regiam
710 2401 1054 2472 majestalem
1085 2401 1378 2470 signiﬁcat.
1411 2399 1476 2453 2°
1507 2397 1662 2465 Quod
1695 2399 1809 2451 alas
1843 2395 2070 2451 habebat

471 2494 616 2563 quasi
645 2494 775 2559 avis,
802 2505 1024 2561 quatuor
1051 2509 1212 2564 supra
1233 2509 1308 2560 se,
1334 2501 1381 2546 et
1407 2500 1634 2560 quatuor
1680 2495 1842 2546 etiam
1897 2489 2072 2561 capita

476 2596 623 2640 erant
661 2586 716 2638 in
747 2586 928 2643 bestia.
957 2584 1093 2641 Cum
1143 2602 1271 2642 vero
1323 2585 1376 2640 id
1425 2585 1569 2655 quod
1619 2601 1866 2656 regnum,
1909 2585 2073 2655 cujus

474 2678 646 2734 bestia
696 2679 837 2750 gerit
866 2689 1077 2750 typum,
1120 2677 1322 2734 habere
1369 2677 1574 2734 dicitur
1626 2694 1794 2749 super
1841 2693 1922 2743 se,
1971 2692 2070 2733 rex

473 2771 591 2842 ejus
621 2773 713 2836 sit,
751 2771 810 2826 lit
841 2785 899 2826 ut
930 2780 1164 2843 quatuor
1206 2772 1310 2826 ala!
1341 2781 1396 2826 et
1444 2771 1670 2826 totidem
1717 2772 1892 2842 capita
1949 2785 2072 2841 qua:

471 2879 636 2934 super
669 2864 880 2921 tertiam
909 2864 1138 2920 bestiam
1171 2873 1348 2928 erant,
1383 2875 1507 2918 octo
1537 2877 1695 2935 reges
1737 2861 2067 2932 signilicent,

474 2956 564 3028 qui
596 2956 714 3026 ejus
744 2955 923 3027 regni,
953 2969 1211 3011 succeSsu
1245 2955 1533 3024 temporis,
1584 2953 1826 3010 habenas
1869 2954 2070 3009 recturi

472 3058 678 3106 essent.
714 3051 778 3107 3°
808 3048 965 3115 Quod
1011 3047 1326 3118 specialiter
1370 3047 1438 3102 de
1487 3061 1549 3102 ea
1598 3047 1879 3116 scribitur,
1923 3044 2069 3117 quod

2174 1827 2402 1884 minuit:
2429 1845 2455 1882 a
2477 1845 2584 1900 quo
2607 1831 2764 1908 longe
2793 1832 3083 1902 abjieiendi
3107 1842 3234 1890 sunt
3254 1845 3489 1903 quatuor
3531 1836 3770 1908 tyranni,

2177 1918 2265 1988 qui
2296 1933 2522 1990 regnum
2559 1892 2846 1992 aliquoties
2893 1925 3142 1995 arripere
3182 1929 3361 1982 conati
3393 1939 3560 1982 sunt:
3596 1926 3778 1983 Fran-

2175 2019 2320 2064 (aues
2374 2013 2429 2066 in
2483 2013 2743 2070 Maldram
2801 2032 2983 2087 regem
3034 2019 3360 2086 rebellavit;
3393 2017 3691 2076 Fumarius
3723 2024 3776 2077 in

2174 2101 2662 2174 Remismuudum;
2697 2111 2910 2163 Andeco
2943 2112 2995 2165 in
3047 2111 3342 2180 Mirouetu,
3372 2123 3429 2169 et
3456 2115 3776 2172 Halluricus

2179 2197 2398 2252 tandem
2435 2199 2487 2253 in
2520 2199 2696 2269 ipsum
2730 2202 3038 2262 Audeeam:
3069 2219 3259 2261 omnes
3286 2205 3554 2277 siquidem
3581 2218 3769 2264 auctu-

2176 2305 2264 2345 res
2293 2293 2641 2350 concorditer
2664 2310 2758 2351 eos
2787 2305 3050 2369 tyrannos
3079 2312 3417 2372 nuncupant,
3442 2317 3549 2359 non
3582 2320 3770 2375 reges.

2176 2381 2381 2438 Habuit
2433 2387 2660 2455 proinde
2716 2388 2890 2443 bestia
2946 2391 3138 2458 tertia,
3189 2391 3484 2462 leopardus
3532 2395 3776 2460 Suesus,

2174 2474 2293 2530 alas
2325 2485 2558 2546 quatuor
2599 2494 2764 2550 super
2792 2495 2852 2536 se
2895 2491 2950 2536 el
2980 2490 3214 2552 quatuor
3240 2485 3442 2556 capita,
3467 2496 3517 2540 et
3548 2494 3779 2556 potestas

2180 2567 2309 2622 data
2355 2578 2429 2622 est
2478 2571 2544 2636 ei,
2575 2587 2695 2640 qua:
2741 2579 2920 2627 tamen
2969 2589 3070 2631 nec
3105 2574 3410 2643 Wandalis,
3443 2593 3548 2634 nec
3589 2579 3782 2635 Alanis

2181 2661 2386 2716 dicitur
2419 2662 2578 2728 data;
2619 2665 2820 2735 quippe
2858 2683 2980 2720 cum
3011 2668 3124 2723 cito
3157 2669 3349 2724 euulsa:
3391 2681 3511 2726 sunt
3548 2673 3653 2738 ala:
3681 2671 3781 2725 Ito-

2176 2768 2324 2816 rum;
2351 2765 2406 2809 et
2444 2755 2522 2810 illi
2558 2757 2612 2809 in
2655 2768 2801 2828 parte
2855 2769 3131 2828 steterunt,
3165 2761 3216 2815 id
3261 2771 3367 2829 est,
3399 2762 3560 2818 Alani
3592 2763 3778 2834 prius-
3809 2773 3818 2778 ‘

2177 2860 2338 2916 quam
2369 2849 2777 2906 successionem
2805 2853 2957 2923 regni
2990 2855 3072 2908 sui
3109 2854 3378 2912 haberent
3407 2855 3462 2912 in
3493 2847 3776 2913 Lusitania

2176 2943 2439 3001 deStt'ucti
2462 2947 2875 3015 sunt,Wandali
2911 2968 3042 3008 vero
3065 2953 3116 3007 in
3142 2953 3383 3009 Africam
3406 2966 3774 3012 secesserunt.

2249 3040 2356 3096 Sed
2387 3043 2743 3111 quamobrem
2780 3056 3018 3115 quatuor
3038 3047 3252 3118 priores
3283 3065 3441 3120 reges
3465 3051 3773 3106 Suevorum

472 3152 716 3214 potestas
743 3141 871 3198 dum
895 3148 984 3197 est
1019 3141 1092 3208 ei,
1124 3140 1267 3212 quod
1304 3149 1482 3195 [amen
1520 3140 1589 3196 de
1629 3139 1843 3196 duabus
1877 3139 2073 3210 [πίοι-ί.
2101 3131 2150 3198 c
2181 3130 2300 3198 alte,
2332 3142 2385 3188 et
2414 3143 2651 3203 quatuor
2676 3137 3010 3206 posteriores
3058 3140 3231 3210 capita
3284 3130 3687 3212 nuncupantur,
3719 3152 3778 3198 (ιι

473 3235 578 3292 bus
604 3236 808 3292 dictum
842 3249 951 3291 non
991 3244 1077 3291 est
1112 3253 1124 3289 :
1160 3235 1247 3290 ubi
1294 3234 1542 3304 profecto
1591 3235 1857 3305 inanitur,
1893 3236 2071 3290 natio-

475 3344 599 3384 nem
617 3345 713 3399 per
734 3343 853 3384 eam
878 3327 1111 3383 bestiam
1137 3327 1530 3397 signiﬁcatam,
1545 3327 1820 3396 peculiare
1844 3341 2071 3398 regnum

473 3419 822 3476 fondaturam
863 3429 918 3475 et
954 3434 1360 3489 possessorum,
1391 3419 1559 3490 longo
1601 3420 1863 3490 temporis
1902 3422 2074 3476 inter-

475 3512 622 3567 vallo
654 3527 751 3582 per
782 3512 1075 3567 multorum
1119 3527 1310 3582 regum
1352 3512 1494 3567 vitas
1529 3511 1716 3567 ducto.
1756 3512 1902 3568 Nihil
1942 3529 2075 3569 vero

473 3604 726 3662 exactius
745 3605 954 3662 Suevos
996 3603 1324 3661 adumbrare
1362 3612 1568 3676 posset,
1600 3605 1687 3674 qui
1721 3605 1956 3676 speciale
1983 3621 2073 3662 re-

476 3716 644 3770 gnum
675 3699 986 3756 habuerunt
1016 3699 1068 3754 in
1104 3699 1381 3770 llispania,
1413 3698 1558 3771 quod
1590 3707 1772 3754 tamen
1805 3715 1906 3756 nec
1936 3701 2067 3755 Ala-

470 3792 549 3859 ni,
583 3808 687 3850 nec
728 3791 982 3849 Waudali
1028 3791 1374 3848 laudavere:
1428 3801 1482 3847 et
1521 3791 1588 3846 ad
1640 3801 1844 3848 tantam
1896 3791 2072 3848 indies

471 3883 823 3940 devenerunt
855 3884 1117 3954 potentim
1151 3882 1608 3955 magnitudinem,
1642 3892 1700 3937 ut
1728 3883 1796 3939 de
1824 3883 2070 3940 Rechilla

472 3994 662 4035 eorum
716 3994 843 4047 rege
893 3980 1098 4034 scribat
1154 3978 1225 4032 bl.
1256 3979 1522 4034 Maximus
1576 3980 1628 4033 in
1681 3977 1887 4033 Chron.
1937 3995 2067 4034 ann.

473 4071 632 4126 Dom.
655 4069 762 4125 448
787 4068 1379 4135 :Rechilla,Suet-orum
1404 4086 1515 4133 rex,
1537 4085 1663 4138 pene
1689 4071 1844 4124 totius
1872 4070 2073 4143 Hispa-

471 4161 573 4216 nia:
614 4162 896 4216 mouarcha
925 4162 1004 4232 fit.
1037 4159 1260 4216 Duravit
1290 4176 1422 4215 vero
1455 4162 1696 4231 ipsorum
1739 4177 1966 4232 regnum
1990 4163 2060 4218 ab

471 4268 602 4308 ann.
634 4252 767 4322 ΔΗ,
805 4269 915 4323 quo
954 4253 1006 4308 in
1043 4251 1355 4342 Gallteciam
1383 4262 1753 4321 secesserunt,
1788 4269 1959 4325 usque
2000 4253 2070 4310 ad

469 4361 673 4401 annum
709 4347 745 4402 5
768 4344 1011 4404 Mauritii
1041 4345 1416 4416 imperatoris,
1446 4354 1501 4401 et
1529 4343 1729 4400 Christi
1771 4345 1899 4410 588,
1933 4355 2070 4402 teste

476 4437 691 4495 Joanne
720 4436 1032 4495 Viclarensi
1063 4437 1116 4493 iu
1143 4436 1376 4505 Cbrou.,
1408 4451 1526 4503 seu,
1571 4444 1634 4492 ut
1683 4436 1755 4492 Μ.
1802 4436 2068 4492 Maximus

2179 3237 2285 3278 non
2341 3239 2534 3281 omnes
2581 3227 2785 3297 capita,
2833 3238 2927 3282 aut
2979 3244 3084 3284 non
3135 3246 3329 3287 omnes
3375 3232 3518 3287 alte?
3560 3232 3630 3290 Ut
3669 3249 3778 3303 ego

2182 3317 2460 3386 existimo,
2496 3321 2754 3390 quoniam
2791 3331 3026 3392 quatuor
3066 3324 3279 3394 priores
3317 3325 3622 3382 incredibili
3654 3344 3776 3396 per-

2180 3409 2404 3465 nicitate
2451 3411 2699 3468 diversas
2753 3423 3099 3485 remotasque
3142 3415 3416 3488 Hispania:
3463 3417 3776 3489 provincias

2179 3498 2482 3570 depraedati
2507 3511 2655 3570 sunt;
2683 3506 3019 3573 posteriores
3049 3509 3294 3576 quietem
3320 3509 3528 3580 adepti,
3551 3511 3774 3580 pacifice

2180 3601 2368 3662 gentes
2421 3608 2550 3648 suas
2601 3595 3006 3666 gnbernarunt.
3041 3598 3410 3656 Hermenricus
3451 3605 3655 3674 sapius
3682 3621 3776 3660 eas

2181 3685 2457 3741 Callaeciae
2489 3695 2672 3758 partes
2697 3706 2817 3758 qua:
2858 3692 2960 3748 sub
2989 3693 3106 3764 ipso
3133 3709 3242 3749 non
3272 3704 3432 3750 erant
3461 3695 3772 3764 infestavit;

2179 3775 2412 3832 llic/tilla
2444 3781 2674 3850 primum
2709 3781 3011 3840 Emeritam
3061 3801 3232 3858 usque
3276 3789 3545 3857 pervenit,
3582 3803 3774 3862 postea

2179 3870 2436 3927 Baeticam
2488 3882 2545 3929 et
2589 3872 3078 3946 Carthagiuensem
3132 3878 3444 3948 provincias
3483 3896 3778 3953 aggressus

2179 3973 2295 4029 est;
2323 3964 2617 4020 Ricciarius
2649 3965 2944 4022 Vascouias
2969 3967 3294 4037 devastavit,
3323 3980 3379 4026 et
3409 3971 3535 4029 inde
3561 3974 3776 4031 Czesar-

2179 4067 2464 4126 angustam
2494 4067 2551 4114 et
2596 4060 2860 4129 Ilerdam;
2895 4060 3108 4118 Maldra
3148 4062 3496 4131 Ulixbouam,
3519 4075 3575 4124 et
3605 4077 3775 4125 totam

2178 4150 2512 4206 Lusitaniam
2541 4152 2768 4230 diripuit
2798 4155 3012 4223 (scribit
3045 4157 3114 4212 de
3155 4159 3272 4228 ejus
3309 4159 3478 4229 gestis
3505 4158 3774 4232 ldatius);

2175 4253 2233 4300 at
2260 4259 2394 4300 vero
2433 4242 2862 4314 Reniismundus,
2910 4246 3286 4320 Arianimirus,
3322 4252 3482 4316 Miro.
3513 4263 3560 4309 et
3591 4252 3779 4309 lirari-

2173 4357 2284 4408 cus,
2318 4340 2386 4397 de
2433 4341 2549 4396 solo
2579 4357 2745 4412 regno
2784 4357 2884 4399 suo
2929 4360 3152 4402 curasse
3180 4346 3455 4418 leguntur.
3484 4349 3610 4404 Inde
3640 4365 3778 4420 qna-

2175 4443 2299 4490 tuor
2329 4435 2536 4505 priores
2571 4450 2729 4506 reges
2758 4451 2856 4506 per
2880 4437 2998 4495 alas
3035 4449 3291 4509 quatuor,
3326 4440 3550 4497 totidem
3585 4453 3777 4512 poste-

469 4533 665 4606 inquit,
697 4531 753 4588 iu
803 4547 926 4600 suo,
978 4548 1106 4588 anu.
1161 4532 1318 4587 Dom.
1357 4530 1484 4595 586,
1518 4544 1626 4601 quo
1673 4547 1702 4584 a
1751 4521 2347 4601 LeovigildoDriores
2400 4543 2499 4598 per
2543 4538 2774 4599 quatuor
2820 4532 2996 4600 capita
3038 4532 3411 4603 propriissimc
3462 4534 3776 4591 adumbrati

471 4628 772 4686 Gothorum
803 4642 934 4699 rege
966 4627 1238 4698 snbjugati
1268 4634 1394 4682 sunt
1423 4634 1548 4696 post
1578 4626 1680 4680 177
1710 4623 1796 4679 vel
1833 4625 1932 4682 1⁸79
1964 4639 2066 4680 an-

471 4735 572 4776 nos
600 4720 810 4792 imperii
843 4718 1162 4776 Gallaeciani
1195 4734 1210 4770 :
1242 4733 1350 4786 quo
1396 4726 1646 4786 tempore
1691 4715 1941 4772 Bracarze
1983 4731 2069 4772 re-

470 4813 610 4882 giam
644 4813 850 4866 curiam
882 4810 1203 4866 habuerunt.
1238 4808 1393 4864 Unde
1419 4817 1475 4863 et
1504 4823 1646 4862 nunc
1688 4808 1812 4876 ejus
1841 4807 2070 4878 provin-

470 4903 571 4958 ciae
596 4902 801 4958 iucolas
827 4901 1076 4956 nonnulli
1101 4901 1259 4956 Sevos
1281 4898 1436 4970 quasi
1462 4899 1675 4956 Suevos
1690 4909 1907 4956 vocant.
1930 4901 2068 4957 Toto

470 5007 601 5046 vero
629 4993 1010 5062 prmdictorum
1043 4990 1148 5047 H7
1187 5005 1456 5045 annorum
1506 4989 1701 5061 spatio,
1736 5002 1861 5048 octo
1905 4992 2063 5047 dum-

473 5090 622 5138 taxat
669 5099 824 5154 reges
889 5083 1144 5140 habuisse
1197 5081 1478 5152 leguntur,
1534 5080 1726 5138 ordine
1789 5083 2063 5154 sequenti.

474 5173 691 5228 l’rimus
722 5172 822 5228 l‘nit
868 5173 1264 5239 Hermenricus,
1299 5173 1388 5242 qui
1442 5173 1494 5228 in
1546 5171 1802 5243 lliSpanis
1857 5172 2068 5245 primus

473 5265 778 5323 Suevorum
831 5266 984 5334 regni
1038 5265 1235 5319 solium
1287 5264 1498 5331 erexit;
1530 5265 1665 5321 vixit
1708 5273 1844 5323 teste
1895 5267 2067 5323 ldatio

472 5375 648 5430 usque
687 5358 755 5414 ad
785 5374 920 5412 ann.
961 5357 1176 5413 Domini
1217 5358 1344 5423 440,
1375 5358 1705 5429 reliquitque
1748 5359 1898 5431 regni
1937 5375 2067 5416 suc-

472 5470 752 5512 cessorem
807 5453 976 5508 lilium
1038 5467 1196 5508 suum
1251 5451 1648 5507 Rechillauem.
1706 5451 1772 5505 ll.
1825 5452 2068 5508 Rechan

469 5548 613 5604 obiit
641 5563 770 5603 ann.
805 5546 1024 5602 Domini
1053 5545 1181 5614 M7,
1213 5547 1302 5616 qui
1335 5545 1433 5600 fuit
1462 5546 1534 5601 24
1556 5545 1849 5602 Theodosii
1877 5547 2069 5602 Juuio—

473 5641 566 5694 ris.
594 5639 681 5695 lll.
707 5639 772 5696 Ei
799 5639 1068 5697 successit
1095 5637 1418 5708 Ricciarius,
1449 5639 1590 5695 illius
1631 5637 1822 5710 ipsius,
1847 5637 1938 5708 qni
1968 5653 2069 5693 an-

472 5748 543 5788 no
569 5734 817 5792 secundo
874 5732 1120 5792 Martiani
1164 5731 1427 5806 principis
1466 5733 1680 5791 occisus
1731 5733 1852 5802 fuit,
1890 5746 2084 5793 menso

2173 4630 2318 4685 sunt,
2345 4629 2400 4676 et
2428 4635 2603 4692 neque
2632 4636 2823 4679 omnes
2843 4623 2966 4690 alre,
2991 4639 3166 4696 neque
3192 4640 3382 4682 omnes
3421 4627 3602 4698 capita
3635 4643 3778 4682 nun-

2173 4714 2376 4785 cupaﬁ.

2249 4808 2450 4876 Quarta
2490 4809 2672 4876 bestia,
2705 4809 2883 4865 Gothi.
2911 4839 2983 4851 —
3003 4811 3082 4866 De
3108 4823 3300 4880 quarta
3347 4813 3566 4870 demum
3598 4815 3775 4870 bestia

2175 4901 2439 4967 dicemus,
2483 4901 2535 4956 in
2559 4918 2661 4973 qua
2685 4911 2917 4970 quatuor
2944 4902 3133 4959 Daniel
3166 4915 3353 4961 notatu
3374 4905 3536 4978 digna
3573 4906 3776 4976 przevi-

2175 4994 2255 5050 dit
2282 5013 2296 5051 :
2325 4996 2384 5051 10
2407 4995 2562 5064 Quod
2587 4994 2885 5052 mirabilior
2906 5006 2962 5051 et
2999 4997 3290 5054 terribilior
3313 5009 3432 5055 erat
3461 5004 3698 5062 caeteris.
3726 5011 3776 5055 et

2176 5090 2327 5160 fortis
2353 5091 2533 5156 nimis,
2565 5097 2756 5158 utpote
2795 5103 2915 5157 qum
2967 5089 3146 5144 dentes
3187 5095 3387 5162 ferreos
3418 5091 3635 5146 habebat
3666 5109 3776 5146 ma-

2177 5200 2330 5254 gnos,
2357 5190 2415 5236 et
2467 5197 2666 5253 ungues
2712 5181 2966 5236 similiter
3013 5182 3228 5249 ferreos,
3259 5194 3311 5236 et
3356 5198 3453 5240 ore
3497 5182 3655 5238 sitnul
3711 5201 3774 5240 ac

2181 5273 2408 5344 pedibus
2441 5274 2620 5328 omnia
2673 5288 2794 5343 qua:
2835 5272 2937 5327 sibi
2986 5272 3387 5343 objiciebantur
3427 5275 3772 5331 comminue-

2185 5364 2300 5431 bat,
2341 5364 2716 5432 conculcabat,
2747 5372 2804 5419 et
2852 5363 3210 5430 dilacerabat;
3236 5367 3300 5420 ~20
3329 5366 3472 5436 quod
3502 5367 3776 5423 dissimilis

2181 5464 2291 5511 erat
2343 5454 2562 5520 caeteris,
2606 5471 2705 5510 nec
2747 5466 2977 5523 certam,
3023 5455 3164 5524 quod
3213 5457 3486 5525 sciamus,
3541 5457 3776 5515 habebat

2181 5549 2437 5618 liguram;
2468 5547 2530 5602 5°
2562 5546 2703 5616 quod
2750 5546 2974 5600 habebat
3022 5563 3221 5601 cornua
3267 5549 3463 5616 decem,
3487 5563 3612 5621 posr
3657 5563 3774 5619 qum

2183 5653 2348 5694 cornu
2381 5635 2528 5690 aliud
2552 5637 2828 5708 parvulam
2861 5647 3032 5691 ortum
3061 5649 3134 5692 cst
3171 5638 3242 5692 de
3265 5640 3433 5695 medio
3473 5657 3676 5698 eorum.
3703 5640 3772 5696 Do

2183 5729 2293 5789 hoc
2339 5741 2520 5789 autem
2551 5727 2721 5786 multa
2753 5729 3039 5787 dicuntur:
3074 5731 3351 5804 nimirum,
3376 5733 3521 5809 quod
3571 5745 3768 5795 tantum
