  <div class='ocr_page' id='page_1' title='image "/cluster/home/n/w/nwhite01/storage/ocr_20150623/31/hvd.32044096580543/298.png"; bbox 0 0 4122 6174; ppageno 0'>
   <div class='ocr_carea' id='block_1_1' title="bbox 312 210 408 267">
    <p class='ocr_par' dir='ltr' id='par_1_1' title="bbox 312 210 408 267">
     <span class='ocr_line' id='line_1_1' title="bbox 312 210 408 267; baseline 0 0"><span class='ocrx_word' id='word_1_1' title='bbox 312 210 408 267; x_wconf 78' lang='lat'><strong><em>585</em></strong></span> 
     </span>
    </p>
   </div>
   <div class='ocr_carea' id='block_1_2' title="bbox 778 160 3086 280">
    <p class='ocr_par' dir='ltr' id='par_1_2' title="bbox 778 160 3086 280">
     <span class='ocr_line' id='line_1_2' title="bbox 778 160 3086 280; baseline -0.001 -9"><span class='ocrx_word' id='word_1_2' title='bbox 778 160 1150 270; x_wconf 60' lang='lat' dir='ltr'><strong><em>APPELVDIX.</em></strong></span> <span class='ocrx_word' id='word_1_3' title='bbox 1192 211 1256 269; x_wconf 88' lang='lat' dir='ltr'><strong><em>IN</em></strong></span> <span class='ocrx_word' id='word_1_4' title='bbox 1298 208 1742 269; x_wconf 74' lang='lat' dir='ltr'><strong><em>I’ROPHETIAM</em></strong></span> <span class='ocrx_word' id='word_1_5' title='bbox 1782 207 2097 268; x_wconf 51' lang='lat' dir='ltr'><strong><em>[IANIELIS</em></strong></span> <span class='ocrx_word' id='word_1_6' title='bbox 2136 212 2227 268; x_wconf 85' lang='lat' dir='ltr'><strong><em>DE</em></strong></span> <span class='ocrx_word' id='word_1_7' title='bbox 2263 209 2602 280; x_wconf 75' lang='lat' dir='ltr'><strong><em>QUATUOR</em></strong></span> <span class='ocrx_word' id='word_1_8' title='bbox 2642 210 3086 272; x_wconf 78' lang='lat' dir='ltr'><strong><em>ANIMALIBUS.</em></strong></span> 
     </span>
    </p>
   </div>
   <div class='ocr_carea' id='block_1_3' title="bbox 3477 218 3590 279">
    <p class='ocr_par' dir='ltr' id='par_1_3' title="bbox 3477 218 3590 279">
     <span class='ocr_line' id='line_1_3' title="bbox 3477 218 3590 279; baseline 0.018 -2"><span class='ocrx_word' id='word_1_9' title='bbox 3477 218 3590 279; x_wconf 65' lang='lat'><strong><em>2&#39;86</em></strong></span> 
     </span>
    </p>
   </div>
   <div class='ocr_carea' id='block_1_4' title="bbox 310 328 3589 404">
    <p class='ocr_par' dir='ltr' id='par_1_4' title="bbox 310 328 3589 404">
     <span class='ocr_line' id='line_1_4' title="bbox 310 328 3589 404; baseline 0.001 -17"><span class='ocrx_word' id='word_1_10' title='bbox 310 330 500 394; x_wconf 86' lang='lat' dir='ltr'><strong><em>erevit,</em></strong></span> <span class='ocrx_word' id='word_1_11' title='bbox 530 339 589 387; x_wconf 91' lang='lat' dir='ltr'><strong><em>ut</em></strong></span> <span class='ocrx_word' id='word_1_12' title='bbox 619 332 789 404; x_wconf 83' lang='lat' dir='ltr'><strong><em>majus</em></strong></span> <span class='ocrx_word' id='word_1_13' title='bbox 820 341 973 388; x_wconf 89' lang='lat' dir='ltr'><strong><em>esset</em></strong></span> <span class='ocrx_word' id='word_1_14' title='bbox 999 332 1196 387; x_wconf 71' lang='lat' dir='ltr'><strong><em>cretei-is</em></strong></span> <span class='ocrx_word' id='word_1_15' title='bbox 1225 332 1483 388; x_wconf 90' lang='lat' dir='ltr'><strong><em>cornibus</em></strong></span> <span class='ocrx_word' id='word_1_16' title='bbox 1510 330 1652 403; x_wconf 89' lang='lat' dir='ltr'><strong><em>quod</em></strong></span> <span class='ocrx_word' id='word_1_17' title='bbox 1681 328 1746 384; x_wconf 89' lang='lat' dir='ltr'><strong><em>ad</em></strong></span> <span class='ocrx_word' id='word_1_18' title='bbox 1773 329 1892 401; x_wconf 82' lang='lat' dir='ltr'><strong><em>ejus</em></strong></span> <span class='ocrx_word' id='word_1_19' title='bbox 1919 332 1972 391; x_wconf 82' lang='lat' dir='ltr'><strong>A</strong></span> <span class='ocrx_word' id='word_1_20' title='bbox 2000 329 2164 400; x_wconf 78' lang='lat' dir='ltr'><strong><em>igitur</em></strong></span> <span class='ocrx_word' id='word_1_21' title='bbox 2215 345 2244 384; x_wconf 92' lang='lat' dir='ltr'><strong><em>a</em></strong></span> <span class='ocrx_word' id='word_1_22' title='bbox 2300 330 2522 387; x_wconf 84' lang='lat' dir='ltr'><strong><em>nemine</em></strong></span> <span class='ocrx_word' id='word_1_23' title='bbox 2563 339 2987 402; x_wconf 80' lang='lat' dir='ltr'><strong><em>cognosceretur</em></strong></span> <span class='ocrx_word' id='word_1_24' title='bbox 3043 339 3232 402; x_wconf 87' lang='lat' dir='ltr'><strong><em>quarta</em></strong></span> <span class='ocrx_word' id='word_1_25' title='bbox 3285 332 3589 392; x_wconf 75' lang='lat' dir='ltr'><strong><em>Gothorum</em></strong></span> 
     </span>
    </p>
   </div>
   <div class='ocr_carea' id='block_1_5' title="bbox 261 420 1898 494">
    <p class='ocr_par' dir='ltr' id='par_1_5' title="bbox 261 420 1898 494">
     <span class='ocr_line' id='line_1_5' title="bbox 261 420 1898 494; baseline -0.003 -15"><span class='ocrx_word' id='word_1_26' title='bbox 261 448 269 454; x_wconf 58' lang='grc' dir='ltr'><strong>ι</strong></span> <span class='ocrx_word' id='word_1_27' title='bbox 314 434 657 494; x_wconf 88' lang='lat' dir='ltr'><strong><em>conspectum</em></strong></span> <span class='ocrx_word' id='word_1_28' title='bbox 690 424 989 480; x_wconf 83' lang='lat' dir='ltr'><strong><em>ceciderant</em></strong></span> <span class='ocrx_word' id='word_1_29' title='bbox 1014 426 1113 479; x_wconf 88' lang='lat' dir='ltr'><strong><em>tria</em></strong></span> <span class='ocrx_word' id='word_1_30' title='bbox 1153 441 1392 490; x_wconf 87' lang='lat' dir='ltr'><strong><em>cornua;</em></strong></span> <span class='ocrx_word' id='word_1_31' title='bbox 1418 424 1558 494; x_wconf 88' lang='lat' dir='ltr'><strong><em>quod</em></strong></span> <span class='ocrx_word' id='word_1_32' title='bbox 1589 421 1729 489; x_wconf 74' lang='lat' dir='ltr'><strong><em>oculi</em></strong></span> <span class='ocrx_word' id='word_1_33' title='bbox 1751 420 1898 490; x_wconf 87' lang='lat' dir='ltr'><strong><em>quasi</em></strong></span> 
     </span>
    </p>
   </div>
   <div class='ocr_carea' id='block_1_6' title="bbox 315 516 1893 589">
    <p class='ocr_par' dir='ltr' id='par_1_6' title="bbox 315 516 1893 589">
     <span class='ocr_line' id='line_1_6' title="bbox 315 516 1893 589; baseline -0.002 -18"><span class='ocrx_word' id='word_1_34' title='bbox 315 517 445 571; x_wconf 82' lang='lat' dir='ltr'><strong><em>oculi</em></strong></span> <span class='ocrx_word' id='word_1_35' title='bbox 466 519 691 573; x_wconf 84' lang='lat' dir='ltr'><strong><em>hominis</em></strong></span> <span class='ocrx_word' id='word_1_36' title='bbox 713 529 859 574; x_wconf 87' lang='lat' dir='ltr'><strong><em>erant</em></strong></span> <span class='ocrx_word' id='word_1_37' title='bbox 879 519 932 573; x_wconf 83' lang='lat' dir='ltr'><strong><em>in</em></strong></span> <span class='ocrx_word' id='word_1_38' title='bbox 955 535 1122 573; x_wconf 86' lang='lat' dir='ltr'><strong><em>cornu</em></strong></span> <span class='ocrx_word' id='word_1_39' title='bbox 1149 520 1271 580; x_wconf 84' lang='lat' dir='ltr'><strong><em>isto.</em></strong></span> <span class='ocrx_word' id='word_1_40' title='bbox 1301 518 1446 589; x_wconf 88' lang='lat' dir='ltr'><strong><em>quod</em></strong></span> <span class='ocrx_word' id='word_1_41' title='bbox 1474 517 1710 572; x_wconf 85' lang='lat' dir='ltr'><strong><em>habebat</em></strong></span> <span class='ocrx_word' id='word_1_42' title='bbox 1731 516 1893 571; x_wconf 88' lang='lat' dir='ltr'><strong><em>etiam</em></strong></span> 
     </span>
    </p>
   </div>
   <div class='ocr_carea' id='block_1_7' title="bbox 315 606 1895 684">
    <p class='ocr_par' dir='ltr' id='par_1_7' title="bbox 315 606 1895 684">
     <span class='ocr_line' id='line_1_7' title="bbox 315 606 1895 684; baseline -0.002 -19"><span class='ocrx_word' id='word_1_43' title='bbox 315 627 367 665; x_wconf 89' lang='lat' dir='ltr'><strong><em>os</em></strong></span> <span class='ocrx_word' id='word_1_44' title='bbox 404 612 623 683; x_wconf 77' lang='lat' dir='ltr'><strong><em>loquens</em></strong></span> <span class='ocrx_word' id='word_1_45' title='bbox 658 614 903 684; x_wconf 65' lang='lat' dir='ltr'><strong><em>gran&#39;lia,</em></strong></span> <span class='ocrx_word' id='word_1_46' title='bbox 936 626 1030 667; x_wconf 87' lang='lat' dir='ltr'><strong><em>seu</em></strong></span> <span class='ocrx_word' id='word_1_47' title='bbox 1060 612 1313 684; x_wconf 85' lang='lat' dir='ltr'><strong><em>ingentia.</em></strong></span> <span class='ocrx_word' id='word_1_48' title='bbox 1364 611 1429 664; x_wconf 69' lang='grc' dir='ltr'><strong><em>ιο</em></strong></span> <span class='ocrx_word' id='word_1_49' title='bbox 1478 610 1701 666; x_wconf 89' lang='lat' dir='ltr'><strong><em>Demum</em></strong></span> <span class='ocrx_word' id='word_1_50' title='bbox 1751 606 1895 678; x_wconf 74' lang='lat' dir='ltr'><strong><em>qurd</em></strong></span> 
     </span>
    </p>
   </div>
   <div class='ocr_carea' id='block_1_8' title="bbox 244 703 1896 776">
    <p class='ocr_par' dir='ltr' id='par_1_8' title="bbox 244 703 1896 776">
     <span class='ocr_line' id='line_1_8' title="bbox 244 703 1896 776; baseline -0.002 -18"><span class='ocrx_word' id='word_1_51' title='bbox 244 704 249 708; x_wconf 84' lang='grc'><em>’</em></span> <span class='ocrx_word' id='word_1_52' title='bbox 315 715 532 774; x_wconf 86' lang='lat' dir='ltr'><strong><em>preptcr</em></strong></span> <span class='ocrx_word' id='word_1_53' title='bbox 578 720 766 760; x_wconf 85' lang='lat' dir='ltr'><strong><em>vocem</em></strong></span> <span class='ocrx_word' id='word_1_54' title='bbox 824 721 1137 761; x_wconf 85' lang='lat' dir='ltr'><strong><em>sermonum</em></strong></span> <span class='ocrx_word' id='word_1_55' title='bbox 1188 703 1472 776; x_wconf 79' lang='lat' dir='ltr'><strong><em>grandium</em></strong></span> <span class='ocrx_word' id='word_1_56' title='bbox 1536 718 1672 774; x_wconf 90' lang='lat' dir='ltr'><strong><em>quos</em></strong></span> <span class='ocrx_word' id='word_1_57' title='bbox 1724 717 1896 758; x_wconf 89' lang='lat' dir='ltr'><strong><em>cornu</em></strong></span> 
     </span>
    </p>
   </div>
   <div class='ocr_carea' id='block_1_9' title="bbox 317 794 1899 869">
    <p class='ocr_par' dir='ltr' id='par_1_9' title="bbox 317 794 1899 869">
     <span class='ocr_line' id='line_1_9' title="bbox 317 794 1899 869; baseline -0.002 -19"><span class='ocrx_word' id='word_1_58' title='bbox 317 794 438 850; x_wconf 88' lang='lat' dir='ltr'><strong><em>illttd</em></strong></span> <span class='ocrx_word' id='word_1_59' title='bbox 470 796 810 867; x_wconf 87' lang='lat' dir='ltr'><strong><em>loquebatur,</em></strong></span> <span class='ocrx_word' id='word_1_60' title='bbox 858 797 1133 869; x_wconf 87' lang='lat' dir='ltr'><strong><em>interfecta</em></strong></span> <span class='ocrx_word' id='word_1_61' title='bbox 1165 799 1265 868; x_wconf 86' lang='lat' dir='ltr'><strong><em>fuit</em></strong></span> <span class='ocrx_word' id='word_1_62' title='bbox 1295 796 1476 864; x_wconf 91' lang='lat' dir='ltr'><strong><em>bestia,</em></strong></span> <span class='ocrx_word' id='word_1_63' title='bbox 1514 805 1561 852; x_wconf 87' lang='lat' dir='ltr'><strong><em>et</em></strong></span> <span class='ocrx_word' id='word_1_64' title='bbox 1594 795 1745 865; x_wconf 86' lang='lat' dir='ltr'><strong><em>periit</em></strong></span> <span class='ocrx_word' id='word_1_65' title='bbox 1785 810 1899 848; x_wconf 89' lang='lat' dir='ltr'><strong><em>cor-</em></strong></span> 
     </span>
    </p>
   </div>
   <div class='ocr_carea' id='block_1_10' title="bbox 316 884 1900 958">
    <p class='ocr_par' dir='ltr' id='par_1_10' title="bbox 316 884 1900 958">
     <span class='ocr_line' id='line_1_10' title="bbox 316 884 1900 958; baseline 0.001 -19"><span class='ocrx_word' id='word_1_66' title='bbox 316 902 404 958; x_wconf 81' lang='lat' dir='ltr'><strong><em>pus</em></strong></span> <span class='ocrx_word' id='word_1_67' title='bbox 433 887 567 957; x_wconf 83' lang='lat' dir='ltr'><strong><em>ejus,</em></strong></span> <span class='ocrx_word' id='word_1_68' title='bbox 592 896 639 941; x_wconf 79' lang='lat' dir='ltr'><strong><em>ct</em></strong></span> <span class='ocrx_word' id='word_1_69' title='bbox 666 888 917 941; x_wconf 88' lang='lat' dir='ltr'><strong><em>traditum</em></strong></span> <span class='ocrx_word' id='word_1_70' title='bbox 942 898 1018 942; x_wconf 91' lang='lat' dir='ltr'><strong><em>est</em></strong></span> <span class='ocrx_word' id='word_1_71' title='bbox 1042 888 1110 941; x_wconf 87' lang='lat' dir='ltr'><strong><em>ad</em></strong></span> <span class='ocrx_word' id='word_1_72' title='bbox 1137 886 1540 942; x_wconf 86' lang='lat' dir='ltr'><strong><em>comburendum</em></strong></span> <span class='ocrx_word' id='word_1_73' title='bbox 1552 886 1688 958; x_wconf 82' lang='lat' dir='ltr'><strong><em>igni.</em></strong></span> <span class='ocrx_word' id='word_1_74' title='bbox 1715 884 1900 940; x_wconf 80' lang='lat' dir='ltr'><strong><em>Manu-</em></strong></span> 
     </span>
    </p>
   </div>
   <div class='ocr_carea' id='block_1_11' title="bbox 317 965 1900 1052">
    <p class='ocr_par' dir='ltr' id='par_1_11' title="bbox 317 965 1900 1052">
     <span class='ocr_line' id='line_1_11' title="bbox 317 965 1900 1052; baseline 0.001 -19"><span class='ocrx_word' id='word_1_75' title='bbox 317 979 558 1035; x_wconf 91' lang='lat' dir='ltr'><strong><em>ducimur</em></strong></span> <span class='ocrx_word' id='word_1_76' title='bbox 589 996 720 1037; x_wconf 86' lang='lat' dir='ltr'><strong><em>vero</em></strong></span> <span class='ocrx_word' id='word_1_77' title='bbox 748 982 812 1033; x_wconf 86' lang='lat' dir='ltr'><strong><em>ad</em></strong></span> <span class='ocrx_word' id='word_1_78' title='bbox 845 981 964 1051; x_wconf 86' lang='lat' dir='ltr'><strong><em>ejus</em></strong></span> <span class='ocrx_word' id='word_1_79' title='bbox 993 965 1368 1052; x_wconf 40' lang='lat' dir='ltr'><strong><em>cognitionem.</em></strong></span> <span class='ocrx_word' id='word_1_80' title='bbox 1393 981 1637 1051; x_wconf 81' lang='lat' dir='ltr'><strong><em>angelica</em></strong></span> <span class='ocrx_word' id='word_1_81' title='bbox 1678 979 1900 1048; x_wconf 78' lang='lat' dir='ltr'><strong><em>esposi-</em></strong></span> 
     </span>
    </p>
   </div>
   <div class='ocr_carea' id='block_1_12' title="bbox 319 1070 1901 1143">
    <p class='ocr_par' dir='ltr' id='par_1_12' title="bbox 319 1070 1901 1143">
     <span class='ocr_line' id='line_1_12' title="bbox 319 1070 1901 1143; baseline 0 -19"><span class='ocrx_word' id='word_1_82' title='bbox 319 1070 481 1138; x_wconf 90' lang='lat' dir='ltr'><strong><em>tione,</em></strong></span> <span class='ocrx_word' id='word_1_83' title='bbox 505 1088 608 1141; x_wconf 88' lang='lat' dir='ltr'><strong><em>qua</em></strong></span> <span class='ocrx_word' id='word_1_84' title='bbox 649 1073 716 1128; x_wconf 91' lang='lat' dir='ltr'><strong><em>ad</em></strong></span> <span class='ocrx_word' id='word_1_85' title='bbox 754 1073 1032 1129; x_wconf 88' lang='lat' dir='ltr'><strong><em>Danielem</em></strong></span> <span class='ocrx_word' id='word_1_86' title='bbox 1089 1074 1289 1131; x_wconf 91' lang='lat' dir='ltr'><strong><em>dictum</em></strong></span> <span class='ocrx_word' id='word_1_87' title='bbox 1331 1081 1456 1129; x_wconf 89' lang='lat' dir='ltr'><strong><em>est:</em></strong></span> <span class='ocrx_word' id='word_1_88' title='bbox 1491 1071 1665 1127; x_wconf 77' lang='lat' dir='ltr'><strong><em>Bestia</em></strong></span> <span class='ocrx_word' id='word_1_89' title='bbox 1709 1082 1901 1143; x_wconf 87' lang='lat' dir='ltr'><strong><em>quarta</em></strong></span> 
     </span>
    </p>
   </div>
   <div class='ocr_carea' id='block_1_13' title="bbox 318 1163 1902 1236">
    <p class='ocr_par' dir='ltr' id='par_1_13' title="bbox 318 1163 1902 1236">
     <span class='ocr_line' id='line_1_13' title="bbox 318 1163 1902 1236; baseline 0.001 -20"><span class='ocrx_word' id='word_1_90' title='bbox 318 1179 524 1235; x_wconf 77' lang='lat' dir='ltr'><strong><em>regnum</em></strong></span> <span class='ocrx_word' id='word_1_91' title='bbox 563 1174 806 1235; x_wconf 84' lang='lat' dir='ltr'><strong><em>quartum</em></strong></span> <span class='ocrx_word' id='word_1_92' title='bbox 838 1166 933 1220; x_wconf 88' lang='lat' dir='ltr'><strong><em>erit</em></strong></span> <span class='ocrx_word' id='word_1_93' title='bbox 976 1167 1029 1219; x_wconf 91' lang='lat' dir='ltr'><strong><em>in</em></strong></span> <span class='ocrx_word' id='word_1_94' title='bbox 1061 1174 1221 1232; x_wconf 84' lang='lat' dir='ltr'><strong><em>terra,</em></strong></span> <span class='ocrx_word' id='word_1_95' title='bbox 1247 1167 1389 1235; x_wconf 87' lang='lat' dir='ltr'><strong><em>quod</em></strong></span> <span class='ocrx_word' id='word_1_96' title='bbox 1418 1166 1587 1236; x_wconf 83' lang='lat' dir='ltr'><strong><em>majus</em></strong></span> <span class='ocrx_word' id='word_1_97' title='bbox 1612 1165 1710 1218; x_wconf 88' lang='lat' dir='ltr'><strong><em>erit</em></strong></span> <span class='ocrx_word' id='word_1_98' title='bbox 1738 1163 1902 1218; x_wconf 89' lang='lat' dir='ltr'><strong><em>omni-</em></strong></span> 
     </span>
    </p>
   </div>
   <div class='ocr_carea' id='block_1_14' title="bbox 317 1245 1903 1327">
    <p class='ocr_par' dir='ltr' id='par_1_14' title="bbox 317 1245 1903 1327">
     <span class='ocr_line' id='line_1_14' title="bbox 317 1245 1903 1327; baseline 0.001 -20"><span class='ocrx_word' id='word_1_99' title='bbox 317 1254 405 1308; x_wconf 87' lang='lat' dir='ltr'><strong><em>bus</em></strong></span> <span class='ocrx_word' id='word_1_100' title='bbox 433 1257 625 1327; x_wconf 79' lang='lat' dir='ltr'><strong><em>regnis,</em></strong></span> <span class='ocrx_word' id='word_1_101' title='bbox 645 1266 691 1309; x_wconf 91' lang='lat' dir='ltr'><strong><em>et</em></strong></span> <span class='ocrx_word' id='word_1_102' title='bbox 714 1245 974 1311; x_wconf 59' lang='lat' dir='ltr'><strong><em>divorubit</em></strong></span> <span class='ocrx_word' id='word_1_103' title='bbox 1007 1258 1298 1312; x_wconf 75' lang='lat' dir='ltr'><strong><em>universam</em></strong></span> <span class='ocrx_word' id='word_1_104' title='bbox 1325 1266 1535 1323; x_wconf 86' lang='lat' dir='ltr'><strong><em>terram,</em></strong></span> <span class='ocrx_word' id='word_1_105' title='bbox 1556 1265 1601 1310; x_wconf 90' lang='lat' dir='ltr'><strong><em>et</em></strong></span> <span class='ocrx_word' id='word_1_106' title='bbox 1628 1255 1903 1309; x_wconf 84' lang='lat' dir='ltr'><strong><em>conculca-</em></strong></span> 
     </span>
    </p>
   </div>
   <div class='ocr_carea' id='block_1_15' title="bbox 319 1348 1903 1419">
    <p class='ocr_par' dir='ltr' id='par_1_15' title="bbox 319 1348 1903 1419">
     <span class='ocr_line' id='line_1_15' title="bbox 319 1348 1903 1419; baseline 0.001 -17"><span class='ocrx_word' id='word_1_107' title='bbox 319 1348 408 1413; x_wconf 86' lang='lat' dir='ltr'><strong><em>bit,</em></strong></span> <span class='ocrx_word' id='word_1_108' title='bbox 438 1358 484 1402; x_wconf 84' lang='lat' dir='ltr'><strong><em>et</em></strong></span> <span class='ocrx_word' id='word_1_109' title='bbox 514 1350 819 1404; x_wconf 85' lang='lat' dir='ltr'><strong><em>comminuet</em></strong></span> <span class='ocrx_word' id='word_1_110' title='bbox 861 1367 996 1405; x_wconf 83' lang='lat' dir='ltr'><strong><em>eant.</em></strong></span> <span class='ocrx_word' id='word_1_111' title='bbox 1046 1351 1218 1407; x_wconf 84' lang='lat' dir='ltr'><strong><em>Porro</em></strong></span> <span class='ocrx_word' id='word_1_112' title='bbox 1275 1366 1480 1405; x_wconf 83' lang='lat' dir='ltr'><strong><em>cornua</em></strong></span> <span class='ocrx_word' id='word_1_113' title='bbox 1533 1351 1710 1405; x_wconf 84' lang='lat' dir='ltr'><strong><em>decem</em></strong></span> <span class='ocrx_word' id='word_1_114' title='bbox 1739 1351 1903 1419; x_wconf 80' lang='lat' dir='ltr'><strong><em>ip,ius</em></strong></span> 
     </span>
    </p>
   </div>
   <div class='ocr_carea' id='block_1_16' title="bbox 319 1439 1900 1513">
    <p class='ocr_par' dir='ltr' id='par_1_16' title="bbox 319 1439 1900 1513">
     <span class='ocr_line' id='line_1_16' title="bbox 319 1439 1900 1513; baseline -0.001 -20"><span class='ocrx_word' id='word_1_115' title='bbox 319 1439 456 1512; x_wconf 80' lang='lat' dir='ltr'><strong><em>regni</em></strong></span> <span class='ocrx_word' id='word_1_116' title='bbox 484 1443 657 1494; x_wconf 81' lang='lat' dir='ltr'><strong><em>decem</em></strong></span> <span class='ocrx_word' id='word_1_117' title='bbox 676 1457 821 1513; x_wconf 85' lang='lat' dir='ltr'><strong><em>reges</em></strong></span> <span class='ocrx_word' id='word_1_118' title='bbox 863 1450 1009 1497; x_wconf 88' lang='lat' dir='ltr'><strong><em>erunt</em></strong></span> <span class='ocrx_word' id='word_1_119' title='bbox 1038 1458 1056 1496; x_wconf 90' lang='lat'><strong><em>:</em></strong></span> <span class='ocrx_word' id='word_1_120' title='bbox 1087 1450 1136 1495; x_wconf 86' lang='lat' dir='ltr'><strong><em>et</em></strong></span> <span class='ocrx_word' id='word_1_121' title='bbox 1165 1441 1305 1496; x_wconf 84' lang='lat' dir='ltr'><strong><em>alius</em></strong></span> <span class='ocrx_word' id='word_1_122' title='bbox 1331 1448 1607 1511; x_wconf 86' lang='lat' dir='ltr'><strong><em>consurget</em></strong></span> <span class='ocrx_word' id='word_1_123' title='bbox 1638 1446 1754 1509; x_wconf 90' lang='lat' dir='ltr'><strong><em>post</em></strong></span> <span class='ocrx_word' id='word_1_124' title='bbox 1792 1454 1900 1507; x_wconf 88' lang='lat' dir='ltr'><strong><em>eos,</em></strong></span> 
     </span>
    </p>
   </div>
   <div class='ocr_carea' id='block_1_17' title="bbox 316 1530 1905 1607">
    <p class='ocr_par' dir='ltr' id='par_1_17' title="bbox 316 1530 1905 1607">
     <span class='ocr_line' id='line_1_17' title="bbox 316 1530 1905 1607; baseline -0.003 -19"><span class='ocrx_word' id='word_1_125' title='bbox 316 1541 360 1588; x_wconf 84' lang='lat' dir='ltr'><strong><em>et</em></strong></span> <span class='ocrx_word' id='word_1_126' title='bbox 389 1535 499 1600; x_wconf 83' lang='lat' dir='ltr'><strong><em>ipse</em></strong></span> <span class='ocrx_word' id='word_1_127' title='bbox 524 1535 785 1604; x_wconf 84' lang='lat' dir='ltr'><strong><em>potentior</em></strong></span> <span class='ocrx_word' id='word_1_128' title='bbox 824 1535 924 1588; x_wconf 86' lang='lat' dir='ltr'><strong><em>erit</em></strong></span> <span class='ocrx_word' id='word_1_129' title='bbox 964 1534 1246 1604; x_wconf 74' lang='lat' dir='ltr'><strong><em>prioribus,</em></strong></span> <span class='ocrx_word' id='word_1_130' title='bbox 1269 1543 1319 1587; x_wconf 91' lang='lat' dir='ltr'><strong><em>et</em></strong></span> <span class='ocrx_word' id='word_1_131' title='bbox 1349 1541 1451 1587; x_wconf 87' lang='lat' dir='ltr'><strong><em>tres</em></strong></span> <span class='ocrx_word' id='word_1_132' title='bbox 1479 1547 1624 1607; x_wconf 78' lang='lat' dir='ltr'><strong><em>reges</em></strong></span> <span class='ocrx_word' id='word_1_133' title='bbox 1657 1530 1905 1584; x_wconf 81' lang='lat' dir='ltr'><strong><em>humilia-</em></strong></span> 
     </span>
    </p>
   </div>
   <div class='ocr_carea' id='block_1_18' title="bbox 317 1625 1904 1699">
    <p class='ocr_par' dir='ltr' id='par_1_18' title="bbox 317 1625 1904 1699">
     <span class='ocr_line' id='line_1_18' title="bbox 317 1625 1904 1699; baseline 0.001 -20"><span class='ocrx_word' id='word_1_134' title='bbox 317 1625 404 1692; x_wconf 87' lang='lat' dir='ltr'><strong><em>bit,</em></strong></span> <span class='ocrx_word' id='word_1_135' title='bbox 437 1638 483 1682; x_wconf 88' lang='lat' dir='ltr'><strong><em>et</em></strong></span> <span class='ocrx_word' id='word_1_136' title='bbox 523 1643 790 1684; x_wconf 84' lang='lat' dir='ltr'><strong><em>sermones</em></strong></span> <span class='ocrx_word' id='word_1_137' title='bbox 818 1632 1011 1683; x_wconf 85' lang='lat' dir='ltr'><strong><em>contra</em></strong></span> <span class='ocrx_word' id='word_1_138' title='bbox 1038 1627 1319 1682; x_wconf 66' lang='lat' dir='ltr'><strong><em>Eacelsum</em></strong></span> <span class='ocrx_word' id='word_1_139' title='bbox 1349 1627 1601 1699; x_wconf 77' lang='lat' dir='ltr'><strong><em>loquetur,</em></strong></span> <span class='ocrx_word' id='word_1_140' title='bbox 1631 1636 1679 1680; x_wconf 88' lang='lat' dir='ltr'><strong><em>et</em></strong></span> <span class='ocrx_word' id='word_1_141' title='bbox 1699 1633 1904 1680; x_wconf 85' lang='lat' dir='ltr'><strong><em>sanctos</em></strong></span> 
     </span>
    </p>
   </div>
   <div class='ocr_carea' id='block_1_19' title="bbox 1997 421 3581 494">
    <p class='ocr_par' dir='ltr' id='par_1_19' title="bbox 1997 421 3581 494">
     <span class='ocr_line' id='line_1_19' title="bbox 1997 421 3581 494; baseline 0.002 -16"><span class='ocrx_word' id='word_1_142' title='bbox 1997 421 2192 488; x_wconf 86' lang='lat' dir='ltr'><strong><em>bestia,</em></strong></span> <span class='ocrx_word' id='word_1_143' title='bbox 2218 437 2326 478; x_wconf 92' lang='lat' dir='ltr'><strong><em>non</em></strong></span> <span class='ocrx_word' id='word_1_144' title='bbox 2359 423 2555 477; x_wconf 89' lang='lat' dir='ltr'><strong><em>mirum</em></strong></span> <span class='ocrx_word' id='word_1_145' title='bbox 2586 425 2631 478; x_wconf 88' lang='lat' dir='ltr'><strong><em>si</em></strong></span> <span class='ocrx_word' id='word_1_146' title='bbox 2676 425 2888 494; x_wconf 88' lang='lat' dir='ltr'><strong><em>species</em></strong></span> <span class='ocrx_word' id='word_1_147' title='bbox 2919 424 3037 494; x_wconf 88' lang='lat' dir='ltr'><strong><em>ejus</em></strong></span> <span class='ocrx_word' id='word_1_148' title='bbox 3077 441 3184 480; x_wconf 87' lang='lat' dir='ltr'><strong><em>non</em></strong></span> <span class='ocrx_word' id='word_1_149' title='bbox 3229 424 3581 493; x_wconf 74' lang='lat' dir='ltr'><strong><em>describitur,</em></strong></span> 
     </span>
    </p>
   </div>
   <div class='ocr_carea' id='block_1_20' title="bbox 1998 515 2888 572">
    <p class='ocr_par' dir='ltr' id='par_1_20' title="bbox 1998 515 2888 572">
     <span class='ocr_line' id='line_1_20' title="bbox 1998 515 2888 572; baseline 0 -1"><span class='ocrx_word' id='word_1_150' title='bbox 1998 515 2095 571; x_wconf 89' lang='lat' dir='ltr'><strong><em>sed</em></strong></span> <span class='ocrx_word' id='word_1_151' title='bbox 2123 515 2406 572; x_wconf 91' lang='lat' dir='ltr'><strong><em>dissimilis</em></strong></span> <span class='ocrx_word' id='word_1_152' title='bbox 2430 515 2630 572; x_wconf 89' lang='lat' dir='ltr'><strong><em>dicitur</em></strong></span> <span class='ocrx_word' id='word_1_153' title='bbox 2652 518 2888 572; x_wconf 70' lang='lat' dir='ltr'><strong><em>cancris.</em></strong></span> 
     </span>
    </p>
   </div>
   <div class='ocr_carea' id='block_1_21' title="bbox 2071 607 3591 683">
    <p class='ocr_par' dir='ltr' id='par_1_21' title="bbox 2071 607 3591 683">
     <span class='ocr_line' id='line_1_21' title="bbox 2071 607 3591 683; baseline 0.006 -22"><span class='ocrx_word' id='word_1_154' title='bbox 2071 607 2223 676; x_wconf 83' lang='lat' dir='ltr'><strong><em>Quod</em></strong></span> <span class='ocrx_word' id='word_1_155' title='bbox 2267 607 2334 664; x_wconf 90' lang='lat' dir='ltr'><strong><em>ad</em></strong></span> <span class='ocrx_word' id='word_1_156' title='bbox 2375 624 2562 682; x_wconf 84' lang='lat' dir='ltr'><strong><em>regum</em></strong></span> <span class='ocrx_word' id='word_1_157' title='bbox 2616 625 2903 666; x_wconf 85' lang='lat' dir='ltr'><strong><em>numerum</em></strong></span> <span class='ocrx_word' id='word_1_158' title='bbox 2961 610 3122 682; x_wconf 86' lang='lat' dir='ltr'><strong><em>hujus</em></strong></span> <span class='ocrx_word' id='word_1_159' title='bbox 3170 612 3410 669; x_wconf 76' lang='lat' dir='ltr'><strong><em>nationis</em></strong></span> <span class='ocrx_word' id='word_1_160' title='bbox 3463 628 3591 683; x_wconf 84' lang='lat' dir='ltr'><strong><em>spc-</em></strong></span> 
     </span>
    </p>
   </div>
   <div class='ocr_carea' id='block_1_22' title="bbox 1998 700 3589 777">
    <p class='ocr_par' dir='ltr' id='par_1_22' title="bbox 1998 700 3589 777">
     <span class='ocr_line' id='line_1_22' title="bbox 1998 700 3589 777; baseline 0.004 -22"><span class='ocrx_word' id='word_1_161' title='bbox 1998 700 2336 770; x_wconf 87' lang='lat' dir='ltr'><strong><em>etal,decem</em></strong></span> <span class='ocrx_word' id='word_1_162' title='bbox 2363 702 2625 756; x_wconf 88' lang='lat' dir='ltr'><strong><em>cornibus</em></strong></span> <span class='ocrx_word' id='word_1_163' title='bbox 2653 702 3097 758; x_wconf 77' lang='lat' dir='ltr'><strong><em>adumbratorum</em></strong></span> <span class='ocrx_word' id='word_1_164' title='bbox 3118 745 3133 771; x_wconf 89' lang='lat'><strong><em>,</em></strong></span> <span class='ocrx_word' id='word_1_165' title='bbox 3163 704 3351 760; x_wconf 89' lang='lat' dir='ltr'><strong><em>decem</em></strong></span> <span class='ocrx_word' id='word_1_166' title='bbox 3382 707 3589 777; x_wconf 86' lang='lat' dir='ltr'><strong><em>habuit,</em></strong></span> 
     </span>
    </p>
   </div>
   <div class='ocr_carea' id='block_1_23' title="bbox 2002 792 3597 863">
    <p class='ocr_par' dir='ltr' id='par_1_23' title="bbox 2002 792 3597 863">
     <span class='ocr_line' id='line_1_23' title="bbox 2002 792 3597 863; baseline 0.003 -18"><span class='ocrx_word' id='word_1_167' title='bbox 2002 805 2111 846; x_wconf 90' lang='lat' dir='ltr'><strong><em>non</em></strong></span> <span class='ocrx_word' id='word_1_168' title='bbox 2143 792 2266 862; x_wconf 87' lang='lat' dir='ltr'><strong><em>plus</em></strong></span> <span class='ocrx_word' id='word_1_169' title='bbox 2288 806 2389 848; x_wconf 91' lang='lat' dir='ltr'><strong><em>nec</em></strong></span> <span class='ocrx_word' id='word_1_170' title='bbox 2419 793 2617 862; x_wconf 90' lang='lat' dir='ltr'><strong><em>minus,</em></strong></span> <span class='ocrx_word' id='word_1_171' title='bbox 2644 793 2713 848; x_wconf 87' lang='lat' dir='ltr'><strong><em>ab</em></strong></span> <span class='ocrx_word' id='word_1_172' title='bbox 2742 793 3014 863; x_wconf 84' lang='lat' dir='ltr'><strong><em>Ataulpho</em></strong></span> <span class='ocrx_word' id='word_1_173' title='bbox 3034 795 3124 863; x_wconf 85' lang='lat' dir='ltr'><strong><em>qui</em></strong></span> <span class='ocrx_word' id='word_1_174' title='bbox 3152 795 3357 862; x_wconf 84' lang='lat' dir='ltr'><strong><em>primus</em></strong></span> <span class='ocrx_word' id='word_1_175' title='bbox 3382 798 3597 852; x_wconf 76' lang='lat' dir='ltr'><strong><em>Gotho-</em></strong></span> 
     </span>
    </p>
   </div>
   <div class='ocr_carea' id='block_1_24' title="bbox 2002 882 3595 956">
    <p class='ocr_par' dir='ltr' id='par_1_24' title="bbox 2002 882 3595 956">
     <span class='ocr_line' id='line_1_24' title="bbox 2002 882 3595 956; baseline 0.004 -18"><span class='ocrx_word' id='word_1_176' title='bbox 2002 896 2121 938; x_wconf 87' lang='lat' dir='ltr'><strong><em>rum</em></strong></span> <span class='ocrx_word' id='word_1_177' title='bbox 2156 882 2207 938; x_wconf 91' lang='lat' dir='ltr'><strong><em>in</em></strong></span> <span class='ocrx_word' id='word_1_178' title='bbox 2240 882 2524 952; x_wconf 71' lang='lat' dir='ltr'><strong><em>Hispanias</em></strong></span> <span class='ocrx_word' id='word_1_179' title='bbox 2556 885 2799 950; x_wconf 86' lang='lat' dir='ltr'><strong><em>intravit,</em></strong></span> <span class='ocrx_word' id='word_1_180' title='bbox 2835 900 3004 956; x_wconf 88' lang='lat' dir='ltr'><strong><em>usque</em></strong></span> <span class='ocrx_word' id='word_1_181' title='bbox 3030 887 3096 941; x_wconf 89' lang='lat' dir='ltr'><strong><em>ad</em></strong></span> <span class='ocrx_word' id='word_1_182' title='bbox 3137 886 3434 944; x_wconf 87' lang='lat' dir='ltr'><strong><em>Liubanem</em></strong></span> <span class='ocrx_word' id='word_1_183' title='bbox 3457 930 3473 955; x_wconf 90' lang='lat'><strong><em>,</em></strong></span> <span class='ocrx_word' id='word_1_184' title='bbox 3504 891 3595 945; x_wconf 85' lang='lat' dir='ltr'><strong><em>cui</em></strong></span> 
     </span>
    </p>
   </div>
   <div class='ocr_carea' id='block_1_25' title="bbox 2002 974 3594 1052">
    <p class='ocr_par' dir='ltr' id='par_1_25' title="bbox 2002 974 3594 1052">
     <span class='ocr_line' id='line_1_25' title="bbox 2002 974 3594 1052; baseline 0.006 -22"><span class='ocrx_word' id='word_1_185' title='bbox 2002 974 2329 1031; x_wconf 83' lang='lat' dir='ltr'><strong><em>undecimus</em></strong></span> <span class='ocrx_word' id='word_1_186' title='bbox 2346 978 2608 1033; x_wconf 91' lang='lat' dir='ltr'><strong><em>successit</em></strong></span> <span class='ocrx_word' id='word_1_187' title='bbox 2638 976 3001 1049; x_wconf 82' lang='lat' dir='ltr'><strong><em>Leovigildus;</em></strong></span> <span class='ocrx_word' id='word_1_188' title='bbox 3025 979 3093 1034; x_wconf 91' lang='lat' dir='ltr'><strong><em>de</em></strong></span> <span class='ocrx_word' id='word_1_189' title='bbox 3116 995 3222 1049; x_wconf 92' lang='lat' dir='ltr'><strong><em>quo</em></strong></span> <span class='ocrx_word' id='word_1_190' title='bbox 3242 981 3500 1052; x_wconf 78' lang='lat' dir='ltr'><strong><em>quidquid</em></strong></span> <span class='ocrx_word' id='word_1_191' title='bbox 3525 984 3594 1039; x_wconf 92' lang='lat' dir='ltr'><strong><em>de</em></strong></span> 
     </span>
    </p>
   </div>
   <div class='ocr_carea' id='block_1_26' title="bbox 2003 1069 3595 1142">
    <p class='ocr_par' dir='ltr' id='par_1_26' title="bbox 2003 1069 3595 1142">
     <span class='ocr_line' id='line_1_26' title="bbox 2003 1069 3595 1142; baseline 0.004 -18"><span class='ocrx_word' id='word_1_192' title='bbox 2003 1069 2292 1127; x_wconf 90' lang='lat' dir='ltr'><strong><em>undecimo</em></strong></span> <span class='ocrx_word' id='word_1_193' title='bbox 2318 1080 2492 1127; x_wconf 79' lang='lat' dir='ltr'><strong><em>cernu</em></strong></span> <span class='ocrx_word' id='word_1_194' title='bbox 2521 1071 2726 1128; x_wconf 89' lang='lat' dir='ltr'><strong><em>dictum</em></strong></span> <span class='ocrx_word' id='word_1_195' title='bbox 2755 1083 2838 1127; x_wconf 88' lang='lat' dir='ltr'><strong><em>est</em></strong></span> <span class='ocrx_word' id='word_1_196' title='bbox 2868 1071 2937 1126; x_wconf 89' lang='lat' dir='ltr'><strong><em>ad</em></strong></span> <span class='ocrx_word' id='word_1_197' title='bbox 2969 1088 3225 1142; x_wconf 78' lang='lat' dir='ltr'><strong><em>unguem,</em></strong></span> <span class='ocrx_word' id='word_1_198' title='bbox 3263 1085 3320 1128; x_wconf 89' lang='lat' dir='ltr'><strong><em>ut</em></strong></span> <span class='ocrx_word' id='word_1_199' title='bbox 3351 1091 3472 1129; x_wconf 87' lang='lat' dir='ltr'><strong><em>mox</em></strong></span> <span class='ocrx_word' id='word_1_200' title='bbox 3506 1092 3595 1131; x_wconf 88' lang='lat' dir='ltr'><strong><em>os-</em></strong></span> 
     </span>
    </p>
   </div>
   <div class='ocr_carea' id='block_1_27' title="bbox 2003 1162 3597 1236">
    <p class='ocr_par' dir='ltr' id='par_1_27' title="bbox 2003 1162 3597 1236">
     <span class='ocr_line' id='line_1_27' title="bbox 2003 1162 3597 1236; baseline 0.003 -19"><span class='ocrx_word' id='word_1_201' title='bbox 2003 1162 2246 1232; x_wconf 84' lang='lat' dir='ltr'><strong><em>tendam,</em></strong></span> <span class='ocrx_word' id='word_1_202' title='bbox 2276 1163 2607 1219; x_wconf 86' lang='lat' dir='ltr'><strong><em>veritieatur.</em></strong></span> <span class='ocrx_word' id='word_1_203' title='bbox 2633 1163 2850 1219; x_wconf 85' lang='lat' dir='ltr'><strong><em>Primus</em></strong></span> <span class='ocrx_word' id='word_1_204' title='bbox 2880 1164 2972 1219; x_wconf 89' lang='lat' dir='ltr'><strong><em>fuit</em></strong></span> <span class='ocrx_word' id='word_1_205' title='bbox 2996 1164 3094 1235; x_wconf 85' lang='lat' dir='ltr'><strong><em>(uti</em></strong></span> <span class='ocrx_word' id='word_1_206' title='bbox 3123 1165 3384 1236; x_wconf 77' lang='lat' dir='ltr'><strong><em>diximus)</em></strong></span> <span class='ocrx_word' id='word_1_207' title='bbox 3414 1167 3597 1221; x_wconf 83' lang='lat' dir='ltr'><strong><em>Ataul—</em></strong></span> 
     </span>
    </p>
   </div>
   <div class='ocr_carea' id='block_1_28' title="bbox 2005 1255 3589 1327">
    <p class='ocr_par' dir='ltr' id='par_1_28' title="bbox 2005 1255 3589 1327">
     <span class='ocr_line' id='line_1_28' title="bbox 2005 1255 3589 1327; baseline 0.003 -19"><span class='ocrx_word' id='word_1_208' title='bbox 2005 1255 2168 1326; x_wconf 86' lang='lat' dir='ltr'><strong><em>phus,</em></strong></span> <span class='ocrx_word' id='word_1_209' title='bbox 2189 1257 2491 1314; x_wconf 86' lang='lat' dir='ltr'><strong><em>Barcinone</em></strong></span> <span class='ocrx_word' id='word_1_210' title='bbox 2511 1256 2727 1313; x_wconf 89' lang='lat' dir='ltr'><strong><em>occisus</em></strong></span> <span class='ocrx_word' id='word_1_211' title='bbox 2764 1269 2893 1313; x_wconf 84' lang='lat' dir='ltr'><strong><em>ann.</em></strong></span> <span class='ocrx_word' id='word_1_212' title='bbox 2925 1257 3083 1313; x_wconf 88' lang='lat' dir='ltr'><strong><em>Dom.</em></strong></span> <span class='ocrx_word' id='word_1_213' title='bbox 3109 1258 3237 1311; x_wconf 70' lang='grc'><strong>416.</strong></span> <span class='ocrx_word' id='word_1_214' title='bbox 3270 1258 3332 1312; x_wconf 88' lang='lat' dir='ltr'><strong><em>Il.</em></strong></span> <span class='ocrx_word' id='word_1_215' title='bbox 3360 1259 3589 1327; x_wconf 85' lang='lat' dir='ltr'><strong><em>Wollia,</em></strong></span> 
     </span>
    </p>
   </div>
   <div class='ocr_carea' id='block_1_29' title="bbox 2004 1348 3601 1421">
    <p class='ocr_par' dir='ltr' id='par_1_29' title="bbox 2004 1348 3601 1421">
     <span class='ocr_line' id='line_1_29' title="bbox 2004 1348 3601 1421; baseline 0.001 -17"><span class='ocrx_word' id='word_1_216' title='bbox 2004 1349 2097 1419; x_wconf 85' lang='lat' dir='ltr'><strong><em>qui</em></strong></span> <span class='ocrx_word' id='word_1_217' title='bbox 2124 1348 2262 1404; x_wconf 88' lang='lat' dir='ltr'><strong><em>duos</em></strong></span> <span class='ocrx_word' id='word_1_218' title='bbox 2283 1351 2525 1421; x_wconf 78' lang='lat' dir='ltr'><strong><em>regnavit</em></strong></span> <span class='ocrx_word' id='word_1_219' title='bbox 2555 1364 2751 1417; x_wconf 90' lang='lat' dir='ltr'><strong><em>annos,</em></strong></span> <span class='ocrx_word' id='word_1_220' title='bbox 2781 1360 2838 1405; x_wconf 91' lang='lat' dir='ltr'><strong><em>et</em></strong></span> <span class='ocrx_word' id='word_1_221' title='bbox 2863 1350 3000 1404; x_wconf 91' lang='lat' dir='ltr'><strong><em>obiit</em></strong></span> <span class='ocrx_word' id='word_1_222' title='bbox 3024 1351 3152 1406; x_wconf 71' lang='grc'><strong><em>418.</em></strong></span> <span class='ocrx_word' id='word_1_223' title='bbox 3189 1349 3277 1404; x_wconf 90' lang='lat' dir='ltr'><strong><em>Ill.</em></strong></span> <span class='ocrx_word' id='word_1_224' title='bbox 3310 1351 3601 1406; x_wconf 74' lang='lat' dir='ltr'><strong><em>Theodore-</em></strong></span> 
     </span>
    </p>
   </div>
   <div class='ocr_carea' id='block_1_30' title="bbox 2007 1441 3604 1515">
    <p class='ocr_par' dir='ltr' id='par_1_30' title="bbox 2007 1441 3604 1515">
     <span class='ocr_line' id='line_1_30' title="bbox 2007 1441 3604 1515; baseline 0.004 -20"><span class='ocrx_word' id='word_1_225' title='bbox 2007 1441 2126 1506; x_wconf 85' lang='lat' dir='ltr'><strong><em>dus,</em></strong></span> <span class='ocrx_word' id='word_1_226' title='bbox 2151 1442 2245 1511; x_wconf 88' lang='lat' dir='ltr'><strong><em>qui</em></strong></span> <span class='ocrx_word' id='word_1_227' title='bbox 2270 1458 2399 1496; x_wconf 88' lang='lat' dir='ltr'><strong><em>ann.</em></strong></span> <span class='ocrx_word' id='word_1_228' title='bbox 2428 1443 2585 1499; x_wconf 89' lang='lat' dir='ltr'><strong><em>Dom.</em></strong></span> <span class='ocrx_word' id='word_1_229' title='bbox 2618 1442 2725 1498; x_wconf 72' lang='lat'><strong><em>453</em></strong></span> <span class='ocrx_word' id='word_1_230' title='bbox 2745 1444 2958 1499; x_wconf 89' lang='lat' dir='ltr'><strong><em>occisus</em></strong></span> <span class='ocrx_word' id='word_1_231' title='bbox 2980 1443 3359 1499; x_wconf 85' lang='lat' dir='ltr'><strong><em>ocrubuit.lV.</em></strong></span> <span class='ocrx_word' id='word_1_232' title='bbox 3381 1446 3512 1515; x_wconf 84' lang='lat' dir='ltr'><strong><em>Ejus</em></strong></span> <span class='ocrx_word' id='word_1_233' title='bbox 3539 1448 3604 1500; x_wconf 82' lang='lat' dir='ltr'><strong><em>fi—</em></strong></span> 
     </span>
    </p>
   </div>
   <div class='ocr_carea' id='block_1_31' title="bbox 2009 1530 3599 1606">
    <p class='ocr_par' dir='ltr' id='par_1_31' title="bbox 2009 1530 3599 1606">
     <span class='ocr_line' id='line_1_31' title="bbox 2009 1530 3599 1606; baseline 0.005 -21"><span class='ocrx_word' id='word_1_234' title='bbox 2009 1530 2114 1587; x_wconf 86' lang='lat' dir='ltr'><strong><em>lius</em></strong></span> <span class='ocrx_word' id='word_1_235' title='bbox 2154 1530 2486 1601; x_wconf 78' lang='lat' dir='ltr'><strong><em>Tltorismus,</em></strong></span> <span class='ocrx_word' id='word_1_236' title='bbox 2530 1549 2626 1590; x_wconf 90' lang='lat' dir='ltr'><strong><em>seu</em></strong></span> <span class='ocrx_word' id='word_1_237' title='bbox 2673 1534 3141 1602; x_wconf 86' lang='lat' dir='ltr'><strong><em>Thorismundus,</em></strong></span> <span class='ocrx_word' id='word_1_238' title='bbox 3190 1537 3281 1606; x_wconf 88' lang='lat' dir='ltr'><strong><em>qui</em></strong></span> <span class='ocrx_word' id='word_1_239' title='bbox 3319 1553 3464 1592; x_wconf 88' lang='lat' dir='ltr'><strong><em>anno</em></strong></span> <span class='ocrx_word' id='word_1_240' title='bbox 3507 1553 3599 1593; x_wconf 84' lang='lat' dir='ltr'><strong><em>sc-</em></strong></span> 
     </span>
    </p>
   </div>
   <div class='ocr_carea' id='block_1_32' title="bbox 2008 1624 3599 1700">
    <p class='ocr_par' dir='ltr' id='par_1_32' title="bbox 2008 1624 3599 1700">
     <span class='ocr_line' id='line_1_32' title="bbox 2008 1624 3599 1700; baseline 0.006 -23"><span class='ocrx_word' id='word_1_241' title='bbox 2008 1624 2194 1694; x_wconf 92' lang='lat' dir='ltr'><strong><em>qucnti</em></strong></span> <span class='ocrx_word' id='word_1_242' title='bbox 2228 1636 2454 1681; x_wconf 90' lang='lat' dir='ltr'><strong><em>necatus</em></strong></span> <span class='ocrx_word' id='word_1_243' title='bbox 2483 1635 2587 1682; x_wconf 91' lang='lat' dir='ltr'><strong><em>est.</em></strong></span> <span class='ocrx_word' id='word_1_244' title='bbox 2623 1625 2686 1680; x_wconf 70' lang='grc' dir='ltr'><strong>ν.</strong></span> <span class='ocrx_word' id='word_1_245' title='bbox 2714 1627 2989 1682; x_wconf 86' lang='lat' dir='ltr'><strong><em>Successit</em></strong></span> <span class='ocrx_word' id='word_1_246' title='bbox 3018 1629 3186 1685; x_wconf 88' lang='lat' dir='ltr'><strong><em>frater</em></strong></span> <span class='ocrx_word' id='word_1_247' title='bbox 3214 1630 3330 1700; x_wconf 86' lang='lat' dir='ltr'><strong><em>ejus</em></strong></span> <span class='ocrx_word' id='word_1_248' title='bbox 3358 1631 3599 1687; x_wconf 75' lang='lat' dir='ltr'><strong><em>Theodo-</em></strong></span> 
     </span>
    </p>
   </div>
   <div class='ocr_carea' id='block_1_33' title="bbox 317 1716 3601 1790">
    <p class='ocr_par' dir='ltr' id='par_1_33' title="bbox 317 1716 3601 1790">
     <span class='ocr_line' id='line_1_33' title="bbox 317 1716 3601 1790; baseline 0.002 -19"><span class='ocrx_word' id='word_1_249' title='bbox 317 1718 571 1774; x_wconf 84' lang='lat' dir='ltr'><strong><em>Altissimi</em></strong></span> <span class='ocrx_word' id='word_1_250' title='bbox 599 1728 847 1775; x_wconf 85' lang='lat' dir='ltr'><strong><em>conteret.</em></strong></span> <span class='ocrx_word' id='word_1_251' title='bbox 881 1719 957 1775; x_wconf 89' lang='lat' dir='ltr'><strong><em>De</em></strong></span> <span class='ocrx_word' id='word_1_252' title='bbox 1007 1717 1265 1790; x_wconf 82' lang='lat' dir='ltr'><strong><em>superbia</em></strong></span> <span class='ocrx_word' id='word_1_253' title='bbox 1311 1725 1493 1773; x_wconf 85' lang='lat' dir='ltr'><strong><em>autem</em></strong></span> <span class='ocrx_word' id='word_1_254' title='bbox 1549 1724 1604 1773; x_wconf 92' lang='lat' dir='ltr'><strong><em>et</em></strong></span> <span class='ocrx_word' id='word_1_255' title='bbox 1654 1724 1903 1786; x_wconf 88' lang='lat' dir='ltr'><strong><em>tempore</em></strong></span> <span class='ocrx_word' id='word_1_256' title='bbox 1935 1718 1980 1779; x_wconf 83' lang='grc' dir='ltr'><strong>Β</strong></span> <span class='ocrx_word' id='word_1_257' title='bbox 2009 1716 2168 1783; x_wconf 88' lang='lat' dir='ltr'><strong><em>ricus,</em></strong></span> <span class='ocrx_word' id='word_1_258' title='bbox 2202 1716 2295 1786; x_wconf 86' lang='lat' dir='ltr'><strong><em>qui</em></strong></span> <span class='ocrx_word' id='word_1_259' title='bbox 2320 1732 2465 1772; x_wconf 90' lang='lat' dir='ltr'><strong><em>anno</em></strong></span> <span class='ocrx_word' id='word_1_260' title='bbox 2494 1717 2601 1773; x_wconf 68' lang='grc'><strong><em>464</em></strong></span> <span class='ocrx_word' id='word_1_261' title='bbox 2625 1718 2693 1773; x_wconf 87' lang='lat' dir='ltr'><strong><em>ab</em></strong></span> <span class='ocrx_word' id='word_1_262' title='bbox 2725 1719 2923 1775; x_wconf 87' lang='lat' dir='ltr'><strong><em>Eurico</em></strong></span> <span class='ocrx_word' id='word_1_263' title='bbox 2953 1720 3123 1776; x_wconf 91' lang='lat' dir='ltr'><strong><em>fratre</em></strong></span> <span class='ocrx_word' id='word_1_264' title='bbox 3157 1737 3258 1777; x_wconf 90' lang='lat' dir='ltr'><strong><em>suo</em></strong></span> <span class='ocrx_word' id='word_1_265' title='bbox 3299 1724 3601 1779; x_wconf 86' lang='lat' dir='ltr'><strong><em>trucidatus</em></strong></span> 
     </span>
    </p>
   </div>
   <div class='ocr_carea' id='block_1_34' title="bbox 313 1808 1904 1883">
    <p class='ocr_par' dir='ltr' id='par_1_34' title="bbox 313 1808 1904 1883">
     <span class='ocr_line' id='line_1_34' title="bbox 313 1808 1904 1883; baseline -0.003 -18"><span class='ocrx_word' id='word_1_266' title='bbox 313 1810 709 1868; x_wconf 88' lang='lat' dir='ltr'><strong><em>dominationis</em></strong></span> <span class='ocrx_word' id='word_1_267' title='bbox 745 1812 916 1883; x_wconf 83' lang='lat' dir='ltr'><strong><em>ipsius</em></strong></span> <span class='ocrx_word' id='word_1_268' title='bbox 967 1811 1153 1867; x_wconf 86' lang='lat' dir='ltr'><strong><em>subdit</em></strong></span> <span class='ocrx_word' id='word_1_269' title='bbox 1183 1829 1196 1865; x_wconf 91' lang='lat'><strong>:</strong></span> <span class='ocrx_word' id='word_1_270' title='bbox 1223 1821 1274 1865; x_wconf 87' lang='lat' dir='ltr'><strong><em>et</em></strong></span> <span class='ocrx_word' id='word_1_271' title='bbox 1321 1809 1520 1881; x_wconf 77' lang='lat' dir='ltr'><strong><em>putabit</em></strong></span> <span class='ocrx_word' id='word_1_272' title='bbox 1557 1808 1700 1880; x_wconf 86' lang='lat' dir='ltr'><strong><em>quod</em></strong></span> <span class='ocrx_word' id='word_1_273' title='bbox 1742 1808 1904 1879; x_wconf 81' lang='lat' dir='ltr'><strong><em>possit</em></strong></span> 
     </span>
    </p>
   </div>
   <div class='ocr_carea' id='block_1_35' title="bbox 311 1903 1901 1978">
    <p class='ocr_par' dir='ltr' id='par_1_35' title="bbox 311 1903 1901 1978">
     <span class='ocr_line' id='line_1_35' title="bbox 311 1903 1901 1978; baseline -0.002 -21"><span class='ocrx_word' id='word_1_274' title='bbox 311 1914 518 1960; x_wconf 85' lang='lat' dir='ltr'><strong><em>mutare</em></strong></span> <span class='ocrx_word' id='word_1_275' title='bbox 545 1917 775 1978; x_wconf 86' lang='lat' dir='ltr'><strong><em>tempora</em></strong></span> <span class='ocrx_word' id='word_1_276' title='bbox 818 1916 866 1959; x_wconf 90' lang='lat' dir='ltr'><strong><em>et</em></strong></span> <span class='ocrx_word' id='word_1_277' title='bbox 895 1906 1057 1975; x_wconf 86' lang='lat' dir='ltr'><strong><em>leges,</em></strong></span> <span class='ocrx_word' id='word_1_278' title='bbox 1086 1914 1136 1958; x_wconf 87' lang='lat' dir='ltr'><strong><em>et</em></strong></span> <span class='ocrx_word' id='word_1_279' title='bbox 1167 1904 1435 1959; x_wconf 79' lang='lat' dir='ltr'><strong><em>tradentur</em></strong></span> <span class='ocrx_word' id='word_1_280' title='bbox 1477 1903 1533 1956; x_wconf 87' lang='lat' dir='ltr'><strong><em>in</em></strong></span> <span class='ocrx_word' id='word_1_281' title='bbox 1574 1916 1733 1955; x_wconf 88' lang='lat' dir='ltr'><strong><em>manu</em></strong></span> <span class='ocrx_word' id='word_1_282' title='bbox 1786 1903 1901 1973; x_wconf 85' lang='lat' dir='ltr'><strong><em>ejus</em></strong></span> 
     </span>
    </p>
   </div>
   <div class='ocr_carea' id='block_1_36' title="bbox 310 1992 1902 2069">
    <p class='ocr_par' dir='ltr' id='par_1_36' title="bbox 310 1992 1902 2069">
     <span class='ocr_line' id='line_1_36' title="bbox 310 1992 1902 2069; baseline -0.004 -16"><span class='ocrx_word' id='word_1_283' title='bbox 310 1995 508 2069; x_wconf 86' lang='lat' dir='ltr'><strong><em>(sancti</em></strong></span> <span class='ocrx_word' id='word_1_284' title='bbox 560 1998 840 2063; x_wconf 67' lang='lat' dir='ltr'><strong><em>videlicet,</em></strong></span> <span class='ocrx_word' id='word_1_285' title='bbox 873 1998 941 2053; x_wconf 90' lang='lat' dir='ltr'><strong><em>de</em></strong></span> <span class='ocrx_word' id='word_1_286' title='bbox 967 1996 1172 2068; x_wconf 81' lang='lat' dir='ltr'><strong><em>quibus</em></strong></span> <span class='ocrx_word' id='word_1_287' title='bbox 1211 1996 1358 2065; x_wconf 89' lang='lat' dir='ltr'><strong><em>prius</em></strong></span> <span class='ocrx_word' id='word_1_288' title='bbox 1403 1995 1643 2060; x_wconf 75' lang='lat' dir='ltr'><strong><em>dixerat,</em></strong></span> <span class='ocrx_word' id='word_1_289' title='bbox 1678 1992 1902 2064; x_wconf 77' lang='lat' dir='ltr'><strong><em>faciebat</em></strong></span> 
     </span>
    </p>
   </div>
   <div class='ocr_carea' id='block_1_37' title="bbox 312 2086 1902 2162">
    <p class='ocr_par' dir='ltr' id='par_1_37' title="bbox 312 2086 1902 2162">
     <span class='ocr_line' id='line_1_37' title="bbox 312 2086 1902 2162; baseline -0.001 -20"><span class='ocrx_word' id='word_1_290' title='bbox 312 2089 501 2143; x_wconf 79' lang='lat' dir='ltr'><strong><em>bellant</em></strong></span> <span class='ocrx_word' id='word_1_291' title='bbox 522 2088 770 2144; x_wconf 77' lang='lat' dir='ltr'><strong><em>adversus</em></strong></span> <span class='ocrx_word' id='word_1_292' title='bbox 790 2097 995 2144; x_wconf 89' lang='lat' dir='ltr'><strong><em>sanctos</em></strong></span> <span class='ocrx_word' id='word_1_293' title='bbox 1023 2098 1069 2143; x_wconf 88' lang='lat' dir='ltr'><strong><em>et</em></strong></span> <span class='ocrx_word' id='word_1_294' title='bbox 1091 2086 1407 2162; x_wconf 72' lang='lat' dir='ltr'><strong><em>&#39;prantalebat</em></strong></span> <span class='ocrx_word' id='word_1_295' title='bbox 1439 2087 1559 2158; x_wconf 89' lang='lat' dir='ltr'><strong><em>eis),</em></strong></span> <span class='ocrx_word' id='word_1_296' title='bbox 1582 2087 1902 2157; x_wconf 80' lang='lat' dir='ltr'><strong><em>quousque?</em></strong></span> 
     </span>
    </p>
   </div>
   <div class='ocr_carea' id='block_1_38' title="bbox 311 2180 1900 2251">
    <p class='ocr_par' dir='ltr' id='par_1_38' title="bbox 311 2180 1900 2251">
     <span class='ocr_line' id='line_1_38' title="bbox 311 2180 1900 2251; baseline -0.001 -18"><span class='ocrx_word' id='word_1_297' title='bbox 311 2195 471 2249; x_wconf 75' lang='lat' dir='ltr'><strong><em>usque</em></strong></span> <span class='ocrx_word' id='word_1_298' title='bbox 498 2181 553 2234; x_wconf 88' lang='lat' dir='ltr'><strong><em>in</em></strong></span> <span class='ocrx_word' id='word_1_299' title='bbox 590 2180 768 2249; x_wconf 79' lang='lat' dir='ltr'><strong><em>ﬁnem,</em></strong></span> <span class='ocrx_word' id='word_1_300' title='bbox 797 2190 854 2235; x_wconf 74' lang='grc' dir='ltr'><strong><em>(ι</em></strong></span> <span class='ocrx_word' id='word_1_301' title='bbox 903 2189 1033 2236; x_wconf 86' lang='lat' dir='ltr'><strong><em>tunc</em></strong></span> <span class='ocrx_word' id='word_1_302' title='bbox 1062 2180 1277 2235; x_wconf 84' lang='lat' dir='ltr'><strong><em>tandem</em></strong></span> <span class='ocrx_word' id='word_1_303' title='bbox 1326 2196 1549 2251; x_wconf 81' lang='lat' dir='ltr'><strong><em>regnum</em></strong></span> <span class='ocrx_word' id='word_1_304' title='bbox 1575 2189 1622 2234; x_wconf 89' lang='lat' dir='ltr'><strong><em>et</em></strong></span> <span class='ocrx_word' id='word_1_305' title='bbox 1652 2188 1900 2251; x_wconf 82' lang='lat' dir='ltr'><strong><em>potestas,</em></strong></span> 
     </span>
    </p>
   </div>
   <div class='ocr_carea' id='block_1_39' title="bbox 309 2269 1906 2343">
    <p class='ocr_par' dir='ltr' id='par_1_39' title="bbox 309 2269 1906 2343">
     <span class='ocr_line' id='line_1_39' title="bbox 309 2269 1906 2343; baseline -0.001 -19"><span class='ocrx_word' id='word_1_306' title='bbox 309 2281 357 2324; x_wconf 78' lang='lat' dir='ltr'><strong><em>ct</em></strong></span> <span class='ocrx_word' id='word_1_307' title='bbox 400 2271 699 2343; x_wconf 81' lang='lat' dir='ltr'><strong><em>magnitudo</em></strong></span> <span class='ocrx_word' id='word_1_308' title='bbox 736 2287 853 2343; x_wconf 79' lang='lat' dir='ltr'><strong><em>gnte</em></strong></span> <span class='ocrx_word' id='word_1_309' title='bbox 882 2282 958 2327; x_wconf 88' lang='lat' dir='ltr'><strong><em>est</em></strong></span> <span class='ocrx_word' id='word_1_310' title='bbox 982 2270 1159 2327; x_wconf 86' lang='lat' dir='ltr'><strong><em>subter</em></strong></span> <span class='ocrx_word' id='word_1_311' title='bbox 1187 2288 1336 2325; x_wconf 83' lang='lat' dir='ltr'><strong><em>omne</em></strong></span> <span class='ocrx_word' id='word_1_312' title='bbox 1357 2271 1546 2326; x_wconf 67' lang='lat' dir='ltr'><strong><em>coelum</em></strong></span> <span class='ocrx_word' id='word_1_313' title='bbox 1576 2269 1784 2323; x_wconf 87' lang='lat' dir='ltr'><strong><em>dabitur</em></strong></span> <span class='ocrx_word' id='word_1_314' title='bbox 1809 2286 1906 2341; x_wconf 88' lang='lat' dir='ltr'><strong><em>po-</em></strong></span> 
     </span>
    </p>
   </div>
   <div class='ocr_carea' id='block_1_40' title="bbox 308 2364 1904 2437">
    <p class='ocr_par' dir='ltr' id='par_1_40' title="bbox 308 2364 1904 2437">
     <span class='ocr_line' id='line_1_40' title="bbox 308 2364 1904 2437; baseline -0.003 -17"><span class='ocrx_word' id='word_1_315' title='bbox 308 2366 432 2437; x_wconf 80' lang='lat' dir='ltr'><strong><em>pqu</em></strong></span> <span class='ocrx_word' id='word_1_316' title='bbox 461 2376 762 2421; x_wconf 84' lang='lat' dir='ltr'><strong><em>sanctorum</em></strong></span> <span class='ocrx_word' id='word_1_317' title='bbox 787 2367 1063 2429; x_wconf 82' lang='lat' dir='ltr'><strong><em>Altissimi,</em></strong></span> <span class='ocrx_word' id='word_1_318' title='bbox 1093 2380 1268 2434; x_wconf 71' lang='lat' dir='ltr'><strong><em>eoque</em></strong></span> <span class='ocrx_word' id='word_1_319' title='bbox 1292 2381 1472 2419; x_wconf 88' lang='lat' dir='ltr'><strong><em>omnes</em></strong></span> <span class='ocrx_word' id='word_1_320' title='bbox 1508 2380 1653 2436; x_wconf 87' lang='lat' dir='ltr'><strong><em>reges</em></strong></span> <span class='ocrx_word' id='word_1_321' title='bbox 1680 2364 1904 2418; x_wconf 83' lang='lat' dir='ltr'><strong><em>servient</em></strong></span> 
     </span>
    </p>
   </div>
   <div class='ocr_carea' id='block_1_41' title="bbox 307 2456 1902 2531">
    <p class='ocr_par' dir='ltr' id='par_1_41' title="bbox 307 2456 1902 2531">
     <span class='ocr_line' id='line_1_41' title="bbox 307 2456 1902 2531; baseline -0.002 -19"><span class='ocrx_word' id='word_1_322' title='bbox 307 2468 357 2512; x_wconf 81' lang='lat' dir='ltr'><strong><em>ct</em></strong></span> <span class='ocrx_word' id='word_1_323' title='bbox 381 2460 641 2530; x_wconf 85' lang='lat' dir='ltr'><strong><em>obedient,</em></strong></span> <span class='ocrx_word' id='word_1_324' title='bbox 674 2468 721 2514; x_wconf 89' lang='lat' dir='ltr'><strong><em>et</em></strong></span> <span class='ocrx_word' id='word_1_325' title='bbox 753 2474 967 2531; x_wconf 85' lang='lat' dir='ltr'><strong><em>regnum</em></strong></span> <span class='ocrx_word' id='word_1_326' title='bbox 1001 2459 1374 2529; x_wconf 83' lang='lat' dir='ltr'><strong><em>sempiternum</em></strong></span> <span class='ocrx_word' id='word_1_327' title='bbox 1396 2458 1517 2512; x_wconf 88' lang='lat' dir='ltr'><strong><em>erit.</em></strong></span> <span class='ocrx_word' id='word_1_328' title='bbox 1547 2456 1741 2511; x_wconf 85' lang='lat' dir='ltr'><strong><em>Mirum</em></strong></span> <span class='ocrx_word' id='word_1_329' title='bbox 1772 2469 1902 2525; x_wconf 84' lang='lat' dir='ltr'><strong><em>pro-</em></strong></span> 
     </span>
    </p>
   </div>
   <div class='ocr_carea' id='block_1_42' title="bbox 306 2548 1902 2623">
    <p class='ocr_par' dir='ltr' id='par_1_42' title="bbox 306 2548 1902 2623">
     <span class='ocr_line' id='line_1_42' title="bbox 306 2548 1902 2623; baseline -0.003 -17"><span class='ocrx_word' id='word_1_330' title='bbox 306 2550 455 2608; x_wconf 80' lang='lat' dir='ltr'><strong><em>fecto</em></strong></span> <span class='ocrx_word' id='word_1_331' title='bbox 477 2568 635 2623; x_wconf 85' lang='lat' dir='ltr'><strong><em>quam</em></strong></span> <span class='ocrx_word' id='word_1_332' title='bbox 667 2552 808 2609; x_wconf 86' lang='lat' dir='ltr'><strong><em>bene</em></strong></span> <span class='ocrx_word' id='word_1_333' title='bbox 839 2552 956 2607; x_wconf 75' lang='lat' dir='ltr'><strong><em>lucc</em></strong></span> <span class='ocrx_word' id='word_1_334' title='bbox 991 2551 1175 2607; x_wconf 87' lang='lat' dir='ltr'><strong><em>omnia</em></strong></span> <span class='ocrx_word' id='word_1_335' title='bbox 1218 2550 1522 2606; x_wconf 83' lang='lat' dir='ltr'><strong><em>Gothorum</em></strong></span> <span class='ocrx_word' id='word_1_336' title='bbox 1568 2549 1714 2620; x_wconf 75' lang='lat' dir='ltr'><strong><em>genti</em></strong></span> <span class='ocrx_word' id='word_1_337' title='bbox 1753 2548 1902 2617; x_wconf 87' lang='lat' dir='ltr'><strong><em>ejus-</em></strong></span> 
     </span>
    </p>
   </div>
   <div class='ocr_carea' id='block_1_43' title="bbox 306 2641 1897 2718">
    <p class='ocr_par' dir='ltr' id='par_1_43' title="bbox 306 2641 1897 2718">
     <span class='ocr_line' id='line_1_43' title="bbox 306 2641 1897 2718; baseline -0.003 -18"><span class='ocrx_word' id='word_1_338' title='bbox 306 2664 416 2716; x_wconf 86' lang='lat' dir='ltr'><strong><em>quc</em></strong></span> <span class='ocrx_word' id='word_1_339' title='bbox 458 2647 677 2718; x_wconf 81' lang='lat' dir='ltr'><strong><em>regibus</em></strong></span> <span class='ocrx_word' id='word_1_340' title='bbox 734 2646 787 2701; x_wconf 90' lang='lat' dir='ltr'><strong><em>in</em></strong></span> <span class='ocrx_word' id='word_1_341' title='bbox 834 2646 1116 2716; x_wconf 76' lang='lat' dir='ltr'><strong><em>llispanii,</em></strong></span> <span class='ocrx_word' id='word_1_342' title='bbox 1146 2646 1503 2715; x_wconf 82' lang='lat' dir='ltr'><strong><em>regnantibus</em></strong></span> <span class='ocrx_word' id='word_1_343' title='bbox 1547 2641 1897 2699; x_wconf 80' lang='lat' dir='ltr'><strong><em>conveniant.</em></strong></span> 
     </span>
    </p>
   </div>
   <div class='ocr_carea' id='block_1_44' title="bbox 305 2736 1901 2809">
    <p class='ocr_par' dir='ltr' id='par_1_44' title="bbox 305 2736 1901 2809">
     <span class='ocr_line' id='line_1_44' title="bbox 305 2736 1901 2809; baseline -0.002 -16"><span class='ocrx_word' id='word_1_344' title='bbox 305 2736 417 2808; x_wconf 90' lang='lat' dir='ltr'><strong><em>Ipsi</em></strong></span> <span class='ocrx_word' id='word_1_345' title='bbox 445 2745 638 2808; x_wconf 85' lang='lat' dir='ltr'><strong><em>quarta</em></strong></span> <span class='ocrx_word' id='word_1_346' title='bbox 664 2738 834 2794; x_wconf 72' lang='lat' dir='ltr'><strong><em>besﬁa</em></strong></span> <span class='ocrx_word' id='word_1_347' title='bbox 862 2747 915 2794; x_wconf 92' lang='lat' dir='ltr'><strong><em>ct</em></strong></span> <span class='ocrx_word' id='word_1_348' title='bbox 946 2753 1175 2809; x_wconf 69' lang='lat' dir='ltr'><strong><em>regnum</em></strong></span> <span class='ocrx_word' id='word_1_349' title='bbox 1226 2745 1484 2809; x_wconf 90' lang='lat' dir='ltr'><strong><em>quartum</em></strong></span> <span class='ocrx_word' id='word_1_350' title='bbox 1529 2742 1677 2800; x_wconf 75' lang='lat' dir='ltr'>SIIIIi,</span> <span class='ocrx_word' id='word_1_351' title='bbox 1712 2742 1901 2802; x_wconf 85' lang='lat' dir='ltr'><strong><em>utpote</em></strong></span> 
     </span>
    </p>
   </div>
   <div class='ocr_carea' id='block_1_45' title="bbox 301 2827 1896 2900">
    <p class='ocr_par' dir='ltr' id='par_1_45' title="bbox 301 2827 1896 2900">
     <span class='ocr_line' id='line_1_45' title="bbox 301 2827 1896 2900; baseline -0.003 -16"><span class='ocrx_word' id='word_1_352' title='bbox 301 2831 398 2900; x_wconf 86' lang='lat' dir='ltr'><strong><em>qui</em></strong></span> <span class='ocrx_word' id='word_1_353' title='bbox 430 2838 555 2900; x_wconf 89' lang='lat' dir='ltr'><strong><em>post</em></strong></span> <span class='ocrx_word' id='word_1_354' title='bbox 598 2841 832 2885; x_wconf 73' lang='lat' dir='ltr'><strong><em>czctcras</em></strong></span> <span class='ocrx_word' id='word_1_355' title='bbox 859 2839 968 2885; x_wconf 88' lang='lat' dir='ltr'><strong><em>tres</em></strong></span> <span class='ocrx_word' id='word_1_356' title='bbox 998 2829 1249 2884; x_wconf 90' lang='lat' dir='ltr'><strong><em>nationes</em></strong></span> <span class='ocrx_word' id='word_1_357' title='bbox 1282 2827 1569 2899; x_wconf 81' lang='lat' dir='ltr'><strong><em>Hispanias</em></strong></span> <span class='ocrx_word' id='word_1_358' title='bbox 1603 2828 1896 2894; x_wconf 89' lang='lat' dir='ltr'><strong><em>intrarunt,</em></strong></span> 
     </span>
    </p>
   </div>
   <div class='ocr_carea' id='block_1_46' title="bbox 302 2918 1897 2990">
    <p class='ocr_par' dir='ltr' id='par_1_46' title="bbox 302 2918 1897 2990">
     <span class='ocr_line' id='line_1_46' title="bbox 302 2918 1897 2990; baseline -0.002 -16"><span class='ocrx_word' id='word_1_359' title='bbox 302 2920 409 2990; x_wconf 82' lang='lat' dir='ltr'><strong><em>ipsi</em></strong></span> <span class='ocrx_word' id='word_1_360' title='bbox 444 2921 697 2976; x_wconf 77' lang='lat' dir='ltr'><strong><em>fortiores</em></strong></span> <span class='ocrx_word' id='word_1_361' title='bbox 723 2930 777 2976; x_wconf 90' lang='lat' dir='ltr'><strong><em>et</em></strong></span> <span class='ocrx_word' id='word_1_362' title='bbox 824 2919 1120 2976; x_wconf 84' lang='lat' dir='ltr'><strong><em>ferociores</em></strong></span> <span class='ocrx_word' id='word_1_363' title='bbox 1161 2920 1403 2985; x_wconf 67' lang='lat' dir='ltr'><strong><em>etcteris,</em></strong></span> <span class='ocrx_word' id='word_1_364' title='bbox 1445 2918 1710 2987; x_wconf 82' lang='lat' dir='ltr'><strong><em>majorem</em></strong></span> <span class='ocrx_word' id='word_1_365' title='bbox 1755 2927 1897 2972; x_wconf 86' lang='lat' dir='ltr'><strong><em>stra-</em></strong></span> 
     </span>
    </p>
   </div>
   <div class='ocr_carea' id='block_1_47' title="bbox 300 3009 1896 3085">
    <p class='ocr_par' dir='ltr' id='par_1_47' title="bbox 300 3009 1896 3085">
     <span class='ocr_line' id='line_1_47' title="bbox 300 3009 1896 3085; baseline -0.004 -15"><span class='ocrx_word' id='word_1_366' title='bbox 300 3031 427 3085; x_wconf 75' lang='lat' dir='ltr'><strong><em>gem</em></strong></span> <span class='ocrx_word' id='word_1_367' title='bbox 475 3015 527 3070; x_wconf 91' lang='lat' dir='ltr'><strong><em>iu</em></strong></span> <span class='ocrx_word' id='word_1_368' title='bbox 570 3014 840 3085; x_wconf 77' lang='lat' dir='ltr'><strong><em>Hispaniis</em></strong></span> <span class='ocrx_word' id='word_1_369' title='bbox 884 3012 1153 3080; x_wconf 77' lang='lat' dir='ltr'><strong><em>fecerunt,</em></strong></span> <span class='ocrx_word' id='word_1_370' title='bbox 1186 3013 1288 3082; x_wconf 74' lang='lat' dir='ltr'><strong><em>ipsi</em></strong></span> <span class='ocrx_word' id='word_1_371' title='bbox 1319 3012 1614 3067; x_wconf 74' lang='lat' dir='ltr'><strong><em>dissimiles</em></strong></span> <span class='ocrx_word' id='word_1_372' title='bbox 1646 3009 1896 3077; x_wconf 82' lang='lat' dir='ltr'><strong><em>reliquis,</em></strong></span> 
     </span>
    </p>
   </div>
   <div class='ocr_carea' id='block_1_48' title="bbox 2004 1810 3603 1884">
    <p class='ocr_par' dir='ltr' id='par_1_48' title="bbox 2004 1810 3603 1884">
     <span class='ocr_line' id='line_1_48' title="bbox 2004 1810 3603 1884; baseline 0.006 -19"><span class='ocrx_word' id='word_1_373' title='bbox 2004 1819 2108 1866; x_wconf 87' lang='lat' dir='ltr'><strong><em>est.</em></strong></span> <span class='ocrx_word' id='word_1_374' title='bbox 2144 1810 2233 1866; x_wconf 85' lang='lat' dir='ltr'><strong><em>VI.</em></strong></span> <span class='ocrx_word' id='word_1_375' title='bbox 2265 1810 2491 1869; x_wconf 84' lang='lat' dir='ltr'><strong><em>Enricus</em></strong></span> <span class='ocrx_word' id='word_1_376' title='bbox 2518 1812 2653 1883; x_wconf 86' lang='lat' dir='ltr'><strong><em>ipse,</em></strong></span> <span class='ocrx_word' id='word_1_377' title='bbox 2685 1814 2773 1884; x_wconf 90' lang='lat' dir='ltr'><strong><em>qui</em></strong></span> <span class='ocrx_word' id='word_1_378' title='bbox 2801 1830 2944 1870; x_wconf 89' lang='lat' dir='ltr'><strong><em>anno</em></strong></span> <span class='ocrx_word' id='word_1_379' title='bbox 2976 1815 3188 1870; x_wconf 90' lang='lat' dir='ltr'><strong><em>Domini</em></strong></span> <span class='ocrx_word' id='word_1_380' title='bbox 3220 1818 3345 1872; x_wconf 65' lang='lat'><strong><em>489..</em></strong></span> <span class='ocrx_word' id='word_1_381' title='bbox 3380 1820 3603 1875; x_wconf 75' lang='lat' dir='ltr'><strong><em>Arelate</em></strong></span> 
     </span>
    </p>
   </div>
   <div class='ocr_carea' id='block_1_49' title="bbox 2004 1901 3596 1979">
    <p class='ocr_par' dir='ltr' id='par_1_49' title="bbox 2004 1901 3596 1979">
     <span class='ocr_line' id='line_1_49' title="bbox 2004 1901 3596 1979; baseline 0.006 -23"><span class='ocrx_word' id='word_1_382' title='bbox 2004 1901 2059 1957; x_wconf 90' lang='lat' dir='ltr'><strong><em>in</em></strong></span> <span class='ocrx_word' id='word_1_383' title='bbox 2078 1902 2255 1959; x_wconf 84' lang='lat' dir='ltr'><strong><em>Gallia</em></strong></span> <span class='ocrx_word' id='word_1_384' title='bbox 2271 1903 2500 1960; x_wconf 87' lang='lat' dir='ltr'><strong><em>Gothica</em></strong></span> <span class='ocrx_word' id='word_1_385' title='bbox 2516 1913 2764 1961; x_wconf 90' lang='lat' dir='ltr'><strong><em>mortuus</em></strong></span> <span class='ocrx_word' id='word_1_386' title='bbox 2786 1914 2887 1972; x_wconf 84' lang='lat' dir='ltr'><strong><em>est,</em></strong></span> <span class='ocrx_word' id='word_1_387' title='bbox 2918 1906 3207 1979; x_wconf 89' lang='lat' dir='ltr'><strong><em>habuitque</em></strong></span> <span class='ocrx_word' id='word_1_388' title='bbox 3225 1924 3596 1966; x_wconf 87' lang='lat' dir='ltr'><strong><em>successorem</em></strong></span> 
     </span>
    </p>
   </div>
   <div class='ocr_carea' id='block_1_50' title="bbox 2002 1991 3598 2071">
    <p class='ocr_par' dir='ltr' id='par_1_50' title="bbox 2002 1991 3598 2071">
     <span class='ocr_line' id='line_1_50' title="bbox 2002 1991 3598 2071; baseline 0.006 -23"><span class='ocrx_word' id='word_1_389' title='bbox 2002 1991 2297 2050; x_wconf 87' lang='lat' dir='ltr'><strong><em>Alaricum.</em></strong></span> <span class='ocrx_word' id='word_1_390' title='bbox 2330 1994 2444 2049; x_wconf 84' lang='lat' dir='ltr'>VII.</span> <span class='ocrx_word' id='word_1_391' title='bbox 2480 1994 2724 2051; x_wconf 81' lang='lat' dir='ltr'><strong><em>Alaricus</em></strong></span> <span class='ocrx_word' id='word_1_392' title='bbox 2752 1997 3001 2066; x_wconf 83' lang='lat' dir='ltr'><strong><em>regnavit</em></strong></span> <span class='ocrx_word' id='word_1_393' title='bbox 3030 2014 3201 2053; x_wconf 90' lang='lat' dir='ltr'><strong><em>annos</em></strong></span> <span class='ocrx_word' id='word_1_394' title='bbox 3230 2000 3303 2056; x_wconf 77' lang='lat'><strong><em>‘25</em></strong></span> <span class='ocrx_word' id='word_1_395' title='bbox 3329 2017 3500 2071; x_wconf 89' lang='lat' dir='ltr'><strong><em>usque</em></strong></span> <span class='ocrx_word' id='word_1_396' title='bbox 3528 2003 3598 2057; x_wconf 89' lang='lat' dir='ltr'><strong><em>ad</em></strong></span> 
     </span>
    </p>
   </div>
   <div class='ocr_carea' id='block_1_51' title="bbox 2004 2086 3597 2161">
    <p class='ocr_par' dir='ltr' id='par_1_51' title="bbox 2004 2086 3597 2161">
     <span class='ocr_line' id='line_1_51' title="bbox 2004 2086 3597 2161; baseline 0.005 -21"><span class='ocrx_word' id='word_1_397' title='bbox 2004 2099 2203 2142; x_wconf 87' lang='lat' dir='ltr'><strong><em>annum</em></strong></span> <span class='ocrx_word' id='word_1_398' title='bbox 2230 2086 2448 2142; x_wconf 89' lang='lat' dir='ltr'><strong><em>Domini</em></strong></span> <span class='ocrx_word' id='word_1_399' title='bbox 2472 2087 2597 2144; x_wconf 79' lang='lat'><strong><em>506.</em></strong></span> <span class='ocrx_word' id='word_1_400' title='bbox 2630 2087 2769 2143; x_wconf 88' lang='lat' dir='ltr'>VIII.</span> <span class='ocrx_word' id='word_1_401' title='bbox 2795 2088 2930 2144; x_wconf 87' lang='lat' dir='ltr'><strong><em>lluic</em></strong></span> <span class='ocrx_word' id='word_1_402' title='bbox 2959 2093 3228 2146; x_wconf 90' lang='lat' dir='ltr'><strong><em>successit</em></strong></span> <span class='ocrx_word' id='word_1_403' title='bbox 3266 2092 3405 2147; x_wconf 80' lang='lat' dir='ltr'><strong><em>ﬁlius</em></strong></span> <span class='ocrx_word' id='word_1_404' title='bbox 3430 2094 3597 2161; x_wconf 66' lang='lat' dir='ltr'><strong><em>ip~ius</em></strong></span> 
     </span>
    </p>
   </div>
   <div class='ocr_carea' id='block_1_52' title="bbox 2004 2178 3595 2256">
    <p class='ocr_par' dir='ltr' id='par_1_52' title="bbox 2004 2178 3595 2256">
     <span class='ocr_line' id='line_1_52' title="bbox 2004 2178 3595 2256; baseline 0.004 -23"><span class='ocrx_word' id='word_1_405' title='bbox 2004 2178 2371 2247; x_wconf 82' lang='lat' dir='ltr'><strong><em>Antalaricus,</em></strong></span> <span class='ocrx_word' id='word_1_406' title='bbox 2404 2179 2733 2235; x_wconf 87' lang='lat' dir='ltr'><strong><em>Theoderici</em></strong></span> <span class='ocrx_word' id='word_1_407' title='bbox 2771 2179 2937 2236; x_wconf 74' lang='lat' dir='ltr'><strong><em>Italia:</em></strong></span> <span class='ocrx_word' id='word_1_408' title='bbox 2967 2184 3110 2252; x_wconf 71' lang='lat' dir='ltr'><strong><em>regis</em></strong></span> <span class='ocrx_word' id='word_1_409' title='bbox 3144 2198 3210 2238; x_wconf 88' lang='lat' dir='ltr'><strong><em>ex</em></strong></span> <span class='ocrx_word' id='word_1_410' title='bbox 3254 2184 3358 2239; x_wconf 75' lang='lat' dir='ltr'><strong><em>ﬁlia</em></strong></span> <span class='ocrx_word' id='word_1_411' title='bbox 3389 2202 3595 2256; x_wconf 89' lang='lat' dir='ltr'><strong><em>nepos,</em></strong></span> 
     </span>
    </p>
   </div>
   <div class='ocr_carea' id='block_1_53' title="bbox 2007 2269 3603 2347">
    <p class='ocr_par' dir='ltr' id='par_1_53' title="bbox 2007 2269 3603 2347">
     <span class='ocr_line' id='line_1_53' title="bbox 2007 2269 3603 2347; baseline 0.006 -23"><span class='ocrx_word' id='word_1_412' title='bbox 2007 2269 2186 2325; x_wconf 89' lang='lat' dir='ltr'><strong><em>infans</em></strong></span> <span class='ocrx_word' id='word_1_413' title='bbox 2218 2270 2421 2339; x_wconf 90' lang='lat' dir='ltr'><strong><em>adhuc,</em></strong></span> <span class='ocrx_word' id='word_1_414' title='bbox 2449 2279 2505 2325; x_wconf 88' lang='lat' dir='ltr'><strong><em>et</em></strong></span> <span class='ocrx_word' id='word_1_415' title='bbox 2533 2270 2770 2341; x_wconf 84' lang='lat' dir='ltr'><strong><em>pueriles</em></strong></span> <span class='ocrx_word' id='word_1_416' title='bbox 2802 2286 2909 2326; x_wconf 91' lang='lat' dir='ltr'><strong><em>non</em></strong></span> <span class='ocrx_word' id='word_1_417' title='bbox 2946 2274 3220 2329; x_wconf 88' lang='lat' dir='ltr'><strong><em>excedens</em></strong></span> <span class='ocrx_word' id='word_1_418' title='bbox 3241 2291 3414 2329; x_wconf 89' lang='lat' dir='ltr'><strong><em>annos</em></strong></span> <span class='ocrx_word' id='word_1_419' title='bbox 3446 2295 3459 2330; x_wconf 91' lang='lat'><strong>:</strong></span> <span class='ocrx_word' id='word_1_420' title='bbox 3489 2294 3603 2347; x_wconf 87' lang='lat' dir='ltr'><strong><em>quo</em></strong></span> 
     </span>
    </p>
   </div>
   <div class='ocr_carea' id='block_1_54' title="bbox 2006 2363 3606 2437">
    <p class='ocr_par' dir='ltr' id='par_1_54' title="bbox 2006 2363 3606 2437">
     <span class='ocr_line' id='line_1_54' title="bbox 2006 2363 3606 2437; baseline 0.004 -18"><span class='ocrx_word' id='word_1_421' title='bbox 2006 2371 2253 2434; x_wconf 81' lang='lat' dir='ltr'><strong><em>tempore</em></strong></span> <span class='ocrx_word' id='word_1_422' title='bbox 2274 2363 2654 2420; x_wconf 81' lang='lat' dir='ltr'><strong><em>Theudoricus</em></strong></span> <span class='ocrx_word' id='word_1_423' title='bbox 2672 2364 2997 2435; x_wconf 82' lang='lat' dir='ltr'><strong><em>gubernavit</em></strong></span> <span class='ocrx_word' id='word_1_424' title='bbox 3025 2366 3077 2419; x_wconf 90' lang='lat' dir='ltr'><strong><em>in</em></strong></span> <span class='ocrx_word' id='word_1_425' title='bbox 3100 2365 3353 2436; x_wconf 78' lang='lat' dir='ltr'><strong><em>HiSpania</em></strong></span> <span class='ocrx_word' id='word_1_426' title='bbox 3385 2384 3480 2437; x_wconf 87' lang='lat' dir='ltr'><strong><em>pro</em></strong></span> <span class='ocrx_word' id='word_1_427' title='bbox 3503 2384 3606 2425; x_wconf 87' lang='lat' dir='ltr'><strong><em>ne-</em></strong></span> 
     </span>
    </p>
   </div>
   <div class='ocr_carea' id='block_1_55' title="bbox 2006 2458 3609 2533">
    <p class='ocr_par' dir='ltr' id='par_1_55' title="bbox 2006 2458 3609 2533">
     <span class='ocr_line' id='line_1_55' title="bbox 2006 2458 3609 2533; baseline 0.004 -20"><span class='ocrx_word' id='word_1_428' title='bbox 2006 2467 2154 2529; x_wconf 84' lang='lat' dir='ltr'><strong><em>pote.</em></strong></span> <span class='ocrx_word' id='word_1_429' title='bbox 2184 2458 2278 2513; x_wconf 81' lang='grc' dir='ltr'><strong><em>ΙΧ.</em></strong></span> <span class='ocrx_word' id='word_1_430' title='bbox 2318 2458 2702 2531; x_wconf 84' lang='lat' dir='ltr'><strong><em>Atltanagildus</em></strong></span> <span class='ocrx_word' id='word_1_431' title='bbox 2735 2461 2823 2530; x_wconf 90' lang='lat' dir='ltr'><strong><em>qui</em></strong></span> <span class='ocrx_word' id='word_1_432' title='bbox 2858 2460 3098 2517; x_wconf 86' lang='lat' dir='ltr'><strong><em>habenas</em></strong></span> <span class='ocrx_word' id='word_1_433' title='bbox 3125 2464 3274 2533; x_wconf 82' lang='lat' dir='ltr'><strong><em>regni</em></strong></span> <span class='ocrx_word' id='word_1_434' title='bbox 3309 2465 3484 2519; x_wconf 81' lang='lat' dir='ltr'><strong><em>tenuit</em></strong></span> <span class='ocrx_word' id='word_1_435' title='bbox 3508 2482 3609 2520; x_wconf 83' lang='lat' dir='ltr'><strong><em>us-</em></strong></span> 
     </span>
    </p>
   </div>
   <div class='ocr_carea' id='block_1_56' title="bbox 2005 2552 3601 2625">
    <p class='ocr_par' dir='ltr' id='par_1_56' title="bbox 2005 2552 3601 2625">
     <span class='ocr_line' id='line_1_56' title="bbox 2005 2552 3601 2625; baseline 0.006 -20"><span class='ocrx_word' id='word_1_436' title='bbox 2005 2566 2109 2622; x_wconf 87' lang='lat' dir='ltr'><strong><em>que</em></strong></span> <span class='ocrx_word' id='word_1_437' title='bbox 2132 2552 2198 2607; x_wconf 91' lang='lat' dir='ltr'><strong><em>ad</em></strong></span> <span class='ocrx_word' id='word_1_438' title='bbox 2232 2568 2435 2607; x_wconf 90' lang='lat' dir='ltr'><strong><em>annum</em></strong></span> <span class='ocrx_word' id='word_1_439' title='bbox 2464 2555 2499 2608; x_wconf 71' lang='lat'><strong>2</strong></span> <span class='ocrx_word' id='word_1_440' title='bbox 2525 2552 2728 2609; x_wconf 77' lang='lat' dir='ltr'><strong><em>Justini</em></strong></span> <span class='ocrx_word' id='word_1_441' title='bbox 2761 2554 3039 2618; x_wconf 87' lang='lat' dir='ltr'><strong><em>Junioris,</em></strong></span> <span class='ocrx_word' id='word_1_442' title='bbox 3084 2555 3287 2611; x_wconf 84' lang='lat' dir='ltr'><strong><em>Christi</em></strong></span> <span class='ocrx_word' id='word_1_443' title='bbox 3313 2573 3445 2611; x_wconf 79' lang='lat' dir='ltr'><strong><em>vero</em></strong></span> <span class='ocrx_word' id='word_1_444' title='bbox 3472 2559 3601 2625; x_wconf 79' lang='lat'><strong><em>567,</em></strong></span> 
     </span>
    </p>
   </div>
   <div class='ocr_carea' id='block_1_57' title="bbox 2004 2644 3601 2718">
    <p class='ocr_par' dir='ltr' id='par_1_57' title="bbox 2004 2644 3601 2718">
     <span class='ocr_line' id='line_1_57' title="bbox 2004 2644 3601 2718; baseline 0.004 -21"><span class='ocrx_word' id='word_1_445' title='bbox 2004 2658 2115 2714; x_wconf 90' lang='lat' dir='ltr'><strong><em>quo</em></strong></span> <span class='ocrx_word' id='word_1_446' title='bbox 2142 2644 2395 2699; x_wconf 89' lang='lat' dir='ltr'><strong><em>nimirum</em></strong></span> <span class='ocrx_word' id='word_1_447' title='bbox 2422 2645 2806 2716; x_wconf 79' lang='lat' dir='ltr'><strong><em>Athanagildus</em></strong></span> <span class='ocrx_word' id='word_1_448' title='bbox 2834 2662 2926 2700; x_wconf 79' lang='lat' dir='ltr'><strong><em>rea:</em></strong></span> <span class='ocrx_word' id='word_1_449' title='bbox 2955 2644 3245 2701; x_wconf 78' lang='lat' dir='ltr'><strong><em>Gal/torum</em></strong></span> <span class='ocrx_word' id='word_1_450' title='bbox 3279 2648 3374 2718; x_wconf 89' lang='lat' dir='ltr'><strong><em>(ait</em></strong></span> <span class='ocrx_word' id='word_1_451' title='bbox 3425 2649 3601 2704; x_wconf 90' lang='lat' dir='ltr'><strong><em>Viela-</em></strong></span> 
     </span>
    </p>
   </div>
   <div class='ocr_carea' id='block_1_58' title="bbox 2004 2736 3602 2813">
    <p class='ocr_par' dir='ltr' id='par_1_58' title="bbox 2004 2736 3602 2813">
     <span class='ocr_line' id='line_1_58' title="bbox 2004 2736 3602 2813; baseline 0.003 -21"><span class='ocrx_word' id='word_1_452' title='bbox 2004 2736 2204 2809; x_wconf 90' lang='lat' dir='ltr'><strong><em>rensis)</em></strong></span> <span class='ocrx_word' id='word_1_453' title='bbox 2230 2739 2283 2793; x_wconf 88' lang='lat' dir='ltr'><strong><em>in</em></strong></span> <span class='ocrx_word' id='word_1_454' title='bbox 2319 2737 2584 2809; x_wconf 85' lang='lat' dir='ltr'><strong><em>Hispania</em></strong></span> <span class='ocrx_word' id='word_1_455' title='bbox 2618 2740 2735 2795; x_wconf 73' lang='lat' dir='ltr'><strong><em>vita:</em></strong></span> <span class='ocrx_word' id='word_1_456' title='bbox 2760 2739 2915 2808; x_wconf 82' lang='lat' dir='ltr'><strong><em>finem</em></strong></span> <span class='ocrx_word' id='word_1_457' title='bbox 2937 2741 3191 2811; x_wconf 79' lang='lat' dir='ltr'><strong><em>suscepit,</em></strong></span> <span class='ocrx_word' id='word_1_458' title='bbox 3225 2749 3273 2794; x_wconf 88' lang='lat' dir='ltr'><strong><em>et</em></strong></span> <span class='ocrx_word' id='word_1_459' title='bbox 3314 2741 3479 2796; x_wconf 87' lang='lat' dir='ltr'><strong><em>Liuba</em></strong></span> <span class='ocrx_word' id='word_1_460' title='bbox 3508 2760 3602 2813; x_wconf 89' lang='lat' dir='ltr'><strong><em>pro</em></strong></span> 
     </span>
    </p>
   </div>
   <div class='ocr_carea' id='block_1_59' title="bbox 2002 2830 3599 2904">
    <p class='ocr_par' dir='ltr' id='par_1_59' title="bbox 2002 2830 3599 2904">
     <span class='ocr_line' id='line_1_59' title="bbox 2002 2830 3599 2904; baseline 0.003 -20"><span class='ocrx_word' id='word_1_461' title='bbox 2002 2846 2061 2885; x_wconf 87' lang='lat' dir='ltr'><strong><em>eo</em></strong></span> <span class='ocrx_word' id='word_1_462' title='bbox 2089 2830 2143 2884; x_wconf 90' lang='lat' dir='ltr'><strong><em>in</em></strong></span> <span class='ocrx_word' id='word_1_463' title='bbox 2171 2846 2385 2904; x_wconf 83' lang='lat' dir='ltr'><strong><em>regnum</em></strong></span> <span class='ocrx_word' id='word_1_464' title='bbox 2424 2830 2745 2901; x_wconf 79' lang='lat' dir='ltr'><strong><em>provehitur,</em></strong></span> <span class='ocrx_word' id='word_1_465' title='bbox 2788 2830 2992 2902; x_wconf 80' lang='lat' dir='ltr'><strong><em>fuitque</em></strong></span> <span class='ocrx_word' id='word_1_466' title='bbox 3023 2831 3071 2886; x_wconf 87' lang='grc' dir='ltr'><strong>Χ</strong></span> <span class='ocrx_word' id='word_1_467' title='bbox 3112 2832 3258 2888; x_wconf 89' lang='lat' dir='ltr'><strong><em>inter</em></strong></span> <span class='ocrx_word' id='word_1_468' title='bbox 3297 2832 3599 2889; x_wconf 89' lang='lat' dir='ltr'><strong><em>Gothorum</em></strong></span> 
     </span>
    </p>
   </div>
   <div class='ocr_carea' id='block_1_60' title="bbox 2004 2921 3602 2992">
    <p class='ocr_par' dir='ltr' id='par_1_60' title="bbox 2004 2921 3602 2992">
     <span class='ocr_line' id='line_1_60' title="bbox 2004 2921 3602 2992; baseline 0.003 -16"><span class='ocrx_word' id='word_1_469' title='bbox 2004 2921 2282 2992; x_wconf 69' lang='lat' dir='ltr'><strong><em>Ilispanim</em></strong></span> <span class='ocrx_word' id='word_1_470' title='bbox 2311 2936 2492 2992; x_wconf 76' lang='lat' dir='ltr'><strong><em>reges.</em></strong></span> <span class='ocrx_word' id='word_1_471' title='bbox 2524 2922 2727 2977; x_wconf 91' lang='lat' dir='ltr'><strong><em>IIorum</em></strong></span> <span class='ocrx_word' id='word_1_472' title='bbox 2755 2924 2993 2977; x_wconf 89' lang='lat' dir='ltr'><strong><em>omnium</em></strong></span> <span class='ocrx_word' id='word_1_473' title='bbox 3018 2934 3271 2980; x_wconf 90' lang='lat' dir='ltr'><strong><em>auctores</em></strong></span> <span class='ocrx_word' id='word_1_474' title='bbox 3295 2924 3470 2980; x_wconf 87' lang='lat' dir='ltr'><strong><em>habeo</em></strong></span> <span class='ocrx_word' id='word_1_475' title='bbox 3493 2935 3602 2981; x_wconf 85' lang='lat' dir='ltr'><strong><em>tres</em></strong></span> 
     </span>
    </p>
   </div>
   <div class='ocr_carea' id='block_1_61' title="bbox 2004 3012 3604 3079">
    <p class='ocr_par' dir='ltr' id='par_1_61' title="bbox 2004 3012 3604 3079">
     <span class='ocr_line' id='line_1_61' title="bbox 2004 3012 3604 3079; baseline 0.001 -11"><span class='ocrx_word' id='word_1_476' title='bbox 2004 3013 2247 3068; x_wconf 87' lang='lat' dir='ltr'><strong><em>oculatos</em></strong></span> <span class='ocrx_word' id='word_1_477' title='bbox 2277 3021 2468 3079; x_wconf 82' lang='lat' dir='ltr'><strong><em>testes,</em></strong></span> <span class='ocrx_word' id='word_1_478' title='bbox 2495 3012 2752 3077; x_wconf 80' lang='lat' dir='ltr'><strong><em>Idalium,</em></strong></span> <span class='ocrx_word' id='word_1_479' title='bbox 2782 3014 3071 3067; x_wconf 82' lang='lat' dir='ltr'><strong><em>Maximum</em></strong></span> <span class='ocrx_word' id='word_1_480' title='bbox 3094 3055 3109 3079; x_wconf 92' lang='lat'><strong><em>,</em></strong></span> <span class='ocrx_word' id='word_1_481' title='bbox 3134 3023 3190 3070; x_wconf 90' lang='lat' dir='ltr'><strong><em>et</em></strong></span> <span class='ocrx_word' id='word_1_482' title='bbox 3215 3015 3479 3071; x_wconf 87' lang='lat' dir='ltr'><strong><em>Joannem</em></strong></span> <span class='ocrx_word' id='word_1_483' title='bbox 3510 3018 3604 3070; x_wconf 67' lang='lat' dir='ltr'><strong><em>Vi-</em></strong></span> 
     </span>
    </p>
   </div>
   <div class='ocr_carea' id='block_1_62' title="bbox 300 3093 3598 3177">
    <p class='ocr_par' dir='ltr' id='par_1_62' title="bbox 300 3093 3598 3177">
     <span class='ocr_line' id='line_1_62' title="bbox 300 3093 3598 3177; baseline -0.001 -13"><span class='ocrx_word' id='word_1_484' title='bbox 300 3124 409 3164; x_wconf 89' lang='lat' dir='ltr'><strong><em>nec</em></strong></span> <span class='ocrx_word' id='word_1_485' title='bbox 437 3115 645 3164; x_wconf 84' lang='lat' dir='ltr'><strong><em>certam</em></strong></span> <span class='ocrx_word' id='word_1_486' title='bbox 677 3106 908 3175; x_wconf 87' lang='lat' dir='ltr'><strong><em>alicujus</em></strong></span> <span class='ocrx_word' id='word_1_487' title='bbox 935 3106 1185 3162; x_wconf 83' lang='lat' dir='ltr'><strong><em>animalis</em></strong></span> <span class='ocrx_word' id='word_1_488' title='bbox 1215 3105 1504 3176; x_wconf 80' lang='lat' dir='ltr'><strong><em>imaginem</em></strong></span> <span class='ocrx_word' id='word_1_489' title='bbox 1536 3118 1646 3173; x_wconf 67' lang='grc' dir='ltr'>ιιι-ω</span> <span class='ocrx_word' id='word_1_490' title='bbox 1668 3117 1730 3158; x_wconf 89' lang='lat' dir='ltr'><strong><em>se</em></strong></span> <span class='ocrx_word' id='word_1_491' title='bbox 1759 3101 1900 3157; x_wconf 88' lang='lat' dir='ltr'><strong><em>fere-</em></strong></span> <span class='ocrx_word' id='word_1_492' title='bbox 1924 3093 1971 3156; x_wconf 86' lang='lat' dir='ltr'><strong><em>C</em></strong></span> <span class='ocrx_word' id='word_1_493' title='bbox 2009 3104 2339 3160; x_wconf 90' lang='lat' dir='ltr'><strong><em>clarensem.</em></strong></span> <span class='ocrx_word' id='word_1_494' title='bbox 2365 3102 2473 3159; x_wconf 90' lang='lat' dir='ltr'><strong><em>Sed</em></strong></span> <span class='ocrx_word' id='word_1_495' title='bbox 2496 3112 2625 3158; x_wconf 89' lang='lat' dir='ltr'><strong><em>sunt</em></strong></span> <span class='ocrx_word' id='word_1_496' title='bbox 2652 3104 2740 3173; x_wconf 91' lang='lat' dir='ltr'><strong><em>qui</em></strong></span> <span class='ocrx_word' id='word_1_497' title='bbox 2766 3113 2885 3173; x_wconf 90' lang='lat' dir='ltr'><strong><em>post</em></strong></span> <span class='ocrx_word' id='word_1_498' title='bbox 2912 3104 3269 3174; x_wconf 87' lang='lat' dir='ltr'><strong><em>Ataulphnm,</em></strong></span> <span class='ocrx_word' id='word_1_499' title='bbox 3297 3106 3598 3177; x_wconf 84' lang='lat' dir='ltr'><strong><em>Sigericum</em></strong></span> 
     </span>
    </p>
   </div>
   <div class='ocr_carea' id='block_1_63' title="bbox 297 3192 1901 3274">
    <p class='ocr_par' dir='ltr' id='par_1_63' title="bbox 297 3192 1901 3274">
     <span class='ocr_line' id='line_1_63' title="bbox 297 3192 1901 3274; baseline -0.006 -18"><span class='ocrx_word' id='word_1_500' title='bbox 297 3204 438 3256; x_wconf 88' lang='lat' dir='ltr'><strong><em>baut</em></strong></span> <span class='ocrx_word' id='word_1_501' title='bbox 460 3200 538 3274; x_wconf 83' lang='lat' dir='ltr'><strong><em>(id</em></strong></span> <span class='ocrx_word' id='word_1_502' title='bbox 562 3209 663 3264; x_wconf 91' lang='lat' dir='ltr'><strong><em>est,</em></strong></span> <span class='ocrx_word' id='word_1_503' title='bbox 697 3215 798 3256; x_wconf 87' lang='lat' dir='ltr'><strong><em>nec</em></strong></span> <span class='ocrx_word' id='word_1_504' title='bbox 821 3199 1033 3265; x_wconf 54' lang='lat' dir='ltr'><strong><em>legente,</em></strong></span> <span class='ocrx_word' id='word_1_505' title='bbox 1057 3214 1160 3254; x_wconf 89' lang='lat' dir='ltr'><strong><em>nec</em></strong></span> <span class='ocrx_word' id='word_1_506' title='bbox 1200 3197 1335 3264; x_wconf 78' lang='lat' dir='ltr'><strong><em>ursi,</em></strong></span> <span class='ocrx_word' id='word_1_507' title='bbox 1364 3211 1466 3252; x_wconf 91' lang='lat' dir='ltr'><strong><em>nec</em></strong></span> <span class='ocrx_word' id='word_1_508' title='bbox 1492 3194 1672 3265; x_wconf 86' lang='lat' dir='ltr'><strong><em>pardi,</em></strong></span> <span class='ocrx_word' id='word_1_509' title='bbox 1700 3192 1785 3248; x_wconf 91' lang='lat' dir='ltr'><strong><em>vel</em></strong></span> <span class='ocrx_word' id='word_1_510' title='bbox 1821 3193 1901 3247; x_wconf 89' lang='lat' dir='ltr'><strong><em>al-</em></strong></span> 
     </span>
    </p>
   </div>
   <div class='ocr_carea' id='block_1_64' title="bbox 302 3283 1896 3361">
    <p class='ocr_par' dir='ltr' id='par_1_64' title="bbox 302 3283 1896 3361">
     <span class='ocr_line' id='line_1_64' title="bbox 302 3283 1896 3361; baseline -0.006 -15"><span class='ocrx_word' id='word_1_511' title='bbox 302 3297 478 3348; x_wconf 87' lang='lat' dir='ltr'><strong><em>terius</em></strong></span> <span class='ocrx_word' id='word_1_512' title='bbox 508 3291 750 3361; x_wconf 87' lang='lat' dir='ltr'><strong><em>cujusvis</em></strong></span> <span class='ocrx_word' id='word_1_513' title='bbox 787 3291 1000 3354; x_wconf 84' lang='lat' dir='ltr'><strong><em>bestiae,</em></strong></span> <span class='ocrx_word' id='word_1_514' title='bbox 1034 3304 1156 3360; x_wconf 79' lang='lat' dir='ltr'><strong><em>qua:</em></strong></span> <span class='ocrx_word' id='word_1_515' title='bbox 1208 3287 1441 3343; x_wconf 82' lang='lat' dir='ltr'><strong><em>describi</em></strong></span> <span class='ocrx_word' id='word_1_516' title='bbox 1483 3293 1635 3342; x_wconf 86' lang='lat' dir='ltr'><strong><em>certe</em></strong></span> <span class='ocrx_word' id='word_1_517' title='bbox 1675 3283 1896 3357; x_wconf 89' lang='lat' dir='ltr'><strong><em>possit),</em></strong></span> 
     </span>
    </p>
   </div>
   <div class='ocr_carea' id='block_1_65' title="bbox 298 3376 1899 3456">
    <p class='ocr_par' dir='ltr' id='par_1_65' title="bbox 298 3376 1899 3456">
     <span class='ocr_line' id='line_1_65' title="bbox 298 3376 1899 3456; baseline -0.004 -19"><span class='ocrx_word' id='word_1_518' title='bbox 298 3384 450 3456; x_wconf 88' lang='lat' dir='ltr'><strong><em>quod</em></strong></span> <span class='ocrx_word' id='word_1_519' title='bbox 506 3385 761 3440; x_wconf 83' lang='lat' dir='ltr'><strong><em>nimirum</em></strong></span> <span class='ocrx_word' id='word_1_520' title='bbox 817 3399 923 3440; x_wconf 90' lang='lat' dir='ltr'><strong><em>non</em></strong></span> <span class='ocrx_word' id='word_1_521' title='bbox 970 3382 1244 3438; x_wconf 88' lang='lat' dir='ltr'><strong><em>intrarunt</em></strong></span> <span class='ocrx_word' id='word_1_522' title='bbox 1296 3380 1350 3436; x_wconf 89' lang='lat' dir='ltr'><strong><em>in</em></strong></span> <span class='ocrx_word' id='word_1_523' title='bbox 1410 3380 1698 3450; x_wconf 80' lang='lat' dir='ltr'><strong><em>Hispanias</em></strong></span> <span class='ocrx_word' id='word_1_524' title='bbox 1743 3376 1899 3448; x_wconf 87' lang='lat' dir='ltr'><strong><em>quasi</em></strong></span> 
     </span>
    </p>
   </div>
   <div class='ocr_carea' id='block_1_66' title="bbox 303 3469 1898 3546">
    <p class='ocr_par' dir='ltr' id='par_1_66' title="bbox 303 3469 1898 3546">
     <span class='ocr_line' id='line_1_66' title="bbox 303 3469 1898 3546; baseline -0.007 -14"><span class='ocrx_word' id='word_1_525' title='bbox 303 3478 517 3543; x_wconf 88' lang='lat' dir='ltr'><strong><em>hostes,</em></strong></span> <span class='ocrx_word' id='word_1_526' title='bbox 543 3485 599 3531; x_wconf 89' lang='lat' dir='ltr'><strong><em>et</em></strong></span> <span class='ocrx_word' id='word_1_527' title='bbox 648 3475 961 3546; x_wconf 67' lang='lat' dir='ltr'><strong><em>przrdones,</em></strong></span> <span class='ocrx_word' id='word_1_528' title='bbox 992 3474 1127 3529; x_wconf 89' lang='lat' dir='ltr'><strong><em>sicut</em></strong></span> <span class='ocrx_word' id='word_1_529' title='bbox 1170 3473 1394 3543; x_wconf 74' lang='lat' dir='ltr'><strong><em>reliqum</em></strong></span> <span class='ocrx_word' id='word_1_530' title='bbox 1444 3471 1692 3526; x_wconf 72' lang='lat' dir='ltr'><strong><em>barbara:</em></strong></span> <span class='ocrx_word' id='word_1_531' title='bbox 1724 3469 1898 3524; x_wconf 89' lang='lat' dir='ltr'><strong><em>natio-</em></strong></span> 
     </span>
    </p>
   </div>
   <div class='ocr_carea' id='block_1_67' title="bbox 302 3561 1897 3632">
    <p class='ocr_par' dir='ltr' id='par_1_67' title="bbox 302 3561 1897 3632">
     <span class='ocr_line' id='line_1_67' title="bbox 302 3561 1897 3632; baseline -0.005 -10"><span class='ocrx_word' id='word_1_532' title='bbox 302 3585 425 3631; x_wconf 85' lang='lat' dir='ltr'><strong><em>nes.</em></strong></span> <span class='ocrx_word' id='word_1_533' title='bbox 474 3568 570 3623; x_wconf 86' lang='lat' dir='ltr'><strong><em>sed</em></strong></span> <span class='ocrx_word' id='word_1_534' title='bbox 613 3570 715 3624; x_wconf 85' lang='lat' dir='ltr'><strong><em>sub</em></strong></span> <span class='ocrx_word' id='word_1_535' title='bbox 760 3568 914 3623; x_wconf 89' lang='lat' dir='ltr'><strong><em>titulo</em></strong></span> <span class='ocrx_word' id='word_1_536' title='bbox 962 3566 1315 3622; x_wconf 67' lang='lat' dir='ltr'><strong><em>defensorum</em></strong></span> <span class='ocrx_word' id='word_1_537' title='bbox 1363 3562 1597 3619; x_wconf 85' lang='lat' dir='ltr'><strong><em>Romani</em></strong></span> <span class='ocrx_word' id='word_1_538' title='bbox 1662 3561 1897 3632; x_wconf 87' lang='lat' dir='ltr'><strong><em>imperii,</em></strong></span> 
     </span>
    </p>
   </div>
   <div class='ocr_carea' id='block_1_68' title="bbox 302 3654 1900 3726">
    <p class='ocr_par' dir='ltr' id='par_1_68' title="bbox 302 3654 1900 3726">
     <span class='ocr_line' id='line_1_68' title="bbox 302 3654 1900 3726; baseline -0.006 -10"><span class='ocrx_word' id='word_1_539' title='bbox 302 3676 429 3716; x_wconf 87' lang='lat' dir='ltr'><strong><em>eum</em></strong></span> <span class='ocrx_word' id='word_1_540' title='bbox 458 3671 636 3716; x_wconf 90' lang='lat' dir='ltr'><strong><em>tamen</em></strong></span> <span class='ocrx_word' id='word_1_541' title='bbox 663 3675 853 3716; x_wconf 78' lang='lat' dir='ltr'><strong><em>omnes</em></strong></span> <span class='ocrx_word' id='word_1_542' title='bbox 886 3659 1226 3726; x_wconf 80' lang='lat' dir='ltr'><strong><em>deciperent,</em></strong></span> <span class='ocrx_word' id='word_1_543' title='bbox 1260 3667 1311 3711; x_wconf 89' lang='lat' dir='ltr'><strong><em>et</em></strong></span> <span class='ocrx_word' id='word_1_544' title='bbox 1356 3656 1631 3711; x_wconf 79' lang='lat' dir='ltr'><strong><em>Romanus</em></strong></span> <span class='ocrx_word' id='word_1_545' title='bbox 1660 3671 1765 3709; x_wconf 91' lang='lat' dir='ltr'><strong><em>non</em></strong></span> <span class='ocrx_word' id='word_1_546' title='bbox 1798 3654 1900 3709; x_wconf 91' lang='lat' dir='ltr'><strong><em>mi-</em></strong></span> 
     </span>
    </p>
   </div>
   <div class='ocr_carea' id='block_1_69' title="bbox 303 3747 1897 3825">
    <p class='ocr_par' dir='ltr' id='par_1_69' title="bbox 303 3747 1897 3825">
     <span class='ocr_line' id='line_1_69' title="bbox 303 3747 1897 3825; baseline -0.005 -17"><span class='ocrx_word' id='word_1_547' title='bbox 303 3770 410 3810; x_wconf 90' lang='lat' dir='ltr'><strong><em>nus</em></strong></span> <span class='ocrx_word' id='word_1_548' title='bbox 426 3770 585 3825; x_wconf 88' lang='lat' dir='ltr'><strong><em>quam</em></strong></span> <span class='ocrx_word' id='word_1_549' title='bbox 605 3762 836 3809; x_wconf 73' lang='lat' dir='ltr'><strong><em>emtcros</em></strong></span> <span class='ocrx_word' id='word_1_550' title='bbox 859 3759 1190 3807; x_wconf 82' lang='lat' dir='ltr'><strong><em>cauarentur</em></strong></span> <span class='ocrx_word' id='word_1_551' title='bbox 1212 3750 1283 3805; x_wconf 88' lang='lat' dir='ltr'><strong><em>ab</em></strong></span> <span class='ocrx_word' id='word_1_552' title='bbox 1304 3749 1563 3814; x_wconf 80' lang='lat' dir='ltr'><strong><em>Hispania</em></strong></span> <span class='ocrx_word' id='word_1_553' title='bbox 1581 3747 1897 3804; x_wconf 30' lang='lat' dir='ltr'><strong><em>deturl‘are.</em></strong></span> 
     </span>
    </p>
   </div>
   <div class='ocr_carea' id='block_1_70' title="bbox 306 3839 1903 3917">
    <p class='ocr_par' dir='ltr' id='par_1_70' title="bbox 306 3839 1903 3917">
     <span class='ocr_line' id='line_1_70' title="bbox 306 3839 1903 3917; baseline -0.005 -16"><span class='ocrx_word' id='word_1_554' title='bbox 306 3847 383 3901; x_wconf 87' lang='lat' dir='ltr'><strong><em>De</em></strong></span> <span class='ocrx_word' id='word_1_555' title='bbox 420 3845 802 3917; x_wconf 85' lang='lat' dir='ltr'><strong><em>persecutione</em></strong></span> <span class='ocrx_word' id='word_1_556' title='bbox 842 3845 1209 3899; x_wconf 80' lang='lat' dir='ltr'><strong><em>llarbarorum</em></strong></span> <span class='ocrx_word' id='word_1_557' title='bbox 1252 3842 1356 3897; x_wconf 85' lang='lat' dir='ltr'><strong><em>sub</em></strong></span> <span class='ocrx_word' id='word_1_558' title='bbox 1388 3841 1635 3896; x_wconf 78' lang='lat' dir='ltr'><strong><em>Romano</em></strong></span> <span class='ocrx_word' id='word_1_559' title='bbox 1681 3839 1903 3893; x_wconf 88' lang='lat' dir='ltr'><strong><em>nomine</em></strong></span> 
     </span>
    </p>
   </div>
   <div class='ocr_carea' id='block_1_71' title="bbox 307 3927 1905 3999">
    <p class='ocr_par' dir='ltr' id='par_1_71' title="bbox 307 3927 1905 3999">
     <span class='ocr_line' id='line_1_71' title="bbox 307 3927 1905 3999; baseline -0.006 -9"><span class='ocrx_word' id='word_1_560' title='bbox 307 3937 423 3992; x_wconf 75' lang='lat' dir='ltr'><strong><em>lucc</em></strong></span> <span class='ocrx_word' id='word_1_561' title='bbox 456 3935 662 3991; x_wconf 88' lang='lat' dir='ltr'><strong><em>Ilalius</em></strong></span> <span class='ocrx_word' id='word_1_562' title='bbox 707 3951 852 3989; x_wconf 89' lang='lat' dir='ltr'><strong><em>anno</em></strong></span> <span class='ocrx_word' id='word_1_563' title='bbox 897 3934 968 3989; x_wconf 70' lang='lat'><strong><em>9.5</em></strong></span> <span class='ocrx_word' id='word_1_564' title='bbox 998 3931 1257 3987; x_wconf 76' lang='lat' dir='ltr'><strong><em>Archadii</em></strong></span> <span class='ocrx_word' id='word_1_565' title='bbox 1299 3940 1356 3987; x_wconf 90' lang='lat' dir='ltr'><strong><em>et</em></strong></span> <span class='ocrx_word' id='word_1_566' title='bbox 1399 3929 1653 3994; x_wconf 81' lang='lat' dir='ltr'><strong><em>Honorii,</em></strong></span> <span class='ocrx_word' id='word_1_567' title='bbox 1680 3929 1770 3999; x_wconf 93' lang='lat' dir='ltr'><strong><em>qui</em></strong></span> <span class='ocrx_word' id='word_1_568' title='bbox 1802 3927 1905 3982; x_wconf 85' lang='lat' dir='ltr'><strong><em>fuit</em></strong></span> 
     </span>
    </p>
   </div>
   <div class='ocr_carea' id='block_1_72' title="bbox 310 4018 1904 4097">
    <p class='ocr_par' dir='ltr' id='par_1_72' title="bbox 310 4018 1904 4097">
     <span class='ocr_line' id='line_1_72' title="bbox 310 4018 1904 4097; baseline -0.007 -12"><span class='ocrx_word' id='word_1_569' title='bbox 310 4029 589 4085; x_wconf 85' lang='lat' dir='ltr'><strong><em>secundus</em></strong></span> <span class='ocrx_word' id='word_1_570' title='bbox 644 4028 715 4083; x_wconf 89' lang='lat' dir='ltr'><strong><em>ab</em></strong></span> <span class='ocrx_word' id='word_1_571' title='bbox 772 4027 1016 4097; x_wconf 74' lang='lat' dir='ltr'><strong><em>ingressu</em></strong></span> <span class='ocrx_word' id='word_1_572' title='bbox 1065 4024 1365 4081; x_wconf 87' lang='lat' dir='ltr'><strong><em>Gothorum</em></strong></span> <span class='ocrx_word' id='word_1_573' title='bbox 1398 4040 1411 4076; x_wconf 92' lang='lat'><strong>:</strong></span> <span class='ocrx_word' id='word_1_574' title='bbox 1447 4020 1647 4076; x_wconf 87' lang='lat' dir='ltr'><strong><em>Wallia</em></strong></span> <span class='ocrx_word' id='word_1_575' title='bbox 1675 4036 1767 4075; x_wconf 76' lang='lat' dir='ltr'><strong><em>rex</em></strong></span> <span class='ocrx_word' id='word_1_576' title='bbox 1799 4018 1904 4075; x_wconf 88' lang='lat' dir='ltr'><strong><em>Go-</em></strong></span> 
     </span>
    </p>
   </div>
   <div class='ocr_carea' id='block_1_73' title="bbox 306 4114 1947 4189">
    <p class='ocr_par' dir='ltr' id='par_1_73' title="bbox 306 4114 1947 4189">
     <span class='ocr_line' id='line_1_73' title="bbox 306 4114 1947 4189; baseline -0.004 -15"><span class='ocrx_word' id='word_1_577' title='bbox 306 4124 535 4189; x_wconf 78' lang='lat' dir='ltr'><strong><em>thorum,</em></strong></span> <span class='ocrx_word' id='word_1_578' title='bbox 573 4120 793 4177; x_wconf 77' lang='lat' dir='ltr'><strong><em>Romani</em></strong></span> <span class='ocrx_word' id='word_1_579' title='bbox 826 4119 1048 4173; x_wconf 87' lang='lat' dir='ltr'><strong><em>nominis</em></strong></span> <span class='ocrx_word' id='word_1_580' title='bbox 1079 4134 1237 4173; x_wconf 83' lang='lat' dir='ltr'><strong><em>causa</em></strong></span> <span class='ocrx_word' id='word_1_581' title='bbox 1271 4118 1413 4171; x_wconf 89' lang='lat' dir='ltr'><strong><em>intra</em></strong></span> <span class='ocrx_word' id='word_1_582' title='bbox 1446 4115 1701 4186; x_wconf 78' lang='lat' dir='ltr'><strong><em>Hispania</em></strong></span> <span class='ocrx_word' id='word_1_583' title='bbox 1739 4114 1903 4168; x_wconf 69' lang='lat' dir='ltr'><strong><em>credes</em></strong></span> <span class='ocrx_word' id='word_1_584' title='bbox 1940 4182 1947 4187; x_wconf 16' lang='grc' dir='ltr'><strong><em>ἢ</em></strong></span> 
     </span>
    </p>
   </div>
   <div class='ocr_carea' id='block_1_74' title="bbox 307 4206 1905 4286">
    <p class='ocr_par' dir='ltr' id='par_1_74' title="bbox 307 4206 1905 4286">
     <span class='ocr_line' id='line_1_74' title="bbox 307 4206 1905 4286; baseline -0.006 -17"><span class='ocrx_word' id='word_1_585' title='bbox 307 4216 558 4270; x_wconf 64' lang='lat' dir='ltr'><strong><em>mittimus</em></strong></span> <span class='ocrx_word' id='word_1_586' title='bbox 580 4214 745 4286; x_wconf 76' lang='lat' dir='ltr'><strong><em>efficit</em></strong></span> <span class='ocrx_word' id='word_1_587' title='bbox 769 4210 1122 4266; x_wconf 81' lang='lat' dir='ltr'><strong><em>Barbarorutn</em></strong></span> <span class='ocrx_word' id='word_1_588' title='bbox 1141 4220 1225 4277; x_wconf 85' lang='lat' dir='ltr'><strong><em>;et</em></strong></span> <span class='ocrx_word' id='word_1_589' title='bbox 1249 4225 1393 4266; x_wconf 88' lang='lat' dir='ltr'><strong><em>anno</em></strong></span> <span class='ocrx_word' id='word_1_590' title='bbox 1420 4207 1670 4280; x_wconf 86' lang='lat' dir='ltr'><strong><em>sequenti</em></strong></span> <span class='ocrx_word' id='word_1_591' title='bbox 1696 4223 1709 4260; x_wconf 95' lang='lat'>:</span> <span class='ocrx_word' id='word_1_592' title='bbox 1737 4206 1905 4262; x_wconf 88' lang='lat' dir='ltr'><strong><em>Wan-</em></strong></span> 
     </span>
    </p>
   </div>
   <div class='ocr_carea' id='block_1_75' title="bbox 308 4302 1906 4376">
    <p class='ocr_par' dir='ltr' id='par_1_75' title="bbox 308 4302 1906 4376">
     <span class='ocr_line' id='line_1_75' title="bbox 308 4302 1906 4376; baseline -0.006 -15"><span class='ocrx_word' id='word_1_593' title='bbox 308 4308 415 4361; x_wconf 90' lang='lat' dir='ltr'><strong><em>dali</em></strong></span> <span class='ocrx_word' id='word_1_594' title='bbox 447 4305 643 4376; x_wconf 88' lang='lat' dir='ltr'><strong><em>Silingi</em></strong></span> <span class='ocrx_word' id='word_1_595' title='bbox 682 4308 736 4359; x_wconf 85' lang='lat' dir='ltr'><strong><em>in</em></strong></span> <span class='ocrx_word' id='word_1_596' title='bbox 772 4303 968 4359; x_wconf 75' lang='lat' dir='ltr'><strong><em>Bretica</em></strong></span> <span class='ocrx_word' id='word_1_597' title='bbox 998 4321 1091 4375; x_wconf 88' lang='lat' dir='ltr'><strong><em>per</em></strong></span> <span class='ocrx_word' id='word_1_598' title='bbox 1119 4302 1187 4358; x_wconf 88' lang='lat' dir='ltr'><em>W</em></span> <span class='ocrx_word' id='word_1_599' title='bbox 1189 4302 1371 4357; x_wconf 89' lang='lat' dir='ltr'><strong><em>alliam</em></strong></span> <span class='ocrx_word' id='word_1_600' title='bbox 1416 4317 1583 4372; x_wconf 86' lang='lat' dir='ltr'><strong><em>regem</em></strong></span> <span class='ocrx_word' id='word_1_601' title='bbox 1617 4315 1793 4353; x_wconf 85' lang='lat' dir='ltr'><strong><em>omnes</em></strong></span> <span class='ocrx_word' id='word_1_602' title='bbox 1813 4314 1906 4352; x_wconf 70' lang='lat' dir='ltr'><strong><em>ex-</em></strong></span> 
     </span>
    </p>
   </div>
   <div class='ocr_carea' id='block_1_76' title="bbox 307 4390 1904 4468">
    <p class='ocr_par' dir='ltr' id='par_1_76' title="bbox 307 4390 1904 4468">
     <span class='ocr_line' id='line_1_76' title="bbox 307 4390 1904 4468; baseline -0.009 -13"><span class='ocrx_word' id='word_1_603' title='bbox 307 4402 513 4464; x_wconf 85' lang='lat' dir='ltr'><strong><em>stincti;</em></strong></span> <span class='ocrx_word' id='word_1_604' title='bbox 565 4398 721 4453; x_wconf 82' lang='lat' dir='ltr'><strong><em>Alani</em></strong></span> <span class='ocrx_word' id='word_1_605' title='bbox 761 4412 1001 4468; x_wconf 86' lang='lat' dir='ltr'><strong><em>quoque,</em></strong></span> <span class='ocrx_word' id='word_1_606' title='bbox 1049 4397 1181 4449; x_wconf 84' lang='lat' dir='ltr'><strong><em>adeo</em></strong></span> <span class='ocrx_word' id='word_1_607' title='bbox 1221 4395 1342 4449; x_wconf 74' lang='lat' dir='ltr'><strong><em>avsi</em></strong></span> <span class='ocrx_word' id='word_1_608' title='bbox 1362 4404 1481 4449; x_wconf 86' lang='lat' dir='ltr'><strong><em>sunt</em></strong></span> <span class='ocrx_word' id='word_1_609' title='bbox 1530 4409 1562 4446; x_wconf 94' lang='lat' dir='ltr'><strong><em>a</em></strong></span> <span class='ocrx_word' id='word_1_610' title='bbox 1610 4390 1815 4453; x_wconf 79' lang='lat' dir='ltr'><strong><em>Gothis,</em></strong></span> <span class='ocrx_word' id='word_1_611' title='bbox 1848 4398 1904 4442; x_wconf 89' lang='lat' dir='ltr'><strong><em>ut</em></strong></span> 
     </span>
    </p>
   </div>
   <div class='ocr_carea' id='block_1_77' title="bbox 2004 3193 3598 3267">
    <p class='ocr_par' dir='ltr' id='par_1_77' title="bbox 2004 3193 3598 3267">
     <span class='ocr_line' id='line_1_77' title="bbox 2004 3193 3598 3267; baseline 0.002 -17"><span class='ocrx_word' id='word_1_612' title='bbox 2004 3194 2279 3250; x_wconf 89' lang='lat' dir='ltr'><strong><em>collocent</em></strong></span> <span class='ocrx_word' id='word_1_613' title='bbox 2327 3205 2453 3249; x_wconf 84' lang='lat' dir='ltr'><strong><em>ante</em></strong></span> <span class='ocrx_word' id='word_1_614' title='bbox 2500 3193 2791 3259; x_wconf 85' lang='lat' dir='ltr'><strong><em>Walliam,</em></strong></span> <span class='ocrx_word' id='word_1_615' title='bbox 2853 3195 2943 3265; x_wconf 91' lang='lat' dir='ltr'><strong><em>qui</em></strong></span> <span class='ocrx_word' id='word_1_616' title='bbox 2996 3203 3174 3251; x_wconf 89' lang='lat' dir='ltr'><strong><em>tamen</em></strong></span> <span class='ocrx_word' id='word_1_617' title='bbox 3225 3198 3433 3267; x_wconf 81' lang='lat' dir='ltr'><strong><em>regium</em></strong></span> <span class='ocrx_word' id='word_1_618' title='bbox 3492 3214 3598 3253; x_wconf 89' lang='lat' dir='ltr'><strong><em>non</em></strong></span> 
     </span>
    </p>
   </div>
   <div class='ocr_carea' id='block_1_78' title="bbox 2001 3286 3599 3358">
    <p class='ocr_par' dir='ltr' id='par_1_78' title="bbox 2001 3286 3599 3358">
     <span class='ocr_line' id='line_1_78' title="bbox 2001 3286 3599 3358; baseline 0.003 -17"><span class='ocrx_word' id='word_1_619' title='bbox 2001 3287 2248 3344; x_wconf 87' lang='lat' dir='ltr'><strong><em>ascendit</em></strong></span> <span class='ocrx_word' id='word_1_620' title='bbox 2266 3287 2491 3353; x_wconf 89' lang='lat' dir='ltr'><strong><em>solium,</em></strong></span> <span class='ocrx_word' id='word_1_621' title='bbox 2521 3286 2668 3343; x_wconf 90' lang='lat' dir='ltr'><strong><em>unde</em></strong></span> <span class='ocrx_word' id='word_1_622' title='bbox 2692 3303 2720 3341; x_wconf 88' lang='lat' dir='ltr'><strong><em>a</em></strong></span> <span class='ocrx_word' id='word_1_623' title='bbox 2744 3287 3011 3358; x_wconf 84' lang='lat' dir='ltr'><strong><em>Prospero</em></strong></span> <span class='ocrx_word' id='word_1_624' title='bbox 3040 3297 3095 3344; x_wconf 91' lang='lat' dir='ltr'><strong><em>et</em></strong></span> <span class='ocrx_word' id='word_1_625' title='bbox 3114 3289 3286 3344; x_wconf 81' lang='lat' dir='ltr'><strong><em>Idalio</em></strong></span> <span class='ocrx_word' id='word_1_626' title='bbox 3315 3292 3367 3345; x_wconf 92' lang='lat' dir='ltr'><strong><em>in</em></strong></span> <span class='ocrx_word' id='word_1_627' title='bbox 3392 3293 3599 3347; x_wconf 84' lang='lat' dir='ltr'><strong><em>catalo-</em></strong></span> 
     </span>
    </p>
   </div>
   <div class='ocr_carea' id='block_1_79' title="bbox 1999 3377 3599 3455">
    <p class='ocr_par' dir='ltr' id='par_1_79' title="bbox 1999 3377 3599 3455">
     <span class='ocr_line' id='line_1_79' title="bbox 1999 3377 3599 3455; baseline 0.004 -20"><span class='ocrx_word' id='word_1_628' title='bbox 1999 3393 2070 3450; x_wconf 79' lang='lat' dir='ltr'><strong><em>go</em></strong></span> <span class='ocrx_word' id='word_1_629' title='bbox 2096 3377 2399 3435; x_wconf 90' lang='lat' dir='ltr'><strong><em>Gothorum</em></strong></span> <span class='ocrx_word' id='word_1_630' title='bbox 2445 3395 2633 3450; x_wconf 78' lang='lat' dir='ltr'><strong><em>regum</em></strong></span> <span class='ocrx_word' id='word_1_631' title='bbox 2673 3394 2783 3434; x_wconf 92' lang='lat' dir='ltr'><strong><em>non</em></strong></span> <span class='ocrx_word' id='word_1_632' title='bbox 2834 3379 3169 3449; x_wconf 88' lang='lat' dir='ltr'><strong><em>admittitur,</em></strong></span> <span class='ocrx_word' id='word_1_633' title='bbox 3201 3382 3269 3437; x_wconf 90' lang='lat' dir='ltr'><strong><em>de</em></strong></span> <span class='ocrx_word' id='word_1_634' title='bbox 3305 3398 3414 3452; x_wconf 81' lang='lat' dir='ltr'><strong><em>quo</em></strong></span> <span class='ocrx_word' id='word_1_635' title='bbox 3435 3400 3599 3455; x_wconf 86' lang='lat' dir='ltr'><strong><em>supe-</em></strong></span> 
     </span>
    </p>
   </div>
   <div class='ocr_carea' id='block_1_80' title="bbox 2001 3471 3601 3544">
    <p class='ocr_par' dir='ltr' id='par_1_80' title="bbox 2001 3471 3601 3544">
     <span class='ocr_line' id='line_1_80' title="bbox 2001 3471 3601 3544; baseline 0.004 -18"><span class='ocrx_word' id='word_1_636' title='bbox 2001 3471 2117 3526; x_wconf 92' lang='lat' dir='ltr'><strong><em>rius</em></strong></span> <span class='ocrx_word' id='word_1_637' title='bbox 2143 3471 2276 3526; x_wconf 86' lang='lat' dir='ltr'><strong><em>satis</em></strong></span> <span class='ocrx_word' id='word_1_638' title='bbox 2305 3471 2508 3527; x_wconf 91' lang='lat' dir='ltr'><strong><em>dictum</em></strong></span> <span class='ocrx_word' id='word_1_639' title='bbox 2540 3488 2569 3527; x_wconf 92' lang='lat' dir='ltr'><strong><em>a</em></strong></span> <span class='ocrx_word' id='word_1_640' title='bbox 2609 3472 2766 3528; x_wconf 90' lang='lat' dir='ltr'><strong><em>nobis</em></strong></span> <span class='ocrx_word' id='word_1_641' title='bbox 2793 3479 2901 3528; x_wconf 87' lang='lat' dir='ltr'><strong><em>est.</em></strong></span> <span class='ocrx_word' id='word_1_642' title='bbox 2934 3473 3204 3544; x_wconf 88' lang='lat' dir='ltr'><strong><em>Tempore</em></strong></span> <span class='ocrx_word' id='word_1_643' title='bbox 3234 3477 3397 3531; x_wconf 87' lang='lat' dir='ltr'><strong><em>etiam</em></strong></span> <span class='ocrx_word' id='word_1_644' title='bbox 3429 3479 3601 3534; x_wconf 82' lang='lat' dir='ltr'><strong><em>infau-</em></strong></span> 
     </span>
    </p>
   </div>
   <div class='ocr_carea' id='block_1_81' title="bbox 2003 3563 3595 3632">
    <p class='ocr_par' dir='ltr' id='par_1_81' title="bbox 2003 3563 3595 3632">
     <span class='ocr_line' id='line_1_81' title="bbox 2003 3563 3595 3632; baseline 0.003 -14"><span class='ocrx_word' id='word_1_645' title='bbox 2003 3565 2092 3618; x_wconf 71' lang='lat' dir='ltr'><strong><em>tizc</em></strong></span> <span class='ocrx_word' id='word_1_646' title='bbox 2123 3563 2413 3618; x_wconf 88' lang='lat' dir='ltr'><strong><em>Amalarici</em></strong></span> <span class='ocrx_word' id='word_1_647' title='bbox 2460 3564 2657 3618; x_wconf 78' lang='lat' dir='ltr'><strong><em>invasit</em></strong></span> <span class='ocrx_word' id='word_1_648' title='bbox 2693 3579 2917 3632; x_wconf 74' lang='lat' dir='ltr'><strong><em>regnum</em></strong></span> <span class='ocrx_word' id='word_1_649' title='bbox 2945 3565 3065 3631; x_wconf 89' lang='lat' dir='ltr'><strong><em>ejus</em></strong></span> <span class='ocrx_word' id='word_1_650' title='bbox 3103 3566 3447 3632; x_wconf 84' lang='lat' dir='ltr'><strong><em>Gcsalaicus,</em></strong></span> <span class='ocrx_word' id='word_1_651' title='bbox 3499 3572 3595 3623; x_wconf 81' lang='lat' dir='ltr'><strong><em>sed</em></strong></span> 
     </span>
    </p>
   </div>
   <div class='ocr_carea' id='block_1_82' title="bbox 2003 3654 3597 3727">
    <p class='ocr_par' dir='ltr' id='par_1_82' title="bbox 2003 3654 3597 3727">
     <span class='ocr_line' id='line_1_82' title="bbox 2003 3654 3597 3727; baseline 0.003 -18"><span class='ocrx_word' id='word_1_652' title='bbox 2003 3655 2278 3726; x_wconf 82' lang='lat' dir='ltr'><strong><em>tyrannidi</em></strong></span> <span class='ocrx_word' id='word_1_653' title='bbox 2310 3654 2480 3727; x_wconf 89' lang='lat' dir='ltr'><strong><em>ipsius</em></strong></span> <span class='ocrx_word' id='word_1_654' title='bbox 2506 3655 2882 3711; x_wconf 86' lang='lat' dir='ltr'><strong><em>Theodericus</em></strong></span> <span class='ocrx_word' id='word_1_655' title='bbox 2913 3657 3115 3726; x_wconf 79' lang='lat' dir='ltr'><strong><em>negotii</em></strong></span> <span class='ocrx_word' id='word_1_656' title='bbox 3145 3658 3477 3726; x_wconf 73' lang='lat' dir='ltr'><strong><em>gubernator</em></strong></span> <span class='ocrx_word' id='word_1_657' title='bbox 3502 3676 3597 3714; x_wconf 57' lang='lat' dir='ltr'><strong><em>oe-</em></strong></span> 
     </span>
    </p>
   </div>
   <div class='ocr_carea' id='block_1_83' title="bbox 2002 3746 3601 3824">
    <p class='ocr_par' dir='ltr' id='par_1_83' title="bbox 2002 3746 3601 3824">
     <span class='ocr_line' id='line_1_83' title="bbox 2002 3746 3601 3824; baseline 0.002 -22"><span class='ocrx_word' id='word_1_658' title='bbox 2002 3748 2211 3810; x_wconf 84' lang='lat' dir='ltr'><strong><em>currit;</em></strong></span> <span class='ocrx_word' id='word_1_659' title='bbox 2247 3746 2562 3824; x_wconf 82' lang='lat' dir='ltr'><strong><em>Gesalaicus</em></strong></span> <span class='ocrx_word' id='word_1_660' title='bbox 2592 3761 2726 3801; x_wconf 88' lang='lat' dir='ltr'><strong><em>vero</em></strong></span> <span class='ocrx_word' id='word_1_661' title='bbox 2764 3747 3021 3817; x_wconf 78' lang='lat' dir='ltr'><strong><em>profugus</em></strong></span> <span class='ocrx_word' id='word_1_662' title='bbox 3046 3757 3099 3801; x_wconf 89' lang='lat' dir='ltr'><strong><em>et</em></strong></span> <span class='ocrx_word' id='word_1_663' title='bbox 3122 3764 3289 3818; x_wconf 80' lang='lat' dir='ltr'><strong><em>vagus</em></strong></span> <span class='ocrx_word' id='word_1_664' title='bbox 3323 3752 3373 3803; x_wconf 92' lang='lat' dir='ltr'><strong><em>in</em></strong></span> <span class='ocrx_word' id='word_1_665' title='bbox 3412 3752 3601 3806; x_wconf 83' lang='lat' dir='ltr'><strong><em>Galliis</em></strong></span> 
     </span>
    </p>
   </div>
   <div class='ocr_carea' id='block_1_84' title="bbox 2002 3837 3594 3915">
    <p class='ocr_par' dir='ltr' id='par_1_84' title="bbox 2002 3837 3594 3915">
     <span class='ocr_line' id='line_1_84' title="bbox 2002 3837 3594 3915; baseline 0.003 -21"><span class='ocrx_word' id='word_1_666' title='bbox 2002 3848 2248 3894; x_wconf 85' lang='lat' dir='ltr'><strong><em>mortuus</em></strong></span> <span class='ocrx_word' id='word_1_667' title='bbox 2278 3849 2361 3893; x_wconf 74' lang='grc' dir='ltr'><strong><em>ρει</em></strong></span> <span class='ocrx_word' id='word_1_668' title='bbox 2381 3853 2508 3892; x_wconf 89' lang='lat' dir='ltr'><strong><em>ann.</em></strong></span> <span class='ocrx_word' id='word_1_669' title='bbox 2535 3837 2755 3892; x_wconf 90' lang='lat' dir='ltr'><strong><em>Domini</em></strong></span> <span class='ocrx_word' id='word_1_670' title='bbox 2778 3837 2906 3894; x_wconf 83' lang='grc'><strong><em>510.</em></strong></span> <span class='ocrx_word' id='word_1_671' title='bbox 2940 3837 3102 3893; x_wconf 89' lang='lat' dir='ltr'><strong><em>Addit</em></strong></span> <span class='ocrx_word' id='word_1_672' title='bbox 3124 3838 3365 3897; x_wconf 82' lang='lat' dir='ltr'><strong><em>Isidorus</em></strong></span> <span class='ocrx_word' id='word_1_673' title='bbox 3394 3843 3594 3915; x_wconf 84' lang='lat' dir='ltr'><strong><em>(quem</em></strong></span> 
     </span>
    </p>
   </div>
   <div class='ocr_carea' id='block_1_85' title="bbox 2003 3929 3583 4007">
    <p class='ocr_par' dir='ltr' id='par_1_85' title="bbox 2003 3929 3583 4007">
     <span class='ocr_line' id='line_1_85' title="bbox 2003 3929 3583 4007; baseline 0.004 -21"><span class='ocrx_word' id='word_1_674' title='bbox 2003 3929 2335 3986; x_wconf 88' lang='lat' dir='ltr'><strong><em>recentiores</em></strong></span> <span class='ocrx_word' id='word_1_675' title='bbox 2362 3930 2687 4000; x_wconf 90' lang='lat' dir='ltr'><strong><em>sequuntur)</em></strong></span> <span class='ocrx_word' id='word_1_676' title='bbox 2704 3939 2813 3985; x_wconf 86' lang='lat' dir='ltr'><strong><em>tres</em></strong></span> <span class='ocrx_word' id='word_1_677' title='bbox 2835 3929 2971 3984; x_wconf 89' lang='lat' dir='ltr'><strong><em>alios</em></strong></span> <span class='ocrx_word' id='word_1_678' title='bbox 2990 3940 3113 3986; x_wconf 90' lang='lat' dir='ltr'><strong><em>ante</em></strong></span> <span class='ocrx_word' id='word_1_679' title='bbox 3137 3932 3583 4007; x_wconf 80' lang='lat' dir='ltr'><strong><em>Athanagildum,</em></strong></span> 
     </span>
    </p>
   </div>
   <div class='ocr_carea' id='block_1_86' title="bbox 2004 4022 3652 4101">
    <p class='ocr_par' dir='ltr' id='par_1_86' title="bbox 2004 4022 3652 4101">
     <span class='ocr_line' id='line_1_86' title="bbox 2004 4022 3652 4101; baseline 0.005 -22"><span class='ocrx_word' id='word_1_680' title='bbox 2004 4023 2217 4079; x_wconf 88' lang='lat' dir='ltr'><strong><em>scilicet</em></strong></span> <span class='ocrx_word' id='word_1_681' title='bbox 2243 4022 2570 4098; x_wconf 82' lang='lat' dir='ltr'><strong><em>&#39;I‘heudium,</em></strong></span> <span class='ocrx_word' id='word_1_682' title='bbox 2598 4022 3006 4089; x_wconf 87' lang='lat' dir='ltr'><strong><em>Tbcudisclnm,</em></strong></span> <span class='ocrx_word' id='word_1_683' title='bbox 3031 4034 3085 4079; x_wconf 89' lang='lat' dir='ltr'><strong><em>et</em></strong></span> <span class='ocrx_word' id='word_1_684' title='bbox 3119 4025 3362 4096; x_wconf 83' lang='lat' dir='ltr'><strong><em>Agilam,</em></strong></span> <span class='ocrx_word' id='word_1_685' title='bbox 3396 4031 3487 4101; x_wconf 91' lang='lat' dir='ltr'><strong><em>qui</em></strong></span> <span class='ocrx_word' id='word_1_686' title='bbox 3522 4041 3600 4087; x_wconf 85' lang='lat' dir='ltr'><strong><em>ta-</em></strong></span> <span class='ocrx_word' id='word_1_687' title='bbox 3644 4042 3652 4048; x_wconf 84' lang='lat'>‘</span> 
     </span>
    </p>
   </div>
   <div class='ocr_carea' id='block_1_87' title="bbox 2006 4113 3597 4189">
    <p class='ocr_par' dir='ltr' id='par_1_87' title="bbox 2006 4113 3597 4189">
     <span class='ocr_line' id='line_1_87' title="bbox 2006 4113 3597 4189; baseline 0.006 -22"><span class='ocrx_word' id='word_1_688' title='bbox 2006 4130 2129 4169; x_wconf 89' lang='lat' dir='ltr'><strong><em>men</em></strong></span> <span class='ocrx_word' id='word_1_689' title='bbox 2162 4115 2375 4184; x_wconf 85' lang='lat' dir='ltr'><strong><em>tyranni</em></strong></span> <span class='ocrx_word' id='word_1_690' title='bbox 2410 4113 2588 4183; x_wconf 83' lang='lat' dir='ltr'><strong><em>petius</em></strong></span> <span class='ocrx_word' id='word_1_691' title='bbox 2616 4129 2777 4184; x_wconf 89' lang='lat' dir='ltr'><strong><em>quam</em></strong></span> <span class='ocrx_word' id='word_1_692' title='bbox 2809 4114 2923 4169; x_wconf 91' lang='lat' dir='ltr'><strong><em>veri</em></strong></span> <span class='ocrx_word' id='word_1_693' title='bbox 2956 4130 3109 4185; x_wconf 81' lang='lat' dir='ltr'><strong><em>reges</em></strong></span> <span class='ocrx_word' id='word_1_694' title='bbox 3139 4118 3387 4189; x_wconf 89' lang='lat' dir='ltr'><strong><em>fuerunt,</em></strong></span> <span class='ocrx_word' id='word_1_695' title='bbox 3419 4130 3475 4176; x_wconf 87' lang='lat' dir='ltr'><strong><em>et</em></strong></span> <span class='ocrx_word' id='word_1_696' title='bbox 3507 4139 3597 4178; x_wconf 84' lang='lat' dir='ltr'><strong><em>ea-</em></strong></span> 
     </span>
    </p>
   </div>
   <div class='ocr_carea' id='block_1_88' title="bbox 2006 4206 3596 4276">
    <p class='ocr_par' dir='ltr' id='par_1_88' title="bbox 2006 4206 3596 4276">
     <span class='ocr_line' id='line_1_88' title="bbox 2006 4206 3596 4276; baseline 0.007 -17"><span class='ocrx_word' id='word_1_697' title='bbox 2006 4214 2227 4276; x_wconf 70' lang='lat' dir='ltr'><strong><em>propter</em></strong></span> <span class='ocrx_word' id='word_1_698' title='bbox 2249 4206 2319 4262; x_wconf 84' lang='grc' dir='ltr'><strong>Μ.</strong></span> <span class='ocrx_word' id='word_1_699' title='bbox 2346 4206 2610 4261; x_wconf 79' lang='lat' dir='ltr'><strong><em>Maximus</em></strong></span> <span class='ocrx_word' id='word_1_700' title='bbox 2631 4207 2718 4276; x_wconf 82' lang='lat' dir='ltr'><strong><em>qui</em></strong></span> <span class='ocrx_word' id='word_1_701' title='bbox 2742 4206 2981 4261; x_wconf 80' lang='lat' dir='ltr'><strong><em>exactius</em></strong></span> <span class='ocrx_word' id='word_1_702' title='bbox 3001 4223 3088 4262; x_wconf 90' lang='lat' dir='ltr'><strong><em>res</em></strong></span> <span class='ocrx_word' id='word_1_703' title='bbox 3112 4207 3408 4265; x_wconf 85' lang='lat' dir='ltr'><strong><em>Gothorum</em></strong></span> <span class='ocrx_word' id='word_1_704' title='bbox 3432 4215 3596 4269; x_wconf 90' lang='lat' dir='ltr'><strong><em>chro-</em></strong></span> 
     </span>
    </p>
   </div>
   <div class='ocr_carea' id='block_1_89' title="bbox 2008 4298 3595 4375">
    <p class='ocr_par' dir='ltr' id='par_1_89' title="bbox 2008 4298 3595 4375">
     <span class='ocr_line' id='line_1_89' title="bbox 2008 4298 3595 4375; baseline 0.004 -23"><span class='ocrx_word' id='word_1_705' title='bbox 2008 4298 2260 4368; x_wconf 85' lang='lat' dir='ltr'><strong><em>nologice</em></strong></span> <span class='ocrx_word' id='word_1_706' title='bbox 2291 4307 2512 4353; x_wconf 87' lang='lat' dir='ltr'><strong><em>secutus</em></strong></span> <span class='ocrx_word' id='word_1_707' title='bbox 2540 4304 2654 4363; x_wconf 90' lang='lat' dir='ltr'><strong><em>est,</em></strong></span> <span class='ocrx_word' id='word_1_708' title='bbox 2696 4313 2794 4352; x_wconf 89' lang='lat' dir='ltr'><strong><em>eos</em></strong></span> <span class='ocrx_word' id='word_1_709' title='bbox 2828 4314 2860 4353; x_wconf 92' lang='lat' dir='ltr'><strong><em>a</em></strong></span> <span class='ocrx_word' id='word_1_710' title='bbox 2901 4300 3146 4369; x_wconf 84' lang='lat' dir='ltr'><strong><em>catalogo</em></strong></span> <span class='ocrx_word' id='word_1_711' title='bbox 3178 4316 3362 4371; x_wconf 80' lang='lat' dir='ltr'><strong><em>regum</em></strong></span> <span class='ocrx_word' id='word_1_712' title='bbox 3408 4305 3595 4375; x_wconf 80' lang='lat' dir='ltr'><strong><em>ejeeit,</em></strong></span> 
     </span>
    </p>
   </div>
   <div class='ocr_carea' id='block_1_90' title="bbox 2011 4387 3600 4460">
    <p class='ocr_par' dir='ltr' id='par_1_90' title="bbox 2011 4387 3600 4460">
     <span class='ocr_line' id='line_1_90' title="bbox 2011 4387 3600 4460; baseline 0.002 -15"><span class='ocrx_word' id='word_1_713' title='bbox 2011 4390 2263 4460; x_wconf 77' lang='lat' dir='ltr'><strong><em>indignos</em></strong></span> <span class='ocrx_word' id='word_1_714' title='bbox 2281 4387 2533 4459; x_wconf 88' lang='lat' dir='ltr'><strong><em>judicans</em></strong></span> <span class='ocrx_word' id='word_1_715' title='bbox 2562 4397 2710 4442; x_wconf 89' lang='lat' dir='ltr'><strong><em>tanto</em></strong></span> <span class='ocrx_word' id='word_1_716' title='bbox 2745 4390 2974 4455; x_wconf 85' lang='lat' dir='ltr'><strong><em>honore,</em></strong></span> <span class='ocrx_word' id='word_1_717' title='bbox 3005 4390 3149 4459; x_wconf 91' lang='lat' dir='ltr'><strong><em>quod</em></strong></span> <span class='ocrx_word' id='word_1_718' title='bbox 3176 4391 3349 4447; x_wconf 89' lang='lat' dir='ltr'><strong><em>Lucas</em></strong></span> <span class='ocrx_word' id='word_1_719' title='bbox 3379 4394 3600 4448; x_wconf 81' lang='lat' dir='ltr'><strong><em>Tuden—</em></strong></span> 
     </span>
    </p>
   </div>
   <div class='ocr_carea' id='block_1_91' title="bbox 310 4470 3601 4565">
    <p class='ocr_par' dir='ltr' id='par_1_91' title="bbox 310 4470 3601 4565">
     <span class='ocr_line' id='line_1_91' title="bbox 310 4470 3601 4565; baseline -0.002 -17"><span class='ocrx_word' id='word_1_720' title='bbox 310 4493 564 4553; x_wconf 63' lang='lat' dir='ltr'><strong><em>exstincto</em></strong></span> <span class='ocrx_word' id='word_1_721' title='bbox 621 4506 738 4562; x_wconf 87' lang='lat' dir='ltr'><strong><em>rege</em></strong></span> <span class='ocrx_word' id='word_1_722' title='bbox 782 4489 1036 4559; x_wconf 86' lang='lat' dir='ltr'><strong><em>ipsorum,</em></strong></span> <span class='ocrx_word' id='word_1_723' title='bbox 1069 4483 1459 4565; x_wconf 77' lang='lat' dir='ltr'><strong><em>Wandalorum</em></strong></span> <span class='ocrx_word' id='word_1_724' title='bbox 1507 4501 1560 4539; x_wconf 86' lang='lat' dir='ltr'><strong><em>se</em></strong></span> <span class='ocrx_word' id='word_1_725' title='bbox 1615 4481 1903 4552; x_wconf 86' lang='lat' dir='ltr'><strong><em>patrocinio</em></strong></span> <span class='ocrx_word' id='word_1_726' title='bbox 1932 4470 1983 4531; x_wconf 86' lang='lat' dir='ltr'><strong><em>D</em></strong></span> <span class='ocrx_word' id='word_1_727' title='bbox 2010 4482 2088 4536; x_wconf 89' lang='lat' dir='ltr'><strong><em>sis</em></strong></span> <span class='ocrx_word' id='word_1_728' title='bbox 2114 4483 2263 4546; x_wconf 91' lang='lat' dir='ltr'><strong><em>fecit,</em></strong></span> <span class='ocrx_word' id='word_1_729' title='bbox 2287 4481 2453 4535; x_wconf 92' lang='lat' dir='ltr'><strong><em>immo</em></strong></span> <span class='ocrx_word' id='word_1_730' title='bbox 2474 4495 2540 4535; x_wconf 91' lang='lat' dir='ltr'><strong><em>eo</em></strong></span> <span class='ocrx_word' id='word_1_731' title='bbox 2566 4488 2725 4547; x_wconf 87' lang='lat' dir='ltr'><strong><em>teste,</em></strong></span> <span class='ocrx_word' id='word_1_732' title='bbox 2753 4480 2996 4536; x_wconf 89' lang='lat' dir='ltr'><strong><em>Isidorus</em></strong></span> <span class='ocrx_word' id='word_1_733' title='bbox 3025 4482 3221 4549; x_wconf 89' lang='lat' dir='ltr'><strong><em>etiam,</em></strong></span> <span class='ocrx_word' id='word_1_734' title='bbox 3249 4484 3403 4553; x_wconf 77' lang='lat' dir='ltr'><strong><em>cujus</em></strong></span> <span class='ocrx_word' id='word_1_735' title='bbox 3426 4485 3601 4542; x_wconf 82' lang='lat' dir='ltr'><strong><em>Chro—</em></strong></span> 
     </span>
    </p>
   </div>
   <div class='ocr_carea' id='block_1_92' title="bbox 310 4572 1906 4658">
    <p class='ocr_par' dir='ltr' id='par_1_92' title="bbox 310 4572 1906 4658">
     <span class='ocr_line' id='line_1_92' title="bbox 310 4572 1906 4658; baseline -0.006 -20"><span class='ocrx_word' id='word_1_736' title='bbox 310 4584 674 4658; x_wconf 81' lang='lat' dir='ltr'><strong><em>subjugarent.</em></strong></span> <span class='ocrx_word' id='word_1_737' title='bbox 733 4581 866 4649; x_wconf 83' lang='lat' dir='ltr'><strong><em>Quis</em></strong></span> <span class='ocrx_word' id='word_1_738' title='bbox 928 4595 1037 4634; x_wconf 90' lang='lat' dir='ltr'><strong><em>non</em></strong></span> <span class='ocrx_word' id='word_1_739' title='bbox 1090 4578 1301 4633; x_wconf 69' lang='lat' dir='ltr'><strong><em>diceret</em></strong></span> <span class='ocrx_word' id='word_1_740' title='bbox 1346 4576 1554 4634; x_wconf 87' lang='lat' dir='ltr'><strong><em>Gothos</em></strong></span> <span class='ocrx_word' id='word_1_741' title='bbox 1608 4572 1906 4630; x_wconf 83' lang='lat' dir='ltr'><strong><em>fidissimos</em></strong></span> 
     </span>
    </p>
   </div>
   <div class='ocr_carea' id='block_1_93' title="bbox 310 4671 1909 4741">
    <p class='ocr_par' dir='ltr' id='par_1_93' title="bbox 310 4671 1909 4741">
     <span class='ocr_line' id='line_1_93' title="bbox 310 4671 1909 4741; baseline -0.006 -8"><span class='ocrx_word' id='word_1_742' title='bbox 310 4678 686 4733; x_wconf 78' lang='lat' dir='ltr'><strong><em>Romanorum</em></strong></span> <span class='ocrx_word' id='word_1_743' title='bbox 717 4674 1054 4731; x_wconf 86' lang='lat' dir='ltr'><strong><em>auxiliares?</em></strong></span> <span class='ocrx_word' id='word_1_744' title='bbox 1087 4672 1219 4727; x_wconf 89' lang='lat' dir='ltr'><strong><em>nihil</em></strong></span> <span class='ocrx_word' id='word_1_745' title='bbox 1254 4681 1432 4727; x_wconf 86' lang='lat' dir='ltr'><strong><em>tamen</em></strong></span> <span class='ocrx_word' id='word_1_746' title='bbox 1477 4672 1690 4741; x_wconf 81' lang='lat' dir='ltr'><strong><em>longius</em></strong></span> <span class='ocrx_word' id='word_1_747' title='bbox 1720 4671 1909 4727; x_wconf 85' lang='lat' dir='ltr'><strong><em>aberat</em></strong></span> 
     </span>
    </p>
   </div>
   <div class='ocr_carea' id='block_1_94' title="bbox 310 4761 1909 4838">
    <p class='ocr_par' dir='ltr' id='par_1_94' title="bbox 310 4761 1909 4838">
     <span class='ocr_line' id='line_1_94' title="bbox 310 4761 1909 4838; baseline -0.006 -13"><span class='ocrx_word' id='word_1_748' title='bbox 310 4771 379 4825; x_wconf 89' lang='lat' dir='ltr'><strong><em>ab</em></strong></span> <span class='ocrx_word' id='word_1_749' title='bbox 439 4769 684 4838; x_wconf 78' lang='lat' dir='ltr'><strong><em>ipsorum</em></strong></span> <span class='ocrx_word' id='word_1_750' title='bbox 738 4766 969 4830; x_wconf 88' lang='lat' dir='ltr'><strong><em>animis;</em></strong></span> <span class='ocrx_word' id='word_1_751' title='bbox 1023 4778 1147 4820; x_wconf 90' lang='lat' dir='ltr'><strong><em>eum</em></strong></span> <span class='ocrx_word' id='word_1_752' title='bbox 1179 4766 1323 4819; x_wconf 80' lang='lat' dir='ltr'><strong><em>etum</em></strong></span> <span class='ocrx_word' id='word_1_753' title='bbox 1371 4763 1588 4820; x_wconf 77' lang='lat' dir='ltr'><strong><em>occasio</em></strong></span> <span class='ocrx_word' id='word_1_754' title='bbox 1633 4777 1756 4819; x_wconf 87' lang='lat' dir='ltr'><strong><em>sese</em></strong></span> <span class='ocrx_word' id='word_1_755' title='bbox 1809 4761 1909 4817; x_wconf 86' lang='lat' dir='ltr'><strong><em>ob-</em></strong></span> 
     </span>
    </p>
   </div>
   <div class='ocr_carea' id='block_1_95' title="bbox 310 4854 1908 4930">
    <p class='ocr_par' dir='ltr' id='par_1_95' title="bbox 310 4854 1908 4930">
     <span class='ocr_line' id='line_1_95' title="bbox 310 4854 1908 4930; baseline -0.006 -11"><span class='ocrx_word' id='word_1_756' title='bbox 310 4864 461 4930; x_wconf 89' lang='lat' dir='ltr'><strong><em>tulit,</em></strong></span> <span class='ocrx_word' id='word_1_757' title='bbox 502 4860 803 4916; x_wconf 85' lang='lat' dir='ltr'><strong><em>exercitum</em></strong></span> <span class='ocrx_word' id='word_1_758' title='bbox 863 4858 1234 4913; x_wconf 81' lang='lat' dir='ltr'><strong><em>Romanorum</em></strong></span> <span class='ocrx_word' id='word_1_759' title='bbox 1282 4870 1418 4925; x_wconf 85' lang='lat' dir='ltr'><strong><em>quos</em></strong></span> <span class='ocrx_word' id='word_1_760' title='bbox 1482 4855 1656 4924; x_wconf 88' lang='lat' dir='ltr'><strong><em>palam</em></strong></span> <span class='ocrx_word' id='word_1_761' title='bbox 1714 4854 1908 4923; x_wconf 84' lang='lat' dir='ltr'><strong><em>juvare</em></strong></span> 
     </span>
    </p>
   </div>
   <div class='ocr_carea' id='block_1_96' title="bbox 311 4943 1910 5024">
    <p class='ocr_par' dir='ltr' id='par_1_96' title="bbox 311 4943 1910 5024">
     <span class='ocr_line' id='line_1_96' title="bbox 311 4943 1910 5024; baseline -0.004 -19"><span class='ocrx_word' id='word_1_762' title='bbox 311 4949 733 5024; x_wconf 87' lang='lat' dir='ltr'><strong><em>promittebant,</em></strong></span> <span class='ocrx_word' id='word_1_763' title='bbox 788 4946 979 5003; x_wconf 87' lang='lat' dir='ltr'><strong><em>fraude</em></strong></span> <span class='ocrx_word' id='word_1_764' title='bbox 1026 4955 1083 5002; x_wconf 89' lang='lat' dir='ltr'><strong><em>et</em></strong></span> <span class='ocrx_word' id='word_1_765' title='bbox 1129 4946 1471 5015; x_wconf 88' lang='lat' dir='ltr'><strong><em>deceptione,</em></strong></span> <span class='ocrx_word' id='word_1_766' title='bbox 1514 4959 1638 5000; x_wconf 87' lang='lat' dir='ltr'><strong><em>cum</em></strong></span> <span class='ocrx_word' id='word_1_767' title='bbox 1684 4943 1797 5014; x_wconf 86' lang='lat' dir='ltr'><strong><em>jam</em></strong></span> <span class='ocrx_word' id='word_1_768' title='bbox 1840 4943 1910 4999; x_wconf 88' lang='lat' dir='ltr'><strong><em>de</em></strong></span> 
     </span>
    </p>
   </div>
   <div class='ocr_carea' id='block_1_97' title="bbox 309 5035 1915 5113">
    <p class='ocr_par' dir='ltr' id='par_1_97' title="bbox 309 5035 1915 5113">
     <span class='ocr_line' id='line_1_97' title="bbox 309 5035 1915 5113; baseline -0.004 -14"><span class='ocrx_word' id='word_1_769' title='bbox 309 5044 543 5101; x_wconf 76' lang='lat' dir='ltr'><strong><em>victoria</em></strong></span> <span class='ocrx_word' id='word_1_770' title='bbox 589 5042 971 5113; x_wconf 88' lang='lat' dir='ltr'><strong><em>loquebantur,</em></strong></span> <span class='ocrx_word' id='word_1_771' title='bbox 1001 5040 1054 5095; x_wconf 88' lang='lat' dir='ltr'><strong><em>in</em></strong></span> <span class='ocrx_word' id='word_1_772' title='bbox 1101 5053 1293 5093; x_wconf 86' lang='lat' dir='ltr'><strong><em>manus</em></strong></span> <span class='ocrx_word' id='word_1_773' title='bbox 1321 5037 1709 5094; x_wconf 88' lang='lat' dir='ltr'><strong><em>Wandalorum</em></strong></span> <span class='ocrx_word' id='word_1_774' title='bbox 1747 5035 1915 5092; x_wconf 90' lang='lat' dir='ltr'><strong><em>tradi-</em></strong></span> 
     </span>
    </p>
   </div>
   <div class='ocr_carea' id='block_1_98' title="bbox 307 5128 1916 5204">
    <p class='ocr_par' dir='ltr' id='par_1_98' title="bbox 307 5128 1916 5204">
     <span class='ocr_line' id='line_1_98' title="bbox 307 5128 1916 5204; baseline -0.007 -9"><span class='ocrx_word' id='word_1_775' title='bbox 307 5138 545 5194; x_wconf 87' lang='lat' dir='ltr'><strong><em>derunt.</em></strong></span> <span class='ocrx_word' id='word_1_776' title='bbox 573 5134 703 5203; x_wconf 75' lang='lat' dir='ltr'><strong><em>Ejus</em></strong></span> <span class='ocrx_word' id='word_1_777' title='bbox 748 5132 827 5188; x_wconf 91' lang='lat' dir='ltr'><strong><em>rei</em></strong></span> <span class='ocrx_word' id='word_1_778' title='bbox 879 5131 1035 5186; x_wconf 85' lang='lat' dir='ltr'><strong><em>testis</em></strong></span> <span class='ocrx_word' id='word_1_779' title='bbox 1065 5130 1229 5186; x_wconf 88' lang='lat' dir='ltr'><strong><em>etiam</em></strong></span> <span class='ocrx_word' id='word_1_780' title='bbox 1278 5137 1364 5185; x_wconf 87' lang='lat' dir='ltr'><strong><em>est</em></strong></span> <span class='ocrx_word' id='word_1_781' title='bbox 1391 5129 1612 5194; x_wconf 84' lang='lat' dir='ltr'><strong><em>Idalios,</em></strong></span> <span class='ocrx_word' id='word_1_782' title='bbox 1640 5128 1730 5204; x_wconf 83' lang='lat' dir='ltr'><strong><em>qui</em></strong></span> <span class='ocrx_word' id='word_1_783' title='bbox 1770 5142 1916 5183; x_wconf 91' lang='lat' dir='ltr'><strong><em>anno</em></strong></span> 
     </span>
    </p>
   </div>
   <div class='ocr_carea' id='block_1_99' title="bbox 309 5222 1919 5295">
    <p class='ocr_par' dir='ltr' id='par_1_99' title="bbox 309 5222 1919 5295">
     <span class='ocr_line' id='line_1_99' title="bbox 309 5222 1919 5295; baseline -0.008 -9"><span class='ocrx_word' id='word_1_784' title='bbox 309 5232 389 5286; x_wconf 70' lang='lat'><strong>28</strong></span> <span class='ocrx_word' id='word_1_785' title='bbox 418 5226 638 5284; x_wconf 75' lang='lat' dir='ltr'><strong><em>Arcadii</em></strong></span> <span class='ocrx_word' id='word_1_786' title='bbox 672 5225 869 5295; x_wconf 84' lang='lat' dir='ltr'><strong><em>inquit,</em></strong></span> <span class='ocrx_word' id='word_1_787' title='bbox 899 5222 1142 5280; x_wconf 84' lang='lat' dir='ltr'><strong><em>Custinus</em></strong></span> <span class='ocrx_word' id='word_1_788' title='bbox 1174 5224 1423 5293; x_wconf 89' lang='lat' dir='ltr'><strong><em>magister</em></strong></span> <span class='ocrx_word' id='word_1_789' title='bbox 1452 5223 1674 5277; x_wconf 82' lang='lat' dir='ltr'><strong><em>militum</em></strong></span> <span class='ocrx_word' id='word_1_790' title='bbox 1726 5222 1919 5279; x_wconf 81' lang='lat' dir='ltr'><strong><em>Roma-</em></strong></span> 
     </span>
    </p>
   </div>
   <div class='ocr_carea' id='block_1_100' title="bbox 314 5314 1919 5391">
    <p class='ocr_par' dir='ltr' id='par_1_100' title="bbox 314 5314 1919 5391">
     <span class='ocr_line' id='line_1_100' title="bbox 314 5314 1919 5391; baseline -0.004 -13"><span class='ocrx_word' id='word_1_791' title='bbox 314 5337 535 5384; x_wconf 84' lang='lat' dir='ltr'><strong><em>norum,</em></strong></span> <span class='ocrx_word' id='word_1_792' title='bbox 564 5335 680 5375; x_wconf 89' lang='lat' dir='ltr'><strong><em>cum</em></strong></span> <span class='ocrx_word' id='word_1_793' title='bbox 720 5335 911 5391; x_wconf 86' lang='lat' dir='ltr'><strong><em>magna</em></strong></span> <span class='ocrx_word' id='word_1_794' title='bbox 943 5334 1125 5384; x_wconf 88' lang='lat' dir='ltr'><strong><em>manu,</em></strong></span> <span class='ocrx_word' id='word_1_795' title='bbox 1151 5327 1201 5372; x_wconf 84' lang='lat' dir='ltr'><strong><em>et</em></strong></span> <span class='ocrx_word' id='word_1_796' title='bbox 1226 5316 1444 5370; x_wconf 78' lang='lat' dir='ltr'><strong><em>auxiliis</em></strong></span> <span class='ocrx_word' id='word_1_797' title='bbox 1473 5314 1786 5382; x_wconf 83' lang='lat' dir='ltr'><strong><em>Gothorum,</em></strong></span> <span class='ocrx_word' id='word_1_798' title='bbox 1809 5315 1919 5371; x_wconf 76' lang='lat' dir='ltr'><strong><em>bel~</em></strong></span> 
     </span>
    </p>
   </div>
   <div class='ocr_carea' id='block_1_101' title="bbox 317 5408 1924 5481">
    <p class='ocr_par' dir='ltr' id='par_1_101' title="bbox 317 5408 1924 5481">
     <span class='ocr_line' id='line_1_101' title="bbox 317 5408 1924 5481; baseline -0.004 -12"><span class='ocrx_word' id='word_1_799' title='bbox 317 5416 433 5469; x_wconf 77' lang='lat' dir='ltr'><strong><em>lum</em></strong></span> <span class='ocrx_word' id='word_1_800' title='bbox 457 5413 511 5466; x_wconf 83' lang='lat' dir='ltr'><strong><em>in</em></strong></span> <span class='ocrx_word' id='word_1_801' title='bbox 543 5410 740 5466; x_wconf 63' lang='lat' dir='ltr'><strong><em>Baetica</em></strong></span> <span class='ocrx_word' id='word_1_802' title='bbox 766 5408 1043 5465; x_wconf 86' lang='lat' dir='ltr'><strong><em>Wandalis</em></strong></span> <span class='ocrx_word' id='word_1_803' title='bbox 1072 5409 1227 5480; x_wconf 85' lang='lat' dir='ltr'><strong><em>infert</em></strong></span> <span class='ocrx_word' id='word_1_804' title='bbox 1258 5424 1277 5463; x_wconf 86' lang='lat'><strong><em>:</em></strong></span> <span class='ocrx_word' id='word_1_805' title='bbox 1304 5425 1436 5479; x_wconf 85' lang='lat' dir='ltr'><strong><em>quos</em></strong></span> <span class='ocrx_word' id='word_1_806' title='bbox 1457 5424 1573 5462; x_wconf 85' lang='lat' dir='ltr'><strong><em>cum</em></strong></span> <span class='ocrx_word' id='word_1_807' title='bbox 1602 5408 1670 5461; x_wconf 87' lang='lat' dir='ltr'><strong><em>ad</em></strong></span> <span class='ocrx_word' id='word_1_808' title='bbox 1690 5409 1924 5481; x_wconf 87' lang='lat' dir='ltr'><strong><em>inopiam</em></strong></span> 
     </span>
    </p>
   </div>
   <div class='ocr_carea' id='block_1_102' title="bbox 320 5501 1924 5573">
    <p class='ocr_par' dir='ltr' id='par_1_102' title="bbox 320 5501 1924 5573">
     <span class='ocr_line' id='line_1_102' title="bbox 320 5501 1924 5573; baseline -0.006 -11"><span class='ocrx_word' id='word_1_809' title='bbox 320 5509 372 5562; x_wconf 78' lang='lat' dir='ltr'><strong><em>ei</em></strong></span> <span class='ocrx_word' id='word_1_810' title='bbox 398 5504 693 5559; x_wconf 85' lang='lat' dir='ltr'><strong><em>obsidionis</em></strong></span> <span class='ocrx_word' id='word_1_811' title='bbox 714 5512 962 5569; x_wconf 87' lang='lat' dir='ltr'><strong><em>arctaret,</em></strong></span> <span class='ocrx_word' id='word_1_812' title='bbox 985 5502 1114 5557; x_wconf 84' lang='lat' dir='ltr'><strong><em>adeo</em></strong></span> <span class='ocrx_word' id='word_1_813' title='bbox 1130 5513 1182 5555; x_wconf 90' lang='lat' dir='ltr'><strong><em>ut</em></strong></span> <span class='ocrx_word' id='word_1_814' title='bbox 1212 5517 1265 5556; x_wconf 88' lang='lat' dir='ltr'><strong><em>se</em></strong></span> <span class='ocrx_word' id='word_1_815' title='bbox 1283 5501 1491 5556; x_wconf 86' lang='lat' dir='ltr'><strong><em>tradere</em></strong></span> <span class='ocrx_word' id='word_1_816' title='bbox 1511 5502 1627 5572; x_wconf 89' lang='lat' dir='ltr'><strong><em>jam</em></strong></span> <span class='ocrx_word' id='word_1_817' title='bbox 1654 5508 1924 5573; x_wconf 66' lang='lat' dir='ltr'><strong><em>pararent;</em></strong></span> 
     </span>
    </p>
   </div>
   <div class='ocr_carea' id='block_1_103' title="bbox 256 5579 1930 5669">
    <p class='ocr_par' dir='ltr' id='par_1_103' title="bbox 256 5579 1930 5669">
     <span class='ocr_line' id='line_1_103' title="bbox 256 5579 1930 5669; baseline -0.006 -12"><span class='ocrx_word' id='word_1_818' title='bbox 256 5640 267 5648; x_wconf 70' lang='grc' dir='ltr'><strong><em>ο</em></strong></span> <span class='ocrx_word' id='word_1_819' title='bbox 327 5600 628 5656; x_wconf 85' lang='lat' dir='ltr'><strong><em>inconsulte</em></strong></span> <span class='ocrx_word' id='word_1_820' title='bbox 677 5598 887 5669; x_wconf 84' lang='lat' dir='ltr'><strong><em>publica</em></strong></span> <span class='ocrx_word' id='word_1_821' title='bbox 923 5597 1225 5653; x_wconf 50' lang='lat' dir='ltr'><strong><em>&#39;certamine</em></strong></span> <span class='ocrx_word' id='word_1_822' title='bbox 1271 5579 1578 5669; x_wconf 84' lang='lat' dir='ltr'><strong><em>confligens,</em></strong></span> <span class='ocrx_word' id='word_1_823' title='bbox 1608 5593 1930 5650; x_wconf 77' lang='lat' dir='ltr'><strong><em>auxiliorum</em></strong></span> 
     </span>
    </p>
   </div>
   <div class='ocr_carea' id='block_1_104' title="bbox 332 5686 1930 5764">
    <p class='ocr_par' dir='ltr' id='par_1_104' title="bbox 332 5686 1930 5764">
     <span class='ocr_line' id='line_1_104' title="bbox 332 5686 1930 5764; baseline -0.003 -18"><span class='ocrx_word' id='word_1_824' title='bbox 332 5692 523 5764; x_wconf 85' lang='lat' dir='ltr'><strong><em>fraude</em></strong></span> <span class='ocrx_word' id='word_1_825' title='bbox 552 5690 816 5764; x_wconf 86' lang='lat' dir='ltr'><strong><em>deceptus,</em></strong></span> <span class='ocrx_word' id='word_1_826' title='bbox 844 5689 916 5743; x_wconf 87' lang='lat' dir='ltr'><strong><em>ad</em></strong></span> <span class='ocrx_word' id='word_1_827' title='bbox 945 5687 1302 5744; x_wconf 87' lang='lat' dir='ltr'><strong><em>Tarraconam</em></strong></span> <span class='ocrx_word' id='word_1_828' title='bbox 1349 5689 1514 5744; x_wconf 76' lang='lat' dir='ltr'><strong><em>rictus</em></strong></span> <span class='ocrx_word' id='word_1_829' title='bbox 1555 5686 1761 5760; x_wconf 55' lang='lat' dir='ltr'><strong><em>cingit.</em></strong></span> <span class='ocrx_word' id='word_1_830' title='bbox 1797 5687 1930 5744; x_wconf 89' lang='lat' dir='ltr'><strong><em>Cum</em></strong></span> 
     </span>
    </p>
   </div>
   <div class='ocr_carea' id='block_1_105' title="bbox 751 5778 1357 5845">
    <p class='ocr_par' dir='ltr' id='par_1_105' title="bbox 751 5778 1357 5845">
     <span class='ocr_line' id='line_1_105' title="bbox 751 5778 1357 5845; baseline -0.003 0"><span class='ocrx_word' id='word_1_831' title='bbox 751 5819 757 5825; x_wconf 89' lang='lat'><strong>-</strong></span> <span class='ocrx_word' id='word_1_832' title='bbox 794 5782 1073 5845; x_wconf 69' lang='lat' dir='ltr'><strong><em>I’nnos.</em></strong></span> <span class='ocrx_word' id='word_1_833' title='bbox 1112 5778 1357 5843; x_wconf 81' lang='lat' dir='ltr'><strong><em>XXXI.</em></strong></span> 
     </span>
    </p>
   </div>
   <div class='ocr_carea' id='block_1_106' title="bbox 2013 4570 3603 4650">
    <p class='ocr_par' dir='ltr' id='par_1_106' title="bbox 2013 4570 3603 4650">
     <span class='ocr_line' id='line_1_106' title="bbox 2013 4570 3603 4650; baseline 0.004 -24"><span class='ocrx_word' id='word_1_834' title='bbox 2013 4571 2171 4626; x_wconf 88' lang='lat' dir='ltr'><strong><em>nicon</em></strong></span> <span class='ocrx_word' id='word_1_835' title='bbox 2202 4570 2270 4626; x_wconf 89' lang='lat' dir='ltr'><strong><em>ad</em></strong></span> <span class='ocrx_word' id='word_1_836' title='bbox 2295 4570 2518 4626; x_wconf 89' lang='lat' dir='ltr'><strong><em>verbum</em></strong></span> <span class='ocrx_word' id='word_1_837' title='bbox 2557 4572 2676 4640; x_wconf 88' lang='lat' dir='ltr'><strong><em>ipse</em></strong></span> <span class='ocrx_word' id='word_1_838' title='bbox 2716 4571 3058 4641; x_wconf 86' lang='lat' dir='ltr'><strong><em>trauscripsit</em></strong></span> <span class='ocrx_word' id='word_1_839' title='bbox 3085 4586 3150 4626; x_wconf 81' lang='lat' dir='ltr'><strong><em>ex</em></strong></span> <span class='ocrx_word' id='word_1_840' title='bbox 3182 4574 3489 4641; x_wconf 85' lang='lat' dir='ltr'><strong><em>purioribus</em></strong></span> <span class='ocrx_word' id='word_1_841' title='bbox 3515 4580 3603 4650; x_wconf 89' lang='lat' dir='ltr'><strong><em>(ut</em></strong></span> 
     </span>
    </p>
   </div>
   <div class='ocr_carea' id='block_1_107' title="bbox 2013 4660 3604 4733">
    <p class='ocr_par' dir='ltr' id='par_1_107' title="bbox 2013 4660 3604 4733">
     <span class='ocr_line' id='line_1_107' title="bbox 2013 4660 3604 4733; baseline 0.006 -15"><span class='ocrx_word' id='word_1_842' title='bbox 2013 4660 2262 4733; x_wconf 90' lang='lat' dir='ltr'><strong><em>apparet)</em></strong></span> <span class='ocrx_word' id='word_1_843' title='bbox 2283 4661 2663 4732; x_wconf 80' lang='lat' dir='ltr'><strong><em>originalibus,</em></strong></span> <span class='ocrx_word' id='word_1_844' title='bbox 2691 4676 2850 4732; x_wconf 75' lang='lat' dir='ltr'><strong><em>quam</em></strong></span> <span class='ocrx_word' id='word_1_845' title='bbox 2875 4677 3018 4718; x_wconf 89' lang='lat' dir='ltr'><strong><em>nuue</em></strong></span> <span class='ocrx_word' id='word_1_846' title='bbox 3038 4672 3276 4719; x_wconf 87' lang='lat' dir='ltr'><strong><em>exstent.</em></strong></span> <span class='ocrx_word' id='word_1_847' title='bbox 3298 4666 3429 4721; x_wconf 85' lang='lat' dir='ltr'><strong><em>Nam</em></strong></span> <span class='ocrx_word' id='word_1_848' title='bbox 3454 4682 3604 4726; x_wconf 85' lang='lat' dir='ltr'><strong><em>certe</em></strong></span> 
     </span>
    </p>
   </div>
   <div class='ocr_carea' id='block_1_108' title="bbox 2012 4754 3596 4829">
    <p class='ocr_par' dir='ltr' id='par_1_108' title="bbox 2012 4754 3596 4829">
     <span class='ocr_line' id='line_1_108' title="bbox 2012 4754 3596 4829; baseline 0.004 -18"><span class='ocrx_word' id='word_1_849' title='bbox 2012 4754 2323 4811; x_wconf 89' lang='lat' dir='ltr'><strong><em>Chronicon</em></strong></span> <span class='ocrx_word' id='word_1_850' title='bbox 2348 4754 2495 4825; x_wconf 90' lang='lat' dir='ltr'><strong><em>quod</em></strong></span> <span class='ocrx_word' id='word_1_851' title='bbox 2540 4755 2681 4810; x_wconf 89' lang='lat' dir='ltr'><strong><em>inter</em></strong></span> <span class='ocrx_word' id='word_1_852' title='bbox 2712 4755 2829 4823; x_wconf 88' lang='lat' dir='ltr'><strong><em>ejus</em></strong></span> <span class='ocrx_word' id='word_1_853' title='bbox 2858 4770 3026 4824; x_wconf 88' lang='lat' dir='ltr'><strong><em>opera</em></strong></span> <span class='ocrx_word' id='word_1_854' title='bbox 3057 4766 3236 4811; x_wconf 89' lang='lat' dir='ltr'><strong><em>exstat</em></strong></span> <span class='ocrx_word' id='word_1_855' title='bbox 3262 4758 3562 4817; x_wconf 80' lang='lat' dir='ltr'><strong><em>Gothorum</em></strong></span> <span class='ocrx_word' id='word_1_856' title='bbox 3583 4807 3596 4829; x_wconf 89' lang='lat'><strong><em>,</em></strong></span> 
     </span>
    </p>
   </div>
   <div class='ocr_carea' id='block_1_109' title="bbox 2016 4841 3604 4914">
    <p class='ocr_par' dir='ltr' id='par_1_109' title="bbox 2016 4841 3604 4914">
     <span class='ocr_line' id='line_1_109' title="bbox 2016 4841 3604 4914; baseline 0.004 -11"><span class='ocrx_word' id='word_1_857' title='bbox 2016 4849 2116 4903; x_wconf 86' lang='lat' dir='ltr'><strong><em>sub</em></strong></span> <span class='ocrx_word' id='word_1_858' title='bbox 2147 4847 2369 4903; x_wconf 88' lang='lat' dir='ltr'><strong><em>nomine</em></strong></span> <span class='ocrx_word' id='word_1_859' title='bbox 2393 4841 2621 4914; x_wconf 88' lang='lat' dir='ltr'><strong><em>Isidori,</em></strong></span> <span class='ocrx_word' id='word_1_860' title='bbox 2655 4847 2954 4902; x_wconf 86' lang='lat' dir='ltr'><strong><em>innumeris</em></strong></span> <span class='ocrx_word' id='word_1_861' title='bbox 2979 4858 3152 4904; x_wconf 83' lang='lat' dir='ltr'><strong><em>scatet</em></strong></span> <span class='ocrx_word' id='word_1_862' title='bbox 3178 4851 3390 4906; x_wconf 89' lang='lat' dir='ltr'><strong><em>mendis</em></strong></span> <span class='ocrx_word' id='word_1_863' title='bbox 3420 4854 3472 4908; x_wconf 93' lang='lat' dir='ltr'><strong><em>in</em></strong></span> <span class='ocrx_word' id='word_1_864' title='bbox 3505 4872 3604 4910; x_wconf 84' lang='lat' dir='ltr'><strong><em>au-</em></strong></span> 
     </span>
    </p>
   </div>
   <div class='ocr_carea' id='block_1_110' title="bbox 2014 4930 3607 5007">
    <p class='ocr_par' dir='ltr' id='par_1_110' title="bbox 2014 4930 3607 5007">
     <span class='ocr_line' id='line_1_110' title="bbox 2014 4930 3607 5007; baseline 0.004 -11"><span class='ocrx_word' id='word_1_865' title='bbox 2014 4956 2210 4997; x_wconf 89' lang='lat' dir='ltr'><strong><em>norum</em></strong></span> <span class='ocrx_word' id='word_1_866' title='bbox 2250 4940 2426 5006; x_wconf 90' lang='lat' dir='ltr'><strong><em>notis,</em></strong></span> <span class='ocrx_word' id='word_1_867' title='bbox 2471 4939 2524 4995; x_wconf 92' lang='lat' dir='ltr'><strong><em>in</em></strong></span> <span class='ocrx_word' id='word_1_868' title='bbox 2564 4939 2909 5007; x_wconf 89' lang='lat' dir='ltr'><strong><em>nominibus,</em></strong></span> <span class='ocrx_word' id='word_1_869' title='bbox 2945 4940 2997 4995; x_wconf 91' lang='lat' dir='ltr'><strong><em>in</em></strong></span> <span class='ocrx_word' id='word_1_870' title='bbox 3033 4930 3231 4996; x_wconf 76' lang='lat' dir='ltr'><strong><em>ordine</em></strong></span> <span class='ocrx_word' id='word_1_871' title='bbox 3257 4953 3311 4998; x_wconf 90' lang='lat' dir='ltr'><strong><em>ct</em></strong></span> <span class='ocrx_word' id='word_1_872' title='bbox 3354 4946 3494 5001; x_wconf 78' lang='lat' dir='ltr'><strong><em>serie</em></strong></span> <span class='ocrx_word' id='word_1_873' title='bbox 3517 4964 3607 5004; x_wconf 84' lang='lat' dir='ltr'><strong><em>rc-</em></strong></span> 
     </span>
    </p>
   </div>
   <div class='ocr_carea' id='block_1_111' title="bbox 2014 5030 3602 5106">
    <p class='ocr_par' dir='ltr' id='par_1_111' title="bbox 2014 5030 3602 5106">
     <span class='ocr_line' id='line_1_111' title="bbox 2014 5030 3602 5106; baseline 0.002 -16"><span class='ocrx_word' id='word_1_874' title='bbox 2014 5049 2166 5106; x_wconf 75' lang='lat' dir='ltr'><strong><em>gum,</em></strong></span> <span class='ocrx_word' id='word_1_875' title='bbox 2207 5042 2262 5090; x_wconf 91' lang='lat' dir='ltr'><strong><em>et</em></strong></span> <span class='ocrx_word' id='word_1_876' title='bbox 2292 5032 2414 5087; x_wconf 89' lang='lat' dir='ltr'><strong><em>aliis</em></strong></span> <span class='ocrx_word' id='word_1_877' title='bbox 2442 5047 2563 5103; x_wconf 63' lang='lat' dir='ltr'><strong><em>qua:</em></strong></span> <span class='ocrx_word' id='word_1_878' title='bbox 2590 5031 2749 5086; x_wconf 82' lang='lat' dir='ltr'><strong><em>facile</em></strong></span> <span class='ocrx_word' id='word_1_879' title='bbox 2776 5030 2953 5100; x_wconf 86' lang='lat' dir='ltr'><strong><em>quivis</em></strong></span> <span class='ocrx_word' id='word_1_880' title='bbox 2984 5032 3279 5091; x_wconf 82' lang='lat' dir='ltr'><strong><em>collatione</em></strong></span> <span class='ocrx_word' id='word_1_881' title='bbox 3318 5035 3452 5092; x_wconf 89' lang='lat' dir='ltr'><strong><em>facta</em></strong></span> <span class='ocrx_word' id='word_1_882' title='bbox 3480 5055 3602 5095; x_wconf 82' lang='lat' dir='ltr'><strong><em>cum</em></strong></span> 
     </span>
    </p>
   </div>
   <div class='ocr_carea' id='block_1_112' title="bbox 2018 5124 3611 5195">
    <p class='ocr_par' dir='ltr' id='par_1_112' title="bbox 2018 5124 3611 5195">
     <span class='ocr_line' id='line_1_112' title="bbox 2018 5124 3611 5195; baseline 0.002 -11"><span class='ocrx_word' id='word_1_883' title='bbox 2018 5128 2306 5195; x_wconf 90' lang='lat' dir='ltr'><strong><em>conciliis,</em></strong></span> <span class='ocrx_word' id='word_1_884' title='bbox 2346 5125 2557 5194; x_wconf 87' lang='lat' dir='ltr'><strong><em>Idalio,</em></strong></span> <span class='ocrx_word' id='word_1_885' title='bbox 2608 5124 2905 5180; x_wconf 86' lang='lat' dir='ltr'><strong><em>Viclarcusi</em></strong></span> <span class='ocrx_word' id='word_1_886' title='bbox 2949 5133 3005 5180; x_wconf 91' lang='lat' dir='ltr'><strong><em>ct</em></strong></span> <span class='ocrx_word' id='word_1_887' title='bbox 3043 5127 3256 5182; x_wconf 74' lang='lat' dir='ltr'><strong><em>cmteris</em></strong></span> <span class='ocrx_word' id='word_1_888' title='bbox 3296 5130 3611 5187; x_wconf 82' lang='lat' dir='ltr'><strong><em>auctoribus</em></strong></span> 
     </span>
    </p>
   </div>
   <div class='ocr_carea' id='block_1_113' title="bbox 2020 5217 3610 5291">
    <p class='ocr_par' dir='ltr' id='par_1_113' title="bbox 2020 5217 3610 5291">
     <span class='ocr_line' id='line_1_113' title="bbox 2020 5217 3610 5291; baseline 0.003 -15"><span class='ocrx_word' id='word_1_889' title='bbox 2020 5218 2415 5291; x_wconf 87' lang='lat' dir='ltr'><strong><em>deprehendet.</em></strong></span> <span class='ocrx_word' id='word_1_890' title='bbox 2451 5217 2650 5273; x_wconf 90' lang='lat' dir='ltr'><strong><em>Decem</em></strong></span> <span class='ocrx_word' id='word_1_891' title='bbox 2686 5217 2848 5287; x_wconf 80' lang='lat' dir='ltr'><strong><em>igitur</em></strong></span> <span class='ocrx_word' id='word_1_892' title='bbox 2884 5217 3163 5276; x_wconf 84' lang='lat' dir='ltr'><strong><em>dumtaxat</em></strong></span> <span class='ocrx_word' id='word_1_893' title='bbox 3192 5221 3492 5280; x_wconf 87' lang='lat' dir='ltr'><strong><em>Gothorum</em></strong></span> <span class='ocrx_word' id='word_1_894' title='bbox 3527 5243 3610 5280; x_wconf 86' lang='lat' dir='ltr'><strong><em>rc-</em></strong></span> 
     </span>
    </p>
   </div>
   <div class='ocr_carea' id='block_1_114' title="bbox 2022 5308 2929 5383">
    <p class='ocr_par' dir='ltr' id='par_1_114' title="bbox 2022 5308 2929 5383">
     <span class='ocr_line' id='line_1_114' title="bbox 2022 5308 2929 5383; baseline -0.003 -16"><span class='ocrx_word' id='word_1_895' title='bbox 2022 5325 2120 5383; x_wconf 81' lang='lat' dir='ltr'><strong><em>ges</em></strong></span> <span class='ocrx_word' id='word_1_896' title='bbox 2149 5310 2299 5366; x_wconf 89' lang='lat' dir='ltr'><strong><em>fuere</em></strong></span> <span class='ocrx_word' id='word_1_897' title='bbox 2319 5324 2490 5380; x_wconf 91' lang='lat' dir='ltr'><strong><em>usque</em></strong></span> <span class='ocrx_word' id='word_1_898' title='bbox 2515 5308 2581 5364; x_wconf 89' lang='lat' dir='ltr'><strong><em>ad</em></strong></span> <span class='ocrx_word' id='word_1_899' title='bbox 2613 5308 2929 5366; x_wconf 88' lang='lat' dir='ltr'><strong><em>Liubanem.</em></strong></span> 
     </span>
    </p>
   </div>
   <div class='ocr_carea' id='block_1_115' title="bbox 2103 5403 3623 5479">
    <p class='ocr_par' dir='ltr' id='par_1_115' title="bbox 2103 5403 3623 5479">
     <span class='ocr_line' id='line_1_115' title="bbox 2103 5403 3623 5479; baseline -0.001 -17"><span class='ocrx_word' id='word_1_900' title='bbox 2103 5406 2344 5464; x_wconf 85' lang='lat' dir='ltr'><strong><em>Liubane</em></strong></span> <span class='ocrx_word' id='word_1_901' title='bbox 2368 5413 2548 5460; x_wconf 85' lang='lat' dir='ltr'><strong><em>tamen</em></strong></span> <span class='ocrx_word' id='word_1_902' title='bbox 2579 5403 2938 5460; x_wconf 88' lang='lat' dir='ltr'><strong><em>nihilominus</em></strong></span> <span class='ocrx_word' id='word_1_903' title='bbox 2963 5418 3246 5478; x_wconf 81' lang='lat' dir='ltr'><strong><em>regnante,</em></strong></span> <span class='ocrx_word' id='word_1_904' title='bbox 3280 5410 3623 5479; x_wconf 68' lang='lat' dir='ltr'><strong><em>Leovigildus</em></strong></span> 
     </span>
    </p>
   </div>
   <div class='ocr_carea' id='block_1_116' title="bbox 2030 5498 3621 5572">
    <p class='ocr_par' dir='ltr' id='par_1_116' title="bbox 2030 5498 3621 5572">
     <span class='ocr_line' id='line_1_116' title="bbox 2030 5498 3621 5572; baseline 0.001 -17"><span class='ocrx_word' id='word_1_905' title='bbox 2030 5498 2629 5572; x_wconf 84' lang='lat' dir='ltr'><strong><em>(undecimum&#39;cornu)</em></strong></span> <span class='ocrx_word' id='word_1_906' title='bbox 2659 5506 2868 5566; x_wconf 88' lang='lat' dir='ltr'><strong><em>partem</em></strong></span> <span class='ocrx_word' id='word_1_907' title='bbox 2913 5503 3061 5569; x_wconf 81' lang='lat' dir='ltr'><strong><em>regni</em></strong></span> <span class='ocrx_word' id='word_1_908' title='bbox 3092 5499 3329 5568; x_wconf 86' lang='lat' dir='ltr'><strong><em>accepit;</em></strong></span> <span class='ocrx_word' id='word_1_909' title='bbox 3361 5515 3467 5569; x_wconf 88' lang='lat' dir='ltr'><strong><em>quo</em></strong></span> <span class='ocrx_word' id='word_1_910' title='bbox 3493 5519 3621 5558; x_wconf 67' lang='lat' dir='ltr'><strong><em>vere</em></strong></span> 
     </span>
    </p>
   </div>
   <div class='ocr_carea' id='block_1_117' title="bbox 2033 5587 3622 5658">
    <p class='ocr_par' dir='ltr' id='par_1_117' title="bbox 2033 5587 3622 5658">
     <span class='ocr_line' id='line_1_117' title="bbox 2033 5587 3622 5658; baseline 0 -11"><span class='ocrx_word' id='word_1_911' title='bbox 2033 5590 2102 5649; x_wconf 85' lang='lat' dir='ltr'><strong><em>de</em></strong></span> <span class='ocrx_word' id='word_1_912' title='bbox 2132 5590 2225 5647; x_wconf 92' lang='lat' dir='ltr'><strong><em>illo</em></strong></span> <span class='ocrx_word' id='word_1_913' title='bbox 2245 5589 2558 5655; x_wconf 89' lang='lat' dir='ltr'><strong><em>diceretur,</em></strong></span> <span class='ocrx_word' id='word_1_914' title='bbox 2594 5587 2727 5643; x_wconf 82' lang='lat' dir='ltr'><strong><em>Ecce</em></strong></span> <span class='ocrx_word' id='word_1_915' title='bbox 2755 5606 2919 5644; x_wconf 87' lang='lat' dir='ltr'><strong><em>cornu</em></strong></span> <span class='ocrx_word' id='word_1_916' title='bbox 2959 5590 3107 5644; x_wconf 88' lang='lat' dir='ltr'><strong><em>aliud</em></strong></span> <span class='ocrx_word' id='word_1_917' title='bbox 3144 5588 3417 5658; x_wconf 77' lang='lat' dir='ltr'><strong><em>parvulum</em></strong></span> <span class='ocrx_word' id='word_1_918' title='bbox 3452 5603 3622 5648; x_wconf 71' lang='lat' dir='ltr'><strong><em>ortam</em></strong></span> 
     </span>
    </p>
   </div>
   <div class='ocr_carea' id='block_1_118' title="bbox 2032 5674 3623 5751">
    <p class='ocr_par' dir='ltr' id='par_1_118' title="bbox 2032 5674 3623 5751">
     <span class='ocr_line' id='line_1_118' title="bbox 2032 5674 3623 5751; baseline 0.002 -9"><span class='ocrx_word' id='word_1_919' title='bbox 2032 5674 2111 5742; x_wconf 63' lang='lat' dir='ltr'><strong><em>cst</em></strong></span> <span class='ocrx_word' id='word_1_920' title='bbox 2134 5685 2198 5741; x_wconf 83' lang='lat' dir='ltr'><strong><em>de</em></strong></span> <span class='ocrx_word' id='word_1_921' title='bbox 2219 5683 2387 5741; x_wconf 85' lang='lat' dir='ltr'><strong><em>medio</em></strong></span> <span class='ocrx_word' id='word_1_922' title='bbox 2416 5697 2630 5751; x_wconf 83' lang='lat' dir='ltr'><strong><em>eorum;</em></strong></span> <span class='ocrx_word' id='word_1_923' title='bbox 2660 5682 2713 5739; x_wconf 92' lang='lat' dir='ltr'><strong><em>in</em></strong></span> <span class='ocrx_word' id='word_1_924' title='bbox 2741 5682 2922 5742; x_wconf 88' lang='lat' dir='ltr'><strong><em>medio</em></strong></span> <span class='ocrx_word' id='word_1_925' title='bbox 2951 5684 3094 5739; x_wconf 88' lang='lat' dir='ltr'><strong><em>enim</em></strong></span> <span class='ocrx_word' id='word_1_926' title='bbox 3132 5681 3285 5751; x_wconf 76' lang='lat' dir='ltr'><strong><em>regni</em></strong></span> <span class='ocrx_word' id='word_1_927' title='bbox 3317 5682 3497 5741; x_wconf 86' lang='lat' dir='ltr'><strong><em>fratris</em></strong></span> <span class='ocrx_word' id='word_1_928' title='bbox 3539 5690 3623 5745; x_wconf 88' lang='lat' dir='ltr'><strong><em>sui</em></strong></span> 
     </span>
    </p>
   </div>
   <div class='ocr_carea' id='block_1_119' title="bbox 3006 5773 3083 5835">
    <p class='ocr_par' dir='ltr' id='par_1_119' title="bbox 3006 5773 3083 5835">
     <span class='ocr_line' id='line_1_119' title="bbox 3006 5773 3083 5835; baseline 0.026 -2"><span class='ocrx_word' id='word_1_929' title='bbox 3006 5773 3083 5835; x_wconf 85' lang='lat'><strong><em>19</em></strong></span> 
     </span>
    </p>
   </div>
  </div>
