4122 6174
535 209 640 271 587

1428 199 1725 261 manus
1763 194 2010 257 LULIUS
2050 194 2329 255 osxraa
2368 174 2901 253 cnaouoLocus.

3720 183 3834 246 588

534 338 767 400 parvum
804 316 1030 392 regnum
1069 318 1175 377 sibi
1220 316 1505 375 constituit
1551 334 1567 374 :
1612 316 1760 389 quod
1802 313 2132 372 Viclarcnsis

2256 307 2383 368 tess'i
2417 311 2610 379 luero;
2657 310 2711 367 id
2740 307 2883 382 quod
2928 306 3143 365 Marcus
3184 302 3449 363 Maximus
3476 303 3835 373 Ca'sttrsugu.

536 428 816 492 gestorum
846 414 963 486 ejus
991 409 1444 482 chronographus
1487 407 1567 465 sic
1619 406 1865 462 notavit:
1909 407 2066 461 Auno
2097 405 2133 461 5

539 509 736 568 Justini
765 506 1037 571 Juuioris,
1085 499 1417 573 Leovigildns
1455 514 1733 572 germanus
1770 496 2020 553 Liubanis
2053 512 2134 551 re-

539 604 638 677 gis,
653 599 928 670 superstite
951 601 1112 671 fratre
1132 597 1188 650 in
1211 609 1423 667 regnum
1444 589 1999 662 citeriorisJIispanirc
2019 605 2135 645 con-

541 694 796 751 stituitur.
825 691 993 748 Porro
1008 699 1119 747 tres
1140 702 1298 759 reges
1313 695 1435 757 post
1449 686 1574 755 ejus
1595 694 1776 740 ortum
1799 682 2132 748 ceciderant,

541 789 714 847 Liuba
744 785 1077 851 Gothorum,
1109 790 1165 839 et
1204 780 1359 846 Miro,
1412 787 1573 849 atque
1619 776 1881 834 Evoricus
1928 776 2136 832 Saevo-

542 897 689 958 rum,
718 891 992 950 regnaque
1018 876 1261 947 ipsorum
1289 885 1392 929 suo
1422 867 1653 941 adjecit,
1692 878 1752 923 ut
1783 866 1939 958 idem,
1958 865 2137 922 Vicia-

542 944 723 1033 reusis
749 944 939 1044 scribit
965 988 977 1023 :
1009 944 1119 1038 quo
1146 964 1404 1021 nimirum
1436 961 1567 1018 illud
1604 960 1657 1021 in
1689 974 1757 1017 eo
1793 944 2135 1024 vei-ilicetum

544 1067 723 1125 Cornu
763 1061 911 1118 aliud
938 1069 1108 1117 ortum
1142 1058 1342 1128 fuerat,
1380 1064 1500 1110 ante
1526 1053 1664 1126 quod
1706 1052 1999 1107 ceciderant
2037 1049 2138 1104 tria

544 1174 762 1225 cornua,
793 1163 840 1211 et
867 1154 1039 1225 majus
1066 1160 1176 1207 erat
1204 1148 1425 1215 ueteris;
1454 1154 1509 1202 et
1540 1145 1713 1215 majus
1740 1143 1936 1211 multo,
1967 1157 2140 1214 quan-

546 1249 839 1323 doquidcm
866 1245 1176 1302 universam
1206 1240 1542 1311 Hispaniam,
1571 1253 1693 1309 qua:
1717 1236 1900 1292 multis
1921 1233 2140 1307 regibus

545 1343 824 1414 variisque
870 1336 1209 1412 principibus
1254 1332 1498 1403 subjecta
1548 1329 1725 1386 fuerat
1770 1328 1980 1400 primus
2025 1342 2140 1381 om-

547 1436 698 1493 nium
739 1432 841 1488 sub
872 1446 971 1487 sua
1009 1425 1254 1497 reposuit
1298 1432 1596 1496 potestate,
1629 1421 1696 1478 ad
1742 1420 1886 1493 quod
1919 1432 2142 1475 necesse

476 1552 487 1557 -
549 1522 996 1587 luitVasconias,
1048 1515 1446 1583 Bastetaniam,
1496 1513 1901 1581 Malacitauam,
1930 1509 2142 1565 Cordu~

548 1617 809 1685 benscm,
860 1623 915 1670 et
944 1609 1424 1674 Assidouieascm,
1465 1607 1706 1677 aliasque
1749 1604 2054 1676 provincias
2087 1610 2143 1659 et

2234 416 2423 463 staaus
2455 417 2581 463 tunc
2612 405 2872 477 temporis
2898 405 3210 473 episcopus,
3244 408 3302 457 et
3327 399 3445 470 ipse
3477 399 3727 456 oculatus
3753 407 3836 456 tea-

2234 498 2332 554 stis
2362 497 2558 554 scribit
2578 497 2644 553 ad
2665 512 2868 553 annum
2892 494 3106 551 Domini
3137 493 3266 550 585.
3295 490 3544 548 Faciebat
3571 506 3707 565 ergo
3727 490 3836 547 bel-

2234 592 2344 646 lum
2373 592 2618 648 adversus
2643 591 2885 658 Sanctus,
2914 598 2961 646 et
2985 586 3294 661 pratvalebat
3319 588 3410 642 eis.

2308 684 2417 742 Sed
2452 685 2581 755 quid
2615 685 2889 756 signiﬁcat
2921 682 3069 755 quod
3110 680 3456 751 subiungitur
3485 696 3502 736 :
3532 677 3669 735 Ecce
3697 678 3836 734 oculi

2236 776 2381 848 quasi
2411 775 2551 831 oculi
2576 775 2798 831 hominis
2817 781 2964 831 erant
2992 774 3046 829 in
3072 788 3233 829 cornu
3252 772 3389 828 isto?
3410 770 3665 827 nimirum
3691 769 3835 843 quod

2236 868 2305 925 ad
2327 867 2682 925 debellandos
2703 877 2923 923 sanctos
2947 881 3054 921 non
3069 879 3212 921 emes
3238 878 3335 920 sua
3357 860 3645 920 dumtaxat
3666 864 3836 934 phan-

2239 963 2373 1020 tasia
2407 961 2746 1031 movebatur,
2799 955 2896 1017 Sed
2929 959 3224 1016 multorum
3271 957 3651 1029 episcoporum
3680 955 3837 1012 iusti-

2238 1059 2475 1130 gatione,
2505 1058 2596 1130 qui
2622 1056 2770 1113 oculi
2802 1055 3067 1113 Ecclesia:
3089 1051 3570 1122 nuncupabantur;
3602 1049 3839 1122 quinimc

2242 1166 2332 1207 mo
2375 1160 2430 1206 et
2469 1150 2702 1207 concilia
2734 1148 3050 1214 celebrabat
3083 1161 3249 1217 super
3296 1143 3486 1201 eadem
3521 1159 3600 1201 re.
3631 1142 3840 1213 Accipe

2241 1242 2312 1299 Μ.
2340 1242 2563 1298 Maximi
2603 1241 2767 1298 verba
2811 1241 2880 1295 ad
2912 1254 3114 1295 annum
3148 1236 3360 1293 Domini
3396 1236 3492 1293 58l
3530 1252 3544 1289 :
3581 1232 3838 1307 Leooigilo

2242 1337 2341 1391 dus
2376 1337 2564 1391 iterum
2593 1333 3060 1407 Hermenegildum
3092 1331 3264 1402 ﬁlium
3293 1346 3442 1384 suum
3486 1329 3684 1383 obsidet
3706 1368 3724 1394 ,
3753 1343 3840 1382 ca-

2245 1436 2495 1498 ptumque
2522 1425 2760 1482 Toletum
2803 1426 2972 1491 ducit,
3002 1424 3174 1493 ibique
3199 1423 3393 1478 carceri
3421 1421 3708 1492 mancipat.
3732 1420 3840 1477 Sed

2244 1534 2373 1576 ecce
2401 1518 2595 1575 oculos
2621 1517 2782 1588 hujus
2804 1532 2973 1574 cornu
2998 1530 3014 1572 :
3051 1514 3150 1571 Ubi
3196 1513 3449 1586 synodum
3477 1513 3845 1584 episcoporum

2247 1613 2580 1677 Arianorum,
2599 1627 2802 1683 sataque
2828 1611 3067 1684 factionis
3096 1609 3392 1677 contrahit,
3414 1611 3499 1663 cui
3527 1606 3845 1662 Paschasius

551 1714 714 1771 urbes
741 1709 888 1768 bello
910 1707 1014 1764 sibi
1040 1705 1309 1776 subjicere
1328 1743 1343 1771 ,
1383 1709 1439 1757 et
1462 1702 1765 1759 Suevorum
1795 1699 1888 1771 qui
1931 1698 1984 1753 in
2015 1697 2142 1754 Gai-

2256 1708 2512 1780 rpiscopus
2539 1705 2788 1761 Ecclesia:
2809 1705 2871 1763 S.
2902 1704 3128 1760 Eulalia:
3156 1703 3420 1760 Toletana:
3433 1701 3699 1776 priesidet.
3719 1716 3847 1756 cort-

548 1804 703 1861 lazcia
752 1798 1194 1872 potentabaatur,
1240 1809 1465 1865 regnum
1511 1793 1737 1855 delere;
1788 1791 1879 1846 cui
1929 1788 2145 1846 demum

549 1895 787 1954 Galliam
816 1890 1225 1948 Narbonensem
1257 1886 1477 1957 adjecit,
1502 1883 1644 1940 unde
1662 1892 1719 1939 ct
1737 1884 2004 1938 devorasse
2025 1881 2147 1936 uni~

549 2004 747 2047 versam
777 1995 967 2042 terram
993 1981 1368 2056 propriissime
1395 1980 1571 2037 dictus
1590 1986 1695 2048 est,
1727 1988 1774 2035 et
1794 1976 2142 2044 concalcasse,

552 2101 614 2145 ac
640 2082 1004 2139 comminuisse
1032 2094 1161 2134 eam.

625 2176 824 2249 Magna
858 2187 1072 2244 quoque
1098 2180 1145 2227 et
1173 2170 1404 2242 ingentia
1440 2177 1621 2223 contra
1645 2165 1920 2223 Excelsum
1945 2163 2147 2222 locutus

556 2272 685 2346 fuit,
721 2268 976 2325 nimirum
1018 2274 1207 2321 contra
1238 2261 1440 2318 Christi
1488 2258 1837 2316 Divinitatem
1889 2257 2146 2327 blasphe-

553 2343 695 2419 mni
720 2374 1005 2425 evomens,
1038 2364 1228 2427 utpote
1270 2354 1601 2410 Arianorum
1640 2347 2144 2422 propugnaculum,

551 2466 602 2515 et
629 2454 818 2511 bellum
835 2468 898 2508 ea
918 2450 987 2506 de
999 2463 1158 2504 causa
1183 2447 1430 2507 adversus
1454 2455 1662 2500 sanctos
1680 2441 1927 2516 faciebat,
1946 2450 1992 2496 et
2012 2456 2150 2513 prat-

555 2550 755 2607 ralebat
780 2548 875 2602 eis.
907 2544 1052 2601 Nihil
1080 2543 1294 2609 verius,
1339 2541 1476 2597 nihil
1517 2543 1686 2610 magis
1735 2539 1931 2596 litteris
1953 2553 2150 2596 conso-

557 2659 687 2700 num
719 2660 732 2697 :
765 2655 889 2697 nam
918 2653 1153 2695 concors
1176 2644 1460 2693 auctorum
1494 2649 1597 2689 vox
1632 2640 1739 2701 est,
1774 2631 2148 2702 Lcovigildum

556 2733 760 2793 bellum
790 2731 1120 2790 acerrimum
1142 2728 1403 2786 indixisse
1430 2726 1722 2784 catholicis
1741 2765 1759 2793 ,
1798 2739 2031 2795 quorum
2053 2739 2150 2795 pa-

558 2827 849 2885 trocinium
876 2820 1328 2892 liermenegildus
1358 2819 1500 2875 illius
1526 2825 1869 2889 susceperat,
1904 2816 2152 2888 ipsisque

557 2934 775 2992 semper
799 2916 1165 2990 prtettaluisse.
1195 2912 1398 2983 Accipe
1422 2911 1590 2969 verba
1612 2911 1680 2967 bl.
1706 2911 1942 2977 Maximi,
1973 2911 2060 2982 qui
2087 2924 2149 2965 ea

558 3028 681 3086 quae
711 3011 845 3068 vidit
887 3007 1097 3079 scripzo
1125 3004 1366 3062 tradidit.
1412 3007 1569 3060 Anno
1611 3003 1822 3061 Domini
1854 3003 1981 3060 580.
2018 3002 2152 3059 Iler-

2252 1802 2460 1855 reniunt
2511 1817 2571 1855 co
2637 1800 2932 1856 Vincentius
2983 1799 3253 1871 episcopus
3294 1795 3795 1867 Cwsaraugustanus
3822 1808 3846 1850 ε

2250 1892 2502 1961 Samnio,
2533 1902 2579 1949 et
2620 1892 2943 1962 Nepotianus
2975 1892 3205 1962 episcopi
3235 1889 3573 1946 Emeritensis
3593 1886 3848 1944 Ecclesia

2249 1985 2439 2040 intrusi
2489 1998 2507 2039 :
2562 1983 2748 2059 Ugnus
2787 1984 3215 2050 Barcinonensis,
3268 1980 3468 2037 Murila
3524 1979 3843 2036 Valentinus

2249 2077 2603 2150 Argimundus
2635 2076 3069 2157 Portucallensis,
3102 2074 3404 2148 Gardingus
3431 2075 3704 2148 episcopus
3736 2071 3849 2127 1's-

2252 2172 2460 2238 densis,
2493 2181 2542 2226 et
2563 2171 2655 2226 alii
2677 2171 2912 2237 ejusdem
2932 2181 3100 2226 secta.
3133 2169 3318 2225 Elatus
3348 2177 3428 2224 tot
3453 2168 3672 2224 Patrum
3699 2167 3855 2222 lavor

2252 2279 2312 2320 re
2350 2262 2723 2335 Lcovigildus,
2756 2277 2864 2318 non
2906 2262 3106 2318 mirum
3147 2262 3191 2317 si
3220 2269 3475 2332 putaret,
3505 2258 3644 2332 quod
3679 2267 3855 2330 posset

2251 2363 2453 2411 mutare
2477 2366 2709 2426 tempora
2728 2364 2776 2410 et
2803 2353 2940 2427 leges
2961 2354 3113 2426 regni
3145 2353 3252 2421 sui,
3278 2362 3337 2410 et
3362 2365 3549 2409 sectas.
3573 2350 3743 2422 Cujus
3768 2351 3856 2408 rei

2252 2446 2408 2502 nobis
2433 2446 2639 2517 praebet
2659 2447 2963 2515 exemplum
2987 2445 3315 2504 Viclarousis
3336 2461 3351 2512 ;
3374 2460 3496 2501 cum
3522 2445 3666 2500 enim
3689 2444 3857 2501 Aria-

2253 2555 2447 2595 norum
2482 2540 2601 2611 lege
2624 2540 2925 2596 inviolabili
2954 2549 3171 2597 cautum
3204 2548 3375 2610 esset,
3408 2554 3477 2596 ne
3505 2539 3627 2611 quis
3656 2539 3724 2595 ad
3752 2553 3858 2596 eos

2251 2630 2321 2687 de
2356 2630 2642 2688 catholicis
2700 2632 2933 2687 transire
2979 2632 3431 2703 permitteretur,
3484 2630 3589 2687 nisi
3628 2634 3860 2688 lavacro

2251 2724 2352 2779 illo
2376 2738 2477 2779 suo
2502 2724 2717 2781 Zenoso
2747 2724 3205 2796 rebaptizarctur:
3245 2725 3591 2797 Leovigildus
3614 2740 3860 2798 congrea

2252 2825 2379 2889 gato
2404 2818 2637 2874 concilio
2687 2833 2910 2875 suorum
2940 2818 3274 2887 antistitam,
3320 2818 3494 2891 legem
3541 2817 3857 2891 sbmgavlt,

2256 2924 2453 2965 novam
2484 2910 2586 2965 sub
2615 2909 2701 2965 his
2734 2911 2913 2967 verbis
2939 2911 3183 2967 condens
3212 2928 3226 2965 :
3258 2909 3340 2966 De
3374 2911 3612 2966 Romana
3638 2909 3862 2985 religio-

2258 3016 2324 3055 ne
2347 3002 2418 3055 ad
2442 3013 2672 3057 nostram
2693 3002 3002 3058 catholicam
3026 3003 3183 3073 [idem
3207 3003 3302 3073 (ita
3325 3018 3477 3059 suam
3507 3004 3693 3059 miseri
3724 3019 3862 3060 nam

554 3104 878 3178 menegildu-s
900 3100 1271 3156 catholicorum
1293 3098 1507 3170 suscipit
1527 3098 1890 3169 patrocinium.
1917 3096 2145 3167 Rursus,
2178 3089 2224 3154 C
2255 3094 2546 3168 cupabant)
2570 3098 2847 3165 venientes,
2878 3113 2979 3151 non
3005 3097 3187 3153 debere
3215 3098 3488 3170 baptizari,
3515 3098 3605 3153 sed
3631 3106 3865 3154 tantum

558 3193 768 3252 Indicto
789 3196 919 3250 inter
947 3191 1158 3247 Patrem
1170 3188 1549 3261 Leovigildum,
1563 3197 1610 3244 et
1636 3188 1917 3261 principem
1934 3187 1983 3243 Η
1992 3204 2157 3243 erme-

560 3286 828 3361 uegildum
850 3284 1052 3358 publica
1073 3282 1207 3339 bello
1234 3281 1383 3355 (nam
1403 3282 1456 3336 in
1480 3298 1640 3336 causa
1665 3280 2038 3335 catholicorum
2060 3298 2157 3354 po-

562 3377 808 3449 pulorum
845 3393 877 3429 a
910 3386 1056 3447 patre
1088 3373 1387 3428 admonitus
1423 3383 1533 3427 crat
1555 3414 1570 3442 ,
1615 3389 1680 3428 ne
1718 3389 1750 3426 a
1780 3389 1835 3427 se
1862 3372 2158 3446 deficeret),

561 3464 897 3538 Leovigildus
919 3466 1087 3533 ﬁlium
1113 3463 1326 3536 Hispali
1364 3464 1595 3529 obsidet,
1630 3464 2024 3536 proditionequc
2052 3465 2159 3520 Ro-

560 3577 833 3618 manorum
872 3559 1012 3629 patri
1052 3575 1147 3614 suo
1178 3559 1401 3614 traditur
1420 3599 1434 3627 ,
1462 3559 1550 3630 qui
1582 3567 1694 3628 post
1725 3559 1911 3613 durant
1937 3560 2160 3614 carceris

562 3654 850 3712 custodiam
878 3651 1093 3724 Hispali
1134 3653 1333 3708 cinctus
1356 3694 1372 3721 ,
1409 3661 1457 3707 et
1498 3652 1695 3708 catenis
1720 3651 1967 3725 alligatus
2009 3652 2160 3707 velte-

561 3758 759 3805 menter
778 3747 1032 3820 premitur
1047 3762 1063 3800 :
1078 3746 1167 3801 sed
1195 3746 1406 3801 tandem
1426 3743 1563 3801 da'tis
1578 3745 1840 3801 obsidibus
1854 3745 2155 3800 dimittitur.

563 3844 724 3898 Anno
755 3840 855 3896 581
891 3858 905 3894 :
935 3836 1269 3912 Leovigildus
1288 3839 1472 3894 iterum
1498 3836 1959 3909 Hermenegildum
1988 3820 2159 3904 ﬁlium

568 3931 762 3987 obsidet
787 3931 856 3985 ad
890 3931 1038 3986 Osset
1060 3931 1306 4003 Oppidum
1326 3929 1635 3998 Lusitania,
1668 3940 1979 4001 captumque
2008 3928 2158 3984 Tole-

568 4032 675 4078 tum
695 4022 860 4089 ducit,
882 4021 1057 4092 ibique
1071 4022 1271 4076 carceri
1291 4022 1578 4090 mancipat.
1606 4021 1830 4090 Insuper
1852 4036 1996 4077 anno
2022 4022 2156 4078 585:

568 4112 897 4188 Leooigildus
932 4115 1121 4169 iterum
1141 4112 1311 4184 [ilium
1339 4113 1798 4187 Hermenegildam
1838 4112 2042 4187 Hispali
2070 4113 2161 4170 ob-

567 4210 718 4266 sidet.
750 4207 821 4264 Et
848 4200 994 4263 anno
1024 4205 1132 4263 584
1168 4225 1183 4263 :
1212 4205 1541 4280 Leorigildus
1578 4210 1858 4264 exercitum
1900 4212 2159 4267 contrahit

568 4310 748 4357 contra
774 4298 1224 4372 Ilermenegildam
1250 4298 1441 4370 ﬁlium.
1478 4298 1732 4355 Mironem
1764 4300 2055 4357 Sueuorum
2076 4318 2161 4358 reo

567 4412 685 4469 gem
707 4396 763 4450 in
786 4394 1043 4450 auxilium
1076 4410 1230 4449 suum
1250 4404 1431 4449 contra
1452 4394 1623 4465 ﬁlium
1643 4436 1658 4459 ,
1688 4403 1736 4449 et
1778 4396 1946 4451 hostes
1968 4397 2158 4451 niultos

2261 3189 2414 3243 modo
2442 3206 2532 3260 per
2553 3206 2738 3245 manus
2760 3191 3139 3262 impositionem
3157 3229 3175 3257 ,
3198 3202 3247 3246 et
3269 3193 3647 3247 communionis
3679 3208 3861 3265 perre-

2262 3282 2487 3352 ptionem
2516 3284 2698 3350 recipi,
2721 3291 2768 3337 et
2790 3283 3019 3354 gloriam
3056 3282 3202 3339 Patri
3225 3299 3315 3354 per
3347 3281 3549 3338 Filium
3571 3284 3627 3339 in
3650 3284 3859 3357 Spiritu

2262 3382 2440 3426 sancto
2465 3372 2599 3427 dari.
2625 3373 2745 3441 Quo
2758 3374 3007 3430 allectum
3022 3385 3105 3431 est
3128 3375 3463 3451 (miserabile
3481 3375 3655 3446 dictu)
3691 3387 3750 3431 ut
3763 3393 3860 3445 per

2263 3466 2399 3519 hanc
2426 3466 2772 3521 seductionem
2799 3467 3013 3537 plurimi
3047 3478 3339 3523 nostrorum
3364 3468 3465 3541 (ait
3498 3468 3860 3541 Viclarensis)

2263 3559 2544 3638 cypiditate
2557 3560 2805 3627 potiusim
2812 3561 2949 3630 pulsi
2956 3601 2971 3627 ,
2985 3562 3038 3615 in
3053 3560 3307 3617 Arianum
3318 3561 3856 3637 dogmadeclinarint.

2334 3650 2443 3707 Sed
2472 3651 2600 3722 quid
2623 3651 2724 3707 sibi
2758 3653 2872 3708 vult
2901 3653 3046 3725 quod
3073 3653 3383 3712 debellasse
3420 3663 3477 3712 et
3506 3657 3861 3728 prtevaluisse

2266 3740 2468 3797 dicitur
2489 3743 2717 3810 sanctis,
2741 3744 3078 3815 traditosqae
3094 3745 3216 3801 illos
3239 3744 3405 3803 fuisse
3430 3747 3485 3803 in
3500 3763 3692 3804 manus
3712 3748 3859 3820 ejus.

2263 3849 2427 3905 usque
2449 3833 2518 3888 ad
2549 3844 2768 3907 tempus,
2800 3846 2848 3893 et
2878 3845 3149 3908 tempora,
3182 3847 3232 3893 et
3264 3837 3539 3894 dimidium
3572 3840 3862 3910 temporis!

2264 3923 2408 3981 Sane
2454 3925 2509 3981 in
2573 3926 2659 3981 his
2705 3928 2887 3983 verbis
2925 3941 3060 4000 quot
3103 3944 3277 3985 annos
3324 3942 3860 4004 regnaturuslesset,

2262 4017 2528 4073 inanitur.
2559 4018 2695 4074 Cum
2729 4034 2862 4077 vero
2901 4021 3160 4094 temporis
3190 4023 3429 4088 nomine.
3460 4024 3644 4081 nullas
3672 4024 3864 4084 deter.

2265 4110 2470 4167 minute
2512 4119 2569 4167 et
2624 4112 2913 4184 perspicue
2937 4128 3205 4171 annorum
3232 4130 3494 4172 utrmcrus
3518 4116 3857 4189 designetur,

2266 4217 2491 4260 necesse
2519 4205 2623 4261 erit
2649 4205 2888 4278 aliquem
2915 4206 3335 4266 determinatam
3366 4225 3632 4283 qumrere,
3665 4210 3721 4267 in
3750 4225 3865 4284 quo

2265 4301 2496 4372 simplex
2527 4301 2670 4373 quod
2704 4304 2757 4359 in
2798 4303 3056 4376 singulari
3088 4316 3315 4364 vocatur
3341 4317 3561 4381 tempus.
3603 4324 3727 4365 cum
3754 4310 3860 4367 du-

2265 4392 2395 4463 plici
2440 4402 2678 4464 tempora
2715 4396 2768 4450 in
2796 4397 2992 4468 plurali
3024 4412 3369 4471 nuncupata,
3401 4408 3460 4457 et
3501 4400 3731 4457 dimidio
3756 4402 3864 4459 du-

566 4499 738 4546 vocat.
784 4489 941 4544 Anno
969 4500 1101 4543 vero
1125 4486 1231 4543 585
1258 4504 1271 4541 :
1304 4485 1734 4558 Hermenegildns
1785 4486 1994 4561 Hispali
2022 4488 2161 4543 dela-
2192 4479 2244 4542 D
2272 4481 2426 4552 plicis
2465 4484 2610 4555 quod
2649 4484 2925 4543 dimidium
2943 4491 3188 4560 temporis
3231 4489 3436 4547 dicitur
3461 4532 3477 4559 ,
3527 4492 3648 4561 ejus
3701 4491 3863 4565 regni

572 4598 715 4653 psus,
744 4590 792 4636 et
816 4578 1074 4636 Cordubae
1098 4589 1299 4651 captus,
1325 4579 1550 4650 primunt
1581 4576 1812 4651 Hispali,
1834 4578 1998 4634 Tolcti
2019 4581 2166 4634 drin-

571 4676 657 4742 de,
695 4672 1049 4743 Valentiteque
1076 4670 1272 4740 aliquot
1298 4687 1495 4725 menses
1521 4672 1752 4740 captivus
1778 4670 2001 4727 exsulat.
2025 4670 2164 4739 Quid

570 4765 776 4836 plura?
817 4763 956 4820 adeo
995 4762 1282 4834 prtevaluit
1323 4764 1625 4820 truculenta
1662 4762 1870 4828 bestia,
1909 4771 1968 4817 ut
1998 4762 2162 4817 lilium

570 4857 751 4928 capite
777 4853 1019 4911 truncari
1046 4852 1278 4921 iecerit;
1312 4868 1434 4911 cum
1466 4863 1628 4909 antea
1662 4854 2041 4925 persecutione
2065 4868 2160 4925 ge-

572 4946 748 5003 nerali
776 4948 828 5002 iu
855 4945 1155 5002 catholicos
1178 4954 1321 5002 mota
1343 4985 1360 5013 ,
1406 4946 1709 5017 praecipuos
1734 4961 1923 5002 eorum
1954 4945 2164 5002 antisti-

574 5047 660 5094 tes
686 5039 949 5095 acerrime
987 5047 1308 5109 persecutus
1351 5038 1407 5093 iu
1448 5037 1705 5094 exsilium
1743 5038 1998 5095 misisset.
2035 5037 2165 5110 Ejus

576 5144 709 5185 sane
731 5129 889 5199 jussu
921 5131 978 5189 S.
1009 5130 1259 5187 Leander
1297 5130 1660 5201 Hispalensis,
1691 5141 1746 5187 et
1773 5143 1991 5188 sanctus
2014 5130 2161 5187 Lici-

573 5220 768 5299 nianus
793 5221 1236 5293 Carthaginensis
1258 5225 1497 5294 episcopi
1528 5223 2059 5295 Constantinopolim
2078 5240 2163 5282 re-

574 5315 737 5387 legati
782 5324 950 5382 sunt;
999 5316 1058 5372 S.
1093 5316 1350 5371 Mausona
1387 5316 1742 5373 Emeritensis
1768 5316 2156 5389 Complutum;

571 5409 632 5466 S.
668 5406 1001 5480 Euphemius
1048 5406 1342 5463 Toletanus
1377 5408 1772 5475 Barcinonem;
1823 5409 1883 5464 S.
1937 5410 2161 5465 Hoai'tus

572 5494 976 5573 Compluiensis
1008 5497 1521 5571 Cmsaraugustam;
1568 5501 1627 5557 S.
1662 5500 1975 5572 Fulgentius
2016 5501 2162 5556 Asti-

569 5596 812 5666 gitanus,
837 5602 895 5651 et
918 5594 1006 5651 alii
1049 5594 1183 5650 alias
1204 5594 1282 5653 .ob
1311 5592 1680 5649 defensionem
1708 5592 1989 5649 catholica:
2018 5594 2162 5649 veri-

568 5689 718 5761 tatis,
752 5695 951 5763 agente
984 5688 1149 5763 impio
1175 5685 1503 5761 Leorigildo
1531 5701 1693 5760 rege,
1740 5688 1990 5746 exsilium
2026 5702 2155 5763 per-

2268 4576 2664 4645 complectatur
2707 4593 2900 4648 annos.
2942 4581 2998 4636 id
3040 4583 3184 4654 quod
3231 4584 3284 4638 iu
3314 4582 3628 4657 Leovigi‘ldo
3652 4587 3866 4658 reperi-

2268 4681 2418 4734 mus,
2448 4668 2538 4739 qui
2559 4710 2574 4737 ,
2608 4678 2745 4727 teste
2779 4672 3096 4741 Viclarensi,
3131 4675 3198 4756 ΓΙ
3229 4689 3352 4732 cum
3381 4677 3630 4744 dimidio,
3655 4679 3713 4734 in
3749 4677 3864 4734 im-

2271 4761 2425 4830 perio
2453 4760 2781 4831 impiissimo
2821 4764 3022 4835 exegit.
3068 4764 3310 4838 Namque
3333 4783 3461 4823 eum
3494 4769 3598 4825 sub
3627 4769 3865 4842 simplici

2268 4861 2516 4925 tempore
2545 4855 2853 4925 qui-uarium
2883 4870 3149 4913 annorum
3180 4859 3567 4932 intelligamus,
3601 4862 3727 4919 etin
3757 4862 3864 4918 du-

2269 4944 2394 5015 plici
2422 4944 2728 5014 denarium,
2760 4956 2815 5003 et
2844 4948 2897 5002 in
2922 4947 3150 5004 dimidio
3182 4951 3462 5021 temporis,
3490 4953 3722 5023 quinarii
3744 4967 3865 5011 me-

2266 5038 2554 5109 dietatem,
2585 5039 2638 5095 id
2667 5048 2782 5109 eat,
2811 5040 2949 5099 duos
2988 5057 3162 5099 annos
3191 5059 3314 5100 eum
3340 5044 3598 5114 dimidio;
3631 5055 3861 5121 tempus,

2264 5142 2312 5187 et
2330 5142 2589 5202 tempora,
2619 5141 2666 5187 et
2696 5133 2967 5190 dimidium
2993 5140 3235 5207 temporis
3265 5137 3330 5192 l7
3351 5152 3521 5195 anuos
3544 5154 3668 5199 cum
3697 5139 3866 5197 dimi.

2263 5223 2386 5289 dio,
2414 5240 2514 5279 nec
2545 5225 2703 5296 plus.’
2739 5241 2842 5282 nec
2873 5228 3051 5285 minus
3076 5229 3391 5286 conficient.
3439 5229 3646 5300 Quibus
3666 5238 3860 5288 trans-

2266 5315 2404 5371 actis
2431 5326 2641 5389 propter
2663 5335 2832 5374 vocem
2854 5336 3148 5375 sermonum
3182 5322 3481 5394 grandium,
3515 5338 3644 5392 quos
3695 5338 3863 5378 cornu

2266 5407 2401 5462 illud
2432 5418 2616 5464 contra
2658 5409 2933 5467 Eacelsum
2977 5413 3302 5484 loquebatur,
3342 5414 3610 5485 interfecta
3634 5424 3711 5471 est
3763 5414 3861 5470 be-

2266 5490 2391 5567 stia,
2407 5512 2455 5557 et
2481 5504 2634 5575 periit
2655 5520 2841 5573 corpus
2862 5508 2995 5578 ejus.
3009 5506 3317 5564 laetissime
3336 5518 3458 5578 post
3485 5507 3616 5565 illud
3644 5518 3864 5579 tempus

2268 5601 2545 5650 tantorum
2571 5598 2842 5654 scelerum
2874 5598 3220 5672 Leovigildus
3250 5607 3436 5672 poenas
3456 5599 3576 5669 luit,
3606 5610 3658 5659 et
3684 5612 3862 5672 regno

2281 5690 2524 5763 privatus
2544 5701 2599 5749 et
2620 5693 2752 5763 vita,
2780 5694 2832 5749 in
2845 5711 2866 5752 ε
2879 5694 2998 5767 ujus
3016 5696 3164 5769 regis
3188 5706 3362 5755 morte
3374 5695 3547 5753 bestia
3560 5693 3861 5754 interimis
