4122 6174
392 233 500 298 589

885 235 1260 298 APPENDIX.
1304 235 1370 300 ΙΝ
1410 238 1851 303 PROPIIE'IIMI
1893 242 2213 304 DAMELIS
2254 245 2342 302 DE
2383 243 2714 315 QUATUOR
2757 237 3204 307 ANl-MALIBUS.

3589 246 3695 314 690

390 366 499 427 est,
521 371 781 428 supremo
807 356 859 414 id
876 357 1067 415 Judiee
1097 358 1458 425 decernente,
1479 368 1533 415 et
1554 359 1670 430 ejus
1695 359 1993 416 simulcor-
2021 365 2064 424 Λ
2098 360 2284 418 itidem
2312 361 2451 432 apttd
2483 363 2778 434 scriptorcs
2808 364 2923 435 ejus
2957 366 3218 436 temporis
3267 366 3552 423 universos
3598 385 3690 426 re-

395 465 494 520 pus
509 450 699 520 pet-iit;
724 467 829 506 non
853 452 996 506 enim
1012 452 1126 520 ipse
1148 451 1319 516 solus,
1341 451 1435 506 sed
1453 461 1560 506 tota
1577 452 1694 521 ejus
1712 463 1856 508 secta
1872 453 1988 522 gla-

393 543 484 598 dio
498 543 648 598 vet-hi
671 543 766 599 Dei
790 544 1041 598 confossa
1063 544 1331 611 disperiit,
1354 554 1405 600 et
1423 545 1683 612 concidit,
1714 554 1770 601 et
1791 560 1989 616 corpus

390 634 539 690 illius
570 635 760 692 bestia:
784 636 1033 690 traditum
1056 644 1131 691 est
1156 637 1224 690 ad
1251 638 1655 692 eombnrendnm
1680 638 1808 709 igni.
1831 639 1988 706 Quod

390 730 554 786 etiam
575 729 642 785 ad
661 729 895 785 litteram
914 730 1191 800 impletum
1208 739 1313 798 est,
1330 732 1548 801 quando
1563 730 1869 787 llecaredus
1889 731 1991 788 Ca-

391 823 623 880 tholicus
647 840 764 892 rex,
791 832 946 894 patre
967 823 1034 879 dc
1057 822 1240 880 medio
1254 824 1494 889 sublato,
1520 824 1804 880 universos
1827 828 1990 895 perli-

389 915 492 971 ἀίω
533 916 752 971 Ariante
801 917 970 972 libros
1003 918 1092 986 qtti
1131 932 1279 972 Vires
1311 917 1627 988 prmbebant
1659 917 1882 983 bestiae,
1933 918 1987 974 in

391 1009 598 1065 foribus
623 1009 904 1066 Toletanis
938 1009 1154 1081 publice
1182 1011 1509 1067 combussit.
1542 1010 1610 1065 Et
1637 1011 1727 1082 qui
1755 1009 1892 1067 vidit
1916 1010 1986 1066 bi.

389 1101 676 1171 Maximus,
709 1104 1082 1159 testimonium
1127 1103 1404 1175 perhibuit
1437 1104 1488 1160 in
1535 1103 1742 1160 Chron.
1791 1103 1860 1159 ad
1891 1120 1990 1159 an-

390 1213 518 1254 num
561 1200 773 1256 Domini
804 1200 907 1256 589
948 1201 1038 1256 ubi
1071 1201 1140 1256 de
1179 1199 1348 1255 initiis
1387 1200 1650 1256 Recaredi
1687 1216 1854 1272 agens
1909 1202 1992 1256 itt-

388 1293 532 1362 quit:
564 1291 707 1348 Libri
734 1294 970 1365 per/ide
999 1294 1207 1350 Arianw
1234 1295 1288 1348 in
1315 1294 1514 1365 {oribus
1545 1293 1812 1350 Toletanis
1850 1311 1990 1350 com-

389 1383 666 1439 burtmlnr.

458 1477 601 1533 Tunc
627 1479 799 1534 throni
828 1480 982 1548 positi
1011 1490 1152 1548 sunt,
1183 1489 1235 1536 et
1268 1479 1507 1550 Autiqtto
1549 1478 1765 1536 dierum
1803 1479 1875 1534 ita
1920 1477 1990 1534 de

388 1573 540 1629 (δαεὶς
567 1572 635 1628 ad
671 1572 911 1630 favorem
945 1585 995 1629 et
1022 1574 1288 1644 justitiam
1318 1573 1531 1629 Excetsi
1567 1573 1661 1628 lilii
1689 1573 1989 1644 jndicante,

380 1663 644 1734 judicium
687 1681 906 1736 quoque
935 1667 988 1720 in
1024 1667 1185 1722 terris
1229 1667 1632 1722 solemnissime
1659 1667 1988 1722 celebratum

2094 455 2272 523 perire
2303 455 2468 520 licet;
2513 455 2565 510 id
2624 466 2740 522 est,
2793 458 2934 528 apud
2983 456 3270 524 lsidorum,
3319 459 3676 527 lldel'onsum,

2093 545 2161 602 Μ.
2198 547 2512 616 Maximum,
2540 557 2885 605 etczeteros:
2919 566 3022 621 qua
3059 551 3126 606 de
3163 566 3221 608 re
3265 553 3484 608 uberius
3517 569 3683 624 agen-

2091 637 2218 694 dum
2245 640 2403 696 nobis
2431 649 2516 696 est
2569 641 2623 696 in
2666 643 3077 698 commentariis
3118 643 3186 698 ad
3219 645 3471 700 eumdem
3515 645 3687 701 Maxi-

2091 747 2262 802 mum,
2292 749 2420 788 ann.
2451 735 2663 790 Domini
2697 735 2822 803 590,
2857 736 2948 791 ubi
2992 737 3158 792 etiam
3207 739 3560 795 ostendemus
3588 755 3688 794 an-

2092 827 2396 896 tiquitatem
2433 828 2576 884 tituli
2625 830 2768 900 regis
2823 829 3103 895 Catholici,
3154 819 3264 900 qui'
3299 831 3424 887 inde
3482 834 3689 904 pariter

2092 920 2298 977 ducens
2326 922 2595 994 originem
2628 923 2786 978 titulo
2829 923 3064 978 Gloriosi
3110 925 3415 980 successit:
3447 941 3567 981 cum
3611 937 3692 980 ta-

2093 1028 2216 1068 men
2239 1023 2472 1085 uterque
2505 1013 2742 1070 maxime
2774 1013 2938 1071 faciat
2978 1014 3045 1069 ad
3075 1030 3189 1070 rem
3244 1016 3312 1070 de
3357 1033 3463 1086 qua
3514 1019 3690 1088 loqui-

2093 1121 2233 1172 mur,
2267 1105 2318 1160 id
2366 1116 2471 1170 est,
2510 1106 2578 1162 ad
2611 1107 2869 1178 pepnlum
2911 1117 3225 1163 sanctorum
3267 1107 3556 1174 Altissimi,
3591 1127 3691 1166 Cll-

2087 1195 2177 1268 jus
2205 1213 2364 1268 rcges
2395 1197 2629 1254 Gloriari
2668 1208 2717 1254 et
2776 1198 3036 1254 Catholici
3082 1215 3280 1270 magno
3329 1199 3422 1256 Dei
3465 1202 3695 1260 consilio

2093 1294 2390 1362 nuncttpati
2439 1301 2586 1359 sunt,
2639 1302 2698 1348 ut
2750 1293 2841 1349 vel
2897 1309 2966 1349 ex
3019 1295 3137 1365 ipso
3160 1305 3524 1365 cognomento
3557 1308 3694 1352 taut-

2093 1397 2254 1451 quam
2285 1399 2352 1438 ex
2381 1383 2536 1454 signo
2566 1384 2843 1442 deducere
2887 1401 3194 1454 possemus,
3245 1390 3494 1457 quisnam
3538 1401 3691 1447 esset

2097 1476 2330 1546 pepulus
2371 1477 2464 1532 ille
2493 1491 2622 1533 vere
2668 1478 2969 1534 catholicus
3015 1489 3070 1535 et
3115 1479 3406 1551 gloriosus,
3464 1482 3532 1537 de
3575 1497 3682 1553 quo

2096 1568 2286 1624 Daniel
2320 1579 2426 1623 tam
2454 1571 2623 1626 multa
2664 1571 2822 1627 dixit.

2167 1661 2321 1729 Quod
2350 1678 2478 1719 vero
2507 1665 2574 1718 ad
2623 1664 2741 1734 ejus
2790 1667 2940 1735 regni
2989 1669 3404 1738 perpetuitatem
3453 1681 3685 1741 spectat,

383 1769 464 1812 cst
485 1757 687 1823 Teleti,
718 1758 810 1813 ubi
836 1758 904 1814 72
933 1760 1205 1828 cpisc0pis
1235 1759 1398 1813 totius
1425 1758 1692 1826 Hispaniae
1719 1768 1775 1812 et
1795 1757 1982 1812 Gallia:
2013 1755 2062 1815 B
2088 1753 2156 1808 ab
2213 1755 2403 1810 eodem
2444 1756 2710 1826 propheta
2759 1757 3094 1827 praedictam,
3131 1761 3334 1830 liquido
3383 1763 3603 1820 constat
3656 1783 3686 1821 a

381 1847 631 1903 Gothicze
684 1847 1124 1914 considentibus,
1173 1849 1286 1902 Arii
1337 1847 1559 1918 perfidia
1625 1847 1983 1902 condemnata

382 1949 490 1996 est.
540 1939 638 1994 Cui
673 1939 856 1996 itidem
883 1951 1198 1994 sanetorum
1239 1939 1525 1994 conventui
1558 1938 1987 1995 innumerabiles

382 2039 528 2086 recta
585 2031 900 2102 inSpirando
947 2032 1262 2101 angelorum
1313 2031 1587 2086 exercitus
1638 2031 1981 2095 interfuisse,

393 2139 498 2179 non
531 2124 705 2178 solum
745 2139 832 2178 res
881 2124 1020 2193 ipsa,
1069 2132 1274 2178 tantam
1310 2123 1401 2177 Dei
1442 2122 1670 2193 gloriam.
1713 2121 1984 2192 paritura,

385 2217 688 2277 convincit:
723 2216 818 2280 sed
847 2215 964 2272 dies
995 2215 1384 2272 celebrationis
1409 2205 1783 2286 concilimtae
1825 2214 1924 2269 fuit
1955 2215 1988 2269 8

385 2309 525 2376 Maii,
557 2325 660 2380 qua
689 2310 883 2364 festum
903 2310 963 2366 S.
995 2308 1274 2364 Michaelis
1298 2318 1350 2363 et
1378 2309 1696 2380 angelorum
1724 2309 1774 2362 iu
1803 2307 1988 2362 ECcle-

387 2403 461 2455 sia
491 2401 802 2457 celebratur
832 2417 846 2456 :
893 2397 949 2454 ut
979 2415 1049 2455 ex
1078 2401 1213 2457 aCtis
1241 2399 1486 2470 ejusdem
1518 2399 1722 2470 synodi
1752 2405 1984 2454 constat.

387 2496 502 2564 Quo
551 2493 767 2551 tandem
798 2493 928 2549 illud
957 2493 1222 2560 Danielis,
1255 2494 1422 2546 millia
1455 2492 1677 2546 millium
1725 2491 1988 2545 ministra-

387 2588 502 2642 bant
547 2588 613 2653 εἰ,
659 2598 790 2654 etc.,
825 2603 930 2641 nou
978 2585 1154 2642 solum
1206 2585 1274 2640 de
1319 2583 1522 2639 sanctis
1554 2583 1849 2653 episc0pis,
1885 2581 1981 2637 sed

390 2681 554 2736 etiam
587 2681 654 2736 de
702 2679 909 2751 angelis
957 2679 1088 2749 ipsis
1131 2677 1199 2734 ad
1250 2677 1486 2733 litteram
1535 2676 1754 2748 intelligi
1804 2685 1985 2746 queat.

393 2776 536 2830 'l‘unc
565 2775 681 2830 libri
707 2776 874 2848 aperti
913 2784 1033 2829 sunt
1059 2790 1076 2840 ;
1105 2771 1234 2828 dum
1266 2771 1484 2840 setiptis
1517 2785 1836 2842 magnorum
1882 2769 1988 2824 Pa-

391 2878 558 2934 trum,
588 2869 809 2924 illorum
843 2867 1146 2937 praesertim
1177 2866 1267 2937 qui
1297 2864 1570 2919 Nicaenam
1600 2863 1872 2934 synodum
1901 2876 1984 2918 ce-

390 2961 704 3027 lebrarunt,
737 2960 1004 3025 evolutis;
1037 2957 1192 3013 libris
1219 2973 1435 3028 quoque
1461 2956 1558 3012 SS.
1591 2955 1984 3025 Prophetarum

394 3065 450 3110 et
483 3053 902 3124 Evangeliorum
949 3049 1240 3122 perlectis,
1305 3063 1466 3104 causa
1517 3045 1719 3102 Christi
1776 3045 1987 3100 Domini

2089 1845 2369 1901 Recaredo
2407 1856 2462 1902 et
2508 1847 2768 1918 deinceps
2799 1864 2970 1918 usque
3015 1851 3081 1904 ad
3131 1851 3441 1924 Philippum
3473 1855 3561 1922 IV,
3594 1857 3690 1927 qui

2089 1952 2234 1992 nunc
2265 1937 2498 1993 feliciter
2525 1948 2733 2009 regnat,
2769 1955 2866 2009 per
2917 1949 3062 1996 totos
3114 1943 3256 1999 1050
3303 1961 3476 2001 annos
3531 1963 3690 2003 num-

2088 2049 2249 2104 quam
2282 2033 2334 2088 in
2359 2033 2618 2104 llispania
2651 2050 2835 2107 regem
2864 2035 3188 2092 catholicum
3223 2039 3502 2107 defuisse;
3532 2058 3690 2096 num-

2089 2140 2249 2194 quam
2278 2126 2536 2194 populum
2569 2127 2745 2196 ipsum
2789 2127 3108 2196 llispanum,
3145 2130 3308 2186 dante
3341 2132 3474 2198 Deo,
3506 2149 3534 2186 a
3582 2134 3690 2190 ﬁde

2090 2215 2355 2270 catholica
2387 2215 2683 2271 descivisse
2717 2233 2732 2281 ;
2762 2233 2883 2272 nam
2914 2221 3126 2274 tametsi
3151 2221 3216 2274 ad
3243 2230 3458 2290 tempus
3487 2240 3682 2294 pecca-

2093 2306 2164 2361 tis
2211 2307 2378 2375 ipsius
2408 2306 2776 2376 exigentibus,
2807 2307 3025 2378 llagello
3059 2311 3416 2368 Sarracenico
3466 2319 3686 2383 punitus

2092 2398 2222 2462 fuit;
2272 2399 2324 2453 in
2369 2398 2641 2455 Montanis
2690 2398 3048 2455 nihilominus
3113 2389 3690 2474 principatunrsuper

2091 2507 2213 2548 cum
2244 2490 2481 2546 obtinuit
2509 2491 2793 2547 Gloriosus
2819 2501 2876 2546 et
2903 2492 3215 2549 Catholicus
3248 2509 3342 2549 rex
3381 2494 3630 2567 Pelagius
3665 2512 3680 2550 :

2094 2583 2402 2654 quinimmo
2429 2583 2483 2638 in
2531 2585 2802 2639 universis
2853 2583 3124 2653 lliSpanite
3185 2586 3412 2641 urbibus
3469 2588 3686 2658 publica

2093 2678 2293 2748 templa
2320 2676 2604 2733 catholicis
2628 2677 2880 2749 Hispanis
2909 2694 2938 2733 a
2967 2679 3286 2736 Sarraceuis
3312 2683 3414 2737 sub
3446 2683 3684 2753 ingentis

2092 2767 2347 2839 stipendii
2381 2785 2549 2824 onere
2574 2785 2837 2826 concessa
2863 2781 2987 2826 sunt
3013 2788 3026 2838 ;
3055 2772 3106 2827 in
3137 2773 3330 2842 quibus
3358 2774 3480 2844 ipsi,
3512 2792 3688 2846 quau-

2095 2873 2441 2934 tumcumque
2465 2863 2756 2920 durissimo
2778 2865 2909 2936 jttgo
2937 2867 3131 2929 attriti,
3167 2867 3327 2922 ﬁdem
3357 2869 3682 2925 catholicam

2093 2957 2309 3028 publice
2338 2973 2556 3027 semper
2575 2959 2814 3028 proﬁteri
2847 2973 2952 3012 non
2969 2958 3302 3026 dubitarunt,
3322 2976 3427 3030 quo
3446 2971 3688 3030 tempore

2094 3051 2366 3106 innumeri
2387 3051 2598 3106 illorum
2626 3051 2914 3117 Cordubae,
2935 3063 2989 3106 et
3019 3052 3146 3105 alibi
3169 3053 3233 3108 ad
3252 3055 3494 3125 martyrii
3526 3070 3685 3108 coro-

391 3147 588 3216 agitata
618 3144 807 3214 procis
833 3141 1030 3198 divinis
1047 3141 1314 3196 sententia
1339 3139 1444 3195 lata
1468 3146 1570 3204 est,
1595 3149 1649 3191 ut
1669 3137 1735 3192 ad
1753 3152 1982 3207 unguem

2099 3161 2214 3200 nam
2232 3155 2619 3214 pervenerunt,
2645 3161 2872 3215 quorum
2905 3146 3177 3214 gloriosos
3206 3148 3508 3217 triumphos
3541 3163 3683 3203 unus

393 3237 710 3307 impleretur
740 3235 871 3290 illud
903 3253 916 3289 :
945 3234 1092 3304 quasi
1114 3229 1290 3286 Filius
1329 3230 1556 3286 hominis
1586 3231 1812 3284 veniebat
1837 3238 1884 3281 et
1903 3245 1991 3282 us-

389 3349 488 3402 que
507 3331 577 3385 ad
606 3330 885 3398 Antiqttntn
917 3329 1118 3383 dierum
1143 3326 1394 3399 pervenit,
1419 3336 1466 3378 et
1492 3325 1543 3378 in
1575 3333 1846 3393 conspectu
1873 3326 1988 3396 ejus

393 3424 679 3478 obtulerunt
717 3421 889 3483 illum,
913 3432 961 3476 et
993 3421 1132 3474 dedit
1185 3419 1231 3474 ei
1285 3428 1608 3492 potestatem,
1640 3426 1685 3471 et
1719 3415 1987 3482 honorent,

392 3527 437 3571 et
459 3533 692 3588 regnum,
741 3525 788 3570 et
819 3531 994 3571 omnes
1022 3513 1204 3584 populi
1244 3512 1434 3579 tribus,
1463 3513 1720 3585 etlingure
1763 3511 1987 3565 servient

391 3611 460 3666 ei.
489 3610 667 3680 Super
693 3623 816 3680 qua:
845 3607 1009 3663 verba
1042 3607 1404 3676 Hieronymus
1438 3605 1652 3675 inquit:
1691 3603 1818 3670 Qua:
1865 3619 1992 3656 eun-

392 3715 473 3759 cta
515 3705 562 3758 si
589 3704 800 3758 haeresis
847 3703 1162 3757 Arianorum
1197 3701 1282 3772 pio
1312 3699 1460 3753 vellet
1503 3698 1768 3751 advertere
1809 3712 1987 3763 sensu,

393 3813 715 3868 nequaquam
765 3794 911 3850 Filio
943 3793 1041 3850 Dei
1070 3793 1384 3847 calumniam
1416 3789 1782 3861 inu.‘qualilati5
1825 3803 1993 3842 ntere—

393 3901 488 3946 ret.
517 3890 787 3947 Nimirum
829 3888 1028 3944 fatetur
1074 3887 1176 3943 hac
1211 3885 1482 3942 sententia
1532 3885 1854 3939 Arianorum
1883 3881 1994 3938 ha:-

395 3986 558 4040 rcsim
589 3983 968 4041 condemnari.

466 4077 561 4134 llis
593 4076 830 4148 peractis
854 4091 1080 4148 regnum
1115 4089 1366 4146 magnum
1397 4072 1545 4129 illius
1568 4079 1775 4143 quarta:
1805 4069 1994 4127 bestia:

397 4169 466 4224 ab
493 4184 558 4225 ea
601 4185 700 4240 per
738 4167 1069 4225 sententiam
1131 4168 1424 4223 rescissum
1473 4173 1580 4230 est,
1630 4163 1996 4234 traditumque

401 4261 601 4332 popttlo
658 4270 976 4317 sanctorum
1019 4259 1310 4327 Altissimi,
1360 4257 1574 4328 quando
1624 4255 1880 4310 videlicet
1924 4255 1998 4308 A-

402 4355 662 4410 rianismo
686 4364 801 4408 t0ta
829 4351 1087 4423 llispania
1114 4350 1342 4418 abolito,
1367 4359 1421 4404 et
1445 4349 1748 4413 destructo,
1769 4361 1997 4417 regnum

404 4449 700 4520 Hispanum
755 4447 1087 4504 catholicum
1137 4445 1394 4500 traditum
1443 4445 1542 4498 luit
1575 4444 1686 4512 regi
1735 4457 1864 4496 vere
1909 4454 2000 4494 ca-

2093 3252 2158 3292 ex
2176 3235 2308 3306 ipsis
2336 3236 2918 3308 martyribus,sanetus
2948 3237 3158 3292 scilicet
3185 3238 3463 3308 Eulogius,
3489 3239 3555 3292 ad
3577 3240 3686 3293 To-

2097 3331 2328 3385 letanam
2361 3331 2650 3402 primatem
2696 3331 2882 3386 sedem
2914 3331 3140 3397 electus,
3195 3332 3338 3401 stylo
3391 3335 3684 3402 purissimo

2096 3434 2414 3494 prosecutus
2466 3433 2571 3480 cst.
2627 3425 2897 3479 Cteterum
2954 3426 3249 3481 miserante
3308 3427 3416 3483 Deo
3466 3429 3691 3500 llispani

2096 3531 2201 3570 non
2229 3517 2402 3571 solum
2437 3515 2928 3586 impiorumjugum
2955 3533 2985 3572 ιι
3021 3517 3133 3574 suis
3163 3517 3693 3575 cervicibus‘excus-

2095 3620 2304 3674 serunt,
2358 3623 2547 3662 verum
2593 3617 2649 3664 et
2699 3608 3074 3663 tuouarchiam
3118 3609 3442 3663 catholicam
3491 3611 3692 3664 sensim

2096 3703 2324 3758 dilatare
2355 3711 2660 3770 cmperunt,
2714 3703 2897 3756 multis
2947 3701 3265 3770 magnisque
3297 3701 3692 3770 principatibus

2096 3792 2151 3849 in
2187 3793 2422 3862 Europa,
2459 3792 2661 3857 Alt-ica,
2695 3800 2749 3845 et
2797 3791 2922 3844 Asia
2979 3789 3302 3861 sulijugatis,
3354 3798 3409 3844 et
3453 3790 3687 3860 adeptis,

2097 3901 2237 3957 quos
2289 3885 2506 3955 longum
2536 3892 2684 3939 esset
2715 3898 2810 3953 per
2837 3882 3081 3952 singulos
3135 3897 3446 3950 recensere,
3495 3884 3694 3953 quibus

2099 3975 2314 4031 tandem
2349 3990 2544 4030 novum
2589 3973 2776 4030 orbem
2831 3982 3030 4043 praeter
3071 3973 3315 4029 omnium
3366 3975 3693 4030 smculorum

2099 4069 2558 4141 exspectationem
2590 4083 2619 4121 a
2651 4082 2710 4122 se
2739 4066 3116 4134 adinventum,
3151 4074 3207 4122 et
3239 4067 3585 4138 subjugatum
3609 4069 3699 4124 ad-

2095 4164 2418 4233 junscrunt,
2445 4169 2501 4216 et
2524 4159 2772 4216 fecerunt
2823 4159 3176 4226 catholicum,
3209 4168 3266 4215 et
3308 4173 3515 4231 partem
3552 4162 3701 4230 regni

2101 4265 2438 4322 sanctorum,
2474 4255 2526 4309 itt
2582 4269 2813 4324 quorum
2865 4254 3150 4319 societate,
3207 4268 3366 4323 quatn
3422 4255 3529 4308 late
3586 4262 3698 4307 toto

2104 4349 2234 4404 Orbe
2265 4355 2409 4416 patet
2460 4343 2734 4418 (mirabile
2783 4343 2952 4404 dictu)
3007 4343 3188 4397 nullus
3243 4359 3351 4397 non
3399 4343 3698 4397 catholicus

2105 4441 2354 4495 habitare
2383 4436 2734 4505 permittitur,
2761 4449 2874 4505 quo
2908 4433 3092 4488 verius
3133 4434 3364 4504 papulas
3401 4442 3696 4487 sanctorum

403 4545 607 4599 tholico
640 4540 944 4608 Recarcdo,
978 4541 1032 4595 in
1072 4554 1181 4610 quo
1212 4536 1531 4591 monarchia
1577 4534 1847 4591 catholica
1882 4532 2001 4587 fun-
2031 4541 2082 4602 ι)
2108 4532 2292 4587 vocari
2325 4538 2506 4599 queat.

403 4638 527 4693 data
558 4645 676 4701 est;
706 4650 828 4690 nam
859 4644 915 4690 et
959 4633 1074 4704 ipse
1115 4631 1265 4700 leges
1307 4625 1702 4683 saeratissimas
1751 4641 1847 4696 pro
1890 4625 2004 4692 ipsa

407 4728 555 4791 tulit,
579 4742 701 4798 qua:
731 4725 910 4781 adhuc
938 4731 1157 4780 exstant
1185 4721 1239 4775 in
1283 4720 1352 4775 η
1405 4719 1558 4774 libris
1610 4718 1788 4788 legum
1839 4714 2007 4770 Wisi-

404 4822 726 4893 gotharum,
775 4827 832 4874 et
863 4817 1118 4874 universo
1163 4815 1501 4871 concedente
1527 4811 1762 4867 concilio
1806 4823 2008 4879 cogno-

408 4925 652 4972 mentum
701 4912 929 4968 Glariosi
989 4910 1127 4982 regis
1174 4907 1438 4970 obtinuit,
1496 4919 1604 4976 quo
1661 4901 2008 4974 singulariter

410 5023 506 5079 per
534 5006 702 5062 multa
738 5014 1041 5075 temporum
1074 5002 1342 5058 curricula
1386 4999 1506 5070 ejus
1551 5010 1895 5053 successores
1921 4994 2005 5049 usi

411 5109 538 5155 sunt
571 5101 623 5154 in
651 5097 905 5153 omnibus
949 5095 1182 5166 publicis
1245 5091 1644 5158 instrumentis,
1709 5098 1767 5142 ttt
1823 5085 2008 5144 videre

413 5205 496 5251 cst
527 5194 584 5249 in
615 5194 786 5248 titulis
811 5207 874 5247 ac
895 5187 1388 5260 subscriptionibus
1417 5187 1596 5256 legum
1627 5183 2009 5255 przedictorum

415 5289 790 5354 ﬁlibrorum,
821 5296 874 5342 et
906 5287 958 5340 in
987 5285 1122 5339 actis
1150 5281 1398 5338 omnium
1425 5279 1790 5348 lliSpanorum
1821 5277 2011 5332 conci-

417 5383 614 5437 liorum
643 5382 696 5437 in
729 5379 922 5450 quibus
954 5392 1110 5448 reges
1156 5374 1437 5446 llispanim
1467 5379 1727 5441 perpetuo
1757 5369 2009 5435 Gloriosi,

416 5475 666 5547 plerique
696 5475 864 5529 etiam
894 5469 1270 5525 Gloriosissimi
1305 5467 1650 5521 iutitulantur
1681 5479 1709 5516 a
1740 5464 2013 5526 Patribns;

416 5569 513 5637 qui
543 5564 763 5638 quando
793 5564 858 5618 ad
891 5565 1036 5635 ipsos
1079 5561 1464 5631 loptebantur,
1500 5573 1600 5628 pro
1625 5571 1692 5612 co
1731 5570 1837 5625 quo
1876 5568 2021 5608 nunc

421 5660 739 5729 Maiestatis,
778 5656 1114 5720 Altitudinis,
1156 5663 1250 5708 aut
1293 5652 1617 5709 Serenitatis
1655 5648 1876 5703 nomine
1907 5647 2016 5701 uti-

424 5768 573 5821 mur,
621 5749 726 5824 ipsi
751 5750 948 5808 Gloria:
979 5747 1385 5807 uontenclatura
1420 5743 1743 5809 utebantur;
1790 5739 1840 5796 id
1883 5738 2027 5810 quod

2179 4623 2312 4692 Qum
2349 4636 2472 4677 eum
2524 4619 2595 4672 ita
2648 4616 2780 4686 sint,
2815 4615 2956 4673 haud
3005 4615 3143 4671 lutili
3195 4615 3307 4670 nixi
3355 4618 3708 4674 fundamento

2109 4715 2403 4779 credimus,
2437 4709 2704 4782 ejusmodi
2736 4707 3066 4764 catholicam
3092 4709 3462 4763 tuonarcliiatn
3493 4709 3703 4764 Danieli

2111 4807 2388 4882 praphette
2413 4821 2536 4874 cap.
2569 4803 2665 4858 illo
2692 4803 2722 4856 7
2766 4801 2935 4858 fuisse
2972 4813 3438 4873 przcmonstratam
3463 4843 3478 4868 ,
3515 4815 3701 4875 utpote

2112 4915 2273 4974 quam
2326 4898 2620 4953 heStiarum
2697 4903 2928 4965 quatuor
2998 4894 3296 4949 barbaricae
3365 4895 3704 4966 direptiones

2114 4999 2530 5065 praecesserunt,
2561 4997 2616 5043 ct
2659 4987 2714 5042 in
2747 4987 3022 5042 occisione
3083 4989 3298 5042 Arianae
3347 4990 3613 5059 perﬁdiae,
3646 5003 3709 5046 ac

2117 5086 2214 5140 filii
2247 5083 2342 5138 Dei
2373 5080 2770 5152 gloriﬁcationc
2803 5078 3040 5149 sumpsit
3069 5079 3378 5143 exordium,
3409 5089 3466 5136 et
3510 5083 3560 5136 in
3605 5097 3709 5151 qua

2115 5187 2476 5247 quiecumque
2505 5188 2533 5226 a
2561 5171 2782 5226 Daniele
2811 5181 3093 5236 notantur,
3121 5172 3283 5226 etiam
3319 5173 3708 5240 minutissima,

2121 5267 2187 5322 ad
2220 5279 2475 5336 unguem,
2511 5271 2570 5317 ut
2597 5261 2854 5328 vidimus,
2901 5263 3286 5332 verilicantur;
3321 5280 3714 5335 speratnusiptc

2121 5372 2350 5417 caeteras
2373 5372 2588 5428 quoque
2615 5355 2860 5426 ejusdem
2893 5359 3226 5428 prophetica:
3253 5359 3622 5428 pra'tlit‘tiottis
3649 5361 3717 5413 de

2129 5451 2320 5523 majori
2350 5451 2527 5505 adhuc
2557 5447 2950 5518 propagatione
2997 5459 3051 5504 et
3108 5450 3463 5520 perpetuitate
3519 5449 3719 5517 populo

2130 5555 2444 5604 sanctorum
2477 5558 2506 5597 a
2541 5543 2652 5597 Deo
2681 5540 2847 5596 laetas
2879 5542 3273 5611 promissiones
3297 5542 3345 5595 in
3376 5556 3436 5593 ea
3468 5541 3720 5595 similiter

2133 5637 2532 5712 adimplendas,
2563 5636 2706 5705 «μιυο
2740 5637 2946 5690 utittatn
2981 5636 3126 5689 Deus
3155 5636 3278 5704 Opi.
3312 5633 3448 5690 Max.
3501 5636 3570 5690 ad
3621 5651 3724 5692 nta-

2135 5737 2308 5808 joretn
2335 5733 2563 5804 gloriam
2591 5730 2852 5803 perﬂuere
2879 5729 3152 5794 dignetur.
