4122 6174
515 239 617 299 591

1416 236 1715 295 rsmus
1759 234 2007 295 LUClUS
2050 202 2325 292 oexren
2367 236 2893 297 cuaoxowcus.
3182 238 3202 289 ε

3702 238 3813 298 592

551 354 731 411 Ῥοηθ
771 353 883 424 jam
938 367 1074 423 opus
1125 350 1269 407 istud
1316 352 1417 408 sub
1464 353 1630 422 prmio
1677 350 1931 417 sudabat,
1989 365 2110 405 cum
2139 363 2190 420 Α
2218 351 2349 405 iram
2381 352 2575 422 furoris
2601 354 2723 420 mei,
2754 354 2877 415 dicit
2925 353 3179 408 Dominus
3211 369 3229 408 :
3260 362 3309 408 et
3335 354 3533 409 mittam
3579 365 3694 426 post
3723 373 3811 412 eos

512 446 567 501 in
589 444 824 501 similem
857 444 1032 500 dicam
1069 458 1136 499 an
1168 443 1453 500 eamdem?
1487 443 1860 513 propheticam
1907 441 2109 512 prmdi-

512 539 751 594 ctionem
788 537 975 599 incidi.
1008 550 1132 607 qua:
1168 553 1198 592 a
1237 537 1473 593 Jeremia
1508 536 1723 608 quidem
1753 536 1980 605 scripta,
2011 532 2106 588 scd

513 645 543 683 a
600 629 899 686 venerabili
941 629 1226 685 Joachimo
1277 629 1474 684 abbate
1525 628 1769 698 exposita
1822 628 1998 683 fuerat
2051 628 2104 681 in

520 722 930 778 commentariis
959 736 1123 793 super
1149 736 1271 794 cap.
1301 736 1427 775 ηις
1453 719 1724 775 Jeremim.
1752 718 1829 774 lbi
1843 716 2106 788 siquidem

512 815 778 887 prapheta
812 815 1076 871 adversus
1102 814 1279 869 Ililam
1311 812 1694 880 comminatur,
1722 823 1953 884 quatuor
1977 826 2108 866 ven-

510 914 596 963 tos
623 908 748 963 C(L'li
777 923 806 962 a
832 907 1057 963 totidem
1087 905 1241 961 orbis
1282 905 1452 975 plagis
1504 904 1839 960 inducendos
1886 919 1916 957 a
1969 901 2105 968 Deo,

515 1009 573 1054 ut
597 999 821 1055 ventilet
869 998 1050 1054 ASIam
1095 1000 1147 1053 in
1176 1013 1370 1054 omnes
1402 1007 1611 1060 ventos,
1636 1006 1692 1053 et
1730 997 2004 1066 dispergat
2052 995 2105 1049 in

504 1104 722 1146 omnem
750 1090 934 1145 mundi
963 1091 1208 1161 plagam;
1243 1089 1358 1146 fore
1377 1100 1556 1145 tamen
1586 1089 1940 1144 nihilominus
1965 1098 2108 1143 tem-

508 1196 609 1252 pus
641 1182 906 1253 praedicit,
921 1198 1047 1252 «tuo
1080 1193 1244 1253 ponat
1275 1184 1416 1238 licus
1447 1184 1645 1238 solium
1693 1198 1852 1239 suum
1902 1182 1956 1238 in
2008 1180 2108 1237 1E-

503 1272 716 1339 lam,ct
747 1284 1030 1343 praeponat
1065 1290 1184 1329 eam
1237 1275 1507 1330 universa:
1563 1284 1743 1331 terrae.
1806 1277 1889 1331 lin
1939 1275 2106 1331 verba

518 1366 799 1436 propheta:
826 1384 839 1419 :
877 1367 1031 1435 Quod
1057 1370 1250 1438 factum
1279 1378 1352 1424 est
1381 1369 1587 1423 verbum
1610 1367 1825 1424 Domini
1859 1370 1928 1423 ad
1960 1367 2109 1425 lere-

517 1460 677 1514 miam
708 1461 1012 1532 prophetam
1062 1464 1305 1517 adversus
1347 1462 1530 1517 .Elam
1573 1464 1768 1519 dicens.
1832 1461 1959 1518 Illac
1984 1462 2107 1517 dicit

502 1554 760 1608 Dominus
813 1555 1181 1610 exercituum:
1231 1554 1367 1610 Ecce
1407 1572 1499 1628 ego
1548 1558 1876 1628 confringant
1932 1573 2109 1611 arcum

504 1644 711 1709 /Elam,
743 1653 792 1699 et
823 1661 1076 1701 summam
1129 1647 1485 1718 fortitudinem
1522 1664 1735 1713 eorum;
1776 1658 1824 1701 et
1867 1648 2107 1702 inducam

2210 443 2463 512 gladium,
2521 444 2685 498 donec
2728 461 3026 500 consumam
3082 462 3212 501 eos:
3264 455 3312 500 et
3362 462 3549 515 ponam
3610 447 3806 501 saliurn

2213 552 2376 590 meum
2422 537 2476 590 in
2506 535 2711 603 Λίιαηι,
2736 548 2782 591 et
2804 539 3016 609 perdam
3059 539 3180 592 imle
3232 554 3375 608 reges
3424 548 3475 594 et
3529 540 3807 608 principes,

2209 631 2281 684 ait
2311 630 2588 685 Dominus.
2640 628 2706 683 In
2736 632 3024 687 novissimis
3070 639 3241 685 autem
3286 630 3468 685 diebus
3506 632 3690 686 reverti
3730 636 3814 701 fa-

2210 724 2341 778 ciam
2362 724 2588 792 captiuos
2611 722 2819 789 lElam,
2866 724 2992 778 dicit
3028 723 3304 778 Dominus.
3337 724 3463 781 llatc
3495 724 3760 795 propheta
3792 740 3809 781 :

2208 833 2329 887 qua:
2389 827 2567 871 tamen
2599 818 2668 873 de
2714 816 2968 888 Hispanis
2995 816 3347 887 intelligenda
3377 817 3657 872 contendit
3684 816 3813 873 Jua‘

2208 907 2441 973 chimus,
2467 910 2550 962 vir
2579 922 2712 963 sane
2734 923 2942 979 magna:
2975 907 3027 962 in
3059 907 3361 961 enodandis
3404 908 3684 977 prophetis
3709 923 3813 963 au-

2209 1000 2508 1068 ctoritatis;
2536 1000 2613 1055 ait
2650 1015 2824 1057 vero:
2857 999 2940 1055 Ad
2982 999 3187 1063 .Elam,
3217 1009 3325 1058 etc.
3362 1000 3514 1068 Quod
3546 999 3811 1071 Hispanos

2210 1104 2256 1146 et
2285 1092 2645 1147 Occidentales
2701 1093 2963 1158 nationes,
3023 1109 3153 1162 quas
3191 1092 3569 1163 persecutionis
3598 1093 3811 1164 gladius

2208 1183 2406 1237 attriuit
2428 1193 2624 1254 quanto
2652 1193 2767 1251 post
2799 1184 2938 1238 inter
2969 1183 3329 1247 risitationem,
3369 1200 3549 1238 eorum
3576 1193 3809 1254 posteros

2209 1279 2279 1331 ad
2305 1278 2461 1347 fidem
2489 1277 2759 1332 catholica!
2786 1276 3142 1349 inspirationis
3185 1276 3436 1347 impellet.
3489 1276 3643 1345 Quod
3688 1278 3810 1348 qui-

2209 1370 2333 1427 dem
2361 1370 2462 1426 sub
2481 1370 2760 1427 Becaredo
2782 1385 2910 1441 rege
2926 1368 3196 1425 catholico
3213 1368 3412 1431 factum
3439 1368 3804 1425 o~tcndimus.

2209 1464 2429 1529 Confer,
2478 1479 2684 1535 quaeso,
2733 1463 2925 1532 lector,
2977 1464 3321 1534 prophetiam
3377 1460 3630 1517 Jercmia:
3681 1476 3805 1517 cum

2211 1557 2498 1630 prophetia
2548 1557 2819 1623 Danielis;
2873 1564 2931 1613 et
2974 1571 3098 1611 cum
3144 1554 3278 1609 nihil
3328 1553 3469 1608 inter
3497 1568 3557 1609 se
3586 1553 3807 1609 dill‘erro

2208 1650 2567 1719 compereris,
2619 1648 2869 1705 abbatem
2913 1647 3262 1704 Joachimnm
3312 1661 3412 1717 pro
3462 1644 3618 1701 nobis
3661 1656 3806 1701 stare

502 1753 660 1809 super
688 1737 870 1792 eElam
890 1749 1118 1810 quatuor
1150 1750 1346 1807 ventos,
1373 1757 1406 1793 a
1435 1749 1661 1809 quatuor
1680 1740 1850 1812 plagis
1890 1741 2023 1808 caeli,
2055 1751 2105 1795 et
2136 1743 2182 1803 B
2211 1755 2529 1813 cognosces.
3648 1776 3654 1783 -

498 1830 752 1885 uentilabo
793 1847 880 1885 eos
929 1833 984 1885 in
1015 1847 1190 1887 omnes
1234 1841 1411 1887 uentos
1439 1832 1564 1886 istos
1585 1873 1599 1896 ,
1639 1844 1817 1887 etnon
1849 1834 1948 1887 erit
1978 1850 2101 1905 gens

498 1923 569 1977 ad
588 1940 746 1995 quam
773 1939 874 1978 non
905 1927 1208 1996 perveniant
1232 1925 1443 1998 profugi
1476 1924 1549 1978 1E
1556 1926 1683 1979 Iam.
1726 1923 1792 1978 Et
1817 1942 1999 1998 parere
2023 1928 2104 1998 fa-

500 2018 636 2071 ciam
658 2016 842 2072 {Elam
868 2034 1041 2073 coram
1072 2020 1294 2079 inimicis
1320 2021 1451 2087 suis,
1487 2029 1535 2073 et
1562 2020 1615 2073 in
1650 2028 1926 2089 conspectu
1965 2036 2109 2092 qure-

499 2112 729 2168 rentium
758 2114 986 2167 animam
1008 2130 1208 2182 eorum,
1232 2122 1278 2169 et
1306 2113 1572 2168 adducant
1593 2129 1749 2185 super
1768 2129 1855 2169 eos
1879 2114 2100 2183 malum,

2276 1834 2344 1890 Et
2366 1833 2483 1889 hrcc
2508 1833 2726 1904 quidem
2777 1832 2880 1888 sub
2905 1831 3251 1888 eor-reetione
3278 1831 3339 1886 S.
3383 1829 3570 1886 Matris
3616 1829 3806 1886 Eccle-

2205 1927 2322 1993 size,
2375 1934 2430 1981 ct
2481 1924 2721 1995 cujusvis
2775 1925 2970 1980 melius
3032 1922 3318 1980 sentientis
3392 1922 3597 1992 judicio
3663 1923 3804 1978 dieta

2208 2031 2391 2087 sunto,
2421 2021 2507 2076 cui
2550 2021 2713 2075 etiam
2756 2026 2901 2075 totos
2951 2017 3054 2074 hos
3099 2018 3525 2073 counneutarios
3562 2016 3805 2073 libentis-

2208 2114 2348 2170 sime
2381 2110 2633 2183 subjicio.

515 2256 3787 2295 Μ

649 2430 2087 2566 APOLOGETICUS
2177 2423 2535 2605 PRO
2636 2434 2788 2564 L.
2892 2438 3635 2572 DEXTBO

1003 2656 1487 2741 CONTRA
1566 2653 2225 2739 BECENTEM
2300 2655 3321 2743 IMPUGNATOREM.

1648 2955 2040 3021 EPISTOLA
2086 2955 2660 3021 DEDICATORIA.

496 3074 948 3142 Rererendissinm
984 3082 1129 3140 Patri
1160 3101 1221 3139 ac
1248 3078 1471 3138 Domino
1500 3078 1597 3136 Fr.
1639 3080 1915 3154 Valeriano
1953 3079 2018 3154 de
2047 3077 2275 3154 Spiuosa
2309 3094 2474 3154 sacrae
2506 3079 2805 3154 Theologia:
2839 3078 3816 3154 dlagislrotllegularisObserrantia:

568 3158 634 3215 S.
657 3157 918 3212 Bernardi
939 3156 1294 3211 Cisterciensis
1322 3154 1521 3210 ordinis
1543 3169 1634 3225 per
1657 3152 1945 3226 Hispanias
1972 3149 2319 3226 Reforntatori
2337 3149 2592 3226 generali
2620 3169 2681 3205 ac
2708 3149 2857 3226 Regii
2885 3149 3100 3207 (innabii
3124 3153 3185 3207 S.
3215 3149 3402 3206 Maria:
3425 3152 3489 3205 de
3510 3149 3816 3205 Palazeeles

569 3228 788 3296 Abbati,
818 3239 926 3285 etc.
957 3227 1182 3283 Domino
1209 3244 1305 3282 suo
1325 3219 1690 3281 colendissinto
1717 3268 1732 3294 ,
1761 3219 1859 3278 Fr.
1893 3219 2214 3277 Franciscus
2238 3221 2304 3275 de
2327 3219 2506 3277 Biear.
2540 3222 2603 3278 S.
2635 3233 2683 3277 et
2716 3219 3052 3295 F."preca'ur
3075 3236 3347 3280 wternam.

576 3345 745 3400 Causa
772 3354 948 3399 nostra
972 3345 1163 3416 agitur,
1218 3342 1659 3398 Reuerendissime
1682 3339 1910 3407 thsul,
1940 3356 2058 3395 cum
2074 3338 2427 3394 Cisterciensis
2456 3338 2720 3408 religionis
2739 3336 2945 3403 honori,
2972 3339 3121 3410 cujus
3142 3354 3191 3393 es
3220 3337 3572 3409 Reforntator,
3593 3355 3627 3391 a
3647 3336 3819 3403 quovis

500 3450 771 3510 utcumque
815 3437 1129 3501 detrahitur,
1182 3447 1273 3490 aut
1319 3452 1436 3489 cum
1461 3435 1646 3504 patria:
1688 3450 1845 3504 gazas
1892 3432 2150 3503 quispiam
2179 3435 2413 3503 auferre,
2446 3448 2535 3485 seu
2571 3430 2897 3499 splendorem
2929 3442 3161 3486 nostrum
3192 3429 3497 3485 obnubilare
3523 3429 3819 3497 prietenn'it.

504 3534 708 3589 Eadem
733 3542 867 3587 certe
888 3531 1034 3586 nobis
1065 3532 1236 3603 patria
1257 3539 1331 3586 est
1358 3543 1405 3584 et
1435 3530 1615 3601 religio
1647 3544 1665 3584 :
1692 3529 1800 3583 lucc
1823 3528 1984 3595 vitam
2006 3528 2206 3593 tribuit,
2233 3527 2327 3581 illa
2348 3527 2644 3582 coltoncstat
2667 3544 2683 3592 ;
2712 3528 2809 3582 ista
2837 3530 3089 3600 corporis,
3114 3529 3208 3583 illa
3227 3529 3413 3583 animae
3437 3542 3616 3581 curam
3645 3525 3823 3580 habet:

502 3641 549 3685 et
581 3632 699 3686 ideo
717 3645 821 3684 una
848 3644 940 3698 pro
970 3638 1191 3698 utraque
1217 3624 1611 3682 decertandum.
1646 3621 1714 3677 Et
1742 3621 1946 3692 quidem
1969 3620 2237 3695 religionis
2271 3621 2585 3692 antiquitus,
2630 3629 2678 3675 et
2719 3632 2861 3675 certa
2886 3638 2917 3676 a
2950 3619 3232 3677 Benedicto
3256 3629 3624 3693 protoparente
3650 3618 3828 3674 subse-

511 3732 632 3778 cuta
658 3721 935 3795 posteritas
957 3728 1062 3773 tam
1084 3719 1359 3790 manifesta
1387 3717 1531 3787 apud
1558 3732 1731 3771 omnes
1751 3714 1985 3769 homines
2009 3707 2208 3785 semper
2228 3713 2349 3784 fuit,
2379 3721 2434 3767 ut
2458 3713 2646 3767 mirum
2662 3714 2728 3768 sit
2745 3713 2808 3767 ab
2829 3714 3004 3785 aliquo
3025 3715 3356 3783 quantumvis
3375 3712 3825 3786 scrupulosissimo

515 3834 567 3891 δη
601 3815 815 3870 dubium
849 3812 1023 3868 vocari
1058 3811 1326 3884 potuisse;
1367 3826 1468 3864 non
1497 3808 1664 3880 defuit
1708 3817 1878 3861 tamen
1914 3804 2003 3877 qui
2032 3804 2088 3858 id
2118 3802 2418 3869 tentaverit;
2458 3812 2506 3857 et
2543 3800 2738 3857 Dexter
2771 3820 2972 3876 quoque
3011 3821 3162 3859 suum
3212 3805 3404 3859 invenit
3448 3803 3824 3858 adversarium.

513 3907 701 3963 Utrum
728 3922 904 3960 eorum
932 3902 1329 3968 intolerabilius,
1372 3900 1513 3955 haud
1540 3897 1694 3972 facile
1712 3897 2079 3972 judicaverim.
2125 3895 2378 3951 Neutrum
2409 3894 2599 3966 absque
2631 3895 2983 3968 satisfactione
3023 3897 3343 3967 prietermitti
3385 3896 3554 3968 potuit
3590 3911 3611 3950 :
3636 3904 3685 3951 ct
3706 3892 3828 3949 mihi

510 4001 775 4072 utriusque
797 4013 983 4051 manus
1012 3995 1349 4050 incumbebat.
1383 3993 1489 4050 Sed
1516 4009 1629 4047 cum
1660 4002 1939 4063 prtronum
1966 3991 2035 4043 ad
2061 3990 2417 4045 sustinendum
2454 3990 2719 4063 singulare
2764 4002 3015 4047 certamen
3066 3992 3322 4048 electurus
3378 3993 3475 4047 sim
3512 4033 3527 4058 ,
3579 4001 3731 4062 teque
3774 3990 3829 4043 in

513 4102 733 4162 utroque
759 4090 953 4161 pariter
980 4088 1274 4159 agnorerim
1304 4103 1502 4157 semper
1529 4085 1656 4139 mihi
1687 4085 1845 4155 fuisse
1866 4095 2167 4154 patronum,
2198 4085 2288 4155 qui
2316 4084 2567 4141 doctrina:
2590 4102 2731 4157 aque
2767 4103 2829 4141 ac
2873 4086 3077 4142 rirtutis
3108 4088 3474 4157 splenderibus
3515 4087 3788 4143 irradiaris
3809 4122 3828 4146 .

514 4184 722 4241 nullum
748 4184 910 4239 alium
933 4180 1121 4255 eligere
1143 4180 1309 4254 potui,
1340 4195 1431 4235 nec
1452 4178 1621 4233 libuit.
1650 4175 1779 4231 Haec
1803 4177 1960 4251 igitur
1979 4190 2094 4244 qua:
2115 4174 2306 4230 nomini
2328 4184 2417 4231 tuo
2447 4192 2713 4240 consecro,
2744 4178 3025 4233 certamina
3053 4195 3249 4233 mecum
3278 4180 3476 4235 sustine
3494 4222 3509 4249 ,
3542 4186 3588 4234 et
3620 4178 3833 4233 viriliter

517 4280 866 4335 decertantem
888 4290 1130 4349 promere
1156 4290 1175 4332 :
1203 4271 1295 4327 tibi
1318 4270 1453 4326 enim
1478 4268 1622 4325 cedet
1653 4267 1888 4331 victoria,
1913 4273 2028 4339 post
2055 4263 2248 4333 Deum,
2279 4280 2394 4320 cum
2416 4280 2517 4337 quo
2542 4266 2857 4336 perenniter,
2879 4267 3113 4338 confido,
3159 4269 3415 4341 regnabis.
3463 4266 3595 4323 Vale
3615 4308 3632 4336 ,
3678 4265 3835 4323 Rere-

517 4371 825 4431 rendissime
856 4368 1035 4425 Pater.
1066 4366 1283 4436 Romae,
1317 4365 1386 4421 l8
1416 4361 1734 4437 Septembris
1770 4359 1928 4417 1621.

555 4498 3833 4541 _________________________________________..

569 4650 727 4738 AD
782 4637 1305 4736 OBJECTA
1359 4632 1955 4747 PENNOTTI
2009 4628 2500 4737 CONTRA
2552 4629 3021 4714 DEXTRI
3076 4627 3782 4712 CHRONICON

1176 4808 1610 4891 INCIPIT
1683 4802 2458 4879 APOLOGETICA
2534 4800 3181 4879 RESPONSIO.

894 5086 922 5159 ᾗ
955 5084 997 5139 l.
1032 5077 1301 5154 Apologia!
1328 5090 1486 5129 causa
1514 5073 1770 5147 aperitur.
2165 5083 2213 5143 ς
2245 5083 2353 5139 quo
2384 5084 2676 5140 numquam
2712 5069 2783 5139 (si
2826 5070 2965 5127 Deus
2996 5071 3252 5143 dederit)
3283 5073 3589 5143 abstrahor,
3623 5084 3675 5132 et
3709 5076 3846 5132 alte-

612 5181 760 5242 Pene
808 5194 839 5234 a
881 5174 1224 5233 defendendo
1281 5169 1485 5225 Dextro
1514 5182 1733 5222 manum
1766 5172 2102 5221 rctraxeram
2124 5206 2140 5232 ,
2212 5176 2362 5225 _rum
2395 5162 2451 5216 in
2477 5162 2620 5231 quod
2653 5163 2876 5219 minime
2906 5166 3012 5220 labi
3040 5166 3288 5237 cupiam;
3318 5183 3382 5223 ea
3405 5177 3532 5224 sunt
3552 5169 3844 5234 modestia,

539 5296 667 5341 cum
698 5279 894 5334 imum
922 5282 1190 5342 provocor
1217 5263 1283 5319 ad
1308 5263 1553 5334 prmlittm
1578 5302 1593 5328 ,
1624 5269 1680 5315 et
1719 5274 1913 5314 manus
1945 5272 2042 5328 pro
2071 5272 2137 5313 eo
2243 5262 2299 5308 et
2339 5253 2665 5310 contumelia
2691 5296 2707 5321 ,
2753 5257 2895 5326 quod
2928 5258 3016 5312 illa
3046 5259 3115 5313 ad
3146 5260 3579 5331 persuadendum
3612 5262 3846 5317 multum

540 5376 787 5432 inserere
836 5377 1024 5433 cogor,
1079 5374 1185 5414 non
1235 5356 1452 5427 quidem
1483 5369 1607 5411 cum
1653 5362 1849 5421 aperto
1886 5349 2137 5414 inimico;
2246 5346 2533 5414 conducat,
2566 5348 2685 5405 luce
2711 5349 3064 5407 vehementer
3093 5363 3304 5420 noceat,
3335 5361 3393 5409 et
3418 5355 3633 5425 animos
3663 5355 3852 5427 legen-

544 5469 650 5523 hoc
675 5462 821 5521 enim
852 5456 1031 5514 minus
1054 5447 1404 5521 injucundum
1432 5446 1591 5512 iuret,
1620 5443 1714 5499 sed
1741 5459 1864 5498 cum
1889 5456 1958 5496 eo
1987 5440 2142 5509 cujus
2251 5440 2382 5494 tium
2413 5439 2681 5510 oﬂ'emiat;
2714 5444 3060 5513 quantumvis
3087 5460 3321 5514 namque
3343 5453 3399 5502 et
3440 5461 3541 5501 nos
3576 5457 3632 5504 et
3659 5457 3849 5502 noetra

544 5557 840 5616 amicitiam
864 5546 1220 5608 libentissime
1240 5540 1555 5609 amplcrtnr.
1576 5537 1688 5607 Ego
1704 5534 1975 5590 neminem
1999 5531 2141 5601 laesi,
2251 5530 2501 5588 lacessita
2528 5532 2742 5589 videam
2768 5574 2783 5601 ,
2808 5549 3100 5606 numquam
3130 5536 3323 5592 adduci
3356 5548 3575 5607 potero,
3631 5550 3687 5593 ut
3718 5536 3854 5594 red-

544 5650 820 5710 neminem
849 5636 1183 5702 eircumreui
1211 5650 1227 5691 :
1261 5632 1357 5690 sed
1381 5631 1566 5688 dolore
1592 5628 1776 5685 cordis
1815 5625 2142 5682 intrinsecus
2249 5626 2373 5681 dam
2404 5626 2604 5682 malum
2627 5642 2728 5698 pro
2758 5628 2920 5694 malo,
2950 5640 3005 5684 et
3031 5628 3376 5686 maledictum
3403 5645 3503 5703 pro
3529 5630 3849 5695 maledicto,

547 5752 773 5813 tactus,
812 5736 951 5798 ultra
993 5739 1168 5793 metas
1203 5724 1393 5788 solitas
1443 5718 1752 5795 pertrahor.
1808 5716 1985 5778 Unum
2003 5726 2140 5777 eSta
2249 5727 2433 5791 utpote
2475 5718 2738 5777 humilem
2791 5718 3070 5794 religionis
3115 5730 3315 5782 statum
3367 5722 3683 5796 professus;
3750 5717 3856 5779 scd
