4076 6158
298 261 403 319 595

1372 267 1900 328 APOLOCETICUS
1939 271 2075 330 PRO
2114 272 2177 330 L.
2217 275 2525 338 DEXTRO.

3489 300 3597 359 694

290 378 444 449 juxta
474 375 795 449 Apostolnm
826 364 1004 453 (Rom.
1028 381 1127 453 xu)
1162 384 1381 442 vincere
1408 385 1462 440 in
1485 385 1630 441 bono
1657 386 1857 443 malum
1877 427 1893 455 ,
1921 393 1973 453 Λ
2001 398 2277 464 totamque
2303 394 2475 466 illam,
2506 410 2561 454 ut
2588 402 2825 473 jacebat,
2856 405 3408 482 lucubratiunculam,
3440 419 3597 487 quasi

294 483 552 542 quantum
582 473 718 529 mihi
746 473 982 546 desuper
1006 476 1191 533 datum
1215 479 1398 545 fuerit,
1425 480 1749 548 procumbo.

2000 482 2135 539 nihil
2182 488 2250 542 de
2290 504 2353 544 ca
2398 505 2574 548 actum
2609 508 2792 564 esset,
2853 502 3047 557 excudi
3077 505 3288 561 curavit
3314 506 3407 563 lib.
3436 482 3594 567 {suae

358 563 586 622 Ineunte
625 567 743 623 fere
797 572 1052 637 prxscnti
1088 586 1232 626 anno
1267 587 1297 627 a
1339 584 1467 627 nato
1499 573 1726 630 Domino
1755 575 1893 630 1624
1997 572 2301 644 Tripartittc
2323 594 2371 634 c.
2406 579 2475 636 52
2506 593 2561 638 et
2590 586 2679 641 55.
2712 563 2911 647 Grates
2931 594 3139 663 agimus
3165 597 3307 668 quod
3340 563 3598 658 nihil

287 672 348 713 ex
383 659 747 732 typograpltia
797 661 1204 721 ltevrtlamcrae
1234 667 1562 737 Apostolica:
1606 669 1805 739 prodiit
1836 671 1889 725 in

287 750 464 806 lueetu
489 750 757 807 (iencralis
786 755 945 809 totius
974 757 1110 811 sacri
1152 758 1352 813 ordinis
1394 760 1697 815 clericorum
1736 778 1891 815 cano-

282 845 516 899 nicornm
560 846 779 900 historia
824 849 1089 920 tripartito
1113 894 1129 919 ,
1181 862 1404 908 auctore
1434 852 1501 907 Β.
1541 853 1605 909 Ρ.
1637 853 1890 911 Gabricle

284 938 556 994 Peanotto
588 939 905 997 Novariensi
934 945 1371 1015 congregationis
1412 945 1742 1002 Lateranen.
1787 964 1875 1003 re-

282 1032 457 1101 gulari
487 1032 792 1098 canonico;
824 1050 929 1100 qua
960 1050 1029 1089 ex
1057 1036 1305 1091 instituto
1331 1078 1347 1105 ,
1377 1038 1648 1110 theologia
1681 1040 1885 1110 pariter

276 1139 339 1179 ac
363 1125 674 1192 eloquentia
702 1127 1134 1184 excultissitnum
1164 1131 1373 1198 virum,
1421 1133 1561 1203 apud
1594 1132 1884 1188 Salmanti-

278 1232 477 1274 Censes
508 1218 844 1287 Vcsperaritc
871 1222 1149 1279 cathedra:
1180 1225 1578 1281 moderatorem
1617 1243 1681 1282 ac
1713 1228 1882 1297 magi-

272 1320 485 1380 strum,
529 1323 587 1367 et
612 1310 907 1369 Cathofica:
931 1315 1225 1385 Majestatis
1252 1332 1282 1372 a
1312 1316 1480 1373 sacris
1509 1315 1881 1376 Coneionibus

274 1403 367 1460 Fr.
399 1404 670 1461 .loannent
724 1407 977 1477 Marquez
1009 1408 1286 1466 debellare
1333 1411 1619 1467 contendit
1651 1411 1704 1467 in
1732 1427 1880 1483 quie-

266 1497 451 1552 stione
504 1511 535 1551 a
584 1498 769 1553 multis
811 1501 972 1555 annis
1020 1500 1162 1556 inter
1202 1492 1496 1559 canonicos
1535 1513 1591 1559 ct
1618 1505 1878 1561 eremitas

267 1589 532 1661 utrinque
573 1591 773 1648 acriter
819 1594 1016 1663 agitata
1071 1610 1239 1665 super
1273 1596 1401 1665 jure
1448 1598 1775 1655 succedendi
1817 1600 1873 1658 in

267 1683 595 1740 lia-reditate
616 1686 792 1756 Magni
822 1687 1027 1744 Aurelii
1080 1688 1391 1760 Augustini.
1432 1690 1703 1749 Caeterum
1727 1695 1871 1764 quod

1995 664 2223 734 diderit;
2249 669 2347 736 sic,
2383 676 2657 732 non'nihil
2688 679 2757 736 de
2787 698 2926 738 novo
2956 664 3349 747 elaborandum
3380 708 3410 747 a
3435 693 3595 754 nobis

1993 760 2117 825 erit,
2142 773 2199 815 ut
2223 765 2452 834 ObjCCtiS
2484 769 2740 828 faciamus
2779 778 2929 833 satis.

2064 852 2333 911 Caeterum
2367 875 2474 915 non
2503 864 2635 919 satis
2665 866 2928 939 intelligo.
2962 872 3093 942 qttid
3125 889 3345 934 causam
3389 880 3458 937 ab
3485 880 3590 940 hoc
3682 858 3689 867 ⁸

1990 942 2107 999 viro
2138 958 2323 1045 contra
2359 950 2629 1010 Venerab.
2662 957 2724 1014 Ρ.
2751 959 2891 1032 Mag.
2923 962 3013 1017 Fr.
3042 964 3304 1025 Joannem
3333 971 3588 1045 Marquez

1989 1048 2154 1105 super
2183 1040 2390 1110 origine
2419 1058 2482 1097 ac
2512 1045 2853 1106 institutione
2884 1055 3233 1112 ercmintrmn
3264 1060 3314 1116 in
3354 1077 3421 1118 eo
3445 1040 3587 1123 libro

1988 1126 2322 1200 institutam,
2371 1137 2522 1207 origo
2560 1139 2941 1201 Cisterciensis
2983 1149 3226 1219 ordinis,
3274 1169 3371 1210 seu
3402 1170 3586 1214 causte

1987 1219 2135 1276 illius
2173 1223 2560 1298 institutionis,
2601 1234 2686 1287 vel
2719 1235 2882 1291 etiam
2912 1237 2967 1293 in
2998 1242 3182 1310 specie
3210 1243 3498 1314 adjuverit,
3526 1259 3588 1306 ut

1982 1313 2051 1367 ab
2077 1314 2323 1375 instituto
2370 1334 2536 1391 scopo
2576 1324 2891 1395 deﬂectens,
2922 1313 3314 1393 Cistcreienscs
3353 1340 3588 1399 insccta-

1986 1415 2070 1460 tus
2103 1410 2231 1463 totis
2262 1410 2469 1467 viribus
2491 1419 2787 1473 contendat
2808 1436 2994 1478 eorum
3022 1424 3326 1485 institutum
3356 1433 3581 1492 minimc

1981 1512 2010 1551 a
2043 1496 2100 1554 S.
2126 1498 2187 1554 P.
2213 1500 2510 1561 Benedicto
2534 1507 2890 1580 descendere,
2928 1514 3120 1574 beatos
3151 1519 3367 1577 illorum
3400 1536 3585 1595 patres

1977 1604 2043 1646 ac
2091 1598 2545 1655 monasteriorum
2594 1602 2943 1672 splendorem
2997 1611 3175 1682 palam
3217 1629 3472 1687 carpere,
3521 1631 3580 1678 et

1980 1697 2384 1757 nonnumquam
2426 1705 2613 1760 parum
2662 1708 3006 1756 reverenter:
3055 1718 3380 1776 quamquam
3441 1711 3577 1766 mihi

265 1778 333 1833 M.
370 1777 627 1850 llarqttez
652 1795 760 1837 non
780 1782 949 1837 semel
979 1785 1304 1839 auctoritate
1334 1784 1397 1839 L.
1432 1785 1648 1853 Dextri,
1672 1798 1729 1842 et
1756 1788 1865 1857 ejus

1978 1772 2204 1832 dubium
2249 1794 2357 1834 non
2406 1782 2533 1849 sit,,
2572 1784 2626 1839 id
2678 1787 2902 1844 minime
2946 1772 3124 1861 ipsum
3175 1772 3471 1865 facturum,
3523 1801 3573 1857 si

264 1872 667 1928 continu-storis
689 1874 760 1929 Μ.
786 1874 1002 1929 Maximi
1025 1875 1093 1931 ad
1121 1890 1215 1931 sua
1243 1878 1646 1947 comprobanda
1676 1879 1872 1949 placita

270 1979 404 2019 usus
444 1962 635 2021 fuisset
671 1982 687 2020 :
720 1966 847 2022 inde
876 1967 1175 2023 l'cnnottus
1224 1977 1432 2037 noster,
1460 1972 1749 2028 occasione
1777 1989 1872 2028 ar-

261 2066 447 2127 repta,
469 2057 522 2112 in
550 2058 772 2114 eosdem
799 2060 1154 2129 gravissimos
1176 2060 1318 2116 viros
1344 2060 1688 2119 Dextrunt'et
1708 2063 1875 2118 Maxi-

259 2166 415 2204 nuun
448 2150 696 2205 invectus
727 2162 842 2215 est,
871 2164 1138 2222 quatenus
1163 2153 1412 2220 illorum,
1444 2155 1489 2209 si
1522 2154 1636 2211 ﬂeri
1667 2167 1869 2227 posset,

257 2238 592 2295 auctoritate
628 2239 907 2296 debilitata
932 2282 948 2307 ,
984 2242 1188 2297 nullout
1246 2243 1348 2313 ipsi
1393 2242 1668 2302 facessere
1708 2263 1872 2318 nego-

256 2331 391 2385 tium
425 2330 762 2388 viderentur.
812 2332 1012 2389 Nactus
1042 2344 1169 2390 tunc
1204 2335 1384 2391 forsan
1411 2337 1653 2394 codicem
1679 2338 1870 2400 Dextri

258 2424 439 2479 fuerat
469 2425 617 2479 dono
645 2425 706 2479 D.
739 2424 967 2482 Joannis
995 2426 1064 2482 de
1098 2427 1401 2484 Salasmalo
1445 2430 1685 2486 doctoris
1716 2431 1868 2488 theo-

252 2513 389 2585 lagi.
424 2530 491 2570 ac
518 2515 887 2572 celeberrinne
912 2526 1026 2572 toto
1049 2519 1182 2575 orbe
1214 2520 1471 2577 Ecclesiae
1499 2521 1559 2578 S.
1589 2522 1771 2578 Maria:
1797 2523 1867 2580 de

251 2607 596 2678 l'ilariapud
624 2608 1090 2679 Caesaraugustmn
1118 2613 1317 2682 prioris
1337 2656 1353 2682 ,
1387 2624 1441 2669 et
1490 2615 1664 2671 noctis
1704 2616 1866 2672 unius

248 2699 439 2758 studio
466 2700 784 2755 Cbronicon
817 2710 989 2756 totum
1022 2703 1319 2774 percurrit,
1375 2715 1557 2774 partes
1588 2706 1860 2776 partibus,

248 2789 568 2847 sententias
609 2790 896 2846 sententiis
924 2793 1290 2865 conferendo,
1322 2805 1378 2852 et
1403 2796 1622 2853 admoto
1650 2798 1861 2854 calamo

247 2882 426 2937 multa
457 2879 586 2936 hinc
616 2880 743 2937 inde
769 2882 1027 2954 collegit,
1058 2885 1299 2954 appinxit
1326 2927 1341 2953 ,
1386 2887 1581 2959 quibus
1624 2888 1741 2959 ejus
1765 2905 1859 2945 au-

244 2976 506 3044 ctoritas,
530 2991 637 3030 non
665 2977 883 3046 quidem
910 2986 1102 3034 nutare
1131 2980 1344 3050 (parum
1375 2983 1509 3051 hoc)
1562 2983 1657 3038 sed
1708 2998 1861 3039 com-

244 3066 420 3121 menti
447 3076 542 3121 aut
573 3066 771 3123 fabul.e
801 3069 975 3124 notari
1001 3069 1102 3125 sibi
1137 3073 1248 3126 visa
1295 3072 1412 3128 fuit.
1471 3073 1580 3130 Sed
1606 3089 1728 3130 cum
1761 3090 1858 3131 no-

1974 1867 2325 1926 advcrtenter
2362 1872 2693 1944 loqueretur,
2735 1880 3006 1955 sciretque
3034 1886 3427 1948 Cistercienses
3456 1910 3575 1950 mo-

1974 1958 2182 2016 nachos
2224 1964 2397 2020 multo
2426 1966 2624 2024 clarius
2656 1970 3035 2033 demonstrare
3070 1994 3232 2050 posse
3270 1960 3576 2042 Benedicti-

1973 2067 2097 2107 nam
2131 2053 2487 2126 ﬂliationem,
2534 2076 2693 2132 quam
2740 2068 3036 2124 canonicos
3080 2073 3356 2143 regulares
3381 2078 3573 2149 Augu-

1971 2144 2398 2213 stinianam,aut
2421 2156 2753 2210 monasteria
2768 2155 3234 2232 Cisterciensitun,
3257 2182 3365 2223 non
3393 2144 3568 2226 solum

1971 2236 2189 2293 aliunde
2213 2239 2560 2309 Splendorctn
2593 2262 2699 2301 non
2733 2259 3029 2323 mutuasse,
3060 2257 3156 2309 sed
3186 2258 3370 2314 multis
3400 2261 3564 2316 etiam

1970 2329 2093 2386 aliis
2143 2332 2428 2389 ordinibus
2472 2335 2725 2402 dedisse;
2765 2352 2858 2397 aut
2905 2348 3267 2405 venerabilem
3310 2351 3563 2410 abbatem

1969 2422 2287 2481 Florensem
2330 2428 2696 2499 Joathimum,
2744 2435 3024 2494 miraculis
3070 2450 3127 2497 et
3169 2443 3462 2502 virtutibus
3507 2448 3563 2504 in

1968 2518 2076 2574 vita
2104 2529 2161 2575 et
2192 2531 2366 2578 morte
2407 2524 2639 2583 mirifice
2669 2545 2699 2582 a
2732 2529 2845 2585 Deo
2874 2532 3225 2604 illustratttm,
3261 2549 3315 2593 et
3345 2540 3397 2594 in
3444 2550 3561 2598 tota

1965 2608 2211 2669 Calabria
2262 2631 2363 2686 pro
2409 2618 2569 2674 brato
2612 2621 2878 2692 habitum,
2914 2626 3192 2699 ipsiusque
3236 2629 3498 2688 honorem
3530 2650 3562 2690 a

1964 2704 2097 2762 sede
2151 2708 2466 2777 Apostolica
2523 2714 2724 2785 saapius
2779 2716 3099 2787 defensum;
3161 2722 3266 2779 hoc
3319 2724 3464 2781 enim
3511 2727 3562 2782 si

1964 2798 2271 2855 Pennottus
2300 2803 2491 2873 sciret,
2541 2821 2887 2880 nequaquam
2919 2814 2969 2868 ei
3016 2821 3126 2869 tam
3170 2817 3436 2874 acerrime
3465 2818 3562 2876 de-

1964 2893 2226 2963 traheret,
2278 2895 2421 2964 quod
2467 2897 2575 2955 duo
2618 2900 2738 2956 libri
2777 2903 2860 2957 sui
2907 2906 3086 2975 tapita
3125 2906 3228 2964 hac
3276 2909 3330 2965 itt
3375 2926 3436 2967 re
3461 2926 3558 2968 cx-

1963 2987 2230 3057 penderit,
2261 2988 2512 3044 videficet
2557 2993 3057 3064 quinquagesimum
3090 2998 3322 3068 primum
3370 3002 3556 3072 primi,

1960 3087 2016 3133 ct
2042 3078 2338 3133 secundum
2372 3081 2595 3137 secundi
2627 3101 2641 3136 :
2684 3095 2742 3139 et
2770 3087 3123 3155 proculdubio
3166 3090 3236 3144 ab
3263 3092 3344 3147 eis
3370 3094 3558 3149 eonvi-

241 3160 416 3213 vlssct
446 3157 648 3213 habere
678 3158 938 3215 Dextrum
968 3161 1023 3217 in
1056 3161 1200 3218 Urbe
1230 3177 1684 3234 propugnatorem
1704 3208 1717 3230 ,
1746 3184 1856 3222 non
1882 3152 1929 3216 C
1962 3171 2063 3227 ciis
2089 3171 2409 3237 abstineret,
2438 3188 2556 3243 qua:
2590 3175 2692 3229 nisi
2733 3177 2784 3231 in
2819 3178 3243 3247 perditissintum
3276 3181 3554 3241 hominem

240 3267 268 3306 s
290 3254 421 3308 -mel
449 3267 549 3323 pro
576 3268 675 3308 sua
702 3253 1052 3325 benignitate,
1084 3256 1302 3312 domum
1328 3258 1506 3314 solita:
1537 3274 1674 3315 mea:
1701 3260 1856 3316 habi-

240 3344 476 3400 tationis
501 3345 639 3415 apud
661 3347 719 3402 S.
749 3347 985 3417 Mantum
1012 3348 1167 3413 adiit,
1200 3367 1319 3419 qua:
1351 3351 1403 3405 in
1437 3353 1612 3423 ipsum
1649 3354 1855 3410 media-

240 3448 398 3493 tatus
434 3437 632 3506 fuerat,
663 3457 876 3495 meeum
907 3444 1427 3500 communicaturus.
1459 3445 1765 3513 licveritus,
1799 3457 1857 3503 ut

234 3530 504 3595 d.:cebat,
534 3541 742 3588 tantum
775 3533 947 3589 virum
976 3536 1145 3591 semel
1173 3547 1231 3592 et
1255 3537 1452 3594 iterum
1485 3540 1700 3596 notulas
1727 3554 1855 3597 suas

233 3624 469 3690 (μοιτί-ς
494 3640 628 3695 quas
655 3626 871 3697 quidem
907 3630 1067 3683 unius
1104 3628 1384 3686 dumtaxat
1413 3632 1589 3688 noctis
1613 3633 1853 3689 Studium

231 3732 395 3781 esse,
448 3718 765 3790 calamoque
813 3730 1069 3775 currente
1111 3723 1344 3792 scriptas
1395 3724 1627 3795 ingenue
1677 3726 1855 3784 lassus

231 3809 369 3865 fuit.
404 3808 532 3865 l’ost
554 3810 671 3866 dies
697 3811 904 3884 aliquot
927 3812 1180 3870 familiari
1226 3814 1498 3887 colloquio
1531 3858 1546 3884 ,
1603 3819 1855 3877 omnibus

230 3902 271 3956 il
303 3902 354 3956 is
407 3917 504 3972 per
560 3903 809 3959 ordinem
853 3906 1022 3961 verbo
1055 3916 1211 3963 tenus
1263 3908 1579 3966 satisfaeete
1624 3914 1848 3983 curavi;

230 3993 269 4047 il
298 3995 379 4048 u-l
417 3994 679 4064 ςιιΙῇςίυιις
709 4012 825 4065 me,
854 3998 899 4052 si
930 4000 1123 4069 vellet,
1156 3999 1363 4071 scripto
1390 4017 1605 4074 quoque
1633 4006 1701 4060 ad
1729 4021 1853 4062 eas-

226 4088 372 4141 dem
410 4100 822 4155 responsurum.
848 4090 919 4145 De
955 4092 1166 4148 duobus
1203 4093 1382 4161 adhuc
1439 4096 1694 4153 haesitare
1743 4114 1855 4154 non

231 4176 499 4241 ιιινειίιὶι,
533 4178 787 4235 nimirum
816 4181 886 4237 de
925 4199 1032 4238 uno
1062 4184 1291 4256 Leporio
1312 4229 1327 4255 ,
1368 4190 1648 4259 Augustini
1680 4190 1854 4262 magi-

224 4274 342 4328 t-tri
392 4270 477 4324 sui
507 4285 670 4339 opera
701 4285 731 4324 a
766 4271 1152 4343 Pelagianismo
1198 4281 1265 4336 ad
1319 4281 1640 4338 catholicam
1690 4282 1853 4340 fidem

231 4366 552 4437 perducto,
579 4363 729 4432 quod
761 4366 877 4435 ipse
922 4368 1171 4425 crederet
1197 4371 1330 4453 duos
1362 4373 1609 4431 diversos
1638 4376 1806 4433 fuisse
1839 4395 1851 4431 :

228 4472 294 4515 et
325 4460 409 4513 de
439 4456 722 4513 nonnullis
752 4458 1030 4529 praeclaris
1053 4462 1209 4528 viris,
1250 4481 1385 4532 quos
1421 4482 1486 4522 ex
1511 4467 1702 4524 ordine
1728 4482 1851 4524 ere-

1961 3261 2217 3332 prolundi
2248 3263 2553 3334 nequirent.
2579 3265 2714 3335 Quid
2737 3267 2882 3323 enim
2905 3269 3050 3325 aliud
3078 3281 3186 3339 est,
3206 3271 3552 3330 Joachimum

1957 3354 2026 3409 ab
2058 3370 2188 3409 orco
2212 3357 2353 3411 velle
2378 3372 2662 3427 revocare,
2695 3363 2918 3418 nomine
2958 3363 3177 3419 Golith
3222 3367 3276 3421 in
3305 3366 3547 3425 derisum

1957 3448 2006 3503 ci
2040 3432 2314 3518 imposito,
2349 3458 2408 3503 ιιι
2457 3450 2604 3505 vires
2637 3454 2925 3510 metiretur
2965 3469 3093 3511 suas
3121 3456 3227 3525 (sic
3252 3458 3432 3528 ipsum
3460 3460 3553 3515 ille

1959 3538 2196 3596 honorat
2238 3554 2375 3611 cap._
2416 3541 2514 3596 illo
2560 3541 2678 3613 bl),
2709 3544 2812 3599 nisi
2843 3545 3215 3604 beatissimum
3244 3552 3419 3605 virum
3449 3552 3553 3607 ﬂo-

1956 3629 2286 3686 rentissima:
2346 3632 2400 3686 itt
2450 3632 2694 3690 Ecclesia
2750 3636 3186 3708 congregationis
3246 3641 3550 3709 Florensis,

1956 3737 2078 3793 qua:
2106 3724 2487 3781 Cisterciensis
2522 3726 2581 3782 S.
2616 3727 2880 3785 Bernardi
2910 3746 3093 3787 ramus
3121 3741 3232 3802 est,
3279 3733 3553 3791 instituto-

1957 3831 2071 3872 rem
2096 3816 2150 3871 in
2183 3815 2373 3873 inferis
2402 3819 2674 3889 sepultum
2706 3822 2985 3890 proﬁteri?

2027 3909 2099 3964 At
2140 3924 2376 3980 quonam
2426 3920 2586 3982 pacto
2634 3912 2686 3967 itt
2718 3913 2944 3985 prologo
2975 3914 3097 3970 libri
3130 3916 3268 3989 Mag.
3301 3916 3555 3987 Marqut:

1956 4001 2208 4069 miratur,
2239 4003 2385 4073 quod
2411 4005 2481 4061 ab
2520 4005 2928 4077 impugnatione
2957 4008 3025 4064 R.
3054 4008 3121 4065 P.’
3152 4008 3375 4069 Antonii
3408 4013 3552 4070 Daza

1956 4093 2013 4148 in
2043 4095 2346 4165 qurcslionc
2375 4096 2443 4152 dc
2476 4096 2815 4167 professione
2849 4099 3058 4167 (nescio
3088 4102 3278 4174 quam)
3306 4106 3557 4175 Augusti-

1958 4186 2120 4242 niana
2151 4186 2211 4243 S.
2243 4188 2524 4245 Francisci
2554 4190 2620 4244 ad
2665 4191 2994 4260 carpendam
3027 4192 3142 4248 RR.
3194 4195 3297 4250 PP.
3329 4195 3554 4251 canoni-

1956 4292 2143 4334 cornm
2192 4280 2520 4351 regularium
2565 4280 2827 4353 originem
2877 4282 3186 4351 deﬂexerit,
3253 4286 3301 4341 si
3347 4286 3465 4357 ipse
3495 4289 3548 4343 iu

1957 4371 2153 4427 eodem
2188 4370 2361 4428 lueret
2408 4374 2660 4439 crimine,
2712 4387 2766 4430 et
2797 4390 2826 4429 a
2856 4375 3256 4448 depugnatione
3299 4379 3555 4435 crcmita-

1960 4478 2080 4519 runt
2170 4464 2226 4522 S.
2282 4464 2566 4534 Augustini
2615 4465 2682 4520 ad
2740 4467 3113 4537 provocandos
3161 4467 3555 4528 Cistercicnses

231 4555 514 4606 ut'taruut
565 4551 740 4604 sancti
792 4551 1078 4621 Augustini
1114 4592 1130 4618 ,
1177 4531 1279 4609 seu
1320 4572 1386 4611 ex
1437 4558 1630 4616 ordine
1675 4560 1850 4616 sancti
1880 4531 1935 4592 D
1960 4556 2241 4613 deﬂectit?
2277 4531 2412 4612 Nam
2442 4556 2610 4612 verba
2641 4557 2762 4627 ejus
2806 4557 2996 4614 eadem
3042 4558 3157 4615 fere
3184 4571 3312 4616 sunt
3358 4564 3558 4635 quibus

234 4640 537 4697 Benedicti
564 4640 707 4710 apud
736 4640 806 4696 il.
837 4641 1128 4697 Maximum
1159 4642 1323 4699 fuisse
1352 4645 1578 4716 legimus
1603 4666 1616 4703 :
1640 4650 1855 4707 diccbat

236 4734 528 4804 siquidem
558 4735 816 4790 eretnitas
839 4735 897 4789 S.
923 4734 1231 4805 AuguStini,
1264 4736 1490 4794 minime
1538 4741 1606 4795 ab
1657 4743 1854 4815 eodem

237 4830 485 4885 eductos
518 4844 532 4882 :
564 4829 893 4898 nominaque
926 4828 1014 4882 illa
1044 4843 1111 4883 ex
1142 4828 1335 4883 ordine
1364 4827 1559 4899 hujus,
1590 4832 1677 4889 vel
1708 4833 1855 4890 illius

238 4918 435 4976 sancti
465 4918 635 4972 multo
665 4933 787 4974 esse
843 4919 1148 4976 recentiora
1206 4921 1277 4976 Μ.
1322 4919 1581 4977 Maximo.
1636 4924 1706 4978 Et
1754 4940 1856 4995 ego

237 5026 476 5083 quoque
500 5014 630 5066 mihi
652 5023 934 5083 suspectas
966 5028 1126 5070 voces
1149 5029 1272 5071 esse
1305 5014 1494 5081 intuli,
1550 5016 1762 5073 tametsi
1792 5017 1859 5075 de

240 5105 483 5176 Leporii
510 5106 716 5163 unitate
764 5115 861 5163 aut
906 5107 1222 5180 duplicitate
1264 5109 1703 5168 dissentiremus.
1749 5111 1861 5170 lloc

240 5215 276 5254 ts
309 5198 369 5250 lii
397 5199 530 5253 satis
557 5215 679 5255 esse
697 5200 766 5256 ad
787 5216 944 5257 suum
967 5202 1268 5258 institutum
1294 5204 1594 5273 professus,
1618 5203 1862 5275 nihilque

242 5290 414 5347 aliud
445 5292 513 5347 de
546 5292 751 5349 Dextro
772 5304 1016 5359 acturus.
1057 5295 1359 5351 imminutis
1404 5311 1626 5365 prorsus
1670 5296 1860 5353 amici-

248 5383 361 5437 tiae
391 5384 595 5439 viribus
619 5385 896 5456 discessit,
937 5386 1102 5459 idque
1128 5386 1417 5459 aliquoties
1439 5388 1661 5446 Ductori
1708 5390 1860 5445 Sala-

247 5474 446 5528 Stnalu
487 5475 632 5532 inter
669 5477 967 5535 familiares
1013 5479 1485 5536 confabulationes
1540 5482 1858 5552 propalavit.

245 5562 381 5622 δηιι
408 5569 664 5637 mtmquid
696 5570 942 5627 oblivisci
984 5574 1184 5643 poterit
1208 5582 1381 5629 mater
1422 5572 1515 5629 lilii
1562 5574 1701 5629 uteri
1751 5575 1870 5630 sui?

249 5652 445 5715 Filius
468 5673 627 5728 quem
662 5670 818 5718 nocte
867 5663 956 5717 illa
1002 5674 1330 5735 conceperat
1359 5708 1374 5734 _.
1430 5666 1483 5723 in
1537 5666 1868 5739 oblivionem

250 5745 399 5810 dari
422 5751 688 5825 nequixit;
722 5755 890 5813 lucem
923 5757 1148 5832 proinde
1177 5758 1357 5818 videre
1393 5762 1693 5838 permissus
1744 5769 1825 5816 cst
1850 5800 1867 5829 ,

1961 4664 2061 4704 nos
2090 4648 2252 4719 paulo
2292 4659 2420 4703 ante
2461 4648 2543 4703 usi
2589 4664 2809 4715 sumus;
2851 4650 3107 4706 nimirum
3145 4669 3159 4706 :
3193 4651 3393 4709 Prwter
3416 4656 3557 4726 quod

1963 4757 2067 4795 non
2102 4742 2229 4795 satis
2273 4740 2449 4795 adhuc
2488 4740 2752 4811 intelligo,
2802 4742 2927 4813 quid
2965 4758 3176 4798 causam
3212 4743 3277 4797 ab
3315 4744 3414 4799 Itoo
3447 4745 3560 4802 viro

1963 4843 2155 4911 contra.
2174 4836 2515 4891 venerabilem
2551 4835 2615 4889 Ρ.
2647 4836 2932 4891 Antonium
2955 4836 3155 4893 Desunt
3185 4854 3338 4910 super
3363 4839 3563 4915 origine

1963 4933 2009 4982 et
2038 4906 2364 4982 institutione
2389 4924 2647 4982 Fratrum
2690 4926 2978 4994 Minorem,
3019 4929 3100 4984 vel
3128 4930 3465 4986 creutitarnm
3508 4932 3563 4988 in

1965 5034 2025 5074 eo
2068 5020 2199 5075 libro
2228 5002 2543 5086 institutam,
2573 5020 2718 5091 origo
2764 5020 3003 5077 canonici
3029 5020 3254 5091 ordinis,
3283 5023 3363 5077 vel
3387 5039 3564 5079 causa:

1968 5111 2112 5167 illius
2159 5113 2532 5179 institutionis,
2586 5114 2665 5167 rel
2705 5113 2861 5168 etiam
2900 5114 2953 5168 in
2983 5114 3152 5187 specie
3194 5116 3470 5185 adjacent;
3509 5126 3566 5169 ut

1970 5220 2087 5258 cum
2114 5204 2169 5257 in
2197 5204 2456 5275 principio
2495 5205 2667 5259 statim
2694 5206 2777 5260 sui
2815 5206 2933 5261 libri
2973 5210 3265 5282 scripserit,
3313 5211 3458 5264 illius
3482 5210 3566 5261 in-

1969 5298 2208 5351 stitutum
2233 5297 2288 5350 in
2319 5313 2379 5351 eo
2409 5297 2542 5352 libro
2571 5299 2740 5352 solum
2768 5315 2899 5368 esse,
2930 5317 3081 5355 suum
3124 5302 3353 5357 ordinent
3390 5299 3453 5353 ab
3478 5300 3566 5351 in-

1964 5387 2130 5459 juriis
2172 5386 2343 5443 cidem
2383 5388 2444 5441 ab
2485 5389 2711 5443 Antonio
2760 5389 2908 5445 Daza
2952 5392 3117 5447 illatis
3147 5392 3443 5454 vindicare;
3482 5389 3567 5441 ui-

1971 5480 2253 5534 hilontinus
2294 5489 2409 5551 post
2449 5481 2612 5535 aciem
2652 5493 2834 5539 contra
2860 5483 3009 5538 illum
3036 5490 3403 5544 constructam,
3443 5477 3570 5533 data

1973 5588 2129 5644 Opera
2156 5571 2435 5642 deﬂectens
2476 5581 2641 5627 totum
2668 5576 2873 5647 pondus
2912 5574 3082 5641 prclii
3111 5574 3181 5625 ad
3224 5570 3457 5623 ordinem
3483 5586 3574 5624 ca-

1976 5665 2220 5719 nonicum
2260 5667 2606 5720 converterit?
2635 5677 2739 5721 etc.
2771 5666 2933 5721 Certe
2964 5666 3016 5717 in
3049 5677 3157 5735 quo
3196 5662 3358 5716 alium
3392 5670 3569 5727 notat,

1979 5759 2096 5835 ipse
2140 5758 2643 5832 c0mprel.enditur.
2697 5759 3040 5833 Quapropter
3085 5757 3185 5813 hoc
3232 5751 3580 5817 solummodo
