4122 6174
504 310 613 375 595

1409 310 1705 371 FLAVIUS
1743 304 1993 369 LUCIUS
2030 274 2315 364 nex'rsn
2352 294 2891 367 CiliiONOLOGUS.

3696 306 3800 368 .596

510 435 708 491 iecisse
754 432 886 489 mihi
917 440 1003 489 sat
1031 433 1170 511 erit,
1219 430 1265 487 si
1293 430 1445 501 juxta
1478 427 1854 502 propheticum
1897 425 2100 481 dictum
2128 421 2390 482 Amultis
2436 423 2634 482 abhinc
2690 425 2847 481 annis
2902 423 3182 481 exstitisse
3239 421 3431 480 Dextri
3477 420 3794 482 Chrenicen

513 540 749 600 arguens
791 543 915 583 eum
962 537 1198 582 statuam
1243 534 1434 581 contra
1482 524 1677 579 faciem
1727 536 1882 578 suam
1913 519 2105 592 (Pset.

513 620 686 691 thx),
736 630 1144 690 menstremque
1181 619 1238 674 in
1267 618 1333 674 iis
1362 616 1619 673 omnibus
1650 616 1719 673 de
1744 615 1942 687 quibus
1968 612 2108 667 alios

515 718 690 778 netat,
747 714 925 784 ipsum
980 722 1230 782 patenter
1271 710 1623 781 delinquere,
1671 719 1729 765 ut
1773 708 1950 764 discat
2001 719 2106 761 non

516 809 684 863 altum
716 823 936 878 sapere,
966 808 1060 863 sed
1096 806 1305 876 timere,
1337 821 1405 861 ne
1434 804 1574 861 forte
1603 819 1727 861 cum
1759 802 1881 859 aliis
1913 800 2110 873 prtedi-

516 900 757 966 caverit,
810 900 924 970 ipse
973 899 1254 971 improbus
1292 898 1582 954 efﬁciatur.
1615 894 1899 952 Decendus
1944 894 2111 964 igitur

524 1000 611 1049 est
638 994 817 1048 minus
843 1001 990 1048 recte
1014 992 1081 1047 de
1107 991 1380 1047 Chronico
1412 988 1599 1046 Dextri
1644 997 1697 1045 et
1737 986 1954 1043 Maximi
1986 1001 2111 1041 sen-

521 1085 743 1139 tentiam
778 1085 991 1148 tulisse,
1022 1092 1076 1138 et
1108 1081 1381 1139 immerito
1410 1082 1462 1137 in
1496 1080 1890 1137 Cistercienses
1923 1092 2112 1134 mona-

519 1175 651 1231 chos
679 1175 853 1245 jacula
878 1174 1232 1239 contorsisse,
1257 1173 1350 1245 qui
1376 1171 1507 1228 nihil
1532 1171 1682 1227 illum
1708 1170 1983 1238 laeserant,
2011 1182 2112 1224 nec

520 1270 770 1325 ordinem
812 1283 1001 1333 suum;
1045 1268 1350 1324 docendum
1394 1281 1523 1323 vero
1553 1280 1811 1337 cuperem
1842 1279 1871 1318 a
1901 1263 2115 1317 doctio-

517 1363 702 1428 ribus;
743 1362 838 1417 sed
885 1362 1017 1417 dum
1052 1362 1269 1433 reliqui,
1314 1360 1508 1433 quibus
1536 1361 1639 1416 hoc
1669 1374 1805 1430 opus
1837 1373 1904 1414 ex
1932 1358 2114 1413 oiﬁcie

519 1456 805 1524 incumbit,
840 1457 1005 1512 totius
1052 1456 1130 1512 rei
1182 1457 1445 1513 certiores
1486 1455 1643 1525 ﬁunt,
1679 1453 1793 1510 ﬁeri
1826 1453 1987 1509 aliter
2014 1469 2111 1508 ne-

521 1548 663 1618 quit,
713 1549 842 1619 quin
874 1563 905 1604 a
933 1563 1019 1605 me
1048 1550 1291 1605 omnium
1342 1548 1568 1604 minime
1621 1545 1979 1618 quorumdam
2022 1545 2119 1601 ad-

525 1649 832 1697 moneatur.
883 1641 1113 1697 Conﬁdo
1158 1650 1342 1698 autem
1390 1642 1457 1697 de
1506 1640 1754 1696 bonitate
1799 1654 1919 1705 sua,
1971 1635 2118 1710 quod

524 1735 741 1806 cognita
772 1734 1002 1791 veritate
1032 1734 1264 1806 ingenue
1304 1732 1567 1789 fatebitur
1590 1747 1678 1787 me
1701 1731 1865 1802 justis
1892 1730 1960 1786 de
1988 1744 2118 1784 eau-

2209 517 2384 573 Toleti
2418 520 2471 573 in
2502 519 2836 574 monasterio
2867 517 3119 583 Sislensi,
3154 517 3246 574 cui
3279 516 3409 574 illud
3450 516 3599 575 dono
3636 517 3803 577 dede—

2212 618 2297 665 rat
2316 609 2579 666 Dominus
2602 612 2793 667 Petrus
2817 611 2993 667 Pecha
3022 610 3299 682 quendam
3332 610 3625 682 episcopus
3644 611 3807 669 Cicu-

2211 702 2419 757 nensis.
2468 702 2607 759 iliuc
2652 703 2785 759 satis
2831 700 3102 759 detectam
3138 701 3403 758 Chrenici
3434 702 3597 774 lmjus
3628 704 3807 775 impo-

2209 805 2414 848 sturam
2460 794 2739 850 existimat
2766 793 2824 849 Ρ.
2857 792 3190 869 Penuetttrs;
3232 803 3291 850 et
3332 795 3505 850 multo
3538 796 3710 867 magis
3738 812 3805 853 cx

2210 885 2574 957 discrepantia
2621 886 2892 952 codicum,
2937 886 3028 958 qui
3058 887 3159 943 sub
3203 888 3390 945 Dextri
3434 891 3659 946 nomine
3701 892 3808 948 cir-

2210 978 2622 1055 cuml‘eruntur:
2655 981 2708 1037 in
2740 996 2807 1036 eo
2851 980 2997 1043 enim
3027 995 3135 1053 quo
3164 981 3336 1038 utitur
3379 982 3633 1055 Marquez
3666 998 3803 1039 non-

2214 1072 2358 1128 mrlla
2394 1050 2694 1145 suntfqum
2739 1075 2791 1130 in
2834 1050 3059 1131 excuse
3092 1089 3260 1145 opera
3304 1050 3632 1131 Calderouis
3678 1076 3813 1132 deii-

2214 1164 2385 1230 ciunt,
2416 1165 2722 1235 przescrtim
2754 1166 2820 1222 ad
2850 1180 2940 1222 an.
2970 1166 3131 1222 Dom.
3158 1166 3266 1225 421
3301 1175 3358 1223 et
3385 1183 3584 1225 nomen
3631 1169 3809 1241 ipsum

2215 1259 2451 1313 auctoris
2476 1259 2628 1315 varie
2654 1259 2944 1327 scribitur;
2977 1258 3162 1317 Codex
3193 1274 3429 1317 excusus
3457 1259 3549 1317 ω.
3577 1260 3640 1317 ι..
3665 1260 3811 1319 Dar-

2218 1358 2371 1415 trum,
2405 1350 2587 1407 Codex
2635 1366 2766 1407 vero
2808 1369 2968 1423 quem
3016 1354 3269 1427 Marquez
3316 1355 3567 1427 sequitur
3614 1357 3692 1413 ll.
3742 1358 3810 1414 L.

2220 1439 2472 1495 Dextrum
2513 1452 2810 1515 nuncupit.
2836 1444 2984 1499 Multi
3011 1444 3277 1514 integrum
3319 1460 3455 1517 opus
3480 1460 3602 1503 esse
3626 1448 3817 1505 existi-

2222 1542 2396 1602 mant,
2435 1534 2739 1592 Eseulanus
2770 1551 2905 1592 vero
2951 1538 3337 1609 compendium
3382 1540 3666 1597 dumtaxat
3698 1555 3818 1598 cre-

2223 1624 2336 1689 dit,
2366 1624 2434 1681 ad
2472 1626 2633 1698 idque
2660 1628 2962 1685 Pennouus
2989 1629 3301 1698 adducitur,
3338 1631 3482 1701 quod
3507 1630 3814 1690 Chrenicon

2227 1717 2454 1784 Dextri,
2504 1729 2644 1776 teste
2690 1722 3038 1795 Hieronymo,
3074 1723 3238 1780 fuerit
3278 1725 3609 1782 omnimodas
3637 1726 3820 1783 Histo-

524 1828 622 1895 sis,
678 1827 923 1884 veritatis
972 1826 1206 1893 scilicet,
1257 1824 1529 1894 nationis,
1574 1833 1632 1881 et
1680 1823 1956 1895 rcl’gionis
1998 1825 2118 1880 zelo

2225 1810 2320 1866 riae
2350 1851 2367 1877 ,
2427 1810 2573 1867 unde
2620 1814 3055 1881 copiosissimum
3108 1815 3282 1873 fuisse
3344 1830 3629 1875 necessum
3687 1830 3771 1875 est
3800 1860 3815 1886 ,

526 1930 900 1990 commotum,
950 1936 1059 1977 non
1108 1920 1325 1992 quidem
1356 1920 1412 1975 in
1440 1916 1638 1989 ipsum.
1669 1932 1831 1989 quem
1873 1917 2119 1987 impense

532 2028 791 2071 revereor
817 2023 867 2071 et
897 2013 1080 2081 laude,
1107 2013 1201 2070 sed
1230 2013 1284 2069 in
1312 2012 1497 2068 laesam
1526 2010 1762 2067 auctoris
1808 2016 1863 2066 et
1906 2007 2120 2065 ordinis

530 2107 636 2163 mei
665 2107 887 2173 tamam,
918 2107 1003 2162 cui
1037 2103 1258 2176 scriptis
1299 2106 1411 2163 suis
1454 2102 1637 2162 calere
1668 2100 1847 2177 potius
1878 2101 2115 2174 dicendi,

529 2212 694 2271 quam
726 2197 1003 2254 voluntate
1034 2194 1293 2254 detraxit.

531 2357 560 2430 ς
586 2356 650 2413 11.
696 2357 837 2424 Quot
876 2367 925 2413 et
961 2366 1158 2430 quanto
1182 2359 1253 2414 ad
1278 2357 1663 2413 retundendam
1692 2355 1940 2430 Chronici
1966 2355 2126 2430 lmjns

727 2428 1088 2486 auctoritatem
1116 2428 1407 2486 Peunottus
1433 2430 1713 2484 meditatus
1742 2428 1937 2501 fuerit?

602 2565 671 2623 Ut
690 2566 849 2637 igitur
861 2566 930 2621 ab
950 2579 1058 2621 eve
1072 2565 1239 2644 (quod
1252 2563 1358 2619 dici
1375 2562 1542 2636 solet)
1560 2563 1875 2619 exordiatur
1888 2562 2130 2619 Pennot-

536 2665 652 2722 tus,
697 2657 1007 2728 priusquam
1036 2657 1103 2712 de
1132 2657 1295 2713 rebus
1322 2657 1377 2712 in
1397 2655 1670 2712 Chronico
1706 2657 1824 2727 ipso
1856 2656 2128 2713 contentis

535 2749 859 2805 scrutinium
884 2747 1062 2815 iaciat,
1107 2748 1207 2803 tria
1230 2746 1458 2818 objicit,
1491 2763 1612 2816 quac
1645 2746 1806 2803 ﬁdem
1843 2746 1987 2804 illius
2020 2762 2129 2804 non

539 2855 729 2913 parum
760 2852 1025 2897 enervare
1048 2839 1285 2911 judicat;
1329 2839 1551 2895 tetidem
1580 2838 1836 2895 nimirum
1867 2838 2129 2895 articulos

538 2934 591 2989 iu
637 2932 834 3004 quibus
878 2932 1101 3001 Hispani
1128 2933 1444 3003 scrip:eres,
1479 2946 1604 2988 cum
1628 2931 1695 2988 de
1725 2946 1792 2988 eo
1835 2933 2131 3003 loquuntur

537 3027 682 3085 inter
706 3042 767 3084 se
793 3027 1081 3093 dissident,
1129 3026 1244 3083 sive
1269 3026 1412 3082 circa
1460 3028 1930 3083 conservationem
1956 3024 2130 3083 Chre-

536 3121 676 3189 nici,
725 3121 838 3177 sive
887 3121 1032 3177 circa
1084 3118 1483 3189 inventionem,
1540 3119 1656 3176 sive
1702 3118 1940 3191 denique
1985 3121 2129 3176 circa

2221 1911 2278 1959 et
2304 1915 2705 1976 consequenter
2752 1907 2924 1962 multo
2972 1909 3143 1980 magis
3186 1924 3277 1975 eo,
3318 1909 3466 1980 quod
3516 1924 3663 1967 nunc
3717 1912 3817 1967 sub

2222 1998 2341 2070 ejus
2370 2000 2590 2056 nomine
2616 2001 3019 2070 circumfertur,
3069 2003 3204 2058 alias
3233 2003 3457 2061 minime
3498 1983 3636 2076 opus
3668 2005 3820 2062 titulo

2224 2093 2600 2165 responderet.
2635 2096 2829 2152 Fertur
2854 2098 3015 2153 etiam
3046 2097 3615 2157 DeminumJeannem
3647 2101 3812 2157 Pcrez

2226 2186 2540 2257 episcopum
2584 2187 3004 2259 Segerhiensem
3054 2189 3200 2245 aliud
3254 2189 3418 2262 longe
3464 2205 3495 2245 a
3544 2191 3819 2262 praedictis

2226 2277 2485 2336 habuisse
2535 2280 2721 2338 Dextri
2764 2280 3104 2349 Chrenieon,
3161 2283 3231 2339 de
3273 2298 3382 2355 que
3428 2283 3718 2356 perdoctus
3758 2283 3817 2341 P.

2226 2364 2444 2427 Murillu
2492 2371 2547 2427 in
2601 2372 2830 2445 prologo
2876 2373 3001 2429 libri
3048 2372 3385 2430 iundatienis
3430 2376 3572 2431 sacri
3618 2375 3822 2433 Sacelli

2227 2464 2313 2520 det
2353 2463 2525 2536 Pilar,
2563 2466 2768 2538 inquit;
2811 2467 2928 2522 Non
2963 2476 3072 2524 tam
3110 2467 3476 2538 abbreviatie,
3510 2484 3673 2541 quam
3704 2485 3829 2527 cor-

2228 2558 2411 2629 ruptio
2441 2557 2703 2615 Chrenici
2734 2560 3015 2616 Dextriani
3061 2562 3309 2629 videtur;
3353 2578 3478 2619 nam
3509 2563 3563 2619 in
3595 2579 3664 2619 eo
3691 2578 3831 2621 nou-

2230 2650 2376 2705 nulla
2405 2652 2639 2722 veritati,
2672 2662 2728 2709 et
2753 2654 3009 2724 gravitati
3040 2654 3289 2713 historia:
3315 2655 3671 2714 inveniuntur
3691 2672 3824 2714 ceu-

2230 2741 2421 2807 traria,
2448 2751 2500 2797 et
2534 2750 2688 2799 tanto
2720 2754 2944 2801 auctore
2975 2745 3216 2817 indigna.

2302 2835 2434 2904 Sed,
2466 2837 2611 2909 quod
2640 2838 2886 2895 omnium
2920 2848 3085 2910 caput
3113 2849 3201 2897 est
3229 2840 3331 2913 (ait
3356 2839 3473 2913 ille)
3504 2841 3551 2897 si
3590 2856 3829 2914 qutrras,

2230 2928 2506 3001 quodnam
2551 2946 2620 2986 ex
2665 2929 2824 2987 dictis
2870 2934 3278 3005 exemplaribus
3324 2935 3457 2991 illud
3501 2937 3593 3007 sit,
3638 2938 3729 2993 cui
3771 2948 3832 2995 ut

2230 3020 2474 3092 legitime
2518 3020 2681 3078 ﬁdem
2721 3021 3117 3080 adhibeamus?
3156 3024 3251 3081 Fr.
3300 3024 3535 3083 Didacus
3584 3028 3833 3096 Murillus

2232 3112 2698 3170 abbreviationem
2736 3129 2847 3186 prie
2896 3117 3147 3172 manibus
3171 3116 3432 3175 Chronici
3476 3118 3636 3190 hujus
3666 3119 3835 3177 habe-

537 3214 786 3270 codicum
834 3216 1112 3268 variorum
1162 3213 1610 3283 discrepantiam.
1662 3211 1819 3279 Quod
1874 3211 2018 3268 enim
2059 3211 2127 3268 ad
2156 3178 2201 3241 (ἶ
2234 3203 2325 3261 bat
2371 3204 2427 3261 in
2474 3205 2659 3263 multis
2686 3206 2756 3263 ab
2800 3222 2900 3275 eo,
2933 3209 3078 3278 quod
3109 3209 3541 3282 Ctesaraugustze
3567 3226 3831 3269 excusurn

536 3307 1019 3363 conservationem
1045 3313 1276 3376 spectat,
1307 3303 1525 3374 quidam
1556 3313 1937 3361 conservatum
1964 3304 2131 3361 fuisse

534 3406 762 3469 negant.
810 3399 906 3454 sed
961 3398 1159 3469 injuria
1202 3407 1507 3468 temporum
1556 3396 1790 3468 periisse
1830 3396 2125 3465 affirmant,

535 3488 679 3561 quod
710 3489 976 3546 Darenins
1022 3488 1225 3546 asserit
1270 3497 1400 3544 tom.
1452 3488 1519 3545 IV
1550 3487 1751 3545 Annal.
1783 3488 1994 3546 Eccles.
2028 3490 2129 3547 sub

533 3596 679 3637 anno
721 3581 875 3635 Dom.
931 3579 1059 3636 392.
1112 3578 1217 3635 Alii
1268 3590 1647 3637 conservatum
1692 3581 2031 3637 contendunt
2075 3583 2129 3638 in

533 3672 860 3730 bibliotheca
901 3672 1191 3729 Fuldensis
1219 3673 1560 3742 monasterii,
1591 3688 1702 3746 quo
1727 3686 1849 3731 cum
1881 3672 2003 3730 aliis
2037 3689 2130 3731 ce-

537 3764 749 3833 dicibus
770 3807 785 3831 ,
826 3766 979 3835 jussu
1012 3762 1191 3822 Caroli
1216 3763 1389 3837 Magni
1422 3765 1554 3837 imp.
1587 3775 1833 3837 tempore
1862 3767 2126 3825 Sarrace-

537 3858 673 3912 nicae
721 3858 891 3913 cladis
940 3873 1008 3914 ex
1067 3855 1321 3929 llispania
1368 3856 1639 3916 deductus
1687 3860 1812 3928 fuit,
1860 3861 2005 3932 quod
2055 3860 2132 3918 ait

538 3947 885 4005 Euthrandus
926 3949 980 4004 in
1015 3949 1177 4021 epist.
1224 3948 1294 4005 ad
1341 3948 1767 4022 Regismundum
1810 3952 2127 4023 episcopum

532 4041 955 4099 iliberritanum.
988 4040 1064 4097 De
1086 4043 1371 4098 inventore
1392 4043 1638 4099 nonnulli
1660 4040 1936 4101 afﬁrmant
1958 4044 2130 4103 fuisse

536 4131 1249 4204 przel'atumEuthrandnm,
1284 4133 1377 4206 qui
1406 4133 1593 4191 ﬁeruit
1639 4136 1784 4191 circa
1830 4150 1917 4192 an.
1969 4136 2126 4194 Dom.

530 4226 660 4283 590.
714 4225 853 4282 Aliis
901 4226 1080 4299 placet
1132 4224 1301 4283 fuisse
1359 4225 1638 4285 illustriss.
1691 4227 1982 4285 Dominum
2035 4228 2126 4286 Fr.

534 4319 896 4389 Augustinum
926 4318 994 4375 de
1037 4316 1165 4375 Jcsu
1210 4317 1681 4391 archiepiscopum
1714 4318 2126 4388 Bracareusem,

527 4410 621 4484 qui
644 4409 989 4468 Germaniam
1014 4426 1310 4483 peragrans
1336 4411 1790 4469 monasteriorum
1812 4414 1894 4470 sui
1922 4414 2151 4489 ordinis

532 4504 927 4579 (eremitarum
978 4505 1038 4563 S.
1084 4504 1225 4578 Aug.
1278 4505 1429 4577 prior
1482 4506 1752 4578 generalis
1790 4514 1921 4564 tunc
1967 4505 2127 4581 erat)

529 4599 924 4677 visitanderum
954 4599 1146 4672 gratia,
1194 4598 1248 4655 in
1276 4596 1518 4656 codicem
1553 4599 1736 4656 Dextri
1764 4598 1905 4658 forte
1932 4600 2123 4657 incidit

526 4692 670 4765 apud
718 4692 1045 4761 Fuldenses,
1078 4691 1223 4749 unde
1263 4688 1373 4748 duo
1418 4692 1672 4765 exempla
1704 4694 1918 4750 extrahi
1964 4694 2120 4761 fecit,

530 4798 758 4855 quorum
788 4800 951 4841 unum
976 4781 1236 4855 Philippe
1257 4782 1301 4840 ll
1330 4784 1442 4856 regi
1465 4783 1750 4841 Catholico
1775 4784 1918 4842 done
1949 4784 2119 4855 dedit,

530 4877 705 4933 altero
750 4878 863 4934 suis
906 4877 1095 4934 usibus
1121 4884 1423 4933 reservato.
1450 4875 1527 4932 lta
1554 4874 1794 4933 Joannes
1818 4876 2118 4944 Calderon,

524 4972 612 5026 cui
665 4979 845 5026 tamen
892 4986 963 5027 ex
1007 4969 1273 5028 diametro
1315 4982 1375 5027 se
1404 4968 1629 5043 opponit
1656 4966 1864 5041 GaSpar
1888 4970 2119 5027 Albarcz

528 5064 597 5120 de
643 5063 856 5119 Lesada
902 5079 1104 5136 negans
1155 5064 1449 5121 Dominum
1501 5064 1863 5137 Augustinum
1909 5078 1941 5118 a
1990 5062 2122 5121 Jesu

531 5154 798 5211 Dextrum
834 5170 1089 5225 umquam
1137 5157 1193 5213 in
1240 5154 1530 5213 Germania
1563 5154 1855 5227 reperisse.
1893 5154 1998 5212 Alii
2029 5156 2123 5213 de.

525 5248 653 5305 inde
702 5245 1077 5303 inventionem
1118 5247 1358 5305 tribuunt
1404 5247 1471 5304 R.
1514 5246 1576 5305 Ρ.
1605 5247 1831 5305 Thema;
1858 5247 2122 5307 Terralba

532 5343 888 5402 Occamtieusi
919 5359 1093 5400 esoc.
1143 5344 1272 5401 Jcsu
1322 5345 1667 5420 presbytero,
1719 5360 1880 5418 quem
1932 5342 2122 5401 Fuldte

522 5450 799 5508 repertum
825 5452 914 5493 an.
953 5438 1109 5492 Dom.
1144 5436 1280 5494 1594
1313 5438 1462 5495 misit
1489 5441 1541 5495 in
1566 5438 1876 5511 Hispaniam
1901 5437 1962 5493 Ρ.
1990 5437 2119 5493 ilie-

525 5547 756 5606 renyme
784 5532 850 5588 de
875 5534 924 5587 la
957 5529 1189 5602 lliguera
1213 5531 1457 5603 ejusdem
1484 5547 1599 5591 sec.
1625 5532 1929 5602 Theologo.
1964 5537 2020 5586 et
2048 5529 2117 5586 de

527 5625 842 5695 antiquitate
873 5623 1260 5682 Ecclesiastica
1290 5624 1430 5681 bene
1461 5625 1655 5681 merito
1692 5642 1705 5679 :
1750 5634 1805 5680 et
1837 5622 2117 5680 nihilomi-

523 5734 623 5773 nus
651 5730 899 5775 asserunt
946 5720 1038 5777 alii
1084 5737 1191 5778 non
1237 5719 1369 5778 illud
1417 5721 1691 5793 reperisse
1734 5718 1961 5787 Fuldae,
2012 5715 2109 5775 sed

524 5808 876 5893 Wortuacie,
916 5812 1161 5891 Denique
1204 5815 1410 5893 dispar
1454 5814 1760 5882 Esculanus
1799 5822 1989 5879 auctor
2016 5820 2104 5876 est

2232 3308 2338 3369 est,
2371 3311 2425 3355 et
2453 3315 2483 3355 a
2524 3314 2657 3357 vero
2704 3301 3019 3369 distantem,
3054 3302 3197 3360 unde
3224 3320 3254 3359 a
3280 3302 3491 3361 Joanne
3534 3303 3831 3374 Calderon,

2231 3392 2322 3463 qui
2356 3391 2488 3447 illud
2520 3392 2803 3450 excudere
2850 3396 3061 3451 curavit
3109 3395 3163 3452 in
3210 3397 3441 3469 prologo
3471 3397 3538 3454 ad
3569 3399 3832 3457 lectorem

2231 3484 2571 3554 exploditur.
2602 3483 2711 3541 Sed
2758 3495 2811 3541 et
2858 3484 2976 3557 ipse
3031 3486 3387 3544 nihilominus
3432 3488 3605 3546 codex
3653 3490 3726 3546 ab
3764 3506 3831 3549 eo

2231 3589 2465 3631 excusus
2497 3577 2980 3649 depravatissimus
3007 3579 3250 3636 omnium
3288 3595 3411 3638 esse
3440 3581 3826 3641 convincitur:

2233 3669 2403 3724 multa
2450 3669 2597 3725 enim
2650 3673 2937 3728 oscitantia
2983 3672 3285 3743 impressus
3328 3672 3466 3740 fuit,
3517 3684 3577 3731 ut
3628 3674 3829 3747 legenti

2234 3761 2460 3831 patebit.
2503 3760 2615 3818 Nec
2656 3761 2879 3830 desunt,
2908 3763 3001 3835 qui
3048 3762 3232 3821 dicant
3274 3764 3584 3822 Chronicon
3618 3765 3691 3822 Μ.
3723 3766 3831 3822 Ila-

2233 3854 2362 3910 xiuti
2416 3854 2771 3925 depravatum
2823 3871 2995 3928 nuper
3050 3856 3223 3915 fuisse
3273 3872 3305 3914 a
3360 3857 3829 3917 Centuriaturibus

2232 3944 2805 4017 Magdeburgensibus.
2834 3960 2843 3971 θ

2305 4038 2441 4095 iiinc
2479 4054 2610 4097 vero
2647 4050 2881 4112 quatuor
2923 4040 3075 4098 elicit
3105 4040 3407 4098 Penneltus
3445 4057 3459 4097 :
3497 4043 3553 4098 1⁸
3582 4051 3642 4100 ιιι
3672 4045 3831 4101 mini-

2232 4144 2401 4199 mum,
2453 4147 2560 4188 non
2602 4140 2860 4190 constare
2888 4132 3151 4191 hactenus
3180 4134 3250 4192 de
3278 4143 3498 4192 vetuste
3525 4137 3829 4209 exemplari

2233 4224 2392 4296 hujus
2442 4225 2741 4294 Chronici,
2794 4225 2996 4284 nedum
3044 4227 3113 4287 de
3166 4229 3408 4301 legitimo
3462 4232 3826 4303 autographe.

2231 4319 2297 4374 2°
2341 4319 2594 4375 Codicem
2642 4318 2972 4377 Fuldenscm
3021 4319 3191 4379 fuisse
3219 4339 3249 4378 a
3277 4322 3831 4395 Magdeburgensibus

2234 4412 2506 4469 hmreticis
2533 4412 2798 4470 vitiatum.
2832 4417 2896 4473 3°
2921 4415 3057 4472 illud
3084 4431 3193 4488 quo
3222 4417 3476 4489 Marquez
3522 4434 3655 4475 usus
3704 4419 3829 4486 iuit,

2236 4518 2342 4561 non
2370 4504 2539 4561 fuisse
2562 4504 2829 4577 integram
2857 4506 3144 4564 historiam
3176 4509 3383 4577 Dextri,
3412 4509 3508 4566 sed
3540 4512 3831 4569 abbrevia-

2234 4599 2433 4656 tieuem
2469 4598 2772 4668 dumtaxat,
2819 4599 3193 4672 depravatam.
3224 4602 3289 4660 4ο
3306 4602 3618 4661 Chrenicen
3663 4620 3836 4663 excu-

2230 4704 2349 4750 sum
2396 4691 2822 4765 Ctesaraugustze
2870 4693 3121 4765 plurimis
3171 4705 3385 4753 scatere
3427 4694 3676 4764 mendis;
3719 4713 3830 4770 quo

2231 4786 2323 4843 ﬁet
2339 4801 2406 4842 ex
2427 4794 2618 4843 neutro
2634 4799 2823 4843 eorum
2852 4797 3230 4858 argumentum
3251 4798 3460 4846 certum
3484 4790 3627 4846 sumi
3660 4805 3826 4863 posse

2228 4876 2385 4951 quasi
2430 4893 2497 4935 ex
2539 4878 2862 4935 auctoritate
2900 4878 3108 4936 Dextri.
3142 4883 3219 4938 lin
3264 4880 3521 4938 Pennettl
3547 4877 3819 4953 judicium

2229 4970 2298 5031 de
2323 4972 2595 5030 Chronico
2621 4970 2827 5041 Dextri,
2856 4980 2912 5029 et
2937 4972 3156 5029 Maximi
3209 4989 3381 5046 nuper
3409 4973 3662 5046 evulgato
3682 5018 3699 5041 ,
3754 4975 3830 5031 ab

2227 5065 2467 5124 externis
2518 5072 2725 5121 tantum
2773 5066 2857 5137 (ut
2886 5065 2969 5141 sic
2996 5066 3251 5139 dixerim)
3279 5066 3612 5139 argumentis
3641 5067 3819 5124 dedu-

2225 5169 2397 5215 ctum.
2448 5156 2581 5213 Nam
2636 5157 2848 5215 interna
2900 5157 3208 5215 minutatim
3257 5158 3599 5231 prospiciens
3649 5163 3826 5216 multa

2227 5248 2458 5323 reperiri
2509 5250 2794 5309 contendit
2838 5251 2985 5309 inter
3028 5266 3125 5322 se,
3170 5260 3230 5311 et
3267 5266 3397 5311 cum
3445 5254 3679 5314 veritate
3731 5268 3834 5327 pu-

2224 5342 2468 5416 gnamia.

2296 5436 2507 5506 Qumris
2546 5438 2700 5510 quae?
2740 5438 2985 5496 Breviter
3012 5452 3111 5496 sua
3157 5440 3300 5496 dicta
3331 5439 3719 5512 perstringam.
3756 5439 3819 5496 lu

2225 5529 2453 5602 epistola
2485 5546 2607 5603 quae
2652 5530 2998 5602 prmurittitur
3026 5528 3386 5589 dedicationis
3413 5528 3480 5586 ad
3512 5530 3577 5587 D.
3612 5530 3808 5587 [liere-

2225 5638 2469 5695 nymum,
2509 5620 2611 5679 tria
2643 5622 2882 5680 difﬁcilia
2911 5632 3077 5684 sunt:
3110 5627 3171 5680 1ο
3192 5622 3335 5696 quod
3366 5632 3573 5679 asserat
3607 5620 3812 5679 Dexter

2226 5716 2546 5790 produxisse
2571 5712 2883 5775 Cbreuicen
2917 5716 2985 5772 ad
3035 5732 3237 5772 annum
3266 5714 3465 5773 Christi
3513 5714 3645 5783 450,
3687 5728 3814 5772 cum

2223 5820 2404 5873 tamen
2447 5820 2571 5872 aute
2615 5810 2687 5873 to
2716 5823 2887 5870 annos
2917 5806 2985 5870 dc
3015 5823 3080 5870 eo
3107 5806 3469 5883 Hieronymus
3494 5805 3817 5867 meminerit
