4122 6174
299 317 406 379 8’1

1355 302 1881 367 APOLOGETIUUS
1922 301 2063 363 ιδηο
2098 303 2160 360 in
2205 301 2509 363 DEXTRO.

3487 299 3594 361 608

302 435 358 493 iu
382 431 484 493 lib.
530 429 599 487 de
626 428 830 499 Seript.
862 426 1011 485 Eccl.
1038 439 1203 499 queat
1243 439 1391 482 anno
1416 423 1616 482 Christi
1647 421 1756 480 590
1779 421 1893 479 ela-
1920 433 1970 494 Α
2071 418 2205 477 Item
2233 418 2336 476 sub
2364 433 2491 477 ann.
2520 418 2647 486 156,
2672 418 2807 477 dicit
2834 418 2894 476 S.
2926 418 3285 492 Polycarputn
3316 417 3415 477 illo
3443 431 3589 475 anno

299 527 552 584 boratum
598 538 668 579 ex
719 520 828 581 ﬁne
875 520 1021 577 illius
1070 518 1420 576 manifestum
1458 526 1569 586 est,
1615 524 1672 572 et
1702 514 1895 586 probat

299 621 504 686 Daren,
537 619 593 675 in
620 615 822 675 Annal.
852 615 1059 672 Eccles.
1091 613 1149 671 2°
1180 613 1337 682 Quod
1370 611 1513 668 dicat
1556 623 1696 679 opus
1736 621 1894 664 suum

302 713 370 769 ad
420 725 613 768 manus
660 706 976 779 llieronymi
1021 713 1083 761 ut
1128 717 1253 776 pote
1290 705 1401 775 jam
1428 700 1671 759 defuncti
1705 713 1896 768 perve-

300 806 422 863 nire
446 800 791 873 nequivisse;
832 800 951 871 quis
981 808 1162 855 autem
1184 797 1372 855 credat
1400 797 1469 850 ab
1494 808 1640 850 anno
1671 790 1889 847 Domini

300 898 408 956 390
444 913 593 970 quo,
644 904 787 952 teste
834 894 1205 965 Hieronymo,
1255 892 1399 949 liber
1446 889 1684 959 scriptus
1729 892 1891 950 erat,

299 1005 473 1063 usque
515 989 584 1045 ad
626 988 732 1044 diti
780 1002 910 1059 quo,
964 986 1051 1041 vel
1100 986 1219 1056 ipso
1268 984 1470 1040 Dextro
1522 978 1891 1044 concedente,

300 1083 669 1154 ilieronymus
721 1080 775 1135 in
834 1078 1088 1135 humanis
1132 1091 1255 1133 esse
1298 1075 1463 1130 desiit
1510 1072 1581 1130 '56
1623 1084 1891 1127 annorum

300 1172 729 1244 intercapedine.
757 1185 898 1241 opus
940 1168 1048 1225 sibi
1091 1184 1122 1224 a
1171 1166 1550 1238 potentissimo
1583 1164 1701 1220 viro
1742 1162 1891 1219 dica-

299 1278 440 1338 tum,
492 1280 788 1336 numquam
836 1262 1149 1333 accepisse?
1181 1262 1241 1318 5ο
1258 1260 1401 1334 quod
1450 1259 1506 1314 in
1552 1257 1744 1313 eadem
1772 1255 1891 1326 epi-

299 1363 440 1421 stola
472 1362 704 1418 fateatur
751 1367 944 1414 auctor
990 1357 1157 1424 illius,
1199 1371 1322 1413 cum
1355 1352 1488 1409 illud
1534 1364 1672 1421 cpus
1696 1349 1893 1405 Orosio

298 1456 653 1529 nuncupavit,
684 1453 921 1526 viguisse
945 1466 1145 1537 annum
1197 1449 1400 1505 Christi
1428 1447 1538 1504 4'50
1582 1455 1635 1500 et
1684 1445 1740 1499 in
1788 1444 1895 1499 line

297 1565 409 1608 sum
456 1551 699 1607 historiae
744 1549 948 1604 Dexter
976 1544 1188 1612 scribit,
1220 1541 1439 1615 quando
1478 1539 1631 1596 illam
1660 1537 1893 1596 absolvit

300 1643 553 1702 ﬂoruisse
580 1656 780 1699 annum
811 1638 939 1696 ΜΟ.
1574 1670 1596 1690 .

368 1737 540 1793 Multo
586 1735 741 1807 plura
782 1735 835 1788 in
865 1742 1158 1802 progressu
1203 1724 1448 1782 historias
1478 1724 1729 1782 falsitatis
1758 1737 1892 1779 con-

1999 519 2164 576 ivisse
2193 517 2420 573 ilomam
2449 514 2553 570 sub
2601 512 2870 570 Aniceto:
2922 528 3047 570 cum
3098 523 3280 575 tamen
3326 513 3591 573 Anicetus

1996 622 2124 667 ante
2150 623 2354 665 annum
2388 606 2491 663 167
2525 605 2766 675 pontifex
2794 605 3144 662 renuntiatus
3171 620 3280 661 non
3309 605 3492 662 fuerit.
3578 652 3581 659 ,

2068 702 2179 760 Sed
2221 711 2275 757 ut
2319 700 2453 756 alios
2482 699 2671 756 multos
2702 715 2901 755 errores
2933 697 3031 771 (ait
3074 697 3401 770 Pennottus)
3450 699 3591 756 circa

1995 813 2251 877 cultorum
2299 803 2599 867 computum
2649 792 2734 848 illi
2773 792 3064 857 donemus;
3110 794 3216 848 sub
3265 806 3409 849 anno
3457 791 3587 856 εει,

1996 889 2201 960 iginius
2235 885 2614 944 Cordubensis
2668 884 2870 941 dicitur
2923 885 3195 954 relegatus
3241 885 3296 939 in
3353 883 3586 941 insnlant

1995 981 2296 1037 Gallarum
2347 979 2619 1036 Lerunem
2670 991 2839 1047 :qum
2893 984 3075 1031 tamen
3125 986 3255 1031 ante
3296 974 3590 1033 adventum

1997 1073 2058 1130 S.
2098 1072 2290 1128 llilarii
2336 1071 2485 1128 circa
2514 1084 2720 1127 annum
2751 1068 2937 1141 gratim
2981 1065 3112 1131 ΗΟ.
3152 1065 3532 1123 inhabitabilis
3557 1081 3590 1125 a

1995 1166 2342 1236 serpentibus
2381 1163 2731 1228 reddebatur,
2763 1169 2821 1217 ut
2867 1169 3018 1217 notat
3065 1161 3333 1219 Duronius
3383 1159 3454 1219 ad
3494 1174 3592 1217 an-

1995 1274 2123 1316 num
2155 1260 2283 1326 445,
2316 1275 2470 1314 num.
2493 1258 2549 1325 5,
2570 1266 2704 1312 lout.
2729 1257 2795 1313 γ.

2068 1354 2150 1408 Ad
2195 1368 2397 1408 annum
2429 1353 2643 1407 Domini
2703 1351 2831 1419 5&0,
2881 1350 3014 1406 dicit
3063 1360 3258 1409 auctor
3303 1351 3587 1407 Paulinum

1994 1446 2267 1502 Nolanum
2302 1444 2607 1501 Dareinonc
2636 1443 2803 1500 fuisse
2826 1444 3205 1516 presbyterum
3235 1444 3548 1509 ordinatum
3575 1460 3591 1499 :

1994 1550 2325 1595 cumtamen
2353 1547 2479 1593 ante
2510 1537 2841 1607 baptismum
2882 1535 3168 1608 Augustini
3219 1535 3274 1591 id
3324 1535 3591 1594 accidisse

1995 1631 2255 1688 Paulinus
2320 1630 2440 1699 ipse
2488 1629 2693 1685 scribat
2739 1627 2807 1684 ad
2837 1628 3073 1700 Alipium
3122 1628 3287 1699 epist.
3320 1628 3413 1694 55,
3443 1628 3590 1685 inter

1994 1721 2421 1792 Augustinianas
2473 1736 2489 1776 :
2544 1719 2847 1788 baptismus
2891 1734 3022 1774 vero
3065 1719 3255 1775 incidit
3299 1720 3353 1775 in
3387 1735 3591 1776 aununt

295 1830 441 1888 vinei
486 1829 807 1897 existimat,
858 1840 925 1883 ex
975 1823 1174 1896 quibus
1215 1819 1481 1891 ejusmodi
1522 1819 1590 1874 ad
1634 1818 1885 1874 diversos

2004 1813 2150 1868 Dom.
2173 1812 2302 1873 587.
2323 1811 2409 1867 vei
2432 1812 2559 1875 E88,
2585 1818 2644 1866 ut
2670 1810 2929 1881 probavit
2957 1810 3073 1881 ipse
3104 1810 3406 1867 Pennottus
3429 1811 3522 1868 lib.
3547 1828 3589 1879 ι,

292 1920 676 1992 Cbronologia:
692 1913 1192 1988 annes’spcetantia
1216 1912 1426 1982 selegit.
1445 1910 1556 1967 Sub
1570 1926 1662 1966 an.
1684 1910 1887 1966 Christi

290 2015 387 2085 27,
417 2014 558 2070 falso
579 2013 779 2069 dicitur
805 2030 818 2065 :
853 2010 916 2065 S.
944 2006 1228 2063 Pen-anilla
1253 2021 1509 2059 cartorum
1534 2003 1708 2059 decem
1734 2006 1887 2075 ﬂoret

299 2108 362 2162 S.
411 2105 557 2161 Petri
599 2102 822 2175 apostoli
861 2101 975 2171 [ilia
1017 2115 1086 2155 ex
1118 2096 1475 2153 matrimonio.
1513 2094 1648 2150 Nam
1678 2095 1728 2149 id
1760 2094 1888 2164 reji-

294 2200 447 2257 eiunt
475 2199 538 2254 [ι.
570 2196 901 2269 Augustinus
931 2193 1026 2249 lib.
1058 2198 1250 2248 contra
1292 2188 1667 2246 Adimantinm
1710 2202 1762 2243 c.
1792 2187 1881 2252 t7,

296 2301 347 2350 et
376 2290 642 2349 Baronius
668 2288 736 2345 ad
763 2302 896 2343 ann.
933 2286 1089 2341 Dom.
1116 2284 1208 2351 69,
1242 2297 1392 2338 num.
1440 2282 1534 2349 55,
1564 2289 1620 2336 et
1659 2279 1883 2346 merito;

296 2398 398 2457 qua
420 2382 568 2441 enim
593 2382 808 2438 ratione
836 2379 1017 2452 puella
1045 2387 1176 2432 tunc
1204 2374 1466 2430 decennis
1495 2371 1753 2429 ﬂoreret?

368 2477 598 2549 insuper
620 2473 726 2529 sub
750 2486 897 2528 anno
927 2469 1143 2526 Domini
1173 2468 1263 2535 37,
1294 2466 1429 2523 dicit
1480 2464 1744 2522 Jacobum
1784 2461 1888 2517 Ze-

304 2568 480 2627 δοδεί
525 2577 806 2624 auctorem
860 2563 1107 2633 epistolae
1149 2561 1429 2617 canonicae
1472 2557 1682 2628 fuisse,
1742 2553 1887 2628 quod

297 2665 493 2721 falsum
519 2663 591 2720 ab
620 2661 874 2718 omnibus
905 2668 1124 2731 putatur
1149 2675 1165 2723 ;
1215 2667 1269 2713 et
1318 2664 1508 2711 contra
1538 2650 1886 2709 traditionem

298 2759 561 2816 Ecclesia:
609 2757 893 2824 Romamn,
926 2768 1048 2826 quas
1085 2753 1140 2808 in
1188 2751 1326 2807 festo
1356 2749 1417 2807 S.
1448 2746 1636 2804 Jacobi
1663 2742 1888 2801 Minoris

297 2854 469 2924 ipsam
500 2852 607 2924 legi
630 2851 807 2924 jubet.
838 2848 1044 2905 ibidem
1074 2860 1174 2917 pro
1197 2842 1264 2901 i2
1290 2841 1556 2914 tribubus,
1589 2854 1710 2912 qua:
1733 2844 1889 2894 erant

297 2947 353 3001 in
407 2942 770 3014 dispersione,
803 2939 1000 3012 quibus
1050 2936 1283 2994 Jacobus
1334 2934 1622 3005 epistulam
1677 2928 1886 3000 dirigit,

299 3036 418 3092 Vult
457 3031 839 3105 intelligendos
890 3044 1013 3086 esse
1060 3027 1279 3084 lodices
1329 3034 1459 3080 tunc
1512 3022 1566 3077 in
1612 3018 1889 3088 Hispaniis

301 3134 745 3192 comtnorantes;
789 3122 933 3196 quod
963 3127 1329 3178 commentum
1362 3115 1458 3189 (ait
1486 3112 1600 3180 ille)
1651 3111 1719 3167 ad
1764 3110 1888 3165 illos

1991 1921 2044 1961 c.
2086 1906 2143 1972 ιι,
2192 1918 2343 1959 num.
2398 1903 2433 1958 5
2473 1912 2529 1959 et
2582 1903 2636 1968 6,
2691 1902 3048 1972 subjungens,
3102 1903 3187 1960 vel
3228 1903 3358 1959 hinc
3408 1903 3588 1973 detegi

1991 1994 2281 2052 manifeste
2333 1995 2690 2066 imposturam
2745 1995 2907 2066 bujus
2960 1993 3258 2052 Cbronici:
3310 1995 3586 2063 Quomodo

1988 2089 2129 2143 enim
2156 2098 2259 2142 tam
2282 2088 2567 2157 praeturas
2605 2087 2882 2143 historicus
2908 2087 3047 2142 circa
3086 2103 3167 2142 res
3195 2103 3414 2141 suorum
3459 2096 3587 2141 tent-

1989 2197 2196 2255 porum,
2225 2190 2273 2236 et
2299 2197 2416 2253 qua:
2463 2180 2605 2234 domi
2634 2196 2743 2235 sua:
2768 2180 2845 2251 (id
2893 2187 3001 2246 est,
3054 2179 3382 2249 Bareinnne)
3433 2180 3587 2248 facta:

1990 2278 2222 2346 fuerant,
2252 2282 2303 2329 et
2342 2274 2481 2328 circa
2510 2288 2784 2346 personam
2833 2272 2963 2326 adeo
3009 2271 3366 2337 conspicuam,
3413 2270 3588 2341 qualis

1991 2375 2103 2422 erat
2159 2365 2444 2430 Paulinus,
2477 2365 2807 2429 acciderant,
2838 2374 2942 2418 tam
2980 2364 3282 2430 oscitanter,
3335 2369 3447 2417 tant
3498 2377 3595 2417 sc-

1989 2458 2180 2534 gniter,
2212 2473 2274 2512 ac
2309 2466 2414 2512 tant
2469 2456 2690 2526 turpiter
2719 2471 2893 2510 errare
2928 2455 3225 2527 potuisset?

2060 2549 2176 2605 Sub
2212 2563 2345 2605 ann.
2396 2548 2524 2617 400,
2578 2549 2817 2605 mittitur
2863 2546 3091 2604 Orosius
3142 2547 3353 2619 legatus
3393 2547 3590 2617 Hispa-

1991 2658 2189 2699 norum
2215 2643 2519 2698 antistitum
2541 2641 2609 2696 ad
2634 2640 2880 2699 Africani
2909 2639 3191 2711 cujusdam
3223 2638 3446 2697 concilii
3485 2640 3589 2699 Pa-

1993 2745 2127 2803 tres,
2172 2734 2460 2807 presbyter
2490 2734 2710 2804 quidem
2735 2733 2850 2804 jam
2901 2733 3208 2801 ordinatus,
3237 2742 3300 2790 ut
3329 2733 3497 2805 liquet
3518 2748 3591 2790 ex

1990 2829 2154 2899 epist.
2187 2830 2259 2885 9d
2294 2828 2586 2900 Augustini
2611 2845 2626 2889 ;
2655 2838 2712 2885 et
2750 2839 2930 2884 tamen
2962 2838 3124 2885 natus
3164 2827 3363 2884 dicitur
3399 2828 3453 2884 in
3482 2827 3591 2884 hoc

1991 2921 2259 2980 Chronico
2286 2938 2429 2978 anno
2456 2920 2672 2977 Domini
2699 2922 2826 2991 584,
2857 2939 2922 2978 ex
2946 2938 3054 2993 quo
3076 2933 3290 2979 sextum
3317 2922 3589 2978 decimum

1992 3030 2191 3071 annum
2222 3030 2330 3071 non
2358 3017 2661 3071 excess’sse
2688 3016 2965 3086 probatur.
2986 3016 3119 3087 Quae
3143 3024 3349 3084 rerum,
3376 3030 3585 3087 qmcso,

1996 3103 2420 3161 ooovenicntia?

299 3220 450 3277 solos
468 3192 907 3281 restrictumpest
947 3219 1136 3282 aperte
1175 3218 1365 3265 contra
1406 3218 1618 3263 sacram
1647 3200 1892 3271 Seriptu—
1920 3215 1967 3281 ο
2069 3195 2152 3251 Ad
2175 3211 2377 3252 annum
2397 3194 2526 3263 406,
2559 3192 2825 3253 asseritnr
2851 3194 3118 3268 Leporius
3145 3196 3440 3268 episcopus
3470 3193 3596 3253 Uti.

301 3327 418 3369 ram
449 3326 505 3367 tv
528 3309 624 3366 lib.
651 3308 878 3379 Regum.
904 3305 1019 3360 iloc
1047 3317 1208 3375 quam
1236 3314 1425 3371 parum
1453 3304 1665 3352 mature
1685 3292 1893 3348 dictum

300 3408 392 3474 ait,
423 3404 651 3461 iniurius
679 3401 893 3458 videbis
925 3417 939 3454 :
969 3397 1211 3461 interim,
1250 3396 1444 3461 lector,
1477 3392 1748 3464 patienter
1772 3400 1899 3442 sus-

304 3500 416 3556 tine
448 3505 605 3553 notas
657 3496 855 3566 quibus
885 3492 970 3547 vir
1010 3488 1302 3560 religiosus
1329 3499 1430 3542 nos
1478 3481 1667 3540 inurit.
1700 3479 1901 3536 Contra

302 3591 658 3656 traditionem,
683 3587 879 3658 inquit,
913 3583 1186 3650 Ecclesia,
1211 3588 1267 3639 et
1295 3586 1471 3651 ap;rte
1488 3585 1670 3631 contra
1696 3587 1899 3629 sacram

309 3682 668 3754 Scripturam.
710 3674 1133 3734 Tolerabiliores
1181 3677 1369 3727 essent
1412 3669 1459 3724 si
1506 3672 1694 3722 essent
1746 3663 1899 3729 scite,

308 3775 405 3832 sed
449 3775 560 3846 jam
614 3773 752 3828 alias
797 3777 957 3827 notas
985 3765 1320 3823 inildeiitatis
1348 3759 1650 3831 subjungit.
1683 3755 1900 3812 Etenim

308 3877 496 3924 contra
527 3865 811 3921 historiam
862 3858 1243 3931 Evangelicam
1271 3855 1513 3920 Joan.tt,
1563 3850 1666 3906 sub
1707 3846 1903 3904 eodem

311 3976 456 4018 anno
497 3959 804 4025 asseritur,
845 3954 1065 4012 Judaos
1115 3952 1208 4023 qui
1255 3957 1414 4006 erant
1464 3942 1900 4016 Hierosolymis,

311 4057 510 4114 litteris
555 4054 718 4122 datis,
766 4065 1094 4109 consensum
1160 4046 1477 4105 iud-morum
1537 4042 1905 4113 Hispanorum

313 4164 477 4223 super
515 4146 714 4205 Christi
768 4154 943 4201 morte
980 4143 1332 4215 quaesivisse;
1380 4153 1503 4194 nam
1552 4142 1672 4207 post
1724 4147 1910 4223 resur-

317 4221 615 4299 rectionem
670 4235 855 4292 Lazari
904 4242 957 4288 et
995 4232 1333 4288 coactionem
1382 4227 1597 4284 concilii
1628 4239 1737 4294 quo
1758 4221 1910 4277 Citri-

319 4334 387 4390 sti
434 4331 670 4404 perditio
711 4329 929 4383 decreta
975 4334 1090 4389 est,
1140 4339 1248 4379 non
1292 4318 1526 4391 amplius
1578 4327 1909 4372 consensum

326 4424 563 4479 aliorum
594 4417 1003 4487 qunisierunt;
1038 4412 1132 4467 sed
1162 4410 1474 4467 mandatum
1503 4407 1569 4461 ad
1621 4406 1770 4460 illurn
1818 4418 1912 4458 ca-

322 4513 583 4585 piendum
609 4510 900 4572 dederunt,
951 4516 1008 4561 ut
1039 4504 1206 4561 verba
1236 4502 1326 4557 illa
1358 4505 1665 4556 monstrant
1696 4515 1709 4549 :
1743 4494 1916 4550 Dede-

2000 3290 2182 3347 censis
2210 3288 2265 3346 in
2300 3290 2497 3346 Dmtica
2537 3306 2565 3345 a
2611 3290 3009 3362 Pelagianismo
3054 3291 3120 3346 ad
3176 3289 3436 3346 Ecclesia:
3463 3304 3590 3361 grc-

2000 3386 2167 3443 mium
2214 3384 2472 3441 reductus
2511 3385 2582 3440 ab
2610 3386 2912 3456 Augustino
2961 3385 3222 3457 magistro
3265 3399 3365 3440 suo
3396 3401 3410 3438 :
3438 3382 3591 3452 Quod

2000 3489 2341 3552 prteterquam
2368 3480 2510 3551 quod
2539 3488 2614 3535 est
2661 3480 2990 3551 manifestum
3042 3478 3368 3535 mendacium
3412 3478 3466 3533 in
3505 3476 3597 3532 lti-

2002 3575 2183 3638 storia,
2207 3572 2458 3646 chorius
2483 3576 2621 3629 enim
2642 3575 2739 3629 iste
2765 3574 2869 3645 fuit
2911 3573 3183 3645 episcopus
3238 3570 3495 3625 Uticensis
3539 3571 3597 3624 in

2002 3665 2204 3738 Africa,
2234 3681 2337 3721 non
2364 3666 2418 3721 in
2448 3664 2674 3730 Baetica;
2703 3673 2779 3720 est
2801 3668 2957 3719 etiam
3002 3661 3348 3717 intolerabilis
3398 3660 3599 3729 injuria

2006 3750 2074 3814 D.
2126 3758 2417 3828 Augustino
2455 3768 2500 3812 et
2538 3758 2680 3812 illius
2710 3757 2924 3828 [anuliar
2946 3757 3197 3827 irrogata,
3245 3770 3309 3808 ea:
3350 3768 3456 3824 qua
3505 3767 3601 3828 per

2008 3852 2104 3906 Dei
2119 3851 2341 3924 gratiam
2361 3865 2521 3921 neque
2547 3826 2929 3913 ltmresiarcltw,
2950 3861 3113 3916 tneque
3132 3845 3381 3912 haeretici,
3414 3826 3600 3898 saltem

1979 3943 2102 4005 .illo
2129 3942 2345 4008 uiuente,
2374 3941 2725 4014 prodierunt:
2750 3938 2920 4009 qualis
2950 3937 3034 3991 hic
3078 3936 3334 4006 charius
3377 3935 3596 3990 exstitit.

2082 4033 2325 4103 Denique
2352 4046 2476 4086 eum
2506 4030 2574 4085 ad
2600 4029 2803 4085 calcem
2832 4026 3090 4083 Cbronici
3143 4027 3358 4083 dicatur
3403 4025 3603 4080 Dexter

2010 4141 2153 4182 anno
2183 4125 2396 4180 Domini
2421 4124 2530 4181 llo
2554 4138 2678 4179 esse
2705 4122 2885 4177 astatis
2909 4121 2999 4187 7:2,
3033 4128 3290 4175 attamen
3321 4134 3467 4177 anno
3495 4118 3602 4174 300

2012 4219 2142 4275 illud
2187 4217 2675 4289 jam-absolvisset,
2735 4214 2812 4269 mi
2866 4230 2933 4269 ex
2981 4214 3314 4285 Hieronymo
3369 4212 3465 4267 lib.
3536 4210 3608 4265 de

2015 4313 2217 4381 Script.
2268 4310 2482 4366 Eccles.
2519 4310 2579 4364 iit
2631 4308 3001 4377 tttanii‘estum,
3042 4320 3386 4375 consequens
3433 4311 3611 4359 estut

2017 4404 2216 4459 librum
2249 4416 2406 4461 suum
2440 4402 2734 4470 scripserit
2761 4414 2937 4456 annos
2966 4398 3175 4454 habens
3198 4397 3479 4451 dumtaxat
3506 4393 3604 4460 90,

2019 4496 2245 4565 ejusque
2272 4493 2452 4548 relatis
2482 4494 2773 4563 praefectus
2799 4489 3061 4562 prmtorio
3117 4487 3296 4555 fuerit,
3328 4484 3473 4556 quod
3520 4484 3608 4541 ἰηι-

320 4584 442 4662 runt
502 4610 675 4655 autem
703 4597 987 4668 pontiﬁces
1016 4603 1064 4649 et
1096 4591 1355 4647 Phariswi
1384 4588 1709 4655 mandatum,
1764 4594 1821 4640 ut
1869 4586 1915 4639 si
1943 4604 1995 4668 Β
2019 4586 2285 4644 credibile
2313 4598 2538 4656 prorsus
2565 4584 2801 4639 videtur.

321 4698 437 4769 quis
463 4692 761 4768 cognouerit
788 4689 872 4745 ubi
900 4689 989 4756 sit,
1017 4685 1227 4748 indicet,
1258 4692 1314 4737 ut
1340 4679 1732 4750 apprehendant
1773 4692 1911 4737 eum.

325 4793 390 4849 Et
429 4788 737 4861 oppositum
778 4782 1131 4839 vanissimam
1158 4786 1324 4834 vocat
1349 4786 1741 4831 commentum.

2097 4679 2374 4734 Hactenus
2395 4677 2448 4732 in
2477 4676 2725 4732 codicem
2746 4675 2929 4733 Dextri
2959 4673 3253 4730 iusurrexit
3278 4672 3617 4738 Pennottus;
3683 4724 3692 4732 .
3720 4738 3733 4747 κ

2025 4772 2200 4844 pergit
2225 4769 2489 4841 deinceps
2518 4769 2572 4826 in
2602 4768 2721 4838 ejus
2748 4767 3181 4823 continuauit-em
3209 4766 3283 4824 li.
3327 4763 3618 4823 Maximum

400 4855 609 4940 [iuratis
633 4878 735 4935 sub
763 4891 908 4933 anno
935 4874 1026 4941 38,
1058 4872 1192 4928 falso
1220 4870 1422 4926 dicitur
1455 4880 1522 4923 eo
1547 4879 1691 4921 anno
1720 4863 1919 4919 Saulus
2028 4866 2198 4927 multa
2240 4864 2345 4920 alia
2373 4863 2723 4933 conquirere,
2747 4861 2901 4931 cujus
2928 4873 3066 4929 opus
3096 4856 3405 4927 corruptius
3443 4855 3622 4911 adbuc

331 4988 453 5053 post
482 4972 899 5032 conversionem
932 4965 1248 5038 pervenisse
1266 4960 1664 5032 ierosolymnm
1692 4973 1706 5010 :
1732 4962 1918 5025 utpote
2032 4958 2217 5015 multis
2240 4956 2416 5013 modis
2443 4956 2680 5011 existere
2700 4950 3009 5023 contendit.
3042 4949 3227 5007 Primo
3253 4964 3490 5020 namque
3519 4949 3626 5006 sub

335 5047 484 5144 cujus
524 5060 1067 5139 oppositum‘scribat
1096 5058 1212 5128 ipse
1270 5054 1469 5111 Paulus
1518 5050 1587 5144 ad
1643 5047 1821 5105 Galut.
1863 5060 1921 5101 ιε

2032 5068 2177 5110 anno
2219 5052 2348 5117 452,
2392 5050 2661 5107 isidorum
2724 5058 3004 5104 auctorem
3053 5045 3176 5101 libri
3220 5042 3625 5115 Allegorlarum

340 5134 765 5231 Cantinuolpost
781 5148 1219 5219 conversionem)
1250 5163 1353 5202 non
1378 5145 1496 5201 veni
1536 5140 1925 5212 Jerosolymam
2033 5153 2201 5201 vocat
2230 5143 2537 5204 Seniorem;
2568 5139 2892 5196 discordans
2919 5152 2949 5192 a
2983 5138 3201 5202 Dextro,
3235 5134 3325 5206 qui
3376 5149 3501 5190 eum
3518 5146 3629 5187 ’νο-

338 5260 408 5314 ad
453 5221 797 5312 antecessores
822 5260 962 5302 meos
985 5242 1267 5317 apostolos,
1299 5238 1387 5294 sed
1418 5237 1523 5292 abii
1570 5236 1626 5291 in
1655 5224 1926 5299 Arabiam;
2038 5234 2183 5291 cavit
2225 5232 2521 5299 Juniorem,
2570 5231 2636 5287 ad
2677 5245 2877 5285 annum
2908 5227 3038 5294 450,
3078 5235 3134 5282 ct
3162 5241 3285 5282 cum
3339 5225 3429 5282 ille
3477 5221 3631 5279 dedi.

339 5369 386 5416 et
414 5359 596 5413 iterum
622 5368 858 5411 reversus
882 5364 997 5406 sum
1022 5343 1380 5400 Damascum:
1409 5340 1596 5395 deinde
1621 5345 1737 5406 post
1766 5350 1933 5391 annos
2040 5341 2198 5384 casse
2249 5334 2460 5381 asserat
2511 5324 2909 5394 Aliegoriarum
2968 5321 3169 5376 librum
3228 5318 3397 5373 l‘aulo
3434 5311 3631 5369 Oroslu

619 5405 1004 5515 malum.
1030 5452 1050 5495 :
1079 5434 1225 5511 quod
1258 5448 1365 5491 non
1390 5429 1621 5502 contigit
1650 5442 1821 5500 usque
1864 5426 1934 5484 ad
2040 5419 2464 5487 Tarraconensi,
2489 5417 2579 5473 hic
2607 5415 2773 5472 Paulo
2803 5414 2999 5473 Oresio
3026 5408 3347 5484 Legionensi
3373 5405 3636 5476 episcopo
3738 5470 3743 5475 δ

343 5554 435 5598 an.
469 5539 627 5597 Dom.
660 5537 753 5592 ll.

415 5632 528 5689 Sub
547 5642 750 5687 annum
767 5625 983 5684 Domini
999 5625 1087 5689 86,
1103 5621 1476 5697 pontiﬁcatum
1501 5618 1621 5675 Lini
1664 5616 1944 5687 hucusque

2045 5520 2417 5584 nuncupatum
2471 5506 2774 5566 contendit.

2122 5608 2330 5663 Rursus
2358 5604 2460 5661 sub
2490 5618 2634 5660 anno
2658 5601 2787 5669 459,
2830 5599 2985 5672 ponit
3031 5596 3238 5653 obitum
3274 5587 3497 5657 Dextri,
3542 5586 3634 5657 qui
3710 5646 3715 5657 ,

1344 5714 1440 5785 ait,
1472 5721 1530 5775 ut
1575 5726 1703 5783 opus
1748 5677 1946 5768 non-sit
2050 5710 2232 5799 tamen
2262 5697 2516 5770 superius
2559 5696 2628 5752 de
2656 5708 2717 5751 se
2744 5694 2883 5799 dixit
2927 5688 3174 5747 ultimam
3204 5681 3358 5756 operi
3387 5693 3489 5739 suo
3535 5677 3606 5737 im
3628 5706 3643 5727 -

354 5816 502 5876 illius
546 5816 827 5894 falsitatem
857 5810 1095 5885 probare.

2054 5793 2305 5869 posuisse
2333 5804 2553 5852 manum
2584 5803 2729 5849 anno
2759 5787 2889 5848 uti,
