4122 6174
537 300 646 361 599

1439 295 1733 355 FLAVIUS
1766 294 2018 354 LUCIUS
2057 296 2340 355 DEXTER
2379 298 2907 359 CIIRONOLOGUS.

3720 252 3835 362 tu;

614 416 882 474 Similiter
918 430 1063 472 anno
1088 417 1216 485 471,
1259 414 1463 471 obiisse
1508 414 1700 470 scribit
1736 413 1966 469 Paulum
1998 413 2135 468 Oro-
2160 415 2219 477 Α
2241 430 2366 472 enm
2396 416 2464 472 de
2492 417 2551 474 S.
2581 418 2788 474 Donato
2809 426 2975 489 agunt
3000 418 3204 489 regnhn
3228 418 3516 489 Augustini
3564 434 3677 476 non
3717 436 3831 477 nte-

539 514 704 581 sium,
738 509 1058 565 centenario
1085 508 1368 578 majorem,
1417 507 1506 577 qui
1541 519 1719 561 tamen
1744 506 1813 561 88
1844 496 2138 560 dumtaxat.

540 606 881 680 expleverat,
916 611 1102 670 utpote
1130 611 1309 669 natus,
1340 610 1482 656 teste
1511 600 1730 664 Dextro,
1764 614 1832 652 an
1865 597 1993 654 584.

609 698 692 753 Ad
722 712 931 752 annum
962 693 1349 760 Dominidii,
1396 700 1616 749 sanctos
1670 701 1942 762 martyres
1998 688 2139 745 Afri-

539 806 707 847 canos
737 790 1045 845 Liberatum
1076 800 1130 843 et
1159 787 1340 842 socios
1381 787 1483 841 sub
1529 784 1858 840 Himmcrico
1898 780 2137 838 Wanda-

538 886 716 940 lorum
740 898 865 953 rege
880 897 1071 952 passos
1102 890 1377 948 nuncupat
1398 880 1679 933 monachos
1700 876 2132 948 Augustinianos,

541 993 664 1047 qua:
693 991 799 1030 vox
832 975 1001 1029 multo
1049 973 1330 1028 recentior
1368 980 1453 1027 est
1481 970 1552 1025 Μ.
1583 970 1839 1037 Maximo,
1897 978 1953 1023 et
1992 983 2022 1021 a
2051 982 2140 1023 rc-

540 1067 899 1133 ccntioribus,
932 1065 1019 1121 vel
1052 1064 1606 1135 Magdcburgensibus
1636 1060 1862 1117 forsitan
1890 1058 2100 1115 addita.

611 1162 726 1217 Sub
781 1175 924 1214 anno
977 1157 1105 1225 486,
1139 1156 1196 1213 8.
1230 1155 1549 1225 Fulgentius
1588 1152 1893 1223 RuSpensis
1941 1150 2139 1207 dicitur

542 1254 841 1308 Toletanus
874 1251 1106 1322 origine,
1138 1264 1261 1304 cum
1310 1258 1487 1303 tamen
1528 1246 1818 1302 Africanus
1867 1243 2053 1309 fuerit,
2084 1251 2142 1298 et

544 1356 706 1402 natus
749 1345 1011 1415 Telephe,
1061 1341 1390 1409 nonToleti,
1444 1355 1514 1395 cx
1560 1338 1885 1411 parentibus
1930 1334 2142 1392 ordinis

544 1435 1388 1507 SenatoriiCarthaginensibus,
1447 1449 1557 1507 pou
1600 1431 1904 1497 Toletanis,
1958 1438 2019 1484 ut
2072 1444 2140 1484 ex

539 1536 659 1606 ejus
688 1537 857 1607 gestis
885 1542 1125 1590 constat.

610 1633 770 1685 Anno
815 1627 1026 1682 Domini
1085 1625 1212 1691 5H,
1271 1624 1331 1680 8.
1399 1620 1717 1678 Vincentius
1784 1614 2140 1687 Legionensis

540 1733 752 1793 martyr
800 1724 1064 1775 asseritnr
1107 1718 1351 1773 ordinem
1413 1715 1472 1771 8.
1526 1712 1804 1769 Benedicti
1863 1709 2140 1781 proiessus

2241 510 2554 577 minerunt;
2584 511 2678 566 sed
2701 520 2756 566 et
2784 514 3173 567 monasterium
3200 512 3543 596 Servitanum
3575 511 3748 570 fuisse
3767 530 3829 571 ex

2243 600 2437 657 ordine
2466 602 2526 656 S.
2556 602 2836 659 Benedicti
2869 604 2985 675 ipse
3008 611 3202 660 auctor
3246 601 3446 661 fatetur
3495 602 3728 661 inferius
3764 606 3831 662 ad

2244 708 2447 749 annum
2476 694 2690 750 Domini
2721 694 2849 751 590.

2314 784 2429 841 Sub
2476 801 2622 842 anno
2650 788 2774 855 590,
2804 788 3071 843 asseritnr
3100 788 3172 843 Μ.
3206 787 3477 844 Maximus
3523 803 3595 845 ex
3641 790 3832 848 abbate

2243 877 2721 936 Beuedictiuorum
2770 881 2944 941 factus
2987 881 3511 953 Cmsaraugustanus
3562 882 3833 939 archidia-

2244 985 2438 1040 conus,
2471 971 2615 1043 quod
2649 982 2850 1043 printer
2882 988 3089 1028 morem
3118 973 3264 1029 illius
3297 975 3563 1045 temporis
3589 984 3696 1030 est.

2314 1062 2475 1118 Anno
2506 1064 2741 1134 denique
2784 1062 2911 1131 606,
2962 1063 3336 1120 Machumotus
3379 1080 3476 1134 per
3526 1066 3832 1136 llispauiam

2242 1165 2521 1225 grassatus
2561 1157 2803 1222 dicitur;
2833 1157 2977 1227 quod
3023 1165 3203 1212 tamen
3231 1155 3550 1212 luculentum
3601 1167 3675 1214 est
3702 1176 3838 1215 ntea-

2243 1246 2453 1302 dacium
2478 1248 2575 1320 (ait
2608 1246 2952 1319 Penn0ttu~),
2985 1263 3110 1303 nam
3143 1248 3514 1305 hlzicltumctus
3540 1266 3831 1322 numquam

2246 1337 2560 1407 Hispaniam
2585 1337 2741 1405 vidit,
2768 1348 2830 1394 ιιι
2859 1340 2981 1409 plus
3010 1347 3198 1394 notum
3221 1347 3327 1404 est,
3357 1354 3521 1411 quam
3547 1342 3692 1413 quod
3719 1357 3836 1413 pro.

2247 1430 2467 1487 batione
2497 1432 2768 1502 indigeat;
2799 1447 2900 1487 nec
2927 1432 3049 1502 ejus
3075 1433 3298 1488 asseclzc
3329 1432 3384 1488 iu
3413 1449 3536 1490 eam
3565 1436 3835 1493 irruerent

2250 1536 2423 1594 usque
2468 1524 2535 1579 ad
2565 1520 2769 1579 annum
2800 1524 3019 1581 Domini
3048 1526 3174 1591 715,
3208 1534 3267 1580 ιιι
3294 1540 3362 1581 ex
3403 1526 3675 1584 Tuditano
3718 1543 3840 1598 pro-

2246 1618 2341 1674 Dat,
2395 1618 2659 1675 Barouius
2688 1630 2819 1675 tom.
2864 1634 2937 1687 ιι,
2980 1628 3086 1676 etc.
3135 1619 3315 1692 Atque
3364 1621 3483 1677 inec
3521 1622 3739 1693 quidem
3782 1624 3836 1680 in

2248 1708 2318 1764 Μ.
2350 1709 2643 1766 Maximum
2685 1710 2843 1766 dixit.

538 1813 701 1883 paulo
728 1820 1017 1879 antequam
1041 1806 1359 1879 martyrium
1385 1800 1849 1860 susdneret.Cum
1867 1810 2048 1855 tamen
2080 1799 2139 1856 8.
2172 1804 2222 1865 Β
2319 1801 2450 1858 Post
2479 1802 2551 1857 Μ.
2597 1802 2891 1859 Maximum
2919 1801 3114 1859 habuit
3138 1804 3302 1859 etiam
3334 1805 3534 1862 Dexter
3560 1806 3841 1861 continua-

540 1900 869 1955 Benedictus
900 1914 1069 1969 usque
1096 1898 1162 1952 ad
1181 1912 1383 1951 annum
1405 1895 1533 1960 595,
1554 1892 1848 1949 monachos
1871 1906 1979 1946 non
2002 1905 2139 1945 cou-

482 2002 483 2005 ‘
538 1993 871 2061 grevaverit,
901 2000 955 2045 et
983 1992 1033 2045 iu
1067 1990 1353 2059 Hispanias
1385 1986 1639 2043 monachi
1679 1985 1851 2055 ip~ius
1891 1999 1999 2039 non
2028 1992 2137 2038 tra-

536 2084 776 2153 jecerint
825 2097 1000 2153 usque
1028 2082 1092 2137 ad
1127 2082 1251 2135 (illi;
1286 2081 1347 2134 Et
1378 2094 1485 2134 vox
1518 2078 1611 2133 illa
1638 2095 1652 2132 :
1684 2075 1769 2130 Ea;
1799 2075 1981 2131 ordine
2026 2085 2141 2146 post

541 2175 607 2230 S.
656 2174 945 2240 Benedicti,
978 2190 1084 2228 non
1117 2182 1234 2229 crat
1277 2181 1403 2227 tunc
1428 2171 1482 2226 in
1516 2186 1636 2226 usu.

609 2268 797 2324 Simile
819 2281 900 2323 est
930 2269 1073 2339 quod
1104 2282 1234 2321 ann.
1266 2267 1364 2321 551
1394 2267 1460 2320 de
1482 2266 1538 2320 S.
1564 2262 1789 2319 Turibio
1806 2262 2005 2319 dicitur
2032 2262 2143 2318 Ro-

540 2379 644 2419 ma:
666 2380 693 2416 a
714 2364 773 2419 8.
795 2363 1089 2418 Benedicto
1116 2362 1360 2417 habitum
1378 2359 1719 2430 suscepisse:
1741 2373 1863 2414 nam
1888 2358 1952 2412 D.
1969 2358 2143 2412 Benea

541 2456 718 2511 dictus
746 2470 1034 2523 numquam
1059 2454 1247 2509 Romm
1281 2461 1405 2523 post
1425 2453 1806 2527 monachatum
1837 2450 2135 2516 habitavit,

541 2563 718 2618 neque
749 2549 867 2617 ejus
908 2548 1157 2603 monachi
1201 2555 1327 2601 ante
1354 2546 1458 2600 567
1500 2544 1728 2599 Romam
1767 2543 2134 2599 incoluerunt.

616 2642 731 2695 Sub
773 2656 917 2694 anno
950 2639 1075 2707 554,
1105 2639 1279 2709 inquit
1311 2647 1502 2692 auctor
1530 2645 1803 2691 mortuum
1832 2650 1953 2691 esse
1987 2635 2131 2690 Gen-

537 2734 757 2789 nadium
801 2732 1218 2797 Massiliensem,
1285 2730 1376 2800 qui
1420 2740 1601 2785 tamen
1659 2738 1785 2783 ante
1846 2727 1919 2784 40
1964 2743 2138 2783 annos

539 2827 780 2892 obierat,
828 2833 1018 2895 utpote
1042 2824 1134 2894 qui
1160 2824 1327 2879 libros
1366 2836 1495 2877 suos
1523 2821 1743 2878 Gelasio
1775 2821 1935 2891 Papa:
1966 2821 2139 2875 corri-

536 2917 747 2987 gendos
800 2916 1023 2979 obtulit,
1074 2924 1129 2970 et
1174 2924 1491 2970 sanctorum
1535 2912 1811 2984 Prosperi,
1863 2911 2051 2967 llilarii
2080 2921 2137 2968 et

536 3008 781 3067 Cassiani
805 3016 1117 3063 comtaucus
1144 3007 1263 3061 fuit.

614 3106 774 3158 Anno
823 3101 949 3168 562,
983 3116 1267 3172 perperam
1301 3099 1561 3157 asseritnr
1606 3097 1999 3169 Athanagildus
2036 3114 2133 3153 rex

2248 1905 2419 1952 torem
2461 1896 2865 1967 Euthrandnm,
2908 1912 3005 1953 seu
3032 1889 3441 1970 Luidpraudum
3467 1898 3836 1965 'l‘icinensem,
3878 1904 3891 1913 '

2247 1990 2402 2059 cujus
2450 1988 2843 2045 dedicatoriam
2871 1991 3157 2061 epistolam
3201 1991 3270 2045 ad
3314 1990 3711 2071 Regitnuttdunt
3751 1990 3838 2047 lti-

2247 2081 2587 2137 berritanum
2628 2082 2930 2137 antistitem
2958 2082 3201 2137 Joannes
3222 2081 3494 2139 Celderou
3525 2082 3720 2138 excudi
3745 2099 3837 2137 cu-

2247 2175 2421 2242 ravit;
2449 2176 2501 2230 iu
2525 2191 2644 2231 eam
2677 2175 3035 2230 nihilominus
3060 2176 3364 2232 l’ennottus
3382 2174 3563 2244 jacula
3593 2175 3834 2245 quadam

2247 2268 2548 2333 contorsit;
2580 2282 2682 2323 nec
2707 2269 2851 2322 cnim
2875 2267 3256 2337 Antipodosim
3287 2283 3440 2322 suam
3469 2268 3693 2339 scripsit
3720 2268 3835 2323 dia~

2245 2374 2417 2417 conus
2442 2359 2622 2416 adhuc
2648 2360 2977 2425 Ticinensis,
3001 2358 3100 2416 sed
3129 2360 3418 2429 episcopus
3456 2359 3572 2429 jam
3619 2361 3836 2416 Cremo-

2246 2449 2433 2505 nensis
2459 2448 2738 2505 existens:
2765 2464 2866 2505 nec
2891 2449 3041 2504 circa
3082 2464 3284 2504 annum
3315 2449 3516 2504 Christi
3565 2448 3696 2515 860,
3741 2449 3833 2505 sed

2245 2542 2373 2603 96:2.
2410 2555 2469 2597 ut
2497 2557 2561 2597 ex
2589 2541 2906 2611 przet'atione
2931 2541 3029 2597 lib.
3076 2556 3133 2596 ιιι
3163 2549 3398 2606 constat,
3430 2550 3487 2597 et
3513 2542 3711 2612 probat
3740 2542 3832 2597 Ba-

2243 2621 2435 2692 ronius
2461 2634 2529 2690 ad
2576 2651 2776 2691 annum
2803 2635 2931 2701 965,
2964 2650 3065 2691 nec
3092 2650 3216 2691 cum
3243 2635 3521 2691 exsularct
3544 2634 3689 2705 apud
3715 2635 3832 2692 Ful-

2244 2728 2392 2793 dam,
2414 2727 2510 2783 scd
2541 2742 2662 2782 cum
2689 2726 2960 2798 legatione
2984 2726 3583 2798 Coustantinopolitana
3610 2727 3828 2786 rediret.

2243 2820 2400 2890 Quod
2438 2822 2485 2877 si
2537 2821 2599 2877 8.
2636 2822 2818 2877 Boniti
2866 2821 3115 2877 Toletani
3163 2820 3574 2892 archiprzcsulis
3618 2822 3829 2878 subdia-

2242 2928 2413 2969 conus
2445 2913 2563 2982 fuit,
2595 2915 2797 2970 vixisse
2823 2916 3063 2983 Oportuit
3093 2930 3184 2971 an.
3218 2915 3371 2970 Dom.
3421 2915 3546 2982 860,
3600 2930 3710 2986 quo
3733 2916 3827 2971 llo.

2246 3004 2401 3060 rebat
2435 3004 2685 3068 Bonitas.
2740 3012 2880 3061 teste
2917 3004 3152 3072 Murillo,
3197 3014 3253 3061 et
3299 3020 3467 3076 quare
3492 3006 3826 3063 continuatio

2241 3095 2544 3159 Euthrandi
2568 3096 2732 3151 simul
2758 3110 2882 3151 cum
2916 3096 3117 3152 Dextro
3145 3108 3200 3151 et
3230 3094 3466 3151 Maximo
3491 3111 3691 3153 excusa
3719 3113 3821 3153 non

535 3198 746 3251 vocatis
791 3198 862 3251 ab
904 3196 1055 3250 Italia
1095 3194 1377 3250 monachis
1404 3193 1580 3249 Toleti
1634 3192 1923 3264 Agalieuso
1948 3205 2135 3247 cteno-
2158 3182 2207 3251 (Σ
2238 3187 2362 3255 fuit.
2395 3188 2490 3244 sed
2532 3187 2685 3242 Velut
2725 3188 2912 3255 spuria
2957 3188 3198 3255 reiecta?
3243 3188 3304 3243 Si
3346 3204 3477 3245 vero
3503 3190 3688 3260 spuria
3716 3198 3814 3257 est,

536 3288 687 3342 bium
717 3287 1015 3358 :cdiiicasse
1040 3331 1054 3355 ,
1100 3303 1221 3341 cum
1254 3286 1416 3341 fuerit
1455 3284 1744 3340 hmreticus
1774 3284 2014 3339 Arianus
2040 3284 2128 3339 vel

536 3396 799 3450 paganus,
835 3392 893 3433 ut
924 3380 1184 3435 Barouius
1217 3380 1425 3435 notavit
1452 3395 1517 3433 ex
1541 3378 1836 3444 Tuditano,
1864 3386 1996 3432 tom.
2029 3393 2125 3443 vti,

535 3489 627 3527 an.
662 3472 789 3534 567,
819 3489 966 3526 ιιιιιιι.
1001 3474 1088 3527 17.
1117 3472 1320 3528 ibidem
1349 3474 1420 3527 ab
1446 3472 1638 3528 eodem
1687 3486 1816 3540 rege
1846 3481 2122 3526 monaste-

533 3567 673 3621 rium
704 3567 877 3633 SySL’B
897 3567 1092 3622 dicitur
1110 3566 1460 3632 aediﬁcatum,
1484 3566 1628 3636 quod
1648 3565 1900 3622 eamdem
1924 3566 2127 3635 patitur

536 3661 935 3723 difﬁcultatem,
966 3670 1021 3715 ct
1048 3661 1190 3731 quod
1238 3661 1300 3715 D.
1342 3649 1644 3731 Augustino
1670 3659 1997 3715 mditicatum
2027 3660 2122 3727 sit,

531 3769 656 3807 cum
685 3752 928 3808 Julianus
958 3752 1015 3807 S.
1068 3752 1250 3807 Maria:
1296 3761 1658 3822 nuncupatum
1708 3750 1937 3822 scribat,
1979 3751 2121 3807 etin

528 3846 649 3899 aliis
683 3844 974 3900 Codicibus
999 3856 1243 3900 erectum
1272 3844 1479 3899 dicatur
1508 3859 1597 3899 an.
1630 3842 1758 3899 4‘24.

603 3936 716 3989 Sub
746 3951 834 3988 an.
888 3936 1017 4002 £68,
1053 3950 1276 4004 prorsus
1308 3936 1500 3990 falsum
1526 3942 1611 3990 est.
1639 3934 1739 4006 (ait
1793 3933 2116 4004 Pennottus)
2150 3986 2165 3997 _

525 4024 671 4095 quod
698 4029 963 4080 asseritnr
995 4026 1296 4080 Ecclesiam
1322 4026 1380 4081 8.
1408 4025 1592 4080 Maria:
1613 4025 1684 4081 de
1709 4024 1976 4081 Columna
2002 4026 2115 4081 Ca:-

523 4123 861 4184 saraugustte
906 4130 935 4169 a
964 4116 1265 4170 ειιιοιιιιειιίε
1318 4118 1377 4173 8.
1411 4115 1687 4170 Benedicti
1738 4115 2116 4183 inhabitatum,

522 4210 668 4281 quod
712 4218 890 4264 tamen
922 4209 1228 4263 institutum
1260 4208 1583 4264 clericorum
1606 4210 1993 4265 canonicorum
2025 4226 2115 4266 re-

520 4301 787 4370 gulariter
832 4300 1125 4354 viventium
1153 4315 1180 4354 a
1210 4300 1566 4355 sanctissimis
1594 4302 1858 4371 apostolis
1901 4302 2116 4371 planta-

519 4403 655 4459 tum,
698 4396 767 4451 in
799 4394 945 4448 hunc
975 4407 1144 4463 usque
1171 4392 1316 4449 diem
1346 4393 1495 4464 (Deo
1524 4392 1865 4465 protegente)
1921 4408 2110 4463 perse-

482 4510 483 4515 η
517 4491 718 4539 verat:
749 4499 848 4538 nec
893 4481 1253 4538 omittendum
1297 4483 1441 4555 quod
1475 4484 1722 4539 subditur
1770 4502 1783 4538 :

2235 3280 2414 3349 ipsum
2469 3295 2685 3350 quoque
2743 3279 2934 3335 Dextri
2988 3279 3321 3348 Chronicon,
3381 3288 3440 3335 et
3482 3281 3816 3336 continuatio

2234 3369 2473 3433 Maximi.
2520 3385 2641 3440 qua:
2666 3371 2735 3424 ab
2760 3370 2992 3439 epistola
3018 3369 3321 3427 Eutbrandi
3344 3370 3506 3428 tidem
3525 3371 3810 3444 accipiunt,

2231 3463 2419 3533 spuria
2449 3462 2635 3519 itidem
2681 3473 2861 3518 erunt.
2961 3468 2973 3491 '

2233 3576 2261 3647 ᾗ
2285 3576 2374 3632 Ill.
2397 3576 2745 3647 Tripartitam
2768 3575 3013 3647 Pennotti
3031 3575 3221 3631 eisdem
3243 3576 3434 3631 irretiri
3454 3576 3628 3642 nodis,
3642 3576 3813 3644 quibus

2336 3648 2685 3702 omnimodo»:
2712 3646 2896 3702 Dextri
2927 3646 3209 3702 Historiam
3241 3649 3434 3702 vincire
3464 3656 3703 3703 conatur.

2300 3740 2433 3795 Cum
2457 3738 2732 3810 hucusque
2756 3753 3075 3810 progressus
3099 3739 3358 3809 subsiste,
3385 3739 3440 3795 in
3465 3751 3700 3796 mentem
3722 3754 3809 3796 ve-

2224 3830 2306 3888 nit
2318 3832 2445 3902 jure
2466 3846 2552 3888 me
2572 3830 2626 3886 in
2654 3832 2909 3900 ipsnm,si
2931 3830 3162 3899 luberet,
3188 3846 3249 3885 ea
3271 3840 3634 3902 contorquere
3658 3831 3810 3887 verba

2224 3940 2408 3997 posse,
2439 3940 2560 3995 qum
2589 3924 2682 3980 lib.
2714 3939 2754 3979 ιι
2783 3923 3096 3994 Tripartita:
3119 3938 3232 3979 sua:
3262 3938 3313 3979 c.
3346 3924 3437 3991 18,
3464 3939 3616 3979 num.
3639 3924 3694 3991 3,
3721 3923 3809 3979 ad-

2220 4033 2435 4074 versum
2465 4018 2683 4074 doctum
2714 4025 2772 4074 et
2800 4018 3147 4087 reliogiosum
3175 4018 3348 4074 virum
3370 4019 3435 4073 ιι.
3463 4018 3520 4073 Ρ.
3549 4017 3809 4075 Constan-

2221 4110 2391 4164 tinum
2414 4109 2734 4178 Cajetauum
2757 4109 3001 4165 animose
3019 4110 3157 4164 satis
3177 4109 3455 4179 intorquet
3476 4127 3492 4165 :
3517 4108 3621 4164 Hic
3641 4120 3803 4164 tantm

2219 4199 2677 4256 Constantinianus
2715 4211 2997 4273 apparatus
3035 4218 3100 4257 ac
3128 4210 3303 4257 tantus
3333 4203 3603 4259 verborum
3626 4206 3808 4276 strepi-

2217 4304 2320 4361 tus,
2353 4296 2428 4350 tot
2455 4303 2791 4349 scommatum
2828 4290 3094 4349 ornatibus
3124 4303 3326 4350 tumens
3354 4312 3417 4349 ac
3447 4305 3677 4368 turgens,
3705 4314 3805 4353 non

2213 4388 2342 4442 adeo
2381 4387 2583 4443 solidus
2619 4394 2716 4455 est,
2760 4396 2815 4442 ut
2856 4389 2934 4443 vel
2962 4404 3065 4443 uno
3090 4388 3199 4443 ictu
3228 4398 3366 4443 totus
3394 4391 3652 4462 disrumpi
3679 4403 3726 4448 et
3752 4393 3803 4446 iu

1838 4481 2112 4556 Propcque
2211 4495 2378 4535 aerem
2412 4481 2545 4535 solvi
2572 4497 2675 4535 non
2702 4491 2904 4552 posset;
2931 4497 3023 4537 nec
3052 4482 3183 4536 tanti
3208 4483 3454 4554 ponderis
3483 4492 3540 4539 ut
3565 4485 3636 4539 ad
3659 4484 3804 4539 illum

516 4586 628 4630 erat
657 4577 1023 4630 monasterium
1052 4576 1424 4631 monachorum
1450 4576 1905 4632 Benedictinorum
1932 4618 1951 4646 ,
1991 4586 2104 4633 tum
2137 4556 2188 4618 θ
2212 4574 2549 4645 refutandum
2601 4590 2813 4628 manum
2861 4574 3064 4629 calamo
3121 4575 3393 4630 admovere
3448 4575 3740 4632 deberemus
3780 4592 3802 4632 :

513 4670 660 4742 quod
711 4671 938 4725 lormula
999 4670 1089 4725 illa
1139 4671 1395 4741 loquendi
1442 4669 1904 4726 Beuedictinorum
1966 4687 2103 4727 nova

511 4762 603 4828 sit,
638 4772 747 4815 tum
778 4763 941 4816 etiam
972 4761 1097 4832 quia
1124 4762 1219 4817 illo
1247 4762 1417 4817 verbo
1466 4761 1622 4828 Erat,
1676 4762 1925 4818 innuitur
1976 4772 2104 4819 tunc

511 4854 775 4922 temporis
820 4854 1059 4909 dirutum
1113 4854 1222 4922 jam
1276 4854 1443 4911 fuisse
1498 4854 1627 4909 illud
1686 4857 2099 4926 monasterium,

508 4944 653 5013 quod
684 4955 861 4999 tamen
893 4953 979 4999 est
1006 4944 1353 5008 incredibile,
1383 4960 1505 5001 cum
1554 4945 1645 5001 vix
1673 4954 1799 5003 tunc
1830 4947 2101 5018 pullulare

505 5035 813 5104 inciperent
841 5038 1170 5091 monasteria
1200 5037 1273 5099 _S.
1306 5037 1611 5094 Benedicti.

578 5129 737 5180 Anno
777 5127 903 5181 575.
936 5126 994 5183 8.
1049 5128 1287 5183 Donatus
1330 5128 1576 5199 regulam
1636 5129 2003 5187 Eremitarum
2031 5129 2089 5187 S.

503 5216 791 5287 Augusﬁni
848 5218 1259 5286 locupletiorem
1327 5222 1711 5292 mitioremque
1762 5223 1969 5292 primus
2025 5240 2091 5280 ex

501 5310 685 5365 Africa
713 5309 767 5363 in
799 5311 1083 5378 Hispanias
1111 5311 1383 5367 invexisse
1413 5313 1632 5383 dicitur,
1664 5322 1721 5369 et
1744 5314 2089 5372 Servitanum

498 5399 893 5454 monasterium
916 5402 1308 5459 consmixisse.
1331 5402 1593 5460 Slolidum
1608 5423 1733 5462 sane
1747 5420 2089 5464 commentum

492 5490 599 5561 (ait
624 5490 877 5560 Censor):
912 5491 1198 5561 Augustini
1247 5494 1515 5564 siquidem
1564 5498 1752 5567 tegula
1781 5498 1966 5553 mitior
2005 5509 2089 5555 est

494 5583 771 5651 omnibus,
798 5583 1114 5655 indtgetque
1136 5587 1502 5653 restrictione,
1528 5605 1637 5645 non
1660 5589 1997 5661 mitigatione
2017 5591 2083 5649 (Σ.

496 5673 645 5738 Quod
666 5674 762 5730 Dei
790 5675 1022 5734 timorem
1051 5679 1113 5733 de
1136 5688 1274 5736 statu
1302 5682 1692 5738 monac/torum.
1725 5683 1792 5739 Et
1821 5684 1884 5739 D.
1937 5682 2077 5742 lide-

2212 4666 2656 4737 quandoquidem
2694 4668 2906 4724 etiamsi
2950 4668 3023 4723 ita
3065 4682 3127 4724 se
3171 4668 3441 4724 baberent
3483 4671 3661 4726 omnia
3686 4712 3702 4735 ,
3744 4680 3801 4727 ut

2210 4758 2327 4831 ipse
2366 4761 2418 4816 in
2461 4759 2743 4834 Dextrum,
2782 4760 3095 4828 Maximum,
3123 4770 3180 4817 et
3220 4761 3599 4818 Euthrandum
3638 4763 3799 4833 iactat

2210 4852 2378 4925 (quod
2408 4861 2586 4909 tamen
2614 4853 2790 4909 modis
2814 4854 3069 4910 erunibus
3098 4852 3380 4927 negamus)
3402 4869 3469 4910 eo
3490 4854 3667 4911 solum
3689 4856 3794 4911 ictu

2209 4945 2392 5002 omnia
2424 4954 2664 5012 ruerent,
2698 4946 2743 5000 si
2767 4945 3011 5003 dicamus
3041 4955 3193 5002 tanto
3223 4947 3514 5003 verborum
3544 4948 3789 5018 strepitu,

2208 5045 2286 5094 tot
2325 5048 2685 5094 scommatum
2725 5038 3008 5093 ornatibus
3035 5048 3275 5096 tumente
3299 5047 3356 5095 et
3375 5048 3643 5111 turgente,
3663 5039 3813 5096 nihil.

2203 5129 2351 5184 aliud
2393 5129 2635 5199 probari,
2677 5145 2841 5200 quam
2884 5130 3081 5187 librum
3122 5146 3231 5188 non
3271 5147 3401 5190 esse
3442 5135 3785 5201 canOnicum,

2202 5236 2306 5277 nec
2344 5229 2622 5278 auctorem
2662 5221 2730 5277 ad
2778 5222 3137 5293 Evangelia-ae
3176 5223 3401 5295 gradum
3432 5233 3705 5291 evectum,
3735 5233 3789 5281 ut

2199 5312 2525 5384 quandoque
2548 5330 2653 5370 non
2685 5315 2893 5371 valeret
2922 5331 2952 5370 a
2985 5316 3216 5372 veritate
3243 5317 3480 5375 deiicere
3509 5337 3521 5371 :
3552 5318 3783 5376 diversi-

2198 5415 2335 5462 tates
2356 5421 2488 5463 vero
2507 5408 2755 5465 codicum
2779 5416 2837 5465 et
2856 5409 3231 5479 exemplorum
3255 5409 3632 5482 antiquitatem
3657 5426 3785 5484 ope-

2192 5497 2270 5552 ris
2290 5496 2576 5555 maniieste
2600 5500 2829 5569 probare
2854 5518 2868 5555 :
2894 5498 2940 5554 si
2963 5500 3110 5555 enim
3134 5502 3453 5557 recentioris
3473 5513 3617 5559 esset
3640 5518 3782 5560 cont-

2192 5600 2461 5657 mentum,
2502 5606 2844 5663 nequaquam
2889 5601 3000 5648 tam
3031 5592 3213 5649 varias
3240 5594 3644 5666 exscriptiones
3676 5596 3775 5667 pati

2185 5685 2449 5755 potuisset
2464 5702 2475 5740 :
2491 5698 2592 5741 nec
2603 5682 2669 5741 ad
2684 5683 2830 5741 illam
2854 5682 3197 5742 refutanduut
3216 5700 3433 5745 insnum
3455 5687 3664 5747 calamo
3690 5686 3777 5743 ad-

484 5761 677 5823 tonsus
718 5780 782 5824 ac
819 5770 1004 5830 caeteri
1053 5784 1238 5830 rerum
1288 5772 1706 5847 ilispaniearum
1755 5773 2089 5855 scriptores,
2136 5848 2143 5855 ε
2182 5792 2403 5841 movero
2430 5778 2776 5851 deberemus,
2803 5794 2926 5839 cum
2950 5779 3066 5842 suis
3092 5781 3482 5857 qumqueiocis
3504 5779 3766 5845 omniasb
