4122 6174
348 276 450 335 (itii
543 293 549 299 ‘

1421 283 1941 342 APOLOGETICUS
1979 282 2116 342 eno
2153 284 2217 342 L.
2260 247 2574 340 onmno.

3509 247 3643 341 eos

346 409 418 449 eo
444 393 655 465 objecta
682 408 712 451 a
737 395 897 453 nobis
916 397 978 454 in
1003 398 1085 453 his
1104 398 1515 455 commentariis
1535 399 1779 468 exposita
1806 398 1932 453 sint.
1967 399 2018 460 Α
2044 397 2111 453 ad
2153 396 2276 453 illos
2314 404 2565 467 spectare
2594 413 2608 451 :
2640 394 2773 452 nihil
2816 402 2995 452 tamen
3024 395 3094 452 de
3116 394 3224 453 illis
3250 395 3445 455 inloto
3474 411 3641 468 opere

346 485 530 542 Satius
562 498 739 544 tamen
770 489 1116 559 modestiam,
1147 507 1266 561 qua:
1294 491 1582 563 religiosos
1608 491 1766 548 deCet
1793 493 1941 548 viros

343 579 633 652 complecti
660 583 855 651 placet,
884 598 1211 653 quamquam
1243 600 1647 655 nonnumquam
1677 599 1938 641 excessus

343 685 473 728 suos
514 673 586 729 ob
619 674 804 729 oculos
835 674 937 744 ipsi
976 690 1179 746 ponere
1208 678 1573 732 necessarium
1597 675 1934 742 duxerimus,

341 772 401 818 ut
440 764 621 822 rideat
659 776 921 838 quantum
963 766 1045 824 illi
1091 769 1465 841 indulgeamus
1509 786 1525 826 :
1566 779 1621 826 et
1663 779 1717 826 ιιι
1758 769 1828 825 ab
1866 770 1935 826 iis

339 856 682 928 diﬂ‘ugientes
735 860 961 917 minime
1016 861 1177 919 nobis
1224 863 1506 935 contingat
1554 863 1699 935 quod
1755 864 1930 920 eidem

336 947 698 1008 Constantino
721 951 842 1007 Joa.
874 952 1028 1024 Dapt.
1060 954 1409 1013 Drachesium
1435 956 1607 1011 virum
1639 957 1851 1027 pietatis
1876 965 1934 1012 et

334 1040 599 1097 doctrina:
624 1059 653 1097 a
679 1043 912 1100 Baronio
936 1048 1152 1117 egregie
1178 1047 1476 1114 laudatum,
1503 1058 1690 1104 secuto
1715 1048 1932 1118 objece-

332 1134 401 1188 rit
437 1151 450 1187 :
486 1135 666 1190 Crecus
692 1153 829 1193 etrco
857 1139 1109 1195 ducatum
1136 1152 1366 1212 praestat,
1395 1152 1441 1198 et
1466 1144 1616 1198 ambo
1641 1145 1697 1198 in
1723 1146 1929 1213 foveant

330 1227 544 1282 cadunt.
572 1229 709 1298 Quid
738 1232 882 1288 enim
913 1233 1157 1303 proderit
1185 1250 1384 1302 causae,
1416 1237 1592 1307 ipsum
1615 1252 1809 1308 parum
1838 1253 1927 1294 re-

327 1322 767 1393 verenterjocari
791 1325 846 1380 iu
870 1336 1080 1391 nostra,
1102 1342 1199 1383 seu
1223 1327 1471 1399 frigidam
1494 1345 1615 1385 esse
1638 1344 1801 1399 super
1827 1328 1927 1386 hac

323 1411 409 1465 vel
438 1412 527 1467 illa
561 1428 621 1470 re
658 1414 914 1472 Pennotti
955 1418 1421 1489 imaginationem,
1460 1429 1518 1476 et
1546 1421 1648 1475 alia
1680 1420 1799 1490 ejus
1827 1435 1924 1491 ge-

322 1518 375 1557 nt
392 1504 490 1573 ris,
532 1523 654 1579 qua:
694 1510 813 1580 ipse
857 1511 910 1567 in
938 1513 1353 1567 Constantinum
1380 1513 1564 1583 jacula
1593 1514 1806 1570 vibrat?
1835 1524 1927 1571 aut

321 1612 555 1665 quonam
598 1612 759 1670 pacto
797 1605 916 1659 ha-c
958 1605 1010 1659 in
1050 1604 1142 1661 Dei
1184 1605 1410 1675 gloriam
1455 1606 1642 1661 referri
1674 1616 1921 1676 possunt,

321 1695 379 1741 ut
418 1689 536 1759 ipse
573 1690 699 1747 facit
725 1708 777 1749 c.
820 1694 909 1761 l9,
949 1712 1004 1751 ιι.
1035 1697 1091 1760 8,
1122 1710 1244 1751 cum
1276 1696 1342 1751 ad
1376 1697 1578 1752 calcem
1607 1698 1923 1753 Constanti-

2042 491 2310 560 reperitur
2354 505 2370 547 :
2416 504 2584 559 quare
2629 504 2736 544 non
2790 496 2991 545 temere
3029 488 3151 559 quis
3189 487 3489 558 judicahit,
3531 488 3638 546 hoc

2040 583 2181 653 quod
2216 598 2324 651 prie
2370 582 2615 637 manibus
2652 591 2758 650 est,
2798 597 2904 638 non
2930 597 3052 638 esse
3082 581 3352 654 integrum
3383 583 3636 641 Pennotti

2040 690 2199 745 Opus,
2231 673 2326 730 sed
2355 673 2636 745 deperisse
2662 675 2858 730 bonam
2888 675 3007 742 ejus
3032 686 3264 746 partem.
3288 674 3420 731 Nam
3449 675 3494 731 si
3515 676 3635 732 ani-

2037 783 2158 823 mus
2202 783 2308 823 non
2354 777 2471 823 erat
2519 767 2587 823 de
2616 766 2898 823 canonicis
2943 769 3297 824 saecularibus
3337 768 3631 841 quidquam

2036 862 2297 930 scribere,
2339 862 2535 916 mutari
2578 860 2767 917 titulus
2803 859 3056 926 debebat,
3086 871 3143 915 ιιι
3183 861 3429 916 diceret:
3461 859 3635 916 Cano-

2035 958 2270 1012 nicoruut
2307 956 2628 1029 regahtrium
2673 955 2892 1009 historia
2931 954 3219 1023 tripertita,
3251 971 3372 1024 pro,
3404 953 3634 1011 Clerico-

2033 1066 2151 1104 rnnt
2189 1052 2577 1116 cauonicorum,
2622 1050 2709 1120 qui
2742 1048 3035 1105 smenlarcs
3076 1063 3295 1120 quoque
3320 1050 3634 1119 complecti-

2034 1153 2141 1199 tur.
2190 1144 2296 1200 Scd
2332 1189 2345 1213 ,
2407 1144 2553 1212 quod
2606 1153 2770 1214 eaput
2816 1151 2945 1212 est,
3016 1141 3174 1196 titulo
3228 1142 3344 1207 ipso
3402 1140 3630 1197 historia

2029 1238 2311 1301 canonica,
2339 1237 2689 1307 promittitur,
2738 1249 2900 1306 quam
2947 1243 3129 1289 unum
3181 1233 3318 1289 liber
3360 1233 3476 1305 ipse
3521 1249 3627 1290 non

2030 1328 2143 1385 dat.
2199 1329 2435 1385 llistoria
2476 1332 2677 1400 quippe
2727 1343 2792 1383 ex
2847 1327 3107 1384 methodo
3161 1326 3480 1396 scriptoris,
3517 1342 3627 1383 non

2029 1435 2098 1476 ex
2152 1421 2316 1475 rebus
2369 1422 2606 1475 narratis
2649 1420 3018 1490 dignoscitur;
3073 1419 3143 1474 de
3195 1418 3401 1473 eisdem
3458 1418 3627 1487 siqui-

2028 1513 2153 1568 dem
2205 1512 2368 1568 rebus
2424 1488 2978 1568 llistoriamaturalis
3010 1509 3074 1567 C.
3132 1510 3316 1576 Plinii.
3363 1519 3420 1566 et
3471 1520 3598 1565 uattt

2026 1606 2154 1661 ralis
2200 1604 2550 1674 Philosophia
2593 1603 2906 1668 Aristotelis
2944 1613 3152 1674 agunt,
3195 1602 3291 1658 sed
3333 1603 3450 1659 haec
3486 1603 3628 1674 ston

2024 1696 2355 1751 scholastico
2404 1695 2770 1763 disserendo,
2828 1695 2915 1749 illa
2971 1694 3204 1761 simplici
3250 1694 3629 1765 propositione

316 1780 496 1837 nianaa
534 1783 814 1856 Apologia:
855 1797 977 1856 post
1016 1789 1269 1859 prardicta
1309 1797 1365 1845 et
1391 1791 1495 1845 alia
1522 1791 1760 1845 convitia
1787 1791 1913 1845 sub-
1951 1790 1997 1850 Β
2026 1786 2296 1841 narrando
2325 1787 2587 1857 procedit.
2618 1785 2734 1841 Non
2765 1786 3106 1841 dissimiliter
3134 1785 3199 1841 de
3227 1786 3507 1841 canonicis
3533 1801 3621 1841 re-

315 1872 401 1927 dit
440 1891 456 1928 :
499 1874 631 1930 Haec
669 1894 765 1947 pro
808 1877 902 1933 Dei
942 1881 1113 1948 gloria
1153 1890 1199 1934 et
1239 1881 1489 1934 canonica
1532 1878 1598 1933 D.
1633 1880 1919 1936 Herculani

314 1969 640 2036 professione
682 1972 993 2026 vindicanda
1022 1976 1169 2044 (nam
1212 1972 1281 2028 de
1320 1972 1420 2028 hac
1462 1973 1602 2028 inter
1631 1988 1724 2029 eos
1764 1989 1917 2044 quie-

315 2057 421 2111 stio
445 2067 585 2126 erat)
620 2078 723 2115 non
751 2072 925 2117 autent
962 2065 1171 2134 injuria:
1196 2065 1472 2136 referenda
1501 2081 1658 2120 causa
1685 2067 1871 2136 scripsi
1895 2068 1920 2120 ?

315 2147 428 2204 Nisi
475 2152 565 2221 qui
607 2152 789 2209 forsan
836 2155 885 2210 ei
925 2155 1235 2212 condoneut
1262 2199 1275 2223 ,
1326 2172 1610 2212 assensum
1667 2159 1917 2226 pra-ben-

318 2249 397 2295 tes
425 2240 511 2298 his
542 2260 663 2315 qua:
689 2260 741 2302 c.
775 2248 867 2314 18,
899 2264 956 2305 n.
989 2249 1044 2316 7,
1073 2248 1351 2319 efflagitat,
1385 2250 1669 2320 inquiens:
1696 2250 1917 2305 Putiatt-

318 2348 420 2414 ttr,
463 2339 691 2408 obsecro,
735 2343 1034 2397 tarditatem
1076 2359 1261 2398 meam.
1307 2344 1391 2398 Ah
1435 2344 1519 2398 his
1556 2344 1719 2415 igitur
1748 2345 1917 2400 absti-

316 2437 550 2492 nendum
588 2434 877 2501 ducimus;
919 2449 1043 2489 nam
1072 2435 1116 2489 si
1143 2436 1265 2505 quis
1291 2436 1507 2491 videtur
1535 2438 1915 2492 contentiosus

315 2544 461 2596 csse,
490 2544 591 2585 nos
615 2530 776 2585 talem
804 2529 1258 2585 consuetudinem
1287 2546 1392 2585 non
1427 2530 1711 2594 habemus,
1742 2546 1916 2603 neque

316 2622 559 2679 Ecclesia
589 2623 683 2678 Dei
716 2621 762 2695 (I
790 2622 912 2677 Cor.
947 2639 1000 2678 xi
1024 2631 1082 2680 et
1108 2621 1242 2694 xvi).
1280 2624 1385 2680 Sed
1413 2624 1481 2680 ad
1508 2640 1644 2680 rem.

384 2700 541 2769 Prius
580 2723 762 2769 tamen
790 2730 949 2783 quam
978 2715 1044 2769 ad
1072 2716 1316 2786 singulos
1344 2716 1501 2772 nobis
1528 2716 1777 2786 objectos
1806 2733 1908 2771 uo-

311 2808 413 2862 dos
432 2807 722 2863 solvendos
747 2806 1163 2875 descendamus,
1192 2824 1296 2864 una
1321 2811 1594 2865 connuuni
1622 2810 1901 2867 decisione

311 2911 631 2956 cunctorum
646 2898 909 2955 Pennotto
923 2899 1239 2957 satisfacere
1252 2902 1448 2972 placet,
1466 2902 1640 2973 ipsum
1658 2903 1909 2958 nimirum

311 2993 365 3046 in
386 2990 575 3049 eadem
606 2991 891 3048 nobiscum
921 2993 1136 3049 salebra
1166 2995 1397 3059 herere,
1428 2995 1790 3066 omnibusque
1819 3010 1907 3050 ar-

310 3098 716 3155 gumentorum,
759 3101 880 3157 qua:
922 3088 978 3141 in
1022 3103 1119 3142 nos
1159 3087 1427 3143 contorsit
1454 3087 1744 3158 capitibus,
1771 3102 1908 3157 Opus

2022 1880 2299 1951 gularibus
2336 1880 2585 1947 historia,
2630 1891 2682 1935 ct
2722 1879 3169 1951 qua'stiouarium
3201 1878 3283 1950 (ut
3321 1879 3399 1933 sic
3424 1879 3624 1948 dicam)

2020 1972 2216 2028 confici
2262 1981 2478 2042 potest;
2525 1972 2651 2042 quid
2699 1984 2881 2027 autem
2924 1972 3119 2027 horum
3165 1970 3329 2026 fuerit
3368 1987 3432 2025 ex
3478 1972 3623 2043 srvio

2020 2074 2071 2118 ct
2114 2061 2371 2117 methodo
2410 2063 2651 2134 dignosci
2697 2062 2877 2118 debet.
2923 2062 3076 2117 Nuth
3120 2078 3249 2117 vero
3289 2063 3463 2134 stylus
3495 2062 3621 2120 libri

2022 2155 2186 2225 hujus
2216 2172 2377 2225 quem
2409 2154 2475 2209 Il.
2510 2155 2809 2211 l’eunottus
2841 2154 3047 2224 profert
3080 2165 3227 2209 totus
3265 2153 3622 2210 scholasticus

2020 2258 2133 2314 cst;
2168 2249 2419 2319 proponit
2453 2263 2683 2317 namque
2715 2249 3049 2317 qumstioues
3070 2247 3504 2314 etqumstionum
3528 2260 3623 2299 va-

2020 2342 2130 2397 rias
2158 2340 2480 2407 sententias,
2513 2339 2580 2394 ad
2604 2354 2737 2408 quas
2763 2338 3081 2394 enodandas
3104 2336 3361 2390 norabilia
3389 2336 3625 2404 praemi;-

2022 2438 2120 2502 tit;
2152 2435 2278 2490 inde
2307 2434 2688 2488 eouelusioues
2718 2432 2885 2499 elicit,
2911 2442 2965 2486 et
2985 2430 3262 2501 sigillatitn
3289 2429 3480 2500 probat
3506 2444 3522 2485 :
3552 2444 3620 2484 ex

2018 2525 2459 2583 Conclusionibus
2502 2540 2905 2594 nonnumquam
2951 2523 3236 2579 corollaria
3279 2521 3520 2587 deducit,
3565 2530 3622 2577 et

2019 2620 2233 2675 tandem
2274 2619 2519 2674 ordinate
2571 2620 2639 2674 ad
2680 2631 2993 2701 argumenta
3044 2617 3378 2687 respondere
3427 2626 3609 2673 curat.

2016 2711 2152 2779 Quid
2184 2710 2267 2766 his
2296 2721 2349 2766 et
2382 2713 2522 2782 stylo
2555 2710 2811 2765 historico
2839 2713 3161 2766 commune?
3183 2707 3342 2765 Certe
3368 2710 3613 2781 quisquis

2016 2805 2233 2860 titulum
2281 2805 2402 2860 libri
2441 2807 2560 2860 sine
2590 2803 2729 2860 libro
2759 2804 2985 2875 legeret.
3019 2805 3064 2861 si
3098 2804 3445 2876 postmodum
3477 2805 3615 2860 liber

2015 2895 2133 2966 ipse
2166 2898 2287 2952 sine
2315 2897 2472 2951 titulo
2502 2895 2571 2951 ad
2602 2912 2798 2951 manus
2828 2898 2947 2966 ejus
2981 2898 3163 2952 forsan
3198 2897 3433 2964 veniret,
3465 2912 3621 2952 nunt-

2014 3004 2175 3059 quam
2221 2989 2417 3043 adduci
2461 2999 2644 3058 ptiSSet
2672 2999 2729 3043 ut
2755 2991 3025 3053 crederet,
3060 2989 3202 3044 hunc
3232 2990 3426 3044 librutn
3459 2991 3619 3045 titulo

2016 3081 2107 3136 illo
2141 3081 2412 3150 promitti,
2443 3091 2535 3134 aut
2567 3080 2692 3135 huic
2724 3080 2867 3135 libro
2898 3080 3107 3135 titulum
3134 3081 3283 3135 illum
3307 3083 3375 3136 ab
3397 3090 3619 3137 auctore

309 3193 467 3235 suum
497 3178 728 3245 irretiri;
759 3180 901 3250 quod
932 3196 1054 3235 cum
1081 3180 1152 3235 ab
1184 3181 1315 3249 ipsis
1345 3182 1575 3236 liberum
1603 3181 1718 3250 ejus
1746 3182 1901 3237 indu.
1937 3174 1984 3237 C
2018 3175 2322 3244 appositum
2342 3212 2358 3238 ,
2391 3187 2512 3227 cum
2548 3171 2726 3241 potius
2753 3181 2900 3226 esset
2930 3185 3027 3240 pro
3057 3171 3271 3227 meritis
3301 3186 3617 3240 nuneupan-

306 3272 439 3326 stria
471 3270 789 3339 viderimus,
821 3271 1031 3327 facilius
1062 3270 1223 3327 nobis
1249 3271 1459 3340 objecta
1490 3272 1557 3327 ad
1585 3272 1702 3342 ejus
1722 3286 1905 3327 exem-

309 3364 455 3433 phun
484 3364 778 3419 diluemus.
808 3365 987 3434 Atque
1022 3363 1126 3418 hoc
1162 3372 1248 3420 est
1269 3364 1413 3434 quod
1445 3364 1497 3419 iu
1530 3364 1908 3434 superioribus

306 3456 360 3527 (δ
394 3455 445 3522 ι,
477 3471 531 3511 ιι.
563 3457 622 3527 4)
654 3455 999 3525 promisimus
1020 3497 1035 3522 ,
1064 3471 1189 3511 eum
1221 3462 1462 3512 statuere
1486 3464 1673 3511 contra
1702 3457 1896 3512 faciem

305 3564 459 3603 suam
484 3586 503 3615 ,
536 3557 593 3602 ut
615 3547 740 3601 dum
768 3561 827 3601 se
851 3546 1055 3602 eisdem
1085 3548 1255 3603 teneri
1279 3546 1507 3602 vinculis
1529 3548 1902 3618 conspexerit,

305 3654 336 3692 a
377 3639 542 3694 nobis
576 3639 911 3694 insectandis
954 3638 1202 3694 desiSIat.
1249 3639 1417 3709 Igitur
1459 3639 1544 3710 (ut
1580 3638 1904 3709 compendio

305 3730 572 3802 dicamus)
599 3731 839 3801 quinque
868 3731 1049 3799 capita
1081 3729 1147 3785 ad
1171 3745 1291 3800 quae
1311 3731 1564 3785 universa
1582 3730 1795 3799 objecta
1819 3746 1906 3783 re-

304 3826 504 3881 ducere
535 3840 826 3896 passumus
857 3834 1012 3891 sunt,
1044 3826 1105 3880 l°
1140 3824 1328 3879 titulus
1356 3824 1559 3895 operis,
1590 3834 1645 3877 et
1667 3823 1904 3877 auctoris

303 3916 604 3981 intentum;
632 3918 697 3971 9.0
728 3916 1193 3973 contradictiOnes
1224 3918 1623 3972 sententiarum
1644 3916 1903 3970 etincou-

304 4010 643 4079 sequentia},
686 4024 808 4079 qua:
849 4009 932 4063 vel
974 4008 1318 4064 oscitantiam
1349 4050 1364 4075 ,
1411 4007 1494 4062 vel
1532 4007 1900 4062 diversitatem

302 4111 581 4157 auctorum
623 4112 881 4173 arguunt;
914 4103 977 4157 5ο
1006 4101 1338 4157 assertiones
1379 4117 1560 4156 rerum
1604 4101 1900 4156 incredibi-

305 4193 469 4260 lium;
501 4196 565 4248 4ο
600 4209 760 4249 voces
797 4210 968 4259 novae,
1016 4194 1208 4264 priscis
1249 4204 1532 4249 auctorum
1567 4192 1900 4264 temporibus

303 4285 613 4353 inusitatte;
644 4285 706 4340 5°
740 4285 1343 4351 falshatesmanifestac
1373 4294 1535 4340 docto
1565 4297 1789 4341 auctore
1817 4286 1900 4340 itt-

300 4375 500 4448 digntc.
536 4378 631 4433 llis
657 4380 912 4434 omnibus
952 4380 1332 4434 auctoritatem
1365 4358 1565 4459 iterum
1596 4376 1898 4433 Chronico-

300 4486 419 4525 runt
445 4485 707 4526 enervare
734 4470 811 4531 R.
830 4471 989 4525 Pater
1014 4470 1316 4536 cooteudit,
1346 4471 1549 4525 etenim
1581 4470 1738 4525 titulo
1770 4470 1895 4524 0m.

298 4565 524 4619 nimodw
541 4563 775 4619 historia:
798 4578 904 4619 non
930 4564 1362 4633 correspoudere
1386 4564 1658 4629 videntur,
1684 4580 1803 4617 cum
1828 4563 1895 4617 de
1922 4547 1976 4606 Ῑ)

299 4657 487 4727 paucis
515 4657 845 4713 mentionem
876 4657 1111 4721 faciant;
1142 4667 1190 4711 et
1232 4656 1283 4711 in
1313 4658 1555 4711 numeris
1581 4672 1644 4712 ac
1672 4667 1893 4713 senten-

299 4750 391 4804 tiis
435 4750 636 4818 passim
676 4750 1171 4820 inconsequentiis,
1216 4747 1547 4803 falsitatibus
1572 4792 1586 4817 ,
1628 4749 1897 4817 rebusque

298 4842 712 4897 incredibilibus
737 4852 969 4908 scatent,
999 4852 1053 4895 et
1078 4841 1352 4896 ntultotics
1382 4841 1533 4894 novis
1558 4842 1785 4896 vocibus
1810 4857 1897 4896 or-

296 4938 441 4993 dinis
470 4936 826 4993 eretnitarum
856 4937 913 4993 S.
940 4930 1247 5006 Augustini,
1273 4935 1481 4990 ordinis
1508 4936 1565 4989 S.
1596 4935 1892 5004 Benedicti,

295 5037 349 5083 ct
380 5030 651 5083 similibus
677 5037 930 5083 utuntur.
959 5027 1070 5083 Sed
1095 5042 1223 5082 vero
1249 5026 1470 5082 totidem
1498 5026 1548 5080 in
1572 5041 1728 5079 suum
1756 5043 1890 5096 opus

291 5122 470 5191 jacula
498 5131 862 5192 contorquere
891 5121 1187 5192 quemlibet
1219 5136 1379 5190 pesse
1409 5136 1505 5175 cur
1536 5121 1652 5191 ipse
1679 5134 1786 5175 non
1814 5120 1891 5174 vi-

294 5216 422 5269 det?
450 5214 599 5284 Opus
629 5214 897 5285 siquidem
929 5214 1199 5283 itttpt‘ituis‘
1233 5216 1387 5269 titulo
1427 5229 1530 5268 non
1574 5212 1888 5284 respondet.

295 5307 487 5363 Nonne
515 5308 701 5364 titulus
727 5309 1158 5378 operiprmfixus
1190 5316 1294 5377 est,
1322 5307 1593 5363 Generalis
1623 5311 1779 5363 totius
1800 5325 1889 5362 sa-

296 5401 368 5455 cri
393 5401 596 5455 ordinis
621 5400 930 5456 clericorum
955 5402 1322 5455 canoniroruut
1347 5400 1565 5454 historia
1596 5403 1797 5473 triparti
1803 5401 1894 5456 ta?

295 5491 589 5551 Crederem
631 5510 696 5550 ex
741 5494 884 5549 tituli
913 5494 1145 5550 lectione
1176 5509 1283 5549 non
1314 5493 1489 5548 solum
1531 5492 1584 5545 in
1612 5506 1777 5562 Opere
1806 5492 1892 5562 agi

298 5586 364 5643 de
392 5588 671 5643 canonicis
703 5586 1073 5659 regularibus,
1103 5588 1195 5645 sed
1224 5588 1388 5644 etiam
1417 5588 1484 5645 de
1512 5588 1889 5655 smeularibus,

301 5688 407 5737 tam
448 5682 594 5737 enim
639 5680 715 5747 lii,
759 5695 920 5753 quam
968 5679 1048 5735 illi
1087 5670 1272 5737 clerici
1302 5681 1550 5737 canonici
1579 5692 1726 5747 sunt,
1759 5680 1892 5736 alte-

303 5785 529 5850 ramque
565 5788 639 5835 ex
682 5772 879 5849 triplici
909 5772 1148 5834 historice
1177 5774 1488 5849 partitione,
1520 5786 1577 5834 ut
1607 5776 1889 5835 minimum

1999 3266 2149 3332 dus,
2191 3262 2405 3317 Genesis
2450 3262 2807 3334 metaphysica
2853 3262 3221 3317 canonirorant
3265 3261 3636 3334 regufttriumr

2009 3355 2244 3422 Genesis,
2278 3342 2532 3427 inquam,
2564 3357 2689 3427 quia
2719 3357 2787 3412 de
2817 3355 3089 3425 Spiriluali
3114 3355 3374 3426 progenie
3395 3372 3611 3411 eorum-

2007 3451 2130 3503 dem
2160 3432 2436 3503 edisserit.
2471 3445 2834 3518 Metaphysica
2873 3460 3041 3511 vero,
3073 3445 3329 3517 quoniam
3362 3447 3609 3517 procedit

2008 3558 2104 3613 per
2140 3541 2433 3596 altissimas
2469 3554 2684 3604 causas.
2728 3538 3168 3612 quandoquidem
3199 3554 3228 3592 a
3263 3540 3374 3594 Deo
3405 3540 3524 3609 ipso
3552 3550 3613 3596 et

2008 3635 2171 3688 totius
2196 3631 2516 3688 Christiana:
2541 3631 2821 3702 religionis
2845 3629 3175 3700 primoribus
3194 3629 3397 3694 causis,
3423 3629 3472 3682 id
3500 3639 3608 3696 est,

2006 3727 2205 3781 Christi
2240 3725 2451 3779 Domini
2482 3723 2766 3794 apostolis,
2791 3724 3035 3777 ordinem
3063 3722 3211 3776 illum
3234 3721 3468 3791 ((BpiSSO
3492 3736 3615 3791 pcr-

2008 3819 2184 3883 hihet;
2227 3826 2283 3871 et
2321 3832 2729 3886 nonnumquam
2768 3813 3196 3879 Christianitatis
3233 3822 3407 3868 metas
3447 3828 3611 3868 exce-

2004 3911 2162 3976 dens,
2205 3926 2234 3964 a
2264 3909 2535 3965 Nazarzeis
2565 3918 2617 3964 et
2650 3907 2851 3964 Levitis
2881 3906 3080 3963 veteris
3109 3906 3269 3976 Legis
3302 3921 3479 3962 ortum
3511 3908 3612 3963 du-

2003 4020 2131 4061 cere
2171 4004 2473 4072 contendit,
2516 4005 2672 4074 eique
2712 4003 3017 4072 antiquitati
3059 4004 3244 4058 favere
3290 4003 3349 4057 D.
3380 3988 3605 4058 Paulum

2002 4118 2125 4159 cum
2156 4101 2221 4158 ad
2254 4101 2512 4157 llebrtnos
2543 4101 2732 4158 scribit
2764 4101 2909 4174 (vide
2938 4099 3033 4154 lib.
3068 4115 3106 4153 ιι
3132 4098 3284 4167 'l‘rip.
3314 4096 3415 4170 2)':
3446 4098 3609 4170 idque

2003 4199 2499 4256 controversiarum
2528 4200 2581 4254 in
2611 4214 2843 4265 morem,
2877 4207 2937 4252 ut
2964 4196 3319 4267 metaphysici
3346 4197 3604 4250 assolent.

2002 4295 2405 4364 Quamquamct
2436 4294 2488 4348 in
2520 4293 2637 4363 ipso
2664 4291 3115 4347 scholasticorum
3135 4291 3279 4361 styio
3305 4296 3497 4343 auctor
3521 4302 3608 4341 sa-

2002 4387 2069 4440 tis
2100 4384 2348 4450 excedat,
2381 4383 2524 4450 quod
2557 4384 2632 4438 illi
2664 4397 3023 4439 ceusurarum
3067 4390 3223 4436 notas
3250 4378 3606 4435 vehementer

1999 4476 2350 4543 abhorreant,
2382 4474 2471 4530 hic
2496 4490 2622 4529 vero
2655 4476 2899 4529 vivorum
2921 4483 2973 4528 et
3002 4480 3337 4526 mortuorum
3370 4468 3592 4523 univer-

2000 4570 2168 4625 salcm
2212 4582 2531 4632 censorem,
2576 4568 2737 4621 etiam
2783 4568 2834 4620 in
2876 4565 3039 4619 rebus
3079 4562 3404 4627 levissimis,
3444 4572 3600 4631 agat;
3680 4600 3687 4605 .

2000 4663 2233 4718 aliorum
2275 4661 2418 4716 dicta
2463 4661 2627 4715 modo
2662 4662 2775 4714 suis
2812 4675 2918 4714 non
2960 4659 3325 4724 conformeut,
3358 4671 3600 4726 errores,

2000 4766 2186 4829 turpes
2222 4757 2439 4827 lapsus,
2473 4755 2673 4811 stolida
2705 4763 3036 4821 commenta,
3069 4751 3344 4809 luculenta
3377 4750 3601 4806 menda—

1999 4851 2082 4905 eia
2111 4891 2125 4916 ,
2171 4860 2359 4906 contra
2402 4863 2614 4904 sacram
2658 4847 3034 4917 Scripturani,
3080 4854 3268 4899 contra
3313 4843 3598 4905 historiam

2000 4941 2384 5011 Evangelicam
2430 4939 2730 5009 smpissime
2766 4952 3010 4992 vocans:
3043 4935 3374 5006 eosdemque
3414 4941 3600 4990 aucto-

2000 5047 2089 5088 res
2131 5046 2275 5087 nunc
2319 5031 2384 5085 ad
2432 5031 2536 5085 itna
2578 5015 2893 5096 detuitteus,
2936 5043 3079 5084 nunc
3115 5026 3183 5082 ad
3228 5027 3599 5096 curiosusque

1998 5124 2315 5201 sustollens,
2347 5132 2506 5193 prout
2535 5124 2641 5179 sibi
2671 5122 2855 5179 favere
2882 5122 2967 5177 vel
2998 5121 3219 5177 ofticere
3247 5121 3485 5178 videbat.
3508 5121 3599 5176 Sic

1999 5217 2150 5274 card.
2201 5218 2511 5281 Duronium,
2545 5219 2667 5272 data
2708 5233 2872 5286 opera
2902 5216 3022 5288 (lib.
3064 5233 3102 5281 ι,
3135 5232 3255 5287 cap.
3288 5219 3384 5288 «62)
3413 5220 3595 5274 decies

2001 5311 2209 5380 lapsum
2255 5311 2308 5364 in
2356 5310 2582 5365 historia
2624 5309 2913 5380 Augusrini
2948 5310 3268 5377 contendit,
3303 5310 3596 5379 multisque

2001 5404 2291 5460 ostendere
2333 5414 2582 5470 conatur,
2621 5404 2685 5458 ad
2724 5402 3008 5477 Augustini
3049 5404 3426 5459 nronachatnm
3469 5415 3595 5471 pro-

1998 5496 2232 5555 baudqu
2265 5497 2443 5553 debile
2490 5498 2651 5554 nimis
2683 5498 3088 5555 fundamentum
3122 5499 3175 5552 in
3206 5496 3323 5566 ejus
3348 5495 3587 5551 auctori-

1997 5599 2106 5648 tate
2133 5592 2333 5662 locati;
2366 5602 2708 5666 postmoonm
2739 5613 2864 5653 vero
2893 5597 2986 5653 liti.
3014 5612 3072 5660 ιι,
3098 5610 3146 5649 c.
3175 5593 3240 5648 l0
3260 5600 3315 5647 et
3335 5594 3424 5654 fit,
3453 5589 3587 5645 tanti

1994 5698 2117 5740 cuin
2150 5684 2299 5751 facit,
2334 5698 2390 5742 ut
2430 5690 2545 5761 ejus
2566 5692 2839 5748 dumtaxat
2874 5693 3193 5750 auctoritate
3225 5707 3312 5748 res
3342 5691 3586 5761 ejusdem

1995 5779 2277 5848 momenti,
2310 5779 2361 5837 id
2391 5790 2504 5851 cst,
2534 5785 2910 5842 canonicaltun
2953 5783 3254 5855 tegularcnt
3284 5785 3344 5844 S.
3379 5784 3590 5845 Martini
