4122 6174
359 234 470 294 603

1435 229 1966 289 APOLOGE'NCUS
2004 232 2140 290 PRO
2179 233 2245 291 L.
2287 233 2596 291 DEX'I‘RO.

3571 239 3676 301 606

362 352 650 424 Augustini
679 351 919 422 regulam
949 351 1290 409 observasse.
1318 351 1550 421 Insuper
1575 351 1837 422 praedicto
1875 364 1966 405 ca-
1993 355 2044 412 Α
2073 366 2179 406 non
2213 352 2413 408 renuit.
2447 351 2709 407 Similiter
2739 350 2835 407 lib.
2870 367 2925 418 ι,
2972 365 3094 424 cap.
3128 353 3188 410 5t
3214 395 3229 420 ,
3260 369 3413 410 num.
3453 355 3505 422 Ι,
3527 356 3675 414 deri-

362 446 531 517 pitulo
559 447 627 501 74
650 445 900 500 ordinem
923 447 1272 502 eremitarum
1295 447 1362 502 de
1385 445 1569 502 Fahali
1603 444 1753 514 ponit
1782 444 1964 498 diver-

359 553 479 594 sum
506 538 560 593 in
591 554 684 593 sua
707 537 917 607 origine
958 540 1026 593 ab
1056 539 1251 595 ordine
1283 539 1636 594 ercmitarnm
1682 538 1747 591 de
1773 538 1960 592 Britti-

361 632 446 686 nis
471 673 485 698 ,
527 639 582 686 et
621 630 684 685 Β.
727 630 956 686 Joannis
988 632 1118 688 Boni
1145 677 1158 699 ,
1191 641 1247 687 et
1277 631 1634 687 nihilominus
1663 629 1757 686 lib.
1790 646 1805 685 ι
1836 645 1956 700 cap.

359 723 432 779 25
464 721 664 778 uumJ
685 730 739 778 et
755 738 874 793 cap.
895 724 988 790 47,
1012 724 1064 780 in
1091 726 1383 795 principio,
1411 740 1574 779 unam
1602 726 1958 794 eamdemque

359 818 831 888 cengregationem
862 816 1032 873 fuisse
1062 819 1345 874 contendit
1374 833 1495 874 eum
1529 818 1636 872 illis
1665 818 1732 872 de
1769 817 1956 871 Britti-

359 911 442 966 nis
471 919 526 964 et
549 909 774 965 Joannis
799 909 956 964 Boni.
990 910 1196 964 ltnrsus
1221 911 1318 965 lib.
1347 926 1405 977 tt,
1435 925 1556 980 cap.
1587 909 1684 972 ευ,
1720 924 1869 962 num.
1899 909 1950 974 Ι,

357 1002 796 1074 augustissimam
829 1012 943 1057 toto
972 1004 1103 1058 orbe
1137 1003 1421 1059 ecclesiam
1455 1004 1514 1058 S.
1554 1002 1738 1056 Maria:
1772 1001 1839 1055 de
1867 1001 1954 1056 Pi-

357 1097 454 1152 lari
477 1096 666 1152 scribit
693 1096 952 1168 angelicis
981 1099 1228 1152 manibus
1261 1097 1424 1152 fuisse
1447 1094 1800 1158 aediﬁcatam;
1825 1109 1947 1162 cap.

355 1205 484 1246 vero
509 1190 566 1244 ll
599 1190 840 1258 ejusdem
872 1191 991 1245 libri
1025 1206 1173 1245 num.
1212 1191 1247 1245 '5
1279 1207 1308 1245 a
1349 1191 1409 1245 ἰ).
1450 1189 1656 1245 Jacobo
1693 1187 1947 1242 Zehedmi

354 1283 463 1338 ﬁlio
507 1283 825 1339 tedificatam
874 1270 1184 1353 contend-it,
1232 1284 1374 1355 quod
1428 1284 1677 1339 ultimum
1730 1280 1951 1337 verissi-

351 1393 496 1433 mum
526 1392 646 1433 esse
665 1377 863 1433 docent
892 1378 1250 1433 instrumenta
1281 1365 1461 1431 omnia
1483 1418 1497 1442 ,
1529 1392 1648 1445 qttze
1678 1376 1728 1428 in
1753 1375 1943 1429 eadem

349 1471 580 1526 ecclesia
611 1479 963 1527 asservantur
986 1514 1001 1536 ,
1029 1487 1149 1539 qute
1180 1486 1278 1524 nos
1308 1469 1372 1524 ad
1403 1485 1604 1523 annum
1649 1467 1852 1522 ChriSIi
1875 1466 1945 1522 58

347 1562 464 1620 fuse
492 1548 798 1619 retulimus.
834 1564 907 1620 Ita
941 1566 1087 1619 enim
1113 1563 1284 1618 refert
1327 1564 1345 1635 (
1375 1576 1433 1617 ut
1461 1563 1777 1617 innumeros
1807 1562 1945 1616 Doc-

345 1663 492 1712 tores
521 1657 766 1713 omittam
797 1655 816 1728 )
861 1654 1109 1711 Calixtus
1155 1656 1219 1710 Ill
1251 1655 1302 1710 itt
1326 1657 1542 1726 ililteris
1572 1655 1710 1709 datis
1754 1653 1938 1706 Itonia:

2070 443 2164 498 det
2190 443 2436 514 Marquez
2461 487 2476 511 ,
2502 445 2647 516 quod
2684 446 3052 501 testimonium
3087 446 3147 500 Β.
3179 446 3427 503 Joachini
3456 447 3673 508 abbatis

2068 544 2255 591 contra
2308 537 2493 606 viginti
2547 537 2892 592 adversarios
2934 547 3080 592 stare
3123 554 3283 608 posse
3325 540 3562 607 dixerit;
3613 552 3666 598 et

2067 630 2420 685 nihilominus
2441 631 2534 686 lib.
2565 647 2633 696 ιι,
2658 643 2780 701 cap.
2811 632 2909 700 l8,
2956 647 3105 686 num.
3150 633 3244 698 10,
3275 632 3413 688 duos
3435 636 3663 690 canoni-

2064 736 2158 777 cos
2183 723 2458 793 regulares
2487 725 2540 778 in
2563 738 2724 778 causa
2752 725 3140 780 canonicorum
3185 728 3406 796 propria
3436 730 3660 797 majoris

2062 830 2183 872 esse
2205 817 2484 872 contendit
2515 819 2862 872 auctoritatis
2885 859 2899 883 ,
2950 833 3109 888 quam
3133 818 3323 875 decem
3355 822 3579 876 Arnoldi
3599 831 3656 879 ct

2061 907 2370 975 Brachesii,
2408 911 2491 964 vel
2521 909 2684 964 etiam
2710 910 2995 965 Trithemii
3044 920 3295 972 auctores
3335 928 3364 967 a
3410 915 3468 968 P.
3499 915 3648 970 Con~

2057 1003 2295 1057 stantino
2339 1003 2389 1058 in
2437 1017 2598 1058 causa
2645 1003 2704 1060 S.
2760 1003 3051 1060 llcrculaui
3100 1005 3295 1061 citati:
3330 1009 3472 1077 quod
3507 1008 3650 1066 idem

2055 1103 2140 1150 est
2164 1135 2178 1161 ,
2211 1105 2370 1166 atque
2406 1097 2588 1152 valere
2627 1098 2794 1168 p'uris
2819 1113 2979 1168 quam
3013 1100 3228 1170 triginta
3267 1118 3280 1156 :
3311 1118 3432 1156 nam
3457 1102 3648 1159 der-em

2053 1185 2278 1242 Arnoldi
2319 1198 2373 1244 et
2416 1189 2639 1244 totidem
2681 1190 2958 1245 Brachesii
2991 1193 3376 1248 et'Trithemii
3422 1195 3643 1265 triginta

2052 1279 2322 1336 conﬁcere
2377 1283 2498 1353 quis
2549 1300 2654 1336 non
2708 1285 2890 1339 videt?
2929 1285 3036 1341 Sed
3064 1326 3079 1350 ,
3129 1287 3272 1357 quod
3318 1297 3480 1358 caput
3515 1299 3641 1357 est,

2051 1368 2364 1426 Chronicon
2395 1373 2568 1440 ipsum
2593 1374 2776 1429 Dextri
2805 1385 2859 1430 et
2888 1377 3105 1431 Maximi
3127 1420 3140 1444 ,
3171 1379 3312 1449 quod
3339 1380 3517 1434 citatis
3546 1395 3643 1436 stt-

2051 1465 2235 1532 perios
2290 1465 2422 1520 locis
2469 1466 2590 1521 data
2641 1483 2807 1538 opera
2859 1469 3072 1538 rt-jieit,
3134 1472 3477 1541 postmodum
3531 1488 3641 1528 non

2047 1557 2214 1611 semel
2263 1558 2527 1626 admittit,
2571 1575 2822 1615 asserens
2863 1561 3068 1631 absque
3123 1563 3289 1618 dubio
3337 1564 3406 1620 ab
3458 1565 3639 1636 aliqua

2046 1650 2320 1715 eremitis,
2359 1665 2453 1705 seu
2491 1652 2855 1708 Benedictinis
2895 1654 3115 1710 addicto
3156 1657 3402 1712 vitiatum
3429 1702 3442 1725 ,
3475 1669 3535 1714 ut
3561 1660 3642 1714 vi-

342 1763 399 1803 rs
427 1749 548 1803 Kal.
573 1749 827 1804 Octobris
861 1748 1000 1804 1456
1028 1749 1132 1803 illis
1158 1749 1369 1802 verbis:
1397 1746 1595 1800 Christi
1619 1746 1798 1814 [uti-les
1826 1760 1938 1797 ma-
1971 1732 2015 1792 Β
2044 1741 2174 1796 dere
2205 1751 2288 1796 est
2316 1741 2456 1799 libro
2482 1759 2499 1798 ι
2524 1788 2538 1810 ,
2573 1759 2694 1814 cap.
2723 1745 2824 1812 56,
2855 1763 3006 1801 num.
3041 1748 3075 1802 4
3099 1759 3153 1803 et
3184 1764 3307 1820 cap.
3349 1753 3447 1818 57,
3483 1769 3636 1811 num.

336 1853 446 1910 gna
493 1841 762 1896 devotione
807 1858 868 1895 ac
915 1843 1241 1896 veneratione
1287 1839 1558 1911 imaginem
1597 1839 1828 1910 ejusdem
1871 1834 1934 1889 Β.

341 1930 560 1997 Maria,
597 1941 644 1987 et
669 1935 780 2006 ejus
807 1933 907 2002 ﬁlii
934 1934 987 1986 in
1009 1933 1236 2004 quadam
1264 1931 1468 1999 capella
1498 1931 1728 2004 ejusdem
1756 1929 1938 1984 Eccle-

338 2023 428 2077 sia:
448 2064 463 2087 ,
495 2038 611 2093 quae
631 2022 696 2077 de
719 2023 964 2077 mandato
1002 2023 1152 2078 dicta:
1188 2021 1250 2075 Β.
1284 2022 1472 2078 Maria:
1511 2039 1599 2094 per
1630 2023 1822 2076 dictum
1868 2020 1933 2076 B.

338 2113 587 2171 Iacobum
619 2117 904 2188 fabricata,
940 2127 986 2172 et
1017 2117 1238 2172 Camera
1263 2117 1528 2188 Angeliea:
1551 2115 1648 2170 Dei
1673 2115 1936 2186 genitricis

339 2209 400 2264 de
430 2206 601 2264 Pilari
642 2218 977 2280 ntmcupata,
1015 2210 1244 2276 exstitit,
1285 2212 1460 2263 colunt
1508 2218 1555 2263 et
1594 2218 1934 2274 venerantur,

339 2313 444 2359 etc.
473 2301 639 2374 quue
671 2303 896 2359 historia
929 2304 1149 2374 antiqua
1182 2303 1568 2359 venerabiliter
1595 2302 1726 2357 inibi
1756 2317 1940 2357 asser-
1971 2313 1986 2326 “

342 2409 461 2452 rata
483 2395 708 2467 profert,
733 2396 861 2452 dum
885 2397 1083 2452 asserit
1115 2396 1176 2451 B.
1209 2397 1434 2451 Mariam
1459 2395 1702 2466 apostolo
1732 2394 1937 2450 Jacobo

335 2490 539 2545 dixisse
571 2508 582 2545 :
621 2489 753 2545 Ecce
770 2531 786 2557 ,
808 2488 1003 2544 Jacobe
1027 2490 1125 2559 fili,
1151 2491 1297 2544 locus
1323 2490 1579 2560 signatus,
1604 2505 1817 2559 meoque
1839 2502 1935 2542 no-

335 2583 464 2637 mini
490 2584 785 2654 deputatus,
805 2584 856 2638 in
879 2600 979 2655 quo
1000 2583 1054 2638 in
1082 2584 1181 2638 mei
1209 2585 1527 2648 memoriam,
1547 2592 1634 2636 tua
1651 2583 1931 2650 industria,

334 2693 450 2732 mea
478 2678 694 2732 ecclesia
714 2687 1063 2732 construatur.
1107 2678 1188 2732 Ex
1240 2678 1436 2748 quibus
1480 2678 1660 2732 verbis
1703 2675 1936 2732 Oﬁ‘erto-

331 2769 473 2825 rium
507 2769 684 2826 Missae
717 2771 924 2840 preprii
961 2768 1128 2825 ofﬁcii
1164 2771 1280 2838 ejus
1320 2769 1441 2825 festi
1490 2768 1621 2824 olim
1662 2769 1934 2839 composi-

335 2873 451 2920 tum
501 2863 624 2921 fuit.
667 2864 920 2920 Confudit
957 2863 1256 2920 Pcnnottus
1290 2864 1596 2920 columnam
1623 2865 1692 2919 ab
1729 2863 1934 2933 angelis

328 2957 552 3014 ctelitus
585 2956 926 3025 deportatam
975 2969 1098 3010 cum
1152 2957 1390 3011 oratorio
1439 2955 1687 3009 manibus
1740 2955 1933 3010 Jacobi

328 3063 384 3108 et
404 3051 794 3121 discipulorum
820 3051 940 3119 ejus
961 3061 1273 3107 constructo
1297 3092 1312 3116 ,
1355 3066 1473 3121 quae
1506 3059 1682 3105 tamen
1710 3049 1926 3104 diversa

2041 1833 2106 1900 8,
2137 1844 2191 1889 et
2227 1835 2376 1891 alibi.
2425 1837 2501 1891 Ex
2534 1839 2727 1908 quibus
2764 1841 3021 1897 omnibus
3061 1857 3379 1912 persuasum
3416 1847 3622 1913 habeo,

2041 1941 2176 1998 opus
2205 1930 2474 1996 ejusmodi
2497 1948 2605 1986 non
2629 1947 2753 1988 esse
2781 1933 2954 1990 solius
2985 1935 3268 2002 Pennotti,
3311 1939 3406 1994 sed
3443 1941 3512 1994 ab
3538 1941 3640 1996 ali-

2039 2036 2148 2092 quo
2193 2022 2434 2081 ofﬁciose
2475 2025 2830 2095 depravatum
2862 2047 2874 2083 :
2914 2043 3036 2084 nam
3067 2030 3170 2084 erit
3201 2031 3290 2102 qui
3336 2034 3639 2089 sententias

2039 2115 2324 2170 sententiis
2346 2156 2359 2180 ,
2391 2124 2446 2171 et
2489 2126 2673 2187 partes
2711 2118 2956 2183 partibus
3001 2121 3336 2176 conferendo
3363 2124 3530 2179 rideat
3560 2126 3640 2180 rel

2041 2207 2378 2261 excandescat
2405 2249 2420 2274 ,
2473 2220 2532 2264 ut
2571 2211 2688 2278 ipse
2727 2211 2795 2265 de
2841 2211 3180 2267 conferendo
3215 2214 3359 2268 inter
3388 2231 3448 2271 se
3481 2217 3637 2272 codi-

2040 2313 2132 2354 ces
2165 2300 2349 2355 Dextri
2378 2300 2516 2357 falso
2545 2300 2840 2357 admodum
2875 2300 3012 2358 dixit
3040 2344 3054 2370 ,
3104 2304 3198 2360 lib.
3246 2320 3302 2372 ι,
3348 2321 3474 2377 cap.
3517 2307 3586 2362 52
3619 2349 3634 2378 ,

2041 2407 2189 2446 mtm.
2217 2391 2271 2448 5.

2109 2485 2228 2540 Jam
2261 2486 2402 2556 quod
2432 2496 2642 2557 spectat
2672 2488 2741 2544 ad
2781 2503 2868 2546 res
2897 2489 3107 2546 creditu
3141 2491 3395 2548 difllciles
3421 2536 3436 2561 ,
3468 2508 3633 2553 unam

2040 2591 2151 2647 pra:
2179 2579 2362 2635 multis
2403 2580 2710 2639 habendam
2737 2584 2914 2654 placet
2945 2585 3010 2640 ad
3040 2585 3245 2657 lydium
3287 2587 3554 2656 lapidem;
3584 2589 3638 2646 id

2037 2678 2148 2734 est,
2192 2685 2310 2727 eam
2344 2688 2503 2744 quam
2536 2682 2649 2729 tuto
2682 2675 2822 2730 libro
2874 2675 2940 2732 Il.
2982 2676 3047 2731 P.‘
3076 2677 3378 2736 Pennottus
3410 2697 3638 2752 persua-

2035 2761 2164 2818 dere
2213 2764 2474 2832 intendit,
2530 2767 2916 2824 canouicorum
2965 2771 3297 2841 regularium
3329 2773 3576 2830 ordinem
3607 2789 3638 2831 a

2035 2857 2238 2912 sanctis
2272 2851 2536 2927 apostolis
2569 2861 2881 2917 institutum
2911 2904 2926 2929 ,
2969 2879 3206 2936 eumque
3247 2867 3425 2936 ipsum
3470 2869 3523 2924 in
3557 2869 3641 2926 bis

2036 2950 2123 3020 qui
2181 2965 2325 3005 nunc
2367 2964 2694 3022 supersunt,
2764 2971 3122 3025 perseverare
3165 2975 3180 3011 :
3228 2974 3420 3030 parum
3468 2970 3552 3017 est
3606 2977 3638 3019 a

2035 3051 2224 3097 saneto
2266 3044 2568 3114 Augustino
2614 3048 2878 3116 originem
2923 3049 3147 3104 ducere.
3205 3051 3311 3106 Sed
3362 3052 3464 3107 hoc
3523 3063 3633 3110 tam

325 3161 451 3202 esse
477 3146 654 3200 oratio
681 3147 900 3215 propria
922 3145 1048 3199 olim
1084 3145 1136 3198 in
1162 3143 1421 3213 praedicto
1450 3141 1588 3198 festo
1616 3143 1734 3197 eani
1765 3143 1925 3198 Solita

2033 3149 2215 3188 verum
2247 3144 2363 3203 est,
2397 3150 2462 3190 ac
2492 3137 2535 3190 si
2565 3138 2684 3207 quis
2715 3139 2946 3194 diceret.
2977 3140 3300 3195 Benedicto;
3330 3143 3630 3200 monachos

326 3238 670 3302 manifestat;
696 3254 851 3308 quam
876 3237 943 3292 ad
974 3238 1050 3293 rei
1074 3236 1396 3293 evidentiam
1431 3235 1520 3292 hic
1550 3236 1791 3292 inserere
1817 3252 1923 3291 non

323 3332 621 3402 gravabor.
672 3332 1008 3404 Omnipotens
1048 3343 1234 3386 (uterne
1277 3329 1419 3386 Deus
1445 3373 1460 3399 ,
1514 3333 1602 3402 qui
1633 3331 1926 3385 sacratissi-

324 3441 466 3478 mam
501 3423 722 3478 Matrem
749 3435 887 3478 tuam
919 3425 1054 3478 inter
1089 3425 1274 3479 choros
1298 3427 1599 3499 angelorum
1623 3442 1790 3498 super
1833 3441 1922 3478 co-

323 3515 509 3570 lumna
563 3531 853 3570 marmorea
904 3531 936 3570 a
990 3525 1036 3570 te
1085 3516 1149 3569 ab
1197 3517 1304 3570 alto
1344 3517 1560 3582 emissa,
1607 3517 1778 3571 renire
1800 3516 1922 3570 dum

323 3610 496 3664 adhuc
543 3609 764 3674 vireret,
808 3608 1059 3682 dignatus
1096 3627 1150 3664 es
1178 3653 1191 3675 ,
1219 3619 1294 3663 .ut
1323 3609 1536 3664 basilica
1575 3609 1636 3663 de
1664 3609 1834 3664 Pilari
1865 3612 1916 3663 in

323 3707 438 3778 ejus
481 3702 723 3756 honorem
770 3721 801 3757 ιι
849 3713 1228 3774 protomartyre
1273 3701 1629 3772 apostolorum
1679 3701 1878 3756 Iacobo
1904 3745 1918 3770 ,

322 3794 534 3866 suisque
579 3796 918 3850 sanctissimis
963 3796 1235 3862 discipulis
1276 3796 1656 3864 auli/icarrtur;
1713 3803 1920 3865 pra'sta,

322 3908 641 3963 quwsumus,
682 3900 734 3945 ut
767 3892 877 3961 ejus
907 3891 1100 3944 meritis
1124 3899 1173 3945 et
1205 3889 1593 3952 intercessione,
1640 3889 1731 3957 ﬁat
1760 3889 1924 3956 impe-

324 3983 506 4038 trabile
529 3985 665 4054 quod
693 3983 802 4052 ﬁda
827 3993 992 4037 mente
1032 3983 1314 4053 poscimus.
1353 3983 1454 4049 Qui
1486 3981 1644 4048 viris,
1680 3989 1784 4035 cte.
1819 3979 1920 4036 Ubi

322 4077 477 4133 vides
503 4077 807 4133 columnam
831 4077 1052 4149 quidem
1075 4076 1195 4154 (sgu
1218 4073 1418 4147 Pilare)
1441 4075 1508 4130 ab
1537 4074 1644 4128 alto
1667 4073 1919 4130 emissam

322 4169 572 4228 manibus
605 4171 815 4228 scilicet
855 4172 1176 4242 angelorum
1212 4171 1582 4242 deportatum;
1632 4170 1918 4226 basilicam

323 4276 452 4317 vero
481 4261 549 4317 de
585 4261 781 4328 Pilari,
815 4277 909 4317 seu
943 4263 1262 4318 Coiumnam
1295 4278 1324 4317 a
1358 4263 1419 4318 D.
1453 4261 1658 4318 JaCobo
1711 4270 1765 4317 et
1801 4262 1918 4317 dis-

321 4353 516 4423 cipulis
547 4366 942 4409 consuuetam.

388 4445 541 4500 Mitto
583 4446 780 4501 multas
834 4445 1082 4502 Pennotti
1135 4446 1645 4518 inconsequentias,
1693 4455 1750 4502 ut
1793 4462 1914 4501 cum

318 4537 541 4594 eosdem
587 4549 836 4595 auctores
888 4540 1050 4596 modo
1100 4540 1379 4606 sublevat,
1422 4540 1584 4596 modo
1617 4541 1911 4612 deprimit,

317 4627 384 4686 de
421 4645 531 4702 quo
557 4629 671 4701 jam
710 4629 984 4698 diximus;
1030 4639 1085 4688 et
1118 4646 1240 4687 cum
1282 4647 1479 4686 nomen
1521 4634 1913 4687 monachorum

318 4723 643 4797 quandoque
681 4725 970 4792 latissime,
1017 4726 1333 4796 plerumque
1373 4725 1722 4781 strictissime
1767 4726 1913 4780 acci-

317 4818 428 4889 pit,
467 4827 528 4873 ut
578 4819 650 4873 ita
691 4819 938 4874 canonici
977 4818 1256 4890 regulares
1306 4817 1466 4873 bonis
1515 4820 1911 4872 moaachorum

316 4912 751 4982 communicent,
804 4929 911 4968 non
955 4927 1084 4968 vero
1135 4911 1308 4981 pinnis
1357 4920 1409 4966 et
1461 4908 1617 4964 malis
1647 4927 1662 4967 :
1693 4921 1745 4964 et
1791 4926 1913 4965 cutn

318 5012 474 5060 notas
503 5020 635 5076 quas
657 5005 763 5061 sibi
794 5007 862 5063 ab
885 5006 1005 5061 aliis
1036 5004 1228 5061 inferri
1261 5021 1368 5059 non
1403 5007 1636 5075 patitur,
1673 5004 1792 5058 aliis
1824 5003 1910 5058 in-

319 5093 440 5150 fert.
472 5095 605 5166 Sup.
635 5096 754 5152 Lib.
780 5112 850 5166 ιι,
885 5113 1004 5166 cap.
1040 5099 1133 5163 l9,
1164 5112 1310 5150 nutu.
1345 5096 1377 5149 8
1400 5137 1413 5161 ,
1449 5095 1764 5165 impaticnte
1810 5092 1915 5150 fert

316 5186 457 5256 quod
492 5185 553 5240 ιι.
585 5186 647 5241 P.
677 5189 1062 5243 Constantinus
1091 5187 1383 5259 Cajetanus
1407 5230 1422 5254 ,
1479 5187 1776 5243 canonicos
1820 5204 1912 5244 re-

315 5281 529 5349 gulares
552 5278 726 5335 Bonos
759 5280 941 5337 Patres
967 5292 1274 5352 nuaeupet;
1301 5292 1352 5337 et
1385 5291 1567 5336 tamen
1596 5282 1685 5337 lib.
1715 5299 1753 5346 ι,
1787 5298 1906 5353 cap.

313 5371 403 5435 47.
435 5388 585 5429 num.
613 5375 681 5438 9.,
716 5374 857 5445 Mtg.
895 5377 1162 5431 Joannem
1211 5376 1464 5442 lllarqucz
1515 5375 1910 5443 patientissime

312 5461 515 5521 Bonum
540 5466 792 5539 Marquez
813 5478 987 5524 vocat.
1026 5468 1388 5525 Abominatur
1417 5468 1606 5524 itidem
1637 5470 1907 5528 Constan-

312 5559 485 5616 tinum
507 5574 844 5619 asserentem
871 5580 935 5620 ex
970 5563 1174 5635 putidis
1214 5565 1455 5621 fontibus
1492 5565 1784 5620 llerculani
1814 5581 1905 5621 ca-

310 5655 619 5710 nonicatum
671 5657 919 5713 hauriri:
954 5667 1006 5712 et
1059 5665 1239 5713 tamen
1291 5658 1672 5714 monachatum
1722 5660 1904 5730 Angu-

307 5749 436 5806 stini
461 5749 992 5825 extontibusputidis
1023 5750 1088 5808 ab
1112 5752 1353 5812 ercmitis
1385 5753 1634 5811 haustum
1660 5753 1902 5811 scribere

2030 3223 2270 3294 ejusdem
2303 3242 2423 3283 esse
2444 3229 2650 3284 ordinis
2683 3242 2746 3284 ac
2772 3229 2869 3286 SS.
2895 3231 3221 3296 Antonium,
3252 3233 3633 3306 Pachomium,

2033 3321 2362 3378 llilarionem
2389 3369 2402 3392 ,
2455 3332 2510 3380 ct
2552 3335 2820 3393 emteros,
2869 3327 2958 3397 qui
2997 3327 3124 3382 olitn
3173 3327 3546 3397 Thebaidem,
3578 3339 3634 3388 et

2028 3413 2358 3470 Palestinatn
2392 3417 2737 3474 ineoluerunt
2773 3438 2785 3473 :
2816 3429 2909 3475 aut
2944 3435 3134 3476 omnes
3167 3422 3479 3479 universum
3513 3441 3630 3481 mo-

2029 3507 2323 3564 nachorum
2345 3499 2796 3582 congregationes
2833 3513 2999 3568 etiam
3031 3515 3450 3571 mendicantium
3476 3518 3636 3575 unius

2027 3601 2380 3673 ejusdemque
2427 3619 2551 3660 esse
2593 3605 2829 3671 ordinis;
2873 3607 3017 3678 quod
3069 3609 3115 3662 si
3167 3609 3357 3675 detur,
3409 3625 3518 3664 non
3550 3619 3635 3665 est
3687 3589 3693 3596 ’

2028 3698 2411 3766 ambigendum
2435 3714 2461 3750 a
2495 3698 2698 3753 sanctis
2725 3702 2928 3768 pariter
2960 3701 3226 3771 apostolis
3261 3717 3384 3758 esse
3413 3702 3630 3759 institu-

2029 3797 2134 3846 tos.
2180 3790 2324 3845 Nihil
2348 3791 2493 3845 enim
2525 3791 2668 3846 aliud
2697 3803 2779 3847 est
2809 3793 3066 3863 religiosa
3115 3795 3412 3862 professio,
3466 3812 3630 3869 quam

2027 3881 2092 3935 ad
2139 3881 2513 3952 prtescriptutn
2547 3883 2887 3954 Evangelica:
2917 3883 3275 3954 perfectionis
3299 3889 3630 3946 vitantdiri-

2023 3987 2172 4043 gere.
2205 3972 2312 4029 Sed
2352 3988 2480 4028 vero
2510 3975 2692 4029 nullus
2725 3985 2807 4029 est
2833 4015 2848 4042 ,
2889 3976 2978 4045 qui
3009 3992 3114 4032 non
3141 3977 3360 4045 videat,
3403 3993 3526 4035 cum
3561 3980 3628 4037 de

2025 4067 2282 4138 pritnazva
2325 4067 2550 4138 alicujus
2603 4068 2813 4124 ordinis
2869 4068 3082 4140 origine
3133 4070 3456 4140 disseritur,
3515 4087 3625 4130 non

2025 4161 2161 4216 sumi
2215 4177 2413 4217 nomen
2453 4161 2701 4231 ordinis,
2755 4163 2909 4234 quasi
2959 4165 3253 4235 generiee,
3305 4182 3413 4236 quo
3462 4177 3624 4238 pacto

2026 4259 2306 4311 universas
2362 4256 2755 4310 monachorum
2829 4257 3123 4328 religiones
3177 4258 3626 4329 comprehcndit,

2024 4349 2117 4404 sed
2151 4350 2200 4402 in
2232 4349 2414 4418 specie
2445 4389 2458 4413 ,
2497 4358 2766 4418 quatenus
2796 4364 2902 4403 una
2932 4349 3281 4420 distinguitur
3304 4350 3372 4404 ab
3401 4351 3574 4405 altera
3606 4366 3622 4408 :

2025 4455 2203 4509 neque
2235 4443 2520 4510 quisquam
2549 4441 2765 4495 audiret
2803 4442 3072 4511 patienter
3099 4441 3499 4497 Franciseanos
3529 4450 3622 4496 aut

1944 4514 1995 4577 Ῑ)
2024 4533 2418 4590 Pr:edic:ttores
2443 4543 2593 4588 tanta
2624 4535 2834 4603 pollere
2865 4535 3192 4604 antiquitate
3217 4575 3232 4601 ,
3267 4544 3322 4588 ut
3351 4534 3417 4588 ad
3450 4535 3626 4604 ipsum

2020 4627 2294 4682 Christum
2327 4625 2614 4681 Dominum
2649 4627 2918 4696 originem
2966 4641 3123 4680 suam
3168 4625 3434 4682 reducant
3465 4644 3479 4682 :
3507 4628 3628 4698 quis

2022 4724 2074 4779 id
2123 4722 2361 4778 diceret?
2417 4721 2571 4777 Nune
2621 4729 2804 4776 autem
2846 4721 3152 4792 regularem
3198 4720 3518 4778 clericatum
3571 4723 3624 4778 in

2021 4818 2216 4873 multas
2282 4816 2568 4888 variasque
2642 4815 2920 4883 familias,
2995 4830 3090 4870 seu
3173 4816 3628 4885 congregati‘ones

2021 4912 2306 4978 distribui,
2349 4927 2454 4966 non
2489 4910 2646 4967 aliter
2686 4920 2851 4981 atque
2905 4909 3288 4965 monachatum
3319 4951 3333 4976 ,
3381 4910 3546 4982 lippis
3574 4920 3629 4968 ct

2023 5007 2334 5062 tonsoribus
2362 5015 2527 5076 patet.
2566 5005 2630 5061 Ut
2664 5004 2789 5073 quid
2815 5017 2951 5071 ergo
2994 5019 3115 5058 eum
3161 5004 3343 5074 agitur
3369 5003 3436 5059 de
3465 5020 3628 5060 cano-

2020 5100 2154 5156 nisis
2179 5099 2510 5154 Frisonariis
2531 5143 2543 5166 ,
2579 5109 2666 5153 aut
2699 5097 3164 5153 L-tterauensihus
3192 5141 3207 5164 ,
3239 5107 3382 5154 totus
3410 5099 3626 5170 religio-

2018 5211 2111 5252 sus
2145 5194 2433 5248 clericatus
2467 5194 2521 5248 in
2556 5209 2720 5248 unum
2755 5207 2954 5262 corpus
2978 5193 3295 5248 coalescens
3316 5193 3626 5262 accipitur?

2018 5304 2218 5361 ergone
2250 5297 2355 5343 tam
2388 5288 2566 5359 indiga
2595 5296 2908 5342 sanctorum
2957 5297 3008 5341 et
3049 5287 3346 5343 illustrium
3377 5287 3620 5340 virorum

2018 5389 2103 5437 est
2132 5381 2336 5452 quasvis
2367 5395 2615 5435 seorsum
2647 5392 2869 5450 accepta
2903 5380 3258 5450 congregatio
3285 5421 3298 5443 ,
3342 5386 3402 5432 nt
3423 5391 3481 5430 se
3508 5375 3621 5430 SULI

2016 5475 2068 5530 in
2127 5475 2299 5529 lucem
2353 5471 2742 5527 honestissime
2793 5487 2900 5526 non
2950 5475 3124 5542 possit
3166 5469 3358 5524 exire?
3410 5466 3614 5531 Absit;

2013 5582 2202 5622 omnes
2235 5566 2384 5621 enim
2413 5565 2966 5630 illustrissimtesunt,
3003 5579 3102 5618 nec
3127 5563 3352 5616 aliarum
3383 5558 3618 5613 admini-

2010 5661 2134 5716 culo
2157 5660 2419 5730 indigent.
2449 5660 2639 5715 Restat
2663 5675 2790 5730 ergo
2826 5657 2965 5713 tttde
2995 5667 3312 5724 unaquaque
3344 5653 3396 5707 in
3430 5654 3615 5725 singu-

2014 5754 2114 5813 lari
2142 5755 2460 5828 loquamur,
2487 5768 2610 5812 cum
2634 5753 2861 5830 originis
2885 5749 3258 5821 antiquitatem
3284 5746 3613 5821 investigare
