4122 6174
481 220 586 280 607
607 250 611 257 ~

1385 221 1683 282 FLAVIUS
1724 221 1973 283 LUCIUS
2014 224 2297 284 DEXTER
2336 226 2868 288 CIIRONOLOCUS.

3675 231 3783 292 608

482 330 837 389 intendimus.
869 330 1040 401 Igitur
1076 345 1106 386 a
1146 332 1355 389 sanctis
1390 334 1485 389 Dei
1516 328 1780 405 apostolis
1801 337 2072 408 religiosis
2100 342 2148 401 A
2179 356 2297 395 rum
2326 341 2430 396 sub
2471 342 2693 398 nomine
2720 343 3004 415 Augustini
3037 346 3257 413 citetur,
3286 345 3559 419 reliquum
3587 356 3699 416 est,
3725 358 3785 406 ut

480 424 785 494 disciplinis
805 423 1034 480 clericos
1055 425 1303 482 eruditos
1325 426 1563 484 libenter
1584 427 1847 497 fatemur;
1872 445 2079 502 eosque

482 518 767 577 multoties
798 533 827 571 a
858 519 1107 573 conciliis
1145 529 1202 575 et
1234 520 1474 590 patribus
1513 521 1840 579 reformatos
1869 545 1883 581 :
1913 536 2080 581 cmte-

482 630 605 672 rum
637 614 771 669 nihil
794 615 973 670 minus
993 616 1061 671 de
1083 617 1367 673 monachis
1395 619 1646 675 confiteri
1674 629 1913 691 oportet,
1945 638 2081 693 quo-

484 728 607 768 rum
640 710 693 766 in
730 711 975 766 conciliis
1000 711 1252 782 frequens
1270 728 1485 783 quotpte
1508 716 1713 770 mentio
1742 724 1858 781 est;
1887 717 2082 771 variis-

487 820 593 877 que
638 805 975 872 temporibus
1009 814 1060 858 et
1107 806 1402 871 provinciis
1444 805 1727 862 reformati
1775 818 1923 863 sunt.
1971 807 2081 864 Nec

490 899 635 954 inter
659 907 921 968 utrosque
953 897 1134 967 aliqua
1175 899 1508 955 verosimilis
1540 898 1880 956 diversitatis
1919 915 2082 956 causa

442 1032 447 1035 -
490 992 761 1061 assignari
795 999 999 1061 potest,
1035 990 1081 1046 si
1111 990 1255 1046 enim
1296 992 1438 1047 dicat
1470 993 1589 1064 quis
1631 992 1861 1049 clericos
1893 1009 2084 1050 omnes

490 1084 543 1139 in
590 1082 839 1138 eumdem
885 1081 1047 1138 finem
1076 1099 1138 1138 ex
1167 1084 1279 1153 ipsa
1310 1083 1610 1139 Clericatus
1643 1087 1861 1140 ratione
1887 1084 2080 1156 dirigi,

491 1175 545 1230 in
572 1189 799 1243 eamque
820 1176 1149 1231 omnimodis
1170 1176 1492 1241 convenire,
1533 1176 1584 1231 id
1608 1180 1728 1242 est,
1766 1177 1818 1232 in
1851 1177 2087 1233 deStina-

495 1269 640 1323 tione
669 1267 736 1322 ad
765 1267 1047 1323 servitium
1071 1267 1258 1322 altaris
1278 1311 1292 1334 ,
1338 1277 1806 1323 sacramentorum
1852 1268 2086 1323 admini-

403 1389 410 1397 ι
498 1358 855 1424 stationem,
915 1370 981 1418 et,
1019 1359 1170 1413 verbi
1216 1359 1311 1414 Dei
1362 1361 1837 1430 pranlicationetn;
1871 1361 2088 1417 differre

495 1468 626 1507 vero
648 1450 801 1522 quasi
825 1451 1235 1507 accidentaliter
1263 1453 1342 1520 (ut
1369 1453 1450 1507 sic
1479 1452 1681 1523 dicam)
1715 1467 1880 1520 penes
1908 1452 2089 1508 diver-
2142 1497 2145 1500 .

494 1557 583 1599 sas
603 1546 1084 1613 congregationnnt
1116 1544 1532 1600 constitutiones
1553 1585 1567 1610 ,
1597 1543 1742 1612 quod
1768 1555 1946 1598 tamen
1982 1558 2089 1599 non

495 1635 700 1690 sufficit
725 1636 791 1690 ad
816 1635 1036 1690 ordines
1068 1636 1395 1691 clericm'um
1426 1637 1898 1693 divet'silieandos.
1941 1635 2093 1693 Sciat

2181 432 2448 487 fateamur
2491 435 2556 490 D.
2587 435 2948 505 Augustinum
2981 438 3146 493 talem
3194 439 3438 508 regulam
3470 439 3787 497 nullatenus

2182 526 2578 594 composuisse,
2612 527 2709 583 sed
2744 528 3091 598 postmodum
3131 530 3276 585 circa
3321 546 3524 585 annum
3567 531 3786 587 Domini

2186 618 2347 685 “00,
2377 635 2444 675 ex
2475 622 2709 691 epistola
2741 621 2865 690 109,
2899 623 3068 680 fuisse
3094 631 3430 694 extractam,
3464 640 3628 695 quam
3669 624 3788 695 ipse

2185 714 2252 769 ad
2280 715 2547 771 moniales
2570 714 2834 787 quasdam
2861 714 3108 782 dictavit,
3144 717 3439 773 occasione
3472 716 3785 785 discordia),

2185 823 2346 879 quam
2376 824 2497 865 cum
2528 810 2827 880 praeposita
2859 809 3153 875 habebant,
3188 817 3247 865 ut
3275 826 3338 865 ex
3369 810 3492 880 ejus
3519 822 3790 868 contextu

2189 900 2534 957 manifestum
2554 911 2676 957 est:
2706 910 2801 957 aut
2826 901 3111 958 Possidius
3137 902 3451 971 arguendos
3477 911 3628 958 esset
3653 903 3796 958 osci-

2189 991 2378 1046 tanti'm
2407 1002 2461 1046 et
2489 991 2784 1049 oblivionis
2817 993 3008 1061 (immo
3039 1003 3092 1048 et
3125 992 3241 1063 ipse
3268 992 3630 1065 Augustinus)
3661 994 3792 1052 dum

2191 1094 2296 1137 tam
2323 1085 2555 1140 illustris
2582 1085 2765 1154 operis
2788 1102 2895 1141 non
2926 1086 3259 1151 meminerit,
3287 1087 3430 1158 quod
3460 1096 3642 1143 tamen
3672 1087 3794 1158 ipse

2191 1172 2490 1230 Pennottus
2532 1175 2628 1231 lib.
2659 1192 2698 1241 I,
2727 1191 2850 1247 cap.
2884 1175 2978 1241 42,
3012 1192 3164 1231 nmn.
3197 1177 3253 1240 8,
3285 1177 3651 1233 abominatur.
3684 1178 3794 1234 Sed

2194 1277 2419 1322 nonest
2449 1284 2550 1322 cur
2596 1269 2649 1323 in
2684 1283 2743 1323 re
2788 1269 3162 1338 patentissima
3215 1270 3594 1338 immorentur,
3627 1285 3791 1341 quam

2197 1376 2305 1415 non
2350 1360 2526 1414 solum
2573 1360 2864 1415 cardinalis
2917 1361 3283 1416 Bellartuinus
3335 1361 3435 1416 lib.
3462 1361 3533 1418 de
3589 1361 3792 1434 Script.

2200 1452 2408 1508 Ecclcs.
2463 1451 2598 1507 vidit
2643 1463 2696 1505 et
2721 1452 3006 1519 judicavit,
3049 1468 3239 1508 verum
3281 1461 3336 1508 et
3368 1451 3470 1524 ipsi
3516 1453 3795 1523 regulares

2194 1543 2467 1612 canonici,
2515 1559 2545 1597 e
2590 1544 2790 1615 quibus
2822 1544 3010 1599 Simon
3044 1543 3319 1599 Werliuus
3368 1545 3694 1614 prmpositus
3733 1544 3793 1601 S.

2193 1634 2379 1691 Maria:
2405 1635 2455 1690 iu
2485 1636 2729 1702 chsteu,
2774 1636 2898 1691 data
2930 1651 3100 1707 opera
3149 1636 3201 1691 id
3233 1635 3478 1692 defendit
3522 1635 3580 1690 in
3608 1651 3797 1692 emen-

494 1727 585 1799 qui
625 1729 742 1782 brec
786 1727 1015 1795 dixerit,
1066 1737 1444 1797 argumentum
1495 1728 1748 1783 similiter
1797 1743 1989 1799 urgere
2037 1729 2089 1783 in
2122 1731 2172 1792 B
2197 1728 2419 1783 datiOne
2450 1729 2652 1799 regulae
2676 1729 2991 1784 monasdcae
3022 1728 3079 1785 S.
3116 1728 3403 1798 Augustini
3428 1728 3654 1800 (excusa
3686 1728 3798 1784 blo-

496 1818 806 1883 monachis;
833 1818 922 1888 qui
950 1810 1168 1890 quidem
1196 1819 1543 1875 uniformiter
1567 1821 1618 1875 in
1649 1820 1803 1876 vobis
1824 1820 2092 1876 essentia-

501 1913 644 1966 llbilS
680 1913 1044 1980 c0nveniuut,
1088 1912 1373 1983 solumque
1408 1911 1674 1967 differunt
1714 1928 1812 1983 per
1843 1913 2092 1968 diversas

499 2007 943 2073 constitutiones,
974 2021 1093 2077 qutc
1127 2022 1312 2074 parum
1343 2006 1484 2060 inter
1505 2020 1563 2060 sc
1586 2005 1787 2060 distant
1816 2023 1828 2059 :
1854 2020 1954 2061 nec
1978 2004 2095 2074 plus

500 2100 765 2155 dissident
798 2100 1220 2154 constitutiones
1270 2099 1426 2154 unius
1468 2100 1754 2156 monastici
1787 2099 1998 2155 ordinis
2027 2098 2095 2154 ab

499 2193 651 2259 aliis,
696 2209 856 2262 quam
884 2196 1307 2250 constitutiones
1346 2194 1681 2249 diversarum
1715 2193 2097 2264 congregatio-

501 2303 628 2343 nmu
651 2288 1038 2371 canonicorum
1059 2289 1386 2358 regularium
1424 2289 1566 2344 inter
1586 2303 1731 2345 sese.
1760 2288 1928 2343 Immo
1966 2304 2093 2344 vero

500 2383 923 2459 mendicantium
966 2383 1190 2439 ordines
1226 2383 1381 2438 valde
1417 2383 1482 2437 ad
1513 2383 1896 2438 canonicorum
1936 2382 2094 2437 insti-

500 2484 676 2531 tutum
718 2477 1005 2541 accedunt,
1040 2475 1476 2546 quandoquidem
1501 2474 1731 2530 instituti
1759 2484 1888 2530 sunt
1908 2472 1959 2530 in
1977 2475 2099 2531 sub-

497 2568 695 2623 sidium
719 2565 1132 2637 episcoporum,
1178 2567 1244 2621 ad
1274 2566 1675 2636 praedicandum
1705 2567 1927 2623 verbum
1957 2567 2053 2624 Dei
2078 2609 2095 2633 ,

502 2668 556 2715 ct
578 2652 1004 2713 administranda
1033 2657 1277 2714 fidelibus
1300 2655 1661 2714 confessionis
1683 2666 1738 2714 ct
1753 2659 2098 2715 eucharistite

503 2762 871 2808 sacramenta.

574 2843 731 2909 Quod
762 2845 807 2899 si
836 2844 958 2910 quis
987 2828 1151 2901 instet
1174 2844 1238 2899 D.
1269 2844 1627 2916 Augustinum
1657 2859 1764 2900 non
1798 2843 2098 2902 intendisse

504 2951 704 3005 novum
730 2939 1115 2992 canonicorqu
1140 2937 1386 2995 ordinem
1406 2937 1666 2994 inducere
1691 2937 1745 2994 in
1765 2937 2093 3004 Ecclesiam,

505 3028 601 3084 sed
647 3029 932 3099 antiquum
974 3029 1304 3095 reformare;
1337 3045 1442 3101 quo
1474 3032 1567 3085 fiat
1599 3040 1658 3085 ut
1699 3046 1838 3085 unus
1869 3039 1923 3084 et
1955 3029 2096 3085 idem

2199 1823 2377 1877 nacltii
2408 1822 2569 1887 iGlS,
2596 1822 2738 1891 apud
2766 1822 3049 1877 Nicolaum
3089 1821 3411 1893 ll,ent'ieunt)
3437 1832 3493 1877 et
3521 1822 3799 1878 consentit

2197 1912 2507 1969 Bcrnardus
2558 1914 2871 1985 Viudirigus
2924 1915 2977 1969 in
3026 1912 3232 1971 Critico
3278 1914 3547 1985 castigato
3588 1929 3796 1970 excuso

2181 2005 2539 2089 'Vellamerim
2570 2006 2705 2062 16:21
2740 2022 2832 2076 per
2862 2006 3159 2078 Georgium
3191 2006 3577 2063 Medellanum.

2269 2096 2379 2153 Nec
2408 2097 2605 2154 desunt
2648 2098 2703 2153 in
2734 2099 3041 2170 'l'ripartita
3068 2098 3322 2155 Pennotti
3353 2113 3512 2154 novae
3540 2113 3704 2154 voces
3731 2113 3796 2153 ac

2197 2177 2385 2259 verba,
2429 2205 2549 2260 qua:
2597 2189 2770 2261 ipsam
2801 2201 3110 2260 suspectam
3140 2190 3276 2246 satis
3306 2189 3540 2246 reddunt
3584 2189 3657 2244 ab
3685 2189 3794 2244 alio

2199 2281 2378 2337 forsan
2409 2282 2573 2337 fuisse
2598 2281 2860 2337 vitiatam.
2905 2280 3169 2349 Quienim
3194 2291 3324 2338 sunt
3345 2281 3595 2336 monachi
3622 2281 3793 2335 Bene-

2197 2377 2562 2433 dictinenses?
2589 2388 2683 2433 aut
2720 2380 2842 2449 quis
2871 2379 3106 2447 scriptor
3134 2377 3481 2432 Tuditanus?
3512 2376 3577 2430 Et
3607 2390 3793 2431 mona-

2197 2470 2286 2527 chi
2317 2471 2536 2542 quidem
2588 2486 2619 2526 a
2666 2470 2725 2528 S.
2761 2470 3076 2534 Benedicto,
3112 2467 3449 2523 Benedictini
3498 2477 3788 2532 vocantur;

2198 2562 2684 2625 Benedictinenses
2730 2577 2863 2619 vero
2894 2580 2922 2615 a
2954 2564 3015 2620 S.
3066 2560 3423 2617 Bettedictiuo
3462 2559 3659 2615 deduci
3700 2574 3792 2613 ne-

2197 2671 2352 2714 cesse
2400 2667 2504 2725 est,
2530 2646 2645 2712 non
2676 2672 2708 2711 a
2747 2658 2808 2711 S.
2844 2655 3174 2711 Beneditto:
3210 2665 3264 2710 et
3308 2664 3487 2707 tamen
3528 2662 3643 2707 toto
3679 2650 3790 2705 fere

2197 2765 2367 2821 opere
2396 2749 2595 2820 refugit
2634 2763 2731 2806 eos
2761 2763 2959 2802 vocare
2986 2745 3393 2802 Benedictiuos.
3421 2743 3654 2816 Insuper
3678 2743 3789 2799 Lu-

2198 2842 2677 2910 c.uuTudensem,
2718 2850 2777 2898 et
2804 2840 3007 2897 Urbem
3050 2838 3359 2894 'l'udensem
3393 2851 3585 2892 omnes
3610 2836 3792 2891 hactea

2200 2954 2304 2994 nus
2343 2936 2569 2993 dixere:
2630 2935 2718 2991 hic
2771 2950 2904 2991 vero
2958 2933 3261 2989 Tuditanus
3302 2939 3502 3000 prmter
3549 2928 3787 2984 omnium

2198 3029 2650 3086 consuetudinem
2679 3040 2928 3083 vocatur.
2955 3026 3026 3083 Ut
3056 3024 3304 3079 omittam
3350 3037 3671 3093 procursum
3701 3037 3790 3075 or-

501 3120 637 3177 ordo
675 3121 746 3177 sit
788 3121 859 3179 ab
896 3136 963 3177 eo
998 3122 1281 3192 prmeeptis
1321 3121 1568 3177 eruditus
1594 3163 1609 3188 ,
1661 3130 1718 3177 et
1743 3121 2018 3192 antiquior
2064 3114 2093 3176 a
2124 3111 2169 3174 C
2199 3125 2347 3181 diuis
2374 3124 2481 3191 sui,
2516 3138 2615 3194 pro
2658 3121 2866 3178 ordinis
2896 3131 3209 3191 progressu,
3244 3125 3297 3170 et
3330 3116 3587 3170 lectorem
3627 3113 3790 3168 benc-

502 3212 707 3268 sanctis
755 3214 1042 3291 primitiva:
1088 3213 1347 3269 Ecclesia:
1396 3214 1645 3270 Patribus
1693 3214 2007 3270 institutus:
2053 3215 2098 3271 is

507 3306 727 3376 inquam
784 3324 970 3377 parum
1017 3307 1303 3377 proficiet:
1352 3307 1396 3362 si
1452 3309 1595 3363 enim
1655 3307 1714 3362 Β.
1773 3307 2099 3363 Benedictus

509 3413 801 3467 numquam
831 3414 1026 3452 novum
1058 3398 1449 3453 monachorum
1472 3398 1742 3465 ordinem,
1769 3414 1864 3454 seu
1897 3413 2098 3454 novum

506 3472 679 3558 genus
722 3488 847 3542 vita:
877 3489 1123 3544 s'ahilire
1160 3490 1390 3557 curavit,
1422 3490 1518 3546 sed
1546 3488 1930 3547 emnobiticnm
1961 3492 2102 3547 anti-

507 3595 673 3648 quum
720 3578 969 3635 erudire:
1021 3580 1163 3651 quod
1193 3596 1258 3637 ex
1291 3583 1469 3652 primo
1496 3582 1695 3653 regula:
1737 3598 1859 3653 cap.
1909 3584 2099 3655 liquet,

509 3674 598 3731 ubi
628 3674 964 3746 quadruplex
1010 3690 1182 3747 genus
1227 3676 1619 3733 monachorum
1651 3678 2013 3748 praemittens,
2048 3678 2099 3734 id

508 3780 612 3833 est,
654 3769 1142 3840 Anachoretarum,
1182 3770 1615 3836 Coenobitarum,
1669 3767 2097 3841 Sarabaitarum,

507 3872 563 3919 et
593 3863 1042 3935 Gyrovagorum:
1076 3866 1293 3920 ea-teris
1322 3865 1563 3932 omissis,
1612 3866 1682 3920 ad
1725 3865 2103 3921 Coenobitarum

511 3957 848 4026 fortissimum
895 3974 1057 4028 genus
1105 3958 1504 4029 disponendum,
1554 3959 1832 4028 adjuvante
1882 3954 2101 4030 (inquit)

514 4047 737 4101 Domino
775 4047 1063 4100 veniamus.

586 4136 863 4192 Addamus
897 4136 1045 4191 aliud
1095 4136 1221 4192 huic
1251 4138 1581 4208 proximum,
1615 4153 1715 4194 nec
1749 4138 1931 4196 minus
1958 4138 2100 4195 difli-
2128 4155 2141 4163 ‘

511 4230 617 4285 «ile
648 4229 880 4293 creditu,
916 4230 1169 4285 nimirum
1193 4230 1257 4285 D.
1287 4229 1646 4303 Augustinum
1670 4233 1908 4303 regulam
1940 4248 2100 4289 cano-

511 4323 650 4377 nicis
699 4323 811 4377 suis
859 4322 1178 4393 scripsisse;
1224 4324 1366 4395 qttod
1416 4335 1594 4381 tamen
1637 4334 1959 4397 argumento
2009 4328 2104 4383 illo

513 4417 785 4486 negativo,
808 4415 949 4487 qttod
975 4416 1110 4473 alias
1134 4412 1429 4472 I’ennbttus
1452 4418 1672 4475 evidens
1703 4430 1947 4491 reputat;
1974 4436 2103 4477 con-

2200 3219 2475 3274 volentem
2516 3231 2614 3287 pro
2658 3214 2922 3271 benevolo
2951 3213 3157 3279 dicere,
3191 3211 3345 3267 novis
3382 3220 3531 3266 certe
3569 3207 3789 3264 vocibus

2202 3327 2385 3368 usum.
2416 3310 2524 3368 Sed
2555 3311 2669 3366 hac
2688 3309 2893 3366 leviora
2927 3316 3077 3363 sunt.

2272 3405 2393 3460 Jam
2419 3404 2485 3459 ad
2509 3413 2741 3469 asserta,
2771 3418 2890 3473 qua:
2916 3417 2945 3456 a
2971 3414 3101 3455 vero
3132 3397 3439 3463 dissonaut,
3466 3395 3789 3451 descensum

2204 3498 2485 3565 faciamus,
2520 3511 2642 3551 nam
2676 3496 2790 3564 pari
2825 3508 2986 3565 passu
3020 3490 3340 3563 probabitur
3365 3504 3502 3559 opus
3523 3487 3790 3557 Triparti-

2205 3596 2317 3644 tum
2371 3602 2478 3643 non
2511 3602 2637 3643 esse
2675 3586 2742 3640 It.
2775 3586 2834 3641 P.
2870 3583 3125 3640 Pennotti
3157 3583 3305 3637 docti
3344 3579 3637 3634 admodum
3670 3577 3793 3638 viri.

2204 3682 2274 3739 de
2318 3698 2431 3754 quo
2474 3696 2581 3737 non
2634 3689 2718 3736 est
2774 3677 3196 3735 existimandum
3252 3674 3419 3730 falsas
3465 3670 3794 3727 assertione-5

2205 3774 2524 3845 scripsisse;
2558 3787 2623 3828 ac
2650 3772 2840 3827 Dextri
2869 3769 3205 3833 Cltronicon,
3237 3768 3380 3838 quod
3406 3781 3518 3837 pra:
3550 3762 3794 3818 manibus

2206 3876 2320 3934 est,
2361 3867 2549 3923 Iasium
2589 3880 2710 3921 esse
2739 3864 3102 3933 suppositum.
3146 3858 3418 3928 Imprimis
3445 3856 3687 3910 alienum
3714 3862 3795 3908 est

2206 3976 2237 4016 a
2263 3960 2496 4015 veritate
2522 3958 2579 4013 S.
2613 3954 2972 4028 patriarcham
3006 3950 3360 4008 Benedictum
3407 3946 3545 4003 nihil
3583 3946 3652 4000 de
3691 3944 3798 3999 clc-
3840 3962 3851 3970 ·

2208 4052 2338 4109 ricis
2359 4052 2412 4106 in
2435 4065 2532 4107 sua
2552 4048 2754 4120 [tegula
2783 4044 3148 4116 diSposuisse,
3174 4040 3322 4113 quod
3344 4039 3651 4096 Pennottus
3672 4051 3799 4091 con-

2208 4146 2384 4216 ceptis
2408 4145 2587 4200 verbis
2608 4142 2826 4211 scripsit
2843 4141 2943 4196 lib.
2976 4152 3035 4208 n,
3060 4152 3180 4205 cap.
3216 4134 3306 4199 18,
3331 4150 3483 4189 num.
3512 4134 3545 4187 4
3568 4140 3624 4186 et
3651 4145 3797 4185 num.

2209 4240 2241 4295 7
2273 4240 2328 4294 in
2375 4238 2480 4293 line
2503 4236 2579 4292 ait
2608 4251 2623 4289 :
2670 4233 2739 4289 ο.
2780 4232 3091 4287 Benedictus
3124 4245 3227 4283 non
3275 4234 3331 4280 ut
3361 4225 3586 4288 clericis,
3619 4222 3709 4278 sed
3749 4230 3801 4273 nt

2210 4332 2358 4386 laicis
2386 4328 2622 4398 regulam
2668 4327 2786 4381 vita:
2827 4324 3235 4394 prtcscripserut,
3265 4320 3319 4372 in
3359 4335 3461 4388 qua
3500 4317 3567 4371 de
3606 4314 3804 4369 clericis

2211 4422 2476 4478 monachis
2507 4436 2569 4474 ne
2611 4417 2820 4473 verbum
2847 4414 3060 4487 quidem
3088 4411 3323 4466 habetur.
3374 4408 3440 4463 Et
3483 4415 3665 4461 tamen
3697 4405 3803 4459 duo

512 4510 748 4564 vincitur
775 4508 1060 4571 falsitatis.
1096 4510 1190 4564 lib.
1222 4511 1365 4573 enim
1399 4526 1439 4579 ι,
1477 4527 1599 4583 cap.
1631 4514 1726 4577 43.
1761 4514 1841 4569 sic
1889 4514 2098 4584 inquit:
2130 4500 2186 4561 Ῑ)
2212 4520 2421 4587 integra
2449 4512 2625 4582 capita
2657 4510 2859 4581 regulae
2891 4523 3004 4563 sua:
3041 4505 3140 4575 (id,
3172 4511 3278 4568 est,
3310 4502 3378 4557 (it)
3401 4511 3455 4556 et
3482 4501 3575 4570 6?.)
3600 4497 3804 4552 beatis-

511 4599 576 4654 ln
605 4602 865 4656 historicis
894 4613 1257 4675 argumentum
1283 4621 1349 4660 ea:
1370 4606 1618 4676 argolicis
1645 4607 1846 4679 probat,
1870 4617 1917 4661 et
1942 4624 2109 4678 quan-

511 4697 681 4764 doque
707 4697 1043 4761 demonstrat,
1092 4706 1145 4750 ut
1174 4700 1382 4768 quando
1414 4697 1671 4753 Historici
1710 4717 1883 4755 omnes
1931 4702 2106 4756 silent.

516 4785 581 4839 Iit
623 4785 796 4840 infra:
828 4786 950 4841 Non
990 4787 1159 4841 solum
1191 4805 1258 4843 ex
1298 4789 1505 4843 silentio
1532 4807 1801 4845 sacrorum
1827 4809 2108 4859 canonum,

511 4879 603 4930 δία
626 4879 854 4932 ontnimn
885 4880 1244 4945 conciliorum,
1282 4882 1619 4950 pontiﬁcum,
1657 4883 2027 4952 historiarum;
2050 4902 2114 4940 ea:

515 4969 612 5022 hoc
641 4982 744 5023 tum
774 4973 1019 5026 concordi
1056 4972 1262 5027 silentio
1293 4989 1396 5027 non
1433 4974 1605 5029 solum
1634 4978 1989 5046 probabiliter,
2020 4997 2103 5035 ve-

514 5082 625 5119 rum
660 5068 810 5120 etiam
841 5069 1241 5128 demonstrativa
1267 5073 1477 5144 scqucla
1502 5073 1795 5128 deducitur.
1826 5074 1915 5131 Sic
1948 5075 2110 5146 igitur

516 5176 637 5214 cum
671 5159 783 5228 ipse
816 5161 878 5216 Ι).
914 5165 1246 5232 Augustinus
1276 5165 1470 5221 librum
1498 5166 1965 5225 Retractationutn
1989 5183 2114 5224 sua-

519 5269 639 5307 rum
670 5249 880 5318 fecerit,
910 5262 966 5307 et
993 5255 1043 5307 in
1070 5272 1134 5309 eu
1160 5258 1401 5314 omnium
1430 5260 1693 5315 lillI‘OI‘Ulll
1718 5276 1747 5315 a
1771 5277 1830 5318 se
1855 5261 2114 5319 hactenus

516 5343 948 5424 cumpositorum
993 5346 1335 5416 meminerit;
1383 5366 1614 5423 cumque
1663 5352 1940 5410 Possidius
1995 5353 2114 5422 ejus

519 5439 820 5508 discipulus
852 5438 1085 5497 iudicent
1117 5444 1430 5501 earumdem
1462 5447 1898 5517 copiosissimum
1931 5448 2119 5504 edide-

518 5533 614 5594 rit,
646 5542 837 5588 uenter
866 5542 1051 5589 autem
1096 5534 1163 5591 dc
1195 5536 1379 5606 regula
1422 5537 1770 5606 clericorum,
1805 5554 1903 5595 seu
1932 5555 2121 5598 mena-

521 5625 751 5682 cburum
783 5627 1119 5686 mentionem
1162 5630 1375 5699 fecerit,
1408 5633 1712 5705 quinimmo
1744 5651 1920 5708 neque
1949 5652 2120 5710 usque

529 5716 596 5777 ad
644 5735 843 5783 annum
892 5724 1032 5786 llOO
1063 5741 1089 5784 a
1123 5727 1313 5801 quovis
1341 5730 1690 5804 scriptorum,
1723 5741 1819 5789 aut
1862 5732 2122 5792 concilio—

2211 4611 2380 4667 simus
2402 4613 2706 4677 przeceptor
2736 4604 2788 4657 iu
2821 4599 3179 4673 disp‘tltttttdls
3207 4594 3523 4656 monasterii
3552 4590 3809 4648 sacerdo-

2214 4703 2355 4757 tibus
2384 4699 2682 4754 consumit.
2713 4695 2922 4751 Prioris
2951 4694 3139 4748 titulus
3165 4701 3270 4757 est,
3307 4691 3379 4745 De
3408 4683 3801 4747 Sacerdotibus,

2212 4793 2301 4866 qui
2332 4789 2590 4847 voluerint
2618 4791 2673 4844 in
2699 4787 3016 4843 monasterio
3043 4786 3312 4840 habitare:
3346 4782 3436 4837 ubi
3469 4777 3715 4851 praecipit
3751 4785 3807 4829 ut

2211 4886 2342 4957 jugo
2374 4883 2578 4955 regula:
2615 4897 2738 4938 sese
2773 4878 3085 4934 omuimode
3115 4876 3370 4944 subdant,
3404 4882 3525 4944 post
3556 4870 3805 4925 abbatem

2221 4980 2407 5036 sedem
2428 4978 2685 5040 habeant,
2709 4973 2936 5030 clericos
2966 4982 3172 5033 autem,
3188 4971 3279 5040 qui
3298 4964 3611 5039 presbyteri
3635 4962 3807 5016 adhuc

2223 5090 2329 5129 non
2378 5080 2525 5137 sunt,
2577 5070 2698 5124 loco
2745 5066 3006 5121 mediocri
3045 5063 3324 5121 collocari.
3360 5057 3692 5117 Posterior-is
3742 5055 3810 5110 li-

2221 5169 2365 5223 tulus
2400 5143 2505 5226 est,
2542 5164 2615 5218 De
2657 5158 3026 5218 Sacerdotibus
3070 5154 3414 5211 monasterii:
3462 5151 3551 5207 ubi
3599 5150 3670 5204 de
3708 5147 3810 5209 his,

2221 5260 2313 5331 qui
2344 5267 2468 5328 post
2510 5254 2895 5312 monachatum
2928 5252 2997 5306 ad
3036 5250 3259 5305 ordines
3288 5245 3596 5303 evehuntur
3643 5240 3811 5296 multa

2223 5351 2484 5422 disponit.
2518 5347 2679 5405 Certe
2705 5347 2750 5402 si
2776 5347 3081 5402 Pennottus
3113 5342 3301 5397 titulos
3322 5339 3561 5410 capitum
3595 5335 3813 5406 Regula:

2223 5445 2505 5501 dumtaxat
2534 5444 2761 5513 legeret,
2794 5440 2863 5494 ab
2886 5454 2950 5493 eo
2972 5451 3160 5493 errore
3182 5434 3536 5489 liberaretur.
3571 5428 3681 5483 Sed
3715 5426 3815 5481 hoc

2225 5539 2401 5596 simile
2428 5546 2514 5593 est
2554 5538 2625 5599 ei,
2660 5534 2802 5604 quod
2849 5532 2917 5588 de
2968 5531 3139 5586 Paulo
3167 5528 3362 5584 Oresio
3393 5524 3586 5579 scribit
3638 5521 3731 5577 lih.
3768 5518 3814 5580 ἰ,

2224 5649 2349 5704 cap.
2378 5632 2469 5697 '58,
2503 5644 2650 5685 num.
2686 5630 2739 5690 4.
2768 5625 3024 5682 nimirum
3059 5639 3255 5681 nomen
3291 5620 3684 5677 mouachornnt
3708 5623 3814 5667 tam

2226 5732 2332 5790 late
2356 5727 2497 5803 apud
2520 5730 2697 5799 ipsum
2727 5729 3011 5796 acceptum
3042 5718 3208 5776 fuisse
3231 5718 3327 5775 lib.
3344 5732 3413 5772 vn
3430 5729 3539 5770 sua:
3556 5711 3815 5769 Ormcstze
