4122 6174
1074 223 1099 230 -α

314 248 419 305 60')

1377 249 1911 309 Apowoencus
1949 210 2087 305 rue
2125 247 2187 304 L.
2229 246 2536 304 DEXTRO.

3511 246 3620 306 610

311 378 431 433 cap.
466 365 556 428 l7,
588 363 731 432 quod
761 379 954 422 omnes
993 365 1339 423 Christianos
1370 365 1497 421 illos
1543 364 1900 434 comprchcn-
1927 365 1976 424 Λ
2006 370 2186 433 ptum;
2216 361 2305 417 ubi
2328 376 2396 417 ex
2418 360 2664 415 instituto
2684 358 3020 416 sanctissimi
3048 359 3363 417 laudatores
3391 361 3621 419 demou-

312 454 491 520 derct,
532 455 625 526 qui
666 457 738 509 ad
769 474 928 511 unum
970 459 1091 527 fidei
1117 477 1269 530 opus,
1318 459 1534 513 dimissa
1576 458 1906 513 stecularium

311 563 487 601 rerum
517 549 829 603 multimoda
872 552 1099 618 actione,
1143 569 1198 607 se
1227 552 1561 623 redigebant;
1609 567 1717 624 quo
1747 560 1909 622 pacto

316 638 391 693 ait
422 639 724 694 Pennottus
752 640 918 696 etiam
959 643 1191 699 clericos
1234 644 1515 714 regulares
1551 643 1653 699 sub
1692 643 1910 698 nomine

320 731 716 786 monachorum
761 735 1176 803 comprehendi.
1211 736 1319 793 Sed
1350 736 1395 791 si
1426 736 1589 790 verba
1622 735 1689 789 ab
1714 734 1912 790 Urosio

316 821 636 880 immediate
666 825 907 895 subjecta
956 826 1180 899 legisset
1220 826 1305 900 (ιιι
1347 828 1591 883 omittam
1626 842 1910 898 perperam

315 915 515 973 citasse
547 932 671 988 cap.
721 918 788 973 l7
815 920 1015 985 Orosii,
1045 936 1167 975 cum
1215 920 1284 975 sit
1314 923 1407 991 55)
1448 921 1607 992 plane
1650 920 1915 990 reperiret

314 1024 382 1065 eo
414 1009 635 1066 nomine
657 1011 1021 1067 anachoretas
1051 1013 1198 1068 solos
1225 1012 1563 1084 intelligere;
1592 1014 1663 1068 de
1689 1012 1915 1069 Valente

313 1100 582 1171 siquidem
624 1103 952 1173 imperatore
991 1121 1179 1177 agens,
1204 1105 1480 1174 e/Irenata,
1525 1107 1723 1178 inquit,
1763 1107 1915 1161 liber-

316 1196 437 1249 tatis
478 1194 704 1250 audacia
729 1197 893 1270 legem
920 1198 1084 1265 dedit,
1120 1208 1174 1253 ut
1208 1200 1478 1268 monachi,
1509 1200 1606 1254 hoc
1651 1207 1727 1253 est
1761 1197 1916 1253 Chri-

313 1287 491 1355 stiani,
515 1291 605 1360 qui
633 1289 702 1344 ad
730 1307 891 1345 unum
912 1291 1038 1361 fidei
1066 1284 1218 1363 opus,
1244 1293 1460 1349 dimissa
1480 1293 1809 1349 stecularium
1833 1309 1918 1348 re-

315 1393 431 1432 rum
482 1381 790 1435 multimoda
840 1383 1065 1449 actione,
1114 1401 1170 1439 se
1220 1386 1492 1456 redigunt,
1549 1385 1619 1439 ad
1674 1385 1921 1439 militiam

316 1484 641 1543 cogerentur.
678 1475 869 1531 Vastas
895 1478 1019 1532 illas
1042 1488 1162 1532 tunc
1184 1477 1409 1550 /Egypti
1439 1479 1772 1542 solitudines,
1797 1495 1918 1533 are-

316 1580 509 1635 uasque
553 1566 801 1634 ili/fusas,
852 1586 985 1639 quas
1032 1579 1245 1641 prapter
1291 1572 1435 1624 sitim
1480 1581 1525 1625 et
1569 1572 1919 1639 sterilitatem,

315 1658 915 1731 periculosissimumque
940 1671 1237 1731 serpentum
1266 1663 1663 1729 abundantiam,
1710 1682 1921 1721 concer-

2012 464 2189 509 strant
2214 454 2635 510 Cistercieusem
2662 455 2932 519 ordinem,
2980 471 3242 511 “0110530
3274 473 3475 511 novum
3519 458 3620 513 ali-

2011 560 2172 616 quem
2198 544 2250 600 in
2273 544 2517 600 Ecclesia
2543 548 2842 612 inventum,
2875 545 2968 601 sed
2992 546 3201 603 ordinis
3232 550 3517 604 monastici
3545 551 3603 608 S.

2013 636 2077 692 P.
2130 636 2410 692 Benedicti
2463 639 2935 694 reformationem.
2982 638 3173 694 \‘ideat
3220 647 3407 696 autent
3456 640 3523 695 ﬂ.
3555 641 3617 695 Ρ.

2014 729 2318 785 Pennottus
2372 740 2555 785 utrum
2588 730 2835 785 canonici
2887 731 3166 801 regulares
3216 731 3620 789 Laleranenses

2016 821 2298 877 reformati
2332 837 2429 892 per
2462 821 2916 891 Frigidiouarios,
2951 835 3045 877 aut
3091 822 3484 893 Frissmtarios,
3532 826 3584 880 di
3608 856 3620 866 -

2013 915 2160 971 versi
2206 917 2316 971 sint
2343 916 2559 972 ordinis
2597 932 2660 972 ac
2697 915 3098 973 Lateraacnscs
3123 918 3365 989 antiqui?
3391 928 3483 973 aut
3517 919 3619 986 ipsi

2017 1008 2371 1075 Frissonstii,
2414 1025 2646 1079 quorum
2698 1009 3018 1065 relormatio
3056 1010 3223 1079 cmpit
3264 1025 3410 1064 anno
3462 1010 3622 1078 “00,

2019 1110 2079 1156 ut
2125 1103 2241 1172 ipse
2271 1102 2441 1158 refert
2481 1101 2571 1156 lih.
2609 1118 2692 1168 Ill,
2739 1117 2862 1173 cap.
2897 1102 2950 1168 6,
2993 1102 3059 1156 ad
3100 1102 3352 1157 ordinem
3390 1105 3622 1158 canoni-

2018 1209 2209 1251 corum
2243 1187 2571 1267 regularium
2603 1197 2887 1267 antiqnutn
2930 1212 3037 1251 non
3080 1198 3433 1265 pertineant?
3477 1197 3626 1252 Nihil

2022 1303 2179 1357 atque
2205 1297 2321 1344 toto
2340 1280 2511 1358 o'pere
2535 1306 2637 1345 suo
2667 1290 2958 1355 abhorret;
2994 1304 3093 1346 nec
3126 1291 3345 1357 mirum,
3376 1304 3499 1344 nam
3537 1306 3626 1347 rc-

2021 1378 2282 1435 formatio
2330 1380 2538 1451 antiqui
2585 1380 2817 1447 ordinis,
2849 1396 2911 1435 ea
2956 1381 3272 1451 praecipue,
3321 1398 3444 1453 qum
3490 1381 3551 1436 ﬁt
3590 1396 3624 1438 a

2024 1472 2298 1542 religiosis
2325 1475 2460 1529 viris
2504 1474 2757 1530 eumdem
2805 1475 2934 1530 olim
2962 1475 3072 1544 jam
3118 1475 3411 1543 professis,
3442 1475 3539 1530 sed
3571 1475 3624 1531 in

2025 1564 2218 1621 laxiori
2250 1566 2621 1634 observantia,
2671 1567 2738 1623 ad
2771 1584 3006 1639 eumque
3049 1568 3212 1624 linem
3256 1568 3534 1640 dirigitur,
3568 1579 3627 1624 ut

2025 1656 2093 1711 ad
2154 1656 2492 1726 primitivum
2548 1661 2840 1716 reducatur
2894 1660 3032 1716 ordo
3076 1662 3361 1732 rigorem,
3417 1670 3624 1718 tantum

312 1751 446 1804 satio
474 1751 704 1806 humana
735 1769 835 1807 non
874 1765 1065 1817 nosset,
1094 1772 1284 1823 magna
1303 1756 1711 1812 cohabitantium
1738 1776 1917 1813 mona-
1946 1748 1995 1808 B
2021 1750 2187 1806 distat
2214 1768 2246 1807 a
2277 1754 2405 1809 novi
2436 1753 2649 1809 ordinis
2688 1756 3119 1820 constructione,
3160 1764 3216 1809 ut
3249 1755 3435 1823 procul
3460 1755 3626 1812 dubio

311 1841 536 1898 chorum
564 1845 844 1900 multitudo
875 1846 1240 1916 compleverat.
1285 1847 1408 1902 Huc
1437 1849 1631 1904 tribuni
1653 1860 1701 1904 et
1729 1850 1916 1905 milites

310 1933 483 2000 missi,
517 1936 608 2005 qui
640 1946 845 1990 sanctos
886 1954 948 1992 ac
988 1955 1128 1993 reros
1173 1941 1362 1993 milites
1412 1940 1511 1995 lt’ei
1555 1942 1661 1995 alio
1710 1943 1916 1997 nomine

313 2026 690 2091 persecutionis
738 2026 1123 2095 abstraltereut,
1172 2029 1536 2101 interfecerunt
1584 2032 1658 2086 ibi
1700 2035 1915 2107 agmina

315 2117 479 2172 multa
507 2118 849 2174 Sanctorum.
887 2120 1078 2176 Videat
1106 2120 1270 2192 igitur
1304 2124 1508 2181 velitne
1540 2126 1917 2183 Anachorctas

317 2212 479 2266 etiam
510 2211 578 2267 ad
606 2212 1000 2268 canonicornm
1035 2214 1342 2271 institutum
1367 2218 1705 2288 pertrahere,
1739 2235 1920 2289 quau-

320 2303 518 2360 tumvis
557 2304 838 2360 canonicis
869 2306 1150 2375 proprium
1196 2308 1267 2364 sit
1311 2309 1368 2365 in
1414 2310 1660 2367 ecclesiis
1699 2310 1915 2366 urbium

318 2397 536 2471 degere.
561 2399 673 2456 Sed
697 2399 815 2456 haec
842 2398 1049 2457 leviora
1069 2388 1241 2459 sunt.'

402 2556 431 2630 ᾗ
477 2556 543 2613 γ.
584 2554 719 2614 Jura
750 2555 1103 2614 Cisterciensis
1122 2558 1331 2630 ordinis
1369 2574 1403 2614 a
1431 2557 1692 2616 Penuotzo
1722 2560 1848 2619 la'sa

936 2628 1311 2701 defenduntur.

394 2765 801 2823 lntolerabilius
843 2776 950 2835 est,
1005 2776 1062 2824 et
1106 2767 1176 2825 ab
1228 2769 1378 2825 omni
1425 2768 1920 2827 verisimilitudinis

325 2860 505 2932 specie
546 2861 760 2932 longius
786 2860 953 2917 distat
980 2861 1124 2932 quod
1168 2862 1266 2920 lib.
1300 2879 1342 2927 ι,
1374 2878 1495 2934 cap.
1528 2864 1620 2929 50,
1654 2880 1807 2920 num.
1857 2865 1915 2935 5,

328 2951 527 3010 asserit
554 2951 948 3009 Cistereienses
969 2953 1271 3011 monachos
1302 2955 1579 3026 (idemque
1606 2955 1677 3011 de
1702 2956 1922 3012 Valum—

329 3044 601 3113 brosauis,
642 3043 1151 3102 Camaldulensihus
1181 3055 1238 3102 et
1280 3046 1635 3119 Sylvcstrinis
1665 3047 1920 3119 afﬁrmat)

2023 1853 2234 1900 tantum
2277 1846 2502 1918 propius
2538 1845 2746 1918 antiqui
2790 1846 3003 1902 ordinis
3040 1848 3151 1903 sint
3193 1849 3579 1906 reformatores
3608 1890 3625 1916 ,

2017 1945 2221 2009 quanto
2276 1938 2596 1995 rcformatio
2636 1940 2749 2009 ipsa
2803 1940 3029 2010 Pl‘OpillS
3069 1940 3135 1996 ad
3198 1957 3383 1997 veram
3430 1941 3628 1998 funda-

2020 2039 2196 2086 torum
2223 2024 2624 2089 institutionem
2655 2033 2887 2087 accedit.
2913 2033 3023 2088 Ant
3048 2032 3319 2105 dical,qni
3350 2034 3457 2105 iam
3482 2036 3625 2092 inter

2019 2122 2399 2179 lilinoritarum
2470 2123 2878 2180 diversissimas
2933 2127 3409 2195 congregatinnes
3442 2127 3627 2182 verius

2020 2214 2378 2271 Franciscaui
2423 2216 2556 2280 sint,
2622 2214 3051 2284 Couveuluales,
3111 2233 3182 2272 an
3227 2218 3629 2275 Olncrvantes?

2022 2305 2345 2371 Beier-mali,
2397 2321 2493 2362 seu
2542 2305 2871 2362 Discalceati
2915 2322 2978 2361 ac
3017 2306 3320 2377 Capuciui?
3351 2309 3417 2363 Et
3447 2318 3628 2364 tamen

2020 2399 2433 2457 reformatiorcs
2464 2399 2724 2454 noriores
2751 2408 3019 2470 perpetuo
3048 2408 3208 2467 sunt,
3246 2400 3427 2469 quoad
3455 2400 3633 2456 refor-

2032 2492 2329 2546 mationem
2379 2490 2719 2558 moderuam,
2772 2490 2868 2544 sed
2919 2490 3289 2547 [nereditatem
3346 2500 3631 2562 [mentum

2032 2584 2366 2655 primitivam
2396 2584 2643 2638 sccmius
2681 2592 3065 2653 assequuntur.

2093 2677 2246 2733 Nunc
2279 2676 2439 2748 igitur
2466 2676 2733 2747 proferam
2769 2677 3077 2733 testimonia
3106 2677 3453 2735 fundator-um
3485 2680 3634 2737 ordi-

2023 2769 2105 2826 nis
2129 2767 2525 2835 Cisterciensis,
2557 2784 2674 2839 qua:
2700 2767 2803 2839 ipsi
2830 2768 3096 2825 Pcunotto
3116 2769 3229 2841 jam
3262 2782 3389 2828 ante
3415 2782 3628 2828 mutua-

2024 2877 2229 2929 rcram,
2246 2870 2304 2916 ut
2322 2862 2403 2918 rel
2420 2864 2496 2917 sic
2514 2862 2656 2933 legat
2673 2876 2799 2917 vere
2813 2877 2875 2917 ac
2892 2865 3151 2935 propriea
3169 2864 3229 2919 S.
3251 2863 3525 2922 Benedicti
3548 2866 3632 2921 in-

2024 2958 2213 3013 stituto
2243 2956 2596 3013 descendere.
2628 2956 2842 3011 Titulus
2874 2958 2993 3012 libri
3021 2971 3133 3014 est:
3162 2957 3452 3014 Ererdium
3472 2961 3634 3015 sacris

2026 3051 2223 3105 ordinis
2246 3049 2598 3105 Cisterciensis
2624 3066 2654 3101 a
2669 3048 2732 3105 S.
2751 3050 2989 3112 liabet-to,
3009 3052 3070 3105 S.
3085 3051 3343 3118 Alberico,
3359 3060 3403 3105 et
3429 3052 3489 3107 S.
3518 3052 3636 3104 Ste-

333 3155 440 3196 nun
466 3139 638 3209 magis
657 3139 727 3194 tle
755 3139 815 3194 Β.
842 3139 901 3194 Ρ.
922 3140 1195 3195 Benedicti
1227 3140 1570 3197 institutione
1601 3142 1915 3198 immediate
1947 3136 1994 3199 C
2023 3140 2839 3215 phauoprimisejusdemordinis
2852 3140 3639 3213 fundatoribus,autequingeu-

332 3232 694 3301 descendere,
740 3247 899 3303 quam
953 3232 1408 3313 llicronytnianos
1461 3233 1732 3290 Eremitas
1780 3249 1809 3288 a
1863 3235 1926 3289 D.

333 3326 696 3398 Hieronymo:
723 3315 1180 3396 quemadmodum
1205 3326 1321 3397 ipse
1351 3328 1635 3383 contendit
1661 3328 1930 3384 Eretnitas

335 3418 759 3491 Augustinianos
809 3419 882 3473 ita
915 3417 1090 3474 dictos
1114 3460 1129 3486 ,
1174 3420 1297 3489 quia
1332 3420 1530 3491 'rcgula
1578 3427 1636 3477 et
1680 3419 1834 3475 titulo
1867 3420 1931 3475 Β.

336 3511 623 3583 Augustini
674 3526 743 3566 ex
794 3510 1048 3582 largitate
1096 3511 1394 3583 apostolica
1443 3511 1666 3568 fuerunt
1714 3512 1925 3569 donati.

341 3604 654 3661 Meminis-c
678 3605 966 3674 oportebat
996 3617 1056 3659 se
1069 3603 1135 3660 .iu
1163 3603 1312 3659 calce
1339 3604 1544 3675 prologi
1573 3606 1891 3674 promisisse
1915 3621 1929 3659 :

344 3693 454 3749 Pro
479 3695 671 3749 viribus
701 3703 952 3767 prtestare
970 3697 1218 3762 conabor,
1250 3705 1306 3750 ut
1335 3706 1514 3751 nostra
1530 3700 1661 3770 jura
1680 3699 1791 3753 sine
1813 3696 1941 3753 alio-

344 3806 463 3844 rum
489 3790 688 3863 injuria
708 3797 979 3857 tueamur;
1005 3806 1121 3844 cum
1145 3790 1468 3861 prepositum
1497 3801 1543 3844 et
1570 3791 1785 3844 intentio
1830 3807 1941 3845 mea

349 3884 644 3939 nullatenus
693 3884 761 3937 sit
805 3884 1029 3938 aliorum
1059 3884 1301 3937 ordinum
1320 3884 1448 3954 jura
1490 3893 1721 3956 tangere,
1775 3883 1852 3939 rel
1882 3885 1944 3938 de

352 3973 559 4030 illorum
589 3975 915 4045 antiquitate,
953 3975 1172 4048 origine,
1220 3975 1493 4046 dignitate,
1540 3975 1641 4028 nisi
1665 3983 1811 4046 parte
1852 3974 1949 4028 ad-

351 4082 501 4121 versa
521 4076 757 4139 cogente,
786 4067 841 4120 in
867 4065 965 4121 hoc
993 4081 1147 4136 apere
1175 4065 1467 4136 disputare.
1500 4064 1645 4120 Bene
1674 4065 1947 4136 promisit,

355 4161 452 4217 sed
495 4160 638 4217 male
665 4159 980 4230 complevit.
1012 4158 1166 4228 Quis,
1197 4172 1407 4230 quaeso,
1452 4156 1679 4228 cogebat
1709 4172 1859 4223 eum,
1894 4164 1954 4210 ut

358 4252 692 4325 antiquitati,
716 4250 939 4323 or’gini,‘
958 4249 1212 4321 dignitati
1245 4258 1327 4305 tot
1358 4259 1675 4305 sanctorum
1701 4247 1954 4303 ordinum

361 4345 687 4418 derogaretl
712 4343 879 4414 Atqui
916 4341 1146 4399 adversa
1184 4356 1310 4412 pars
1349 4340 1483 4397 nihil
1513 4339 1581 4396 de
1613 4339 1811 4395 talibus
1839 4339 1956 4393 dis-

363 4441 560 4509 seruit,
588 4447 648 4495 ut
673 4438 743 4494 ab
781 4438 875 4493 illa
901 4425 1122 4493 coactus
1154 4435 1453 4514 diceretur.
1499 4436 1565 4489 Et
1593 4443 1763 4501 certe,
1794 4433 1838 4488 si
1871 4445 1961 4487 res

2035 3243 2112 3289 tos
2132 3250 2294 3288 annos
2312 3241 2553 3287 accurate
2574 3233 2940 3303 conscriphnn.
2958 3232 3221 3303 Prologus
3236 3250 3365 3289 vero
3390 3252 3404 3290 :
3422 3234 3533 3289 Nos
3552 3234 3640 3289 Ci-

2034 3330 2329 3383 stercienses
2360 3325 2515 3398 primi
2544 3325 2704 3397 hujus
2738 3320 2982 3380 Ecclesia:
3010 3326 3334 3398 fundatores,
3377 3344 3643 3383 successo-

2034 3423 2177 3477 ribus
2226 3422 2415 3477 nostris
2458 3420 2593 3491 sly'o
2630 3420 2870 3492 prtesenti
2914 3421 3265 3491 no!i,’icamus,
3297 3439 3453 3493 quam
3483 3439 3641 3477 cano-

2037 3514 2171 3581 nice,
2201 3521 2396 3584 quanta
2426 3514 2757 3582 auctoritate,
2789 3529 2819 3565 a
2844 3513 3029 3583 quibus
3060 3514 3216 3568 etiam
3244 3516 3499 3584 personis,
3525 3517 3647 3587 qui-

2041 3606 2233 3678 busqtte
2256 3605 2567 3674 temporibus
2590 3606 2875 3660 cmuobium
2896 3616 2941 3660 et
2965 3614 3113 3660 tenor
3134 3607 3251 3660 vita:
3270 3606 3480 3661 illorum
3498 3623 3649 3661 exor—

2042 3702 2187 3755 dium
2208 3701 2515 3767 sumpserit;
2539 3708 2592 3752 ut
2616 3699 2772 3771 lmjns
2795 3699 2869 3752 rei
2890 3701 3167 3770 propalata
3190 3700 3394 3754 sincera
3413 3701 3650 3765 veritate,

2046 3792 2272 3847 tenacius
2299 3800 2345 3845 et
2376 3788 2579 3853 locum,
2621 3798 2667 3842 et
2708 3788 3085 3843 obserrantiam
3122 3802 3316 3844 sancte
3362 3792 3554 3863 regula:
3599 3792 3653 3846 iu

2046 3902 2104 3939 eo
2134 3901 2166 3938 a
2191 3882 2336 3938 nob's
2361 3899 2451 3953 per
2472 3882 2570 3935 Dei
2594 3883 2818 3953 gratiam
2846 3891 3123 3952 utcumque
3143 3883 3436 3938 inchoatam
3461 3894 3653 3954 ament,

2048 3987 2156 4032 etc.
2190 3975 2349 4031 Liber
2379 3989 2509 4030 vero
2537 3974 2615 4029 sic
2646 3973 2852 4044 incipit.
2881 3975 3032 4029 Anno
3057 3978 3120 4029 ab
3150 3974 3520 4034 lucaruatioue
3549 3979 3657 4032 lfa-

2051 4071 2181 4125 mini
2210 4070 2369 4137 1098,
2404 4070 2566 4123 beata:
2595 4070 2856 4124 memoria:
2887 4068 3140 4125 Robertus
3169 4070 3523 4129 Molismensis
3555 4073 3663 4128 Ec-

2054 4165 2226 4221 clesia:
2255 4164 2307 4217 in
2328 4162 2628 4233 episc0patu
2665 4160 2978 4232 Lingonensi
3000 4164 3237 4235 fundata:
3260 4168 3460 4237 primus
3481 4170 3664 4239 abbas,
3748 4192 3753 4199 ·
3785 4160 3801 4172 ’

2058 4264 2103 4312 et
2128 4253 2337 4323 quidem
2368 4255 2599 4326 ejusdem
2627 4253 2847 4308 rtenobii
2886 4255 3075 4324 fratres
3120 4257 3190 4310 ad
3232 4273 3343 4313 ven.
3392 4258 3669 4330 Ilngoncm

2062 4359 2184 4405 tunc
2223 4345 2529 4419 apostolica!
2562 4347 2702 4401 sedis
2744 4347 2991 4418 legatum,
3020 4357 3070 4402 et
3094 4347 3460 4422 Lugdunensis
3492 4350 3674 4406 Eccle-

2065 4445 2158 4499 sia:
2186 4442 2654 4514 archiepismpum,
2686 4452 2950 4511 venerunt,
2978 4444 3134 4497 vitam
3174 4460 3320 4497 suam
3365 4444 3459 4497 sub
3501 4455 3677 4499 custo-

367 4535 441 4590 ila
465 4550 524 4590 se
551 4531 800 4596 haberet.
822 4541 884 4586 ιιι
910 4528 1127 4594 Scribit:
1158 4526 1445 4583 ιοιθΐοιδίίθ
1461 4534 1756 4596 utcumque
1787 4533 1959 4590 0550‘s
1982 4521 2037 4583 Ῑ)
2065 4537 2155 4591 dia
2172 4536 2233 4592 S.
2263 4535 2455 4606 regula:
2475 4534 2744 4589 Benedicti
2763 4551 2817 4589 se
2837 4535 3166 4589 ordinaturus
3187 4536 3507 4607 pollicentes;
3528 4547 3575 4591 et
3596 4538 3678 4592 id-

372 4641 562 4699 parum
604 4622 754 4681 enim
785 4633 972 4680 nostra
1008 4620 1239 4678 referret
1286 4628 1467 4674 utrum
1516 4619 1799 4689 promissis
1849 4617 1963 4673 suis

372 4728 549 4776 staret
578 4733 785 4785 necne;
815 4724 908 4773 aut
934 4717 978 4771 si
1006 4716 1077 4771 ab
1100 4714 1285 4785 aliquo
1309 4727 1562 4782 umquam
1592 4713 1643 4768 id
1672 4713 1725 4768 in
1748 4721 1967 4769 contro-

376 4811 559 4870 versia
589 4810 823 4883 positmu
856 4808 1081 4875 fuisset,
1130 4820 1236 4862 nou
1282 4805 1670 4870 reclamarem;
1700 4814 1792 4859 aut
1826 4805 1874 4861 si
1901 4804 1967 4859 ad

378 4919 603 4961 manum
634 4904 754 4974 ipse
780 4916 888 4958 non
918 4900 1167 4967 haberet,
1189 4914 1312 4954 cum
1346 4898 1463 4953 haec
1502 4897 1804 4963 scribebat,
1827 4897 1972 4953 unde

381 4997 588 5055 certior
641 4994 757 5051 fieri
802 4994 1008 5050 valeret
1053 4992 1122 5049 de
1161 5007 1292 5048 vero
1337 4990 1719 5047 Cistercicnsis
1766 4990 1973 5046 ordinis

384 5088 636 5154 exordio,
693 5085 1048 5142 nihilominus
1116 5076 1484 5156 ignorantiam
1555 5081 1975 5139 condonarcm:

387 5196 534 5238 nunc
557 5188 739 5239 autem
770 5195 875 5234 non
907 5178 1083 5235 solum
1117 5175 1276 5232 diczis
1298 5175 1415 5231 suis
1446 5189 1552 5229 non
1583 5183 1712 5243 stat,
1744 5174 1840 5231 sed
1865 5191 1979 5230 rem

393 5288 688 5346 numquam
721 5271 773 5325 in
798 5268 1171 5327 controversia
1199 5267 1453 5340 positam,
1486 5267 1753 5340 lippisque
1782 5277 1837 5325 et
1866 5278 1986 5323 ton-

393 5365 613 5423 scribus
645 5363 1006 5430 notissimam,
1058 5361 1266 5431 absque
1306 5357 1417 5415 ullo
1463 5357 1839 5428 fundamento,
1890 5359 1985 5416 sed

396 5475 547 5518 mera
574 5474 672 5517 sua
702 5459 1001 5522 voluntate,
1026 5463 1081 5511 et
1108 5451 1385 5510 scribendi
1409 5451 1692 5507 celeritate
1716 5452 1948 5524 abnegat
1974 5469 1988 5506 :

401 5571 471 5613 eo
502 5552 811 5626 przesertim
854 5559 1123 5620 tempore,
1152 5563 1261 5620 quo
1298 5562 1329 5603 a
1367 5562 1453 5602 me
1482 5555 1769 5618 acceperat
1799 5546 1993 5602 librum

404 5647 622 5706 exordii
647 5644 1027 5704 Cisterciensis
1054 5641 1285 5708 ordinis,
1309 5655 1415 5696 nou
1438 5640 1507 5695 ab
1528 5640 1709 5712 aliquo
1735 5640 1999 5712 scriptore

410 5739 681 5801 moderno
702 5782 719 5807 .
752 5738 849 5799 sed
897 5736 966 5797 ab
1011 5735 1145 5809 ipsis
1173 5733 1420 5809 ejusdem
1452 5732 1830 5793 laudatoribus
1868 5735 2003 5793 scri-

2069 4629 2206 4685 circo
2233 4627 2301 4681 ad
2326 4629 2422 4681 hoc
2444 4625 2650 4680 liberius
2674 4626 3079 4697 exsequendum,
3104 4639 3157 4680 ut
3180 4629 3251 4681 eis
3274 4635 3319 4679 et
3342 4629 3427 4682 sui
3450 4630 3681 4701 jnrami-

2071 4722 2169 4786 uis,
2183 4718 2580 4789 apostolica'que
2600 4717 2925 4772 auctoritatis
2940 4717 3097 4773 robur
3116 4721 3424 4790 porrigeret,
3442 4731 3683 4777 constan-

2074 4821 2149 4868 ter
2169 4812 2485 4884 ﬂugitatttes.
2512 4810 2744 4875 Quorum
2764 4820 2879 4865 rato
2901 4812 3101 4883 legatus
3124 4810 3210 4866 ille
3232 4812 3464 4868 ltctauter
3486 4798 3681 4885 favens,

2079 4904 2171 4959 tali
2198 4902 2419 4976 epistola
2447 4902 2649 4957 exordii
2672 4918 2848 4956 eorum
2876 4902 3277 4972 fundamentum
3291 4905 3441 4976 jecit.

2154 4995 2313 5068 Hngo
2342 4995 2642 5065 Lugdunen.
2672 4993 3083 5067 archiupiswpns
3124 5003 3171 5050 et
3213 4998 3514 5068 apostolica:
3555 4999 3690 5054 sedis

2086 5091 2282 5161 legatus
2312 5088 2536 5143 Roberto
2577 5088 2926 5143 Molismcnsis
2964 5088 3166 5155 albati,
3203 5101 3251 5144 et
3282 5091 3534 5160 fratribus
3573 5110 3691 5147 cum

2088 5199 2147 5237 co
2167 5180 2448 5236 secundum
2477 5182 2709 5252 regulam
2742 5180 2803 5236 S.
2830 5180 3098 5235 Benedicti
3128 5181 3234 5238 Deo
3260 5185 3457 5240 servire
3483 5184 3693 5256 cup’eu-

2092 5274 2245 5329 tibus.
2283 5272 2478 5327 Notum
2505 5274 2573 5327 sit
2604 5272 2843 5327 omnibus
2871 5274 2934 5327 de
2962 5274 3024 5330 S.
3059 5274 3247 5330 Matris
3280 5275 3524 5331 Ecclesia:
3563 5291 3690 5345 pro-

2094 5372 2236 5440 fectu
2262 5366 2622 5439 gaudentibus,
2649 5382 2737 5420 ros
2764 5377 2812 5421 et
2840 5367 3086 5438 quosdam
3111 5368 3250 5439 [ilics
3277 5380 3467 5423 restros
3502 5366 3690 5420 Molis-

2100 5461 2291 5514 mensis
2320 5458 2537 5514 emnobii
2578 5459 2763 5530 fratres
2809 5458 3053 5529 Lugduni
3102 5463 3154 5515 in
3202 5471 3377 5514 nostra
3423 5461 3696 5530 prteseutia

2098 5552 2378 5622 adstitisse,
2411 5568 2473 5605 ac
2503 5550 2697 5625 regula:
2737 5550 2801 5607 Β.
2848 5551 3134 5618 Benedicti,
3178 5568 3333 5622 quant
3373 5552 3497 5604 illuc
3537 5566 3698 5622 usque

2104 5645 2274 5714 tepide
2303 5662 2365 5699 ac
2392 5644 2708 5716 negligenter
2736 5646 2789 5699 in
2827 5645 3007 5698 eodem
3053 5643 3363 5697 monasterio
3409 5644 3697 5711 tenueritis,

2106 5737 2301 5805 arctius
2329 5735 2570 5808 deinceps
2592 5746 2747 5808 atque
2773 5736 3048 5808 perfectius
3076 5731 3323 5788 inhan'ere
3350 5732 3475 5790 relle
3498 5734 3699 5807 profes-
