4122 6174
540 238 642 299 6H

1433 235 1728 297 FLAViUS
1767 233 2015 294 LULICS
2052 231 2334 292 DEXTER
2375 233 2908 298 CHRONOLOGLS.

3733 235 3838 297 819

538 372 623 413 sos
652 354 850 428 fuisse:
879 356 1019 428 quod
1045 356 1168 429 quia
1194 354 1248 409 in
1278 354 1390 410 loco
1419 355 1667 425 pradicto
1700 353 1937 429 pluribus
1972 356 2134 425 impe—
2161 350 2211 409 A
2238 369 2342 427 que
2372 353 2528 410 nobis
2553 354 2755 411 coloris
2788 352 3001 411 habitus
3031 352 3416 420 mutationem,
3446 365 3611 424 quam
3641 351 3836 407 nihilo-

536 447 793 502 dientibus
815 448 985 502 causis
1004 457 1205 503 constat
1226 447 1504 516 adimpleri
1523 464 1623 501 non
1641 463 1813 517 posse,
1834 463 1926 501 nos
1947 447 2137 500 utrius-

536 557 636 611 que
661 541 821 613 partis
850 540 1028 607 saluti,
1059 541 1296 595 videlicet
1316 541 1437 595 inde
1462 540 1827 607 recedentium,
1854 548 2009 611 atque
2029 538 2138 592 illic

533 633 911 687 remanentium
940 634 1283 705 providentes,
1322 634 1374 687 in
1409 632 1581 687 locum
1619 632 1778 687 alium
1818 648 1971 704 quem
1998 630 2137 686 vobis

533 725 711 781 divina
736 725 955 797 largitas
986 726 1350 800 designaverit,
1378 726 1657 789 declinare,
1687 727 1857 798 ibique
1879 725 2137 781 salubrius

534 826 688 889 atque
715 820 940 890 quietius
980 820 1204 875 Domino
1248 820 1493 897 famulari
1543 821 1672 876 utile
1712 820 1960 875 duximus
2004 822 2133 890 fore.

541 908 699 966 Vobis
727 927 849 982 ergo
877 920 999 965 tunc
1024 912 1358 983 praesulibus
1388 912 1609 968 Roberto
1655 912 1852 979 abbati,
1892 912 2139 983 fratribus

531 1018 731 1071 quoque
779 1002 1037 1071 Alberico,
1086 1002 1284 1071 Odoni,
1320 1004 1537 1073 domini,
1569 1004 1860 1077 Stephano,
1896 1002 2134 1071 Lctaldo,

533 1104 581 1148 et
613 1092 789 1159 Petro,
821 1096 911 1149 sed
939 1106 987 1151 et
1016 1098 1255 1153 onmibus
1283 1114 1411 1169 quos
1448 1098 1755 1171 regulariter
1791 1109 1838 1154 et
1875 1099 2138 1154 communi

532 1185 750 1241 consilio
781 1187 919 1243 vobis
948 1190 1146 1244 sociare
1174 1190 1523 1260 decreveritis,
1553 1191 1649 1247 hoc
1677 1201 1912 1247 sanetum
1940 1208 2135 1264 propo-

530 1279 689 1333 situm
716 1295 939 1347 seruare,
972 1291 1021 1336 et
1050 1292 1173 1336 tunc
1202 1284 1578 1353 consuluimus,
1610 1297 1658 1340 et
1682 1295 1737 1339 ut
1761 1266 1815 1339 in
1844 1285 1940 1339 hoc
1965 1302 2137 1357 persae

529 1372 713 1426 ceratis
743 1374 1095 1444 prtecipimus,
1128 1385 1175 1431 et
1202 1379 1512 1433 auctoritate
1539 1380 1825 1449 apostolica
1859 1397 1950 1452 per
1976 1377 2136 1452 sigilli

533 1465 697 1519 nostri
722 1466 1113 1539 impressionem
1142 1469 1196 1524 in
1229 1480 1533 1542 perpetuum
1560 1472 1953 1541 confirmamus.

605 1557 842 1629 Pergunt
868 1570 1122 1617 auctores
1148 1577 1406 1619 enarrare
1438 1565 1671 1633 qualiter
1701 1565 1826 1620 inde
1851 1565 2135 1622 disceden-

534 1657 617 1707 tes
636 1649 690 1706 in
715 1651 973 1708 Eremum
996 1654 1247 1711 Cistercii
1268 1658 1645 1726 convolarunt,
1673 1658 1911 1729 iuibique
1932 1658 2137 1715 Cister-

2240 448 2420 503 minus
2469 462 2536 503 ex
2590 448 3145 520 regula:_pr:escripto
3191 446 3413 505 licuisse
3459 447 3641 505 facere
3670 445 3840 501 nostri

2241 540 2639 596 conitendebaut
2669 555 2791 610 cap.
2824 541 2895 598 55
2927 556 3075 613 τος..
3105 539 3176 596 de
3204 554 3309 611 qua
3339 538 3503 595 etiam
3538 537 3845 609 qnsestinne

2240 632 2349 703 agit
2375 631 2490 703 ipse
2519 632 2822 688 Bernardus
2848 635 2901 689 in
2929 632 3191 703 Apologia
3211 631 3277 687 ad
3297 629 3645 688 Guilielmum
3673 628 3843 683 abba-

2242 731 2372 792 tem,
2406 724 2496 779 u‘oi
2524 724 2773 781 ordinem
2801 725 2859 782 S.
2890 724 3165 782 Benedicti
3193 739 3354 781 suum
3380 722 3541 794 pleno
3567 737 3667 779 ore
3694 720 3843 779 ordi-

2241 831 2363 873 nem
2391 827 2570 876 vocat.
2597 819 2676 875 Ex
2700 818 2784 875 his
2808 818 2973 890 igitur
2994 817 3197 884 videat,
3213 815 3584 890 quaeso,li.P.
3607 814 3845 871 Pennel-

2242 921 2327 967 tus
2353 923 2615 985 quantum
2643 913 2867 985 deroget
2910 912 3299 969 Cisterciensis
3348 910 3560 968 ordinis
3604 908 3840 982 juribus,

2240 1018 2361 1059 cum
2392 1005 2565 1076 ipsum
2594 1020 2625 1061 a
2658 1006 2719 1060 ἰ).
2751 1014 3136 1077 prolepareute
3166 1002 3463 1061 Benedicto
3490 1002 3714 1059 minime
3741 1002 3845 1059 de-

2239 1097 2500 1153 scandere
2521 1098 2732 1154 scribit.
2760 1097 2948 1169 Neque
2968 1107 3051 1156 est
3069 1097 3215 1171 quod
3233 1105 3515 1162 causetur,
3532 1096 3666 1152 dum
3692 1095 3844 1152 videt

2238 1183 2601 1249 communiter
2629 1194 2700 1249 ab
2727 1194 3045 1251 auctoribus
3085 1208 3192 1249 non
3233 1193 3421 1250 vocari
3463 1191 3843 1264 congregatio-

2241 1300 2362 1340 nem
2385 1286 2825 1355 (listerciensem,
2852 1286 2948 1343 sed
2970 1286 3217 1343 ordinem
3240 1286 3524 1351 absolute;
3558 1285 3663 1340 hoc
3691 1283 3841 1340 enim

2240 1393 2349 1432 non
2374 1377 2504 1434 facit
2526 1394 2648 1435 eum
2677 1380 2991 1437 discernere
3014 1381 3084 1437 ab
3113 1380 3306 1437 ordine
3330 1380 3501 1435 sancti
3537 1377 3838 1446 Benedicti,

2240 1472 2391 1541 quasi
2422 1473 2785 1530 cssentialiter
2804 1474 3079 1530 diversum
3109 1474 3210 1546 (ut
3232 1473 3577 1529 scholasticis
3595 1471 3710 1529 suis
3731 1482 3843 1528 ter-

2240 1567 2400 1622 minis
2442 1565 2659 1639 loquar)
2699 1565 2794 1623 sed
2835 1565 3279 1633 accidentaliter;
3320 1581 3422 1637 qua
3455 1565 3525 1622 de
3559 1581 3622 1623 re
3647 1565 3778 1622 alibi
3810 1580 3843 1621 ι

2240 1660 2394 1715 nobis
2443 1660 2617 1718 fusius
2663 1668 2950 1717 tractatum
2998 1670 3104 1727 est,
3145 1660 3198 1716 in
3227 1644 3449 1731 speciali
3474 1659 3742 1731 opusculo
3768 1660 3843 1716 de

530 1744 713 1801 cieuse
743 1747 1055 1802 ctenobium
1083 1749 1531 1818 construxerunt,
1563 1767 1627 1807 ex
1657 1768 1765 1821 quo
1790 1752 2133 1822 postmodum
2168 1742 2212 1803 Β
2242 1754 2459 1824 propria
2490 1754 2888 1825 significatione
2915 1753 3078 1823 hujus
3104 1753 3252 1809 vocis
3282 1752 3450 1807 Ordo.
3495 1751 3639 1808 Idem
3679 1768 3843 1823 pror-

529 1836 592 1891 B.
626 1838 898 1911 praecipue
925 1840 1203 1897 Bernardo
1228 1852 1555 1914 procurante
1583 1843 1901 1900 reformatio
1938 1845 2051 1914 ipsa
2078 1844 2134 1901 in

529 1936 787 1994 universo
812 1939 943 1995 orbe
970 1951 1260 2013 prepagata
1284 1950 1387 1997 est.
1412 1941 1629 1999 Minime
1653 1958 1786 2014 ergo
1808 1945 1933 1999 novi
1958 1942 2133 2001 homi-

528 2043 628 2084 nes
655 2044 687 2084 e
716 2031 915 2086 steculo
942 2047 1135 2088 recens
1164 2033 1371 2100 educti,
1418 2033 1670 2091 ordinem
1709 2034 2128 2092 Cisterciensem

526 2121 920 2191 instaurarunt,
954 2125 1049 2181 sed
1080 2126 1332 2182 monachi
1366 2127 1706 2185 Benedictini
1738 2130 1974 2186 εαξηιὼἰί
2018 2130 2130 2188 Mo-

527 2212 821 2283 lismensis,
863 2234 930 2274 eo
979 2222 1231 2290 permoti,
1262 2222 1405 2292 quod
1431 2223 1675 2294 regulam
1705 2239 1864 2294 quam
1899 2223 2129 2293 professi

526 2308 740 2367 fuerant
769 2314 950 2382 tepide
999 2314 1162 2370 nimis
1206 2315 1316 2371 illic
1365 2315 1628 2373 hactenus
1672 2317 2124 2375 observaverunt.

529 2401 670 2457 Nam
690 2405 789 2459 uiri
817 2406 904 2461 isti
925 2407 944 2477 (
956 2417 1012 2461 ut
1039 2422 1161 2479 cap.
1193 2409 1226 2464 4
1255 2407 1488 2476 dicitur)
1521 2410 1663 2482 apud
1697 2408 1997 2466 Molismum
2028 2427 2126 2483 po-

523 2496 633 2566 siti,
664 2499 853 2568 sa'pius
881 2500 1014 2555 inter
1035 2517 1110 2569 se,
1147 2500 1243 2555 Dei
1274 2504 1445 2575 gratia
1474 2504 1713 2575 aspirati,
1746 2503 1809 2559 de
1835 2513 2126 2574 transgres-

523 2591 666 2645 sione
691 2591 886 2663 regula:
904 2592 967 2647 Β.
1011 2593 1273 2649 Benedicti
1316 2595 1494 2651 Patris
1537 2598 1909 2660 monachorum
1951 2598 2129 2670 loque-

526 2684 731 2750 bantur,
753 2696 801 2741 et
824 2686 1271 2742 contristabantur
1296 2689 1521 2745 videntes
1543 2707 1597 2745 se
1618 2699 1925 2763 craterasque
1947 2708 2129 2747 mona-

524 2780 647 2833 cltos
671 2778 805 2834 hanc
830 2781 1062 2853 regulam
1088 2781 1303 2836 solemni
1329 2783 1647 2854 professione
1672 2794 1965 2840 servaturos
2006 2803 2129 2858 pro-

522 2870 752 2937 misisse,
801 2887 1014 2941 eamque
1066 2873 1275 2928 minime
1323 2875 1626 2932 custodisse.
1671 2875 1740 2933 Et
1781 2888 1991 2950 propter
2032 2880 2128 2933 hoc

519 2963 818 3034 apostolica:
840 2965 976 3020 sedis
1005 2966 1161 3039 legati
1200 2969 1513 3024 auctoritate
1557 2969 1668 3035 (uti
1702 2969 2124 3043 pra-libavimus)

515 3059 587 3113 ad
610 3058 746 3115 hanc
774 3060 1105 3117 solitudinem
1135 3074 1189 3118 ut
1219 3065 1596 3136 professionem
1622 3083 1770 3120 suam
1797 3066 2121 3122 observantia

2237 1860 2331 1902 sus
2355 1845 2425 1901 de
2451 1845 2571 1901 aliis
2594 1846 3070 1903 reformatiouibus
3098 1845 3305 1901 ordinis
3335 1843 3510 1901 sancti
3556 1844 3839 1901 Benedicti

2234 1942 2574 1998 sentiendum
2605 1949 2709 2005 est,
2739 1954 2863 1996 nam
2888 1941 2945 1995 S.
2975 1939 3334 2006 Romualilus,
3365 1954 3395 1994 a
3418 1953 3530 2011 quo
3554 1939 3841 1996 Csmaldu-

2231 2034 2434 2100 lcnses,
2461 2034 2522 2090 S.
2550 2033 2791 2091 Joannes
2819 2033 3168 2097 Gualbertus,
3200 2049 3229 2087 a
3257 2047 3366 2104 quo
3392 2032 3842 2099 Valumbrosani,

2231 2136 2287 2183 et
2331 2126 2389 2183 S.
2438 2126 2721 2192 Silvester,
2771 2141 2801 2181 a
2850 2141 2958 2196 quo
3001 2126 3338 2193 Silvestrini,
3386 2126 3641 2184 monachi
3692 2125 3842 2200 nigri

2232 2227 2409 2288 erant,
2442 2226 2499 2274 et
2520 2218 2766 2275 ordinem
2796 2234 2952 2273 suum
2983 2217 3287 2274 reformare
3312 2228 3697 2290 procurarunt.

2300 2314 2475 2382 Quale
2503 2316 2669 2370 etiam
2700 2324 2786 2370 est
2815 2313 2947 2369 illud
2979 2313 3122 2384 quod
3154 2312 3253 2368 lib.
3291 2329 3352 2383 η,
3389 2328 3513 2385 cap.
3545 2312 3637 2379 73,
3679 2329 3839 2370 num.

2232 2408 2284 2478 1,
2319 2408 2617 2464 Pennottus
2644 2407 2881 2462 asserit:
2913 2406 2978 2460 At
3010 2422 3112 2461 non
3141 2406 3316 2462 solum
3356 2406 3632 2475 originem,
3661 2422 3844 2461 verum

2230 2503 2384 2556 etiam
2413 2502 2702 2574 praecipuos
2730 2500 3075 2555 illustratores
3103 2516 3167 2555 ea:
3191 2498 3371 2555 eodem
3401 2498 3585 2554 ordine
3609 2501 3840 2555 canouio

2229 2611 2405 2651 eorum
2431 2597 2540 2668 ipse
2583 2594 2710 2649 ordo
2758 2595 3073 2650 monasticus
3109 2591 3347 2665 accepit?
3377 2591 3465 2648 ubi
3502 2592 3841 2648 enumeratis

2231 2689 2502 2745 nonnullis
2531 2689 2755 2750 sanctis,
2790 2687 2882 2759 qui
2914 2686 2981 2742 ad
3017 2685 3400 2742 Beucdictiuos
3440 2676 3506 2741 es
3553 2685 3842 2742 canonicis

2229 2780 2359 2836 olim
2386 2779 2672 2835 transitum
2697 2777 2965 2847 fecerunt,
2985 2777 3279 2833 subinfert:
3304 2777 3383 2832 De
3409 2776 3841 2833 Cisterciensibus

2230 2890 2310 2929 res
2355 2873 2527 2929 adhuc
2566 2873 2734 2928 nauita
2774 2874 2942 2944 magis
2966 2873 3245 2945 conspicua
3274 2879 3368 2938 est,
3396 2886 3516 2925 diu
3544 2886 3678 2926 unus
3706 2871 3843 2927 κο·

2230 2966 2452 3035 lacltias,
2467 2966 2725 3039 regularis
2746 2966 3031 3021 canonicus
3056 2965 3109 3019 in
3130 2963 3387 3019 Hibernia
3411 2972 3509 3031 tot,
3527 2962 3841 3022 Cistercien-

2227 3060 2361 3113 simn
2381 3058 2612 3114 ctenobia
2632 3057 2942 3128 fundaverit,
2969 3072 3084 3111 cum
3103 3057 3305 3129 integra
3322 3058 3690 3113 eanonirorum
3724 3075 3840 3115 mo—

516 3151 580 3208 s.
611 3154 804 3226 regultc
832 3120 1336 3227 aditnplerettt,'etc'.
1379 3156 1740 3213 Subinferunt
1783 3157 1981 3215 deinde
2025 3175 2121 3215 au-
2147 3120 2195 3185 ο
2225 3152 2454 3207 uosteria
2480 3153 2548 3206 ad
2578 3151 2937 3206 Cisterciemes
2967 3120 3284 3218 transierint,
3316 3158 3374 3205 ut
3418 3159 3556 3221 patet
3604 3150 3658 3205 in
3701 3152 3839 3208 Atra

512 3254 692 3304 etores
715 3248 923 3303 litteras
944 3250 1270 3318 apostolicos
1295 3250 1498 3308 Urbani
1526 3251 1589 3318 ll,
1615 3263 1668 3308 et
1692 3251 1969 3310 Paschalis
1991 3254 2119 3311 item

510 3337 577 3406 il,
601 3341 759 3396 Rom.
784 3341 1129 3412 Pontiﬁcum,
1154 3344 1386 3401 duorum
1414 3328 1776 3402 cardinalium
1800 3356 1855 3403 et
1877 3348 2118 3416 episcopi

514 3431 916 3503 Cabilonensis,
947 3436 1210 3506 binasque
1236 3437 1372 3493 alias
1402 3440 1613 3508 praefati
1646 3439 1886 3510 Hugonis
1924 3442 2112 3510 legati,

511 3526 710 3600 quibus
749 3527 1068 3585 reformatio
1116 3530 1232 3601 ipsa
1277 3533 1600 3587 conﬁrmata
1646 3541 1747 3587 est.
1802 3531 2119 3603 Eodemque

508 3636 737 3692 prorsus
779 3632 939 3693 pacto
978 3623 1263 3680 conferunt
1304 3608 1555 3690 historici,
1595 3640 1785 3682 omnes
1831 3626 2115 3683 exordium

504 3722 772 3783 nostrum,
805 3722 864 3770 ut
892 3715 1077 3773 videre
1101 3726 1184 3772 est
1205 3716 1345 3787 apud
1369 3717 1688 3780 Cresarium.
1719 3718 1814 3775 lib.
1846 3735 1861 3775 ι
1906 3719 2116 3793 Dialog.

504 3803 912 3873 Miraculorum,
943 3822 1066 3879 cap.
1114 3809 1179 3874 t;
1225 3808 1572 3865 Vincentium
1622 3810 2010 3869 Belvacensem
2061 3816 2114 3869 in

505 3898 669 3969 Spec.
696 3900 899 3957 liistor.
924 3901 1020 3959 lib.
1070 3918 1204 3977 xxv,
1231 3919 1350 3972 cap.
1376 3903 1446 3961 94
1469 3913 1523 3960 et
1546 3906 1647 3970 93;
1679 3913 1734 3962 et
1756 3906 2114 3975 Antoninum,

496 4005 565 4047 ex
599 4007 666 4048 eo
693 3992 758 4048 ad
788 3993 1043 4057 verbum;
1078 3993 1430 4066 Sigibertum,
1465 4012 1562 4053 seu
1593 3998 1721 4068 ejus
1764 4001 2115 4058 continuato-

497 4090 614 4139 rem
663 4083 985 4149 Bobertum,
1029 4086 1096 4141 ad
1138 4101 1341 4143 annum
1394 4088 1562 4155 1098;
1614 4099 1669 4145 et
1700 4099 1968 4163 quotquot
1993 4095 2117 4165 ejus

494 4175 705 4233 ordinis
728 4176 937 4233 exordii
970 4176 1375 4235 meminerunt:
1406 4191 1461 4237 et
1493 4182 1789 4241 novissime
1816 4185 1957 4257 apud
1990 4188 2098 4244 Au-

493 4268 709 4326 bertum
733 4269 997 4337 Miramm,
1024 4271 1322 4329 Barnabam
1346 4272 1414 4332 de
1439 4273 1734 4343 Montalvo,
1761 4278 2101 4338 Bernardum

492 4361 561 4417 de
605 4362 756 4418 Brito
796 4363 850 4419 in
894 4361 1180 4421 Chronicis
1219 4364 1583 4435 Cistercens.,
1641 4370 2096 4442 exactissimeque

491 4454 544 4510 in
570 4452 781 4512 Laurea
813 4455 1133 4526 Evangelica
1164 4455 1229 4513 li.
1264 4457 1555 4515 admodum
1579 4459 1640 4516 Ρ.
1664 4475 1730 4517 ac
1751 4461 2101 4520 celeberrimi

408 4618 422 4627 '
487 4547 632 4617 apud
674 4548 1135 4606 Salmanticenses
1173 4548 1462 4621 theologize
1510 4551 1838 4623 professoris
1890 4556 2091 4625 publici

490 4635 583 4695 Fr.
615 4641 803 4712 Ληρειί
836 4638 1136 4712 Maurique,
1184 4651 1245 4698 ut
1285 4644 1602 4702 innumeros
1646 4644 1781 4703 alios
1818 4647 2094 4704 omittam.

485 4729 777 4789 Notatione
802 4733 963 4804 digna
990 4743 1117 4790 sunt
1144 4735 1308 4790 verba
1328 4734 1550 4792 Cmsarii
1581 4755 1593 4792 :
1621 4738 1739 4793 Hoc
1762 4750 1937 4795 autem
1962 4758 2098 4814 prae-

486 4821 649 4891 ficum
678 4834 873 4893 teneas,
906 4827 1071 4881 nostri
1096 4835 1359 4883 auctorem
1386 4844 1495 4883 esse
1527 4827 1788 4898 Spiritum
1817 4843 2097 4903 sanctum;

485 4911 837 4970 institutorem
866 4915 929 4973 S.
963 4915 1336 4985 Benedictum;
1366 4921 1711 4977 invocatorem
1739 4940 1858 4980 vero
1884 4944 2099 4983 venera-

483 5003 637 5058 bilem
666 5005 901 5062 abbatem
933 5007 1233 5065 liobertum.
1270 5008 1408 5067 Hinc
1445 5009 1592 5067 inter
1640 5014 1967 5073 reformatus
2009 5019 2098 5075 Ci-

481 5098 810 5156 stercienscs
852 5110 908 5157 et
950 5102 1343 5161 Cluniacenses
1388 5113 1506 5160 orta
1554 5106 1653 5162 fuit
1681 5111 1933 5180 quaestio,
1974 5128 2095 5184 qua:

484 5190 799 5264 frequenter
845 5194 985 5251 inter
1028 5195 1349 5254 reformatos
1374 5208 1429 5255 et
1457 5213 1565 5256 non
1594 5201 1922 5262 reformatos
1951 5208 2096 5279 ejus-

483 5284 606 5342 dem
637 5284 846 5343 ordinis
876 5285 947 5343 de
971 5287 1337 5356 observantia,
1381 5305 1479 5348 seu
1531 5297 1968 5367 transgressione
2005 5316 2095 5358 re-

482 5377 624 5449 gula:
654 5378 785 5435 oriri
830 5378 997 5446 solet,
1048 5395 1208 5451 quam
1262 5381 1448 5441 videre
1498 5384 1628 5442 licet
1678 5389 1819 5459 apud
1870 5389 2091 5449 Petrum

485 5468 757 5527 Venerab.
807 5470 901 5527 lib.
948 5486 1033 5539 tu,
1082 5472 1242 5542 epist.
1274 5474 1328 5529 in
1359 5475 1431 5531 28
1461 5477 1527 5533 ad
1555 5478 1615 5534 S.
1648 5478 2008 5550 Bernardum,
2039 5493 2094 5541 et

478 5557 575 5616 lib.
608 5576 664 5629 v,
695 5560 861 5634 epist.
896 5562 985 5627 16,
1017 5562 1085 5619 ad
1113 5565 1393 5634 eumdem,
1428 5567 1519 5623 ubi
1551 5570 1843 5641 respondet
1888 5573 1956 5628 ad
2000 5574 2089 5643 l2,

479 5651 737 5711 articulos
780 5654 981 5727 regula:
1007 5654 1067 5713 S.
1101 5655 1161 5712 P.
1194 5656 1496 5725 Benedicti,
1538 5658 1590 5714 in
1633 5659 1831 5731 quibus
1868 5663 2093 5723 Clunia-

470 5752 579 5800 eos
608 5756 669 5804 es
688 5742 928 5809 deﬁcere
951 5748 1277 5810 taxabantur
1304 5747 1833 5829 aCistercicusibus,
1869 5755 2086 5832 objicit-

2223 3246 2430 3301 abbatia
2449 3245 2817 3301 canonicorum
2835 3244 3158 3317 regularinm
3180 3242 3562 3315 Leodiensium,
3584 3261 3748 3313 quam
3772 3244 3833 3302 S.

2224 3339 2522 3395 Bernardus
2552 3340 2604 3393 in
2636 3340 3004 3393 monasterium
3040 3336 3460 3393 Cisterciensium
3498 3338 3712 3392 mutarit
3737 3353 3759 3393 :
3787 3349 3837 3395 et

2222 3432 2289 3487 de
2312 3434 2483 3503 priore
2501 3432 2800 3488 monasterii
2820 3430 3162 3488 Eboracensis
3183 3448 3299 3486 cum
3322 3432 3559 3493 omnibus
3578 3432 3686 3503 fere
3702 3432 3837 3488 dicti

2220 3528 2521 3582 monasterii
2542 3526 2787 3599 fratribus
2808 3528 2877 3580 ad
2898 3527 3256 3583 Cistercienses
3276 3527 3523 3599 profectis
3538 3543 3632 3598 pro
3646 3527 3836 3600 quibus

2220 3620 2332 3684 ipse
2373 3617 2441 3676 υ.
2472 3618 2770 3675 Bernardus
2816 3621 2886 3673 ad
2924 3620 3158 3674 abbatem
3208 3618 3584 3674 Eboracensem
3625 3620 3837 3693 scripsit

2220 3713 2492 3784 epistolam
2520 3730 2636 3785 (μίαν
2664 3723 2736 3769 est
2769 3714 2824 3767 in
2870 3713 3054 3768 ordine
3095 3712 3199 3779 95,
3246 3730 3309 3768 ea:
3348 3729 3570 3786 quorum
3615 3730 3835 3770 numero

2219 3807 2425 3863 videtur
2473 3808 2632 3878 fuisse
2675 3806 2740 3862 B.
2792 3805 3126 3877 Humbertus,
3175 3810 3325 3881 cujus
3365 3807 3548 3862 laudes
3571 3806 3834 3862 recensuit

2220 3902 2353 3955 idem
2376 3900 2440 3956 Β.
2467 3899 2698 3955 Bernard
2706 3917 2763 3954 us
2787 3901 2841 3954 in
2864 3901 3076 3971 proprio
3093 3914 3328 3955 sermone
3347 3900 3410 3953 de
3424 3900 3602 3955 eodem
3623 3898 3826 3955 habito.

2220 3994 2347 4049 llaec
2372 3993 2487 4049 ille.
2510 3991 2619 4049 Sed
2644 3991 2901 4063 quidquid
2928 3991 2997 4047 de
3018 3991 3217 4047 borum
3241 3991 3473 4049 veritate
3494 3992 3585 4058 sit,
3605 3991 3835 4048 videant

2220 4085 2475 4152 lectores,
2507 4084 2597 4157 qui
2624 4101 2689 4141 ex
2719 4084 2928 4140 duobus
2958 4083 3157 4141 fuerint
3183 4084 3462 4153 illustrati,
3486 4084 3740 4142 canonici
3763 4084 3830 4140 ad

2217 4177 2612 4234 Cistereieuses
2653 4176 3056 4234 reformationis
3103 4191 3168 4233 ac
3213 4172 3517 4233 sanctitatis
3560 4187 3832 4249 praetextu

2218 4272 2602 4343 adipiseeudze,
2632 4278 2996 4337 transeuntes,
3022 4286 3089 4325 an
3112 4270 3506 4329 Cistercienses
3529 4271 3827 4327 canonicos

2218 4368 2340 4423 sinu
2382 4382 2483 4423 suo
2512 4364 2963 4436 complectentes,
2996 4373 3049 4421 et
3078 4371 3139 4421 ut
3165 4364 3234 4422 ad
3263 4365 3588 4422 altissimum
3619 4364 3831 4421 sancti-

2219 4461 2346 4517 tatis
2395 4459 2666 4531 fastigium
2717 4459 3054 4516 evehentes?
3097 4458 3207 4515 Aut
3254 4459 3477 4516 dubium
3527 4459 3833 4517 sanctiores

2213 4554 2366 4620 facti,
2404 4552 2641 4609 mustres
2686 4552 2883 4609 redditi
2923 4559 3078 4622 sunt;
3115 4568 3222 4609 non
3269 4553 3416 4610 enim
3460 4553 3715 4609 canonici
3760 4552 3831 4609 ad

2202 4646 2605 4704 Cistercienses
2656 4646 3010 4715 transierunt,
3065 4654 3124 4702 ut
3171 4660 3266 4702 eos
3318 4646 3677 4713 illustrarent,
3733 4655 3830 4704 aut

2202 4740 2549 4812 perficerent,
2575 4739 2671 4796 sed
2705 4748 2763 4795 ut
2793 4737 3144 4809 perfectiores
3173 4748 3232 4795 et
3260 4737 3586 4796 illustriores
3610 4738 3817 4796 redde-

2202 4843 2415 4891 rentur.
2451 4833 2542 4892 Sic
2575 4834 2630 4889 in
2680 4833 2842 4889 simili
2884 4846 3014 4889 casu
3065 4834 3279 4889 censuit
3329 4831 3639 4890 Bernartius
3683 4833 3830 4906 ipse,

2202 4929 2504 5005 ait(epist.
2537 4929 2719 5001 ibi):
2763 4925 2904 4995 Hoc,
2952 4929 3184 4999 inquam,
3234 4929 3331 4983 hoc
3376 4946 3592 5000 prorsus
3628 4944 3716 4991 vos
3766 4930 3832 4984 de

2208 5022 2500 5079 illustribus
2541 5021 2769 5077 reddidit
2811 5021 3146 5091 illustriores,
3193 5022 3478 5077 sanctiores
3509 5021 3572 5077 de
3601 5022 3826 5089 sanctis,

2207 5128 2255 5173 et
2285 5118 2594 5188 ubicumque
2619 5114 2918 5190 divulgatus
2947 5125 3021 5171 est
3041 5131 3209 5170 sermo
3230 5115 3349 5181 iste,
3393 5116 3609 5189 repleuit
3648 5116 3834 5170 omnia

2208 5211 2367 5266 odore
2396 5209 2670 5265 suavitatis
2692 5249 2705 5263 .
2731 5247 2745 5264 .
2772 5248 2786 5263 .
2822 5207 2992 5277 Quam
3022 5208 3139 5263 (telo
3169 5208 3288 5263 sinu
3315 5208 3523 5280 collegit
3558 5223 3646 5262 ros
3685 5205 3834 5261 mul-

2211 5300 2384 5354 titudo
2411 5298 2847 5366 Cisterciettsium,
2877 5306 2985 5354 etc.
3017 5297 3171 5366 Quod
3199 5298 3243 5354 si
3276 5298 3473 5356 dixerit
3501 5300 3641 5370 quis,
3669 5298 3831 5355 ordi-

2209 5406 2332 5447 nem
2362 5392 2523 5447 etiam
2568 5400 2813 5447 nostrum
2854 5391 3113 5446 illustrari
3164 5390 3399 5447 adventu
3442 5392 3627 5448 talium
3666 5392 3827 5448 viro-

2204 5498 2348 5551 nun,
2398 5482 2450 5539 id
2490 5481 2715 5539 minime
2740 5497 3022 5554 negamus,
3058 5481 3152 5539 sed
3182 5498 3290 5538 non
3318 5483 3477 5540 aliter
3501 5498 3655 5556 quam
3702 5483 3832 5540 illn-

2205 5578 2397 5633 strium
2445 5575 2724 5632 hominum
2768 5590 2799 5631 c
2838 5573 3037 5630 sarculo
3075 5574 3413 5633 venientium
3444 5575 3514 5632 ad
3544 5574 3827 5642 ordinem,

2203 5668 2323 5739 quis
2354 5683 2465 5723 non
2496 5666 2643 5722 videt
2665 5665 2690 5721 ἲ
2716 5680 2884 5735 quare
2915 5682 3067 5737 aeque
3096 5666 3355 5723 smculum
3388 5670 3563 5738 ipsum
3592 5664 3826 5740 gloriari

2204 5759 2433 5834 poterit,
2461 5758 2604 5831 quod
2633 5758 2856 5818 ordines
2882 5757 3168 5819 universos
3196 5757 3575 5818 illustravcrit.
