4122 6174
416 199 521 258 613

1490 192 2020 270 APOLOGE'IJCUS
2061 192 2195 251 ι’Πο
2235 193 2296 250 L.
2341 191 2644 250 DEXTRO.

3617 186 3724 250 (ιιι

487 317 772 389 Negamus
798 323 1062 390 praeterea
1091 314 1150 373 S.
1177 313 1492 371 Malacltiam
1523 314 1686 370 fuisse
1707 316 2026 372 canonicum
2053 317 2103 376 A
2130 311 2460 378 Bcrnardus,
2495 311 2583 381 qui
2617 322 2858 382 praesens
2880 305 2976 364 fuit
2995 350 3009 374 ,
3030 314 3218 364 contra
3253 309 3554 366 Gilbcrtum
3589 309 3722 365 Por-

423 410 726 482 regularem
739 453 751 476 ,
769 425 894 466 cum
915 410 1094 466 verius
1113 409 1185 463 sit
1207 409 1526 464 monachum
1543 417 1804 480 perpetuo
1824 410 2011 477 fuisse,

419 512 476 559 ct
501 502 717 574 quando
743 502 1198 558 Cisterciensibus
1225 502 1473 558 cmuobia
1502 502 1558 557 in
1597 502 1855 558 llibernia
1897 502 2016 558 fun-

416 596 604 664 dabat,
633 597 699 652 ad
731 597 876 668 ipsos
903 597 1013 668 jam
1047 597 1366 664 trausiisse;
1401 590 1522 652 nam
1552 605 1610 653 et
1637 607 1855 653 sanctus
1887 597 2016 653 Ber-

416 689 617 746 nardns
645 704 766 745 cum
792 687 976 744 habitu
1007 691 1063 747 S.
1098 690 1375 746 Malachite
1413 689 1707 760 sepultum,
1738 699 1792 745 et
1820 705 1850 745 e
1879 704 2013 746 cou-

413 797 575 840 verso
604 780 916 838 Malaehiam
941 797 1062 837 cum
1105 791 1257 840 veste
1304 781 1564 838 Bernardi
1610 790 1768 839 certo
1815 781 2015 837 scimus

415 891 482 934 ex
509 876 754 946 ult.,,cap.
791 875 925 931 Vita:
952 875 1010 932 S.
1042 875 1299 932 Bernardi
1331 891 1426 946 per
1455 875 1622 946 ipsius
1657 875 2012 930 secretarium

413 969 648 1040 scriptae,
689 968 780 1040 qui
828 967 1001 1023 funeri
1044 967 1162 1038 ejus
1190 969 1455 1024 interfuit.
1487 966 1641 1024 Unde
1668 976 1721 1022 et
1747 983 1776 1021 a
1807 965 2014 1022 Cistcr-

414 1062 686 1118 cicusibus
720 1061 772 1117 in
801 1062 1103 1134 catalogum
1133 1077 1354 1117 suorum
1396 1069 1704 1118 sanctorum
1749 1068 2013 1132 perpetuo

414 1163 751 1223 recensetur,
781 1165 834 1211 et
867 1164 1138 1226 tamquam
1169 1169 1310 1211 unus
1339 1170 1406 1211 ex
1433 1154 1566 1221 suis,
1597 1151 1885 1225 quotannis
1923 1168 2010 1208 so-

412 1247 576 1304 lemni
610 1248 791 1305 officio
820 1248 1164 1306 celebratur:
1217 1248 1360 1320 quod
1410 1257 1590 1305 tamen
1635 1259 2013 1318 argumentum

415 1341 702 1412 aliquando
732 1342 999 1400 Pennotto
1024 1343 1198 1400 visum
1234 1343 1336 1399 fuit
1357 1343 1550 1400 efﬁcax
1575 1342 1644 1399 ad
1671 1341 2012 1412 probandum

414 1435 473 1490 S.
519 1435 880 1492 llerculanum
930 1437 1098 1493 fuisse
1138 1437 1437 1508 regularem
1481 1435 1843 1490 canonicum:
1889 1435 2012 1504 quia

413 1527 621 1583 scilicet
646 1543 675 1583 a
701 1528 976 1585 canonicis
1002 1529 1179 1600 regul.
1207 1527 1440 1584 solemni
1469 1527 1646 1582 olticio
1673 1526 1890 1584 colitur.

485 1617 694 1675 Rursus
736 1622 1122 1680 monasterium
1167 1619 1236 1676 de
1268 1620 1402 1674 Alna
1448 1618 1561 1691 (sic
1593 1619 1736 1674 enim
1769 1627 2011 1686 vocatur,

2120 411 2366 458 retanum
2397 403 2680 458 Trinitatis
2705 403 2964 458 unitatem
2997 400 3274 467 defendat,
3295 402 3364 458 de
3394 418 3498 472 qua
3529 419 3588 458 re
3611 401 3721 473 agit

2120 497 2237 566 ipse
2267 511 2433 551 serm.
2465 497 2536 552 80
2560 540 2574 564 ,
2610 497 2664 551 in
2691 497 2886 563 Cant.,
2919 503 2975 551 et
3014 505 3277 568 quotquot
3321 497 3543 568 [ingenii
3573 538 3590 566 ,
3627 505 3721 554 aut

2117 591 2382 648 Bernardi
2411 602 2527 648 acta
2559 593 2928 663 scripserunt.

2191 687 2363 742 Venio
2399 687 2466 742 ad
2501 688 2562 742 Β.
2593 687 2956 756 Joachimum,
2987 702 3145 759 quem
3169 686 3377 745 amicus
3405 695 3591 746 noster
3611 686 3712 744 im-

2119 783 2317 838 merito
2344 796 2408 838 ac
2438 781 2798 839 immoderate
2832 783 3031 854 carpit.

2165 892 2193 965 §
2238 892 2326 949 Vl.
2357 893 2670 967 Defemlitm-
2703 894 2765 948 Β.
2801 895 2956 951 abbas
2987 894 3290 953 Joachimus
3311 914 3343 952 a
3371 898 3647 954 calumniis

2623 965 2872 1023 Pennotti
2893 978 2942 1023 et
2971 971 3215 1025 aliorum.

2191 1057 2307 1114 Duo
2330 1069 2478 1130 sunt,
2502 1076 2622 1132 qua:
2649 1061 2750 1116 sibi
2782 1077 2849 1117 ex
2874 1061 3141 1118 doctrinis
3180 1064 3471 1120 venerandi
3501 1063 3715 1124 abbatis

2116 1151 2416 1209 Pennottus
2447 1154 3134 1221 officerecredit,alterum
3175 1155 3302 1211 dum
3345 1157 3415 1213 de
3466 1157 3722 1214 cremita—

2116 1260 2236 1300 rum
2264 1245 2458 1302 ordine
2488 1245 2541 1301 in
2573 1259 2671 1300 suo
2702 1247 2769 1301 ad
2813 1247 3217 1317 expositionem
3255 1231 3607 1320 Apocalypsis
3638 1249 3722 1305 in-

2116 1338 2452 1395 troductorio
2471 1339 2856 1410 prophetarit:
2890 1341 3118 1397 alterum
3159 1342 3286 1398 dum
3316 1343 3594 1414 regulares
3626 1357 3716 1398 ca-

2117 1431 2400 1486 nonicosa
2432 1432 2490 1488 S.
2539 1431 2676 1487 Rufo
2732 1433 3008 1488 institutos
3056 1434 3198 1490 circa
3247 1448 3448 1489 annum
3507 1433 3719 1489 Domini

2120 1523 2279 1590 “00,
2312 1523 2378 1578 ah
2410 1539 2585 1595 eoque
2612 1533 2744 1580 tunc
2776 1527 3008 1596 primum
3050 1525 3281 1582 donatos
3324 1528 3383 1584 S.
3432 1526 3722 1599 Augustini

2119 1621 2302 1690 regula
2329 1622 2494 1676 fuisse
2519 1621 2818 1677 contendit.
2853 1623 2943 1679 Sic
2991 1623 3084 1679 ille
3111 1623 3378 1679 Joachimi
3421 1622 3722 1679 sententias

411 1726 518 1769 non
548 1713 713 1784 Alva)
742 1713 899 1785 solos.
918 1722 1151 1785 quatuor
1183 1727 1356 1769 annos
1381 1713 1442 1770 S.
1466 1713 1748 1784 Augustini
1773 1712 2015 1783 regulam
2050 1711 2094 1770 Β
2125 1711 2313 1779 refert,
2343 1721 2397 1768 et
2431 1722 2537 1767 tam
2581 1714 2786 1769 acriter
2813 1715 3130 1784 impugnat,
3190 1723 3249 1770 ut
3289 1715 3616 1771 urbanitatis
3656 1728 3721 1770 ac

411 1806 717 1876 professum
753 1805 950 1876 fuerat,
987 1817 1046 1862 ιιι
1079 1807 1244 1862 tradit
1288 1807 1497 1861 Mimas
1540 1806 1592 1859 in
1630 1805 1830 1860 Chron.
1873 1803 2009 1859 Cist.

407 1896 479 1952 ad
511 1913 639 1953 ann.
668 1898 882 1954 Domini
917 1899 1089 1953 1H8:
1133 1897 1275 1953 unde
1318 1911 1439 1952 cum
1488 1896 1540 1950 in
1591 1895 1710 1965 ejus
1755 1894 2012 1950 institutis

410 1997 660 2046 tenerum
693 1991 870 2047 adhuc
895 1999 1060 2055 esset,
1095 1989 1250 2044 facile
1277 1988 1376 2043 fuit
1403 1987 1470 2042 ad
1500 1987 1600 2042 alia
1635 1986 2011 2057 praestantiora

413 2085 666 2140 transire.
700 2082 800 2139 Ubi
829 2091 1029 2151 autem,
1064 2095 1273 2152 qumso,
1306 2081 1606 2136 Pennottus
1650 2080 1857 2136 invenit
1896 2094 2013 2134 mo-

413 2175 708 2231 nasterium
757 2173 899 2229 istud
944 2173 1294 2230 Eboracense
1330 2187 1395 2228 ex
1426 2186 1534 2243 quo
1563 2172 1712 2242 prior
1741 2186 1863 2228 cum
1892 2171 2014 2226 aliis

414 2267 670 2323 fratribus
690 2267 757 2322 ad
781 2267 1170 2328 Cistereicnses
1186 2266 1412 2337 pervola
1423 2272 1598 2330 verat,
1622 2264 1790 2320 fuisse
1809 2263 2015 2319 ordinis

415 2360 696 2416 canonici?
722 2359 876 2427 Quod
908 2359 953 2415 si
981 2359 1255 2414 existimat
1285 2357 1453 2413 fuisse
1481 2357 1655 2426 ipsam
1689 2354 2012 2423 Eeelesiam,

416 2463 475 2508 nt
503 2456 748 2510 omittam
776 2455 909 2510 satis
934 2454 1101 2525 gratis
1127 2454 1195 2508 ab
1225 2467 1293 2509 eo
1321 2451 1585 2507 creditam
1623 2451 2012 2506 canonicorum

416 2547 606 2612 fuisse,
639 2563 746 2602 non
773 2557 952 2603 autem
984 2545 1374 2620 monachorum
1402 2543 1460 2601 S.
1491 2543 1792 2608 Benedicti,
1823 2541 1918 2596 lib.
1951 2556 2011 2608 ιι,

417 2653 536 2708 cap.
562 2640 649 2706 57,
675 2654 825 2700 num.
851 2638 908 2706 6,
939 2639 1107 2692 multo
1132 2637 1340 2708 gratius
1366 2635 1559 2692 aSserit
1592 2635 1832 2704 priorem
1859 2634 2015 2689 illum

416 2746 540 2786 cum
569 2732 822 2787 fratribus
850 2745 969 2787 eam
999 2730 1319 2800 reliquisse:
1351 2745 1474 2784 nam
1511 2744 1577 2785 ex
1617 2729 1848 2798 epistola
1886 2728 2017 2783 Bero

417 2824 571 2879 nardi
599 2827 751 2895 (quae
779 2833 865 2879 est
890 2823 984 2890 94,
1015 2837 1122 2878 non
1151 2837 1279 2878 vero
1306 2821 1397 2886 93,
1439 2829 1498 2876 ut
1537 2820 1654 2891 ipse
1692 2819 1839 2888 vult)
1884 2818 2016 2875 nihil

418 2918 526 2974 tale
545 2916 703 2973 educi
726 2925 923 2987 potest,
947 2927 1002 2972 et
1025 2931 1094 2972 ex
1126 2915 1282 2971 titulo
1304 2913 1650 2970 verisimilius
1680 2913 2011 2982 oppositum,

418 3011 508 3082 qui
530 3019 649 3067 est:
679 3011 757 3065 Ad
779 3011 1006 3065 abbatem
1031 3011 1310 3082 cujusdam
1331 3008 1628 3062 monasterii
1651 3005 2013 3070 Eboracensis,

2120 1804 2487 1872 religiositatis
2539 1815 2714 1859 metas
2770 1805 3121 1862 vehementer
3177 1807 3492 1862 excesserit.
3537 1806 3721 1874 Quan-

2120 1896 2316 1951 tumvis
2346 1897 2488 1952 enim
2519 1896 2594 1952 ita
2624 1912 2684 1953 se
2711 1898 2940 1955 haberet
2965 1915 3054 1955 res
3083 1901 3168 1969 (ut
3199 1901 3315 1969 ipse
3338 1898 3526 1969 refert)
3549 1909 3603 1953 et
3625 1899 3722 1953 ab-

2117 1987 2214 2044 bas
2239 1998 2460 2043 sanctus
2489 1989 2558 2046 ab
2587 2005 2654 2046 eo
2687 1991 2859 2046 relata
2885 1993 3191 2060 scriberet,
3238 2009 3346 2047 non
3385 2001 3542 2048 erant
3586 1990 3720 2046 tanti

2117 2084 2376 2138 momenti
2404 2084 2540 2153 lucc,
2567 2093 2710 2140 utea
2745 2095 2972 2156 propter
2997 2085 3054 2142 S.
3081 2085 3452 2157 lnquisitiouis
3481 2085 3718 2142 ofﬁcio

2119 2174 2172 2228 in
2205 2173 2382 2244 ipsum
2417 2175 2754 2241 fulminaret,
2779 2186 2832 2232 et
2863 2177 3108 2232 inaudita
3140 2187 3293 2248 parte
3341 2178 3411 2232 ob
3459 2193 3722 2248 quorum-

2118 2265 2240 2320 dam
2276 2267 2418 2321 male
2441 2267 2779 2322 intellectum
2805 2268 3174 2323 testimonium
3210 2269 3539 2324 sententiam
3560 2269 3718 2324 dam-

2117 2358 2353 2414 nationis
2384 2360 2436 2414 in
2467 2359 3529 2432 ipsumtulerit,damnationis,inquam,
3551 2371 3714 2416 mter-

2121 2467 2204 2506 nze
2237 2453 2432 2507 mortis
2454 2493 2470 2520 ,
2501 2461 2558 2506 et
2583 2449 3064 2508 condemnationis
3117 2468 3366 2522 persona:
3414 2470 3444 2508 a
3489 2453 3723 2509 concilio

2117 2545 2356 2613 generali
2391 2544 2767 2602 Lateraneusi.
2802 2546 3052 2618 Superest
3076 2548 3095 2617 (
3123 2547 3296 2616 inquit
3327 2546 3420 2602 lib.
3455 2561 3510 2611 ι,
3543 2563 3593 2602 c.
3626 2546 3720 2617 4|)

2123 2635 2191 2692 Ut
2209 2639 2378 2692 solum
2403 2638 2603 2692 abbatis
2631 2637 2893 2693 Joachimi
2937 2641 3286 2695 testimonium
3324 2640 3682 2714 expendamus
3705 2679 3720 2708 ,

2118 2749 2178 2786 ac
2204 2733 2468 2787 videamus
2493 2750 2561 2787 an
2594 2734 2728 2805 forte
2755 2733 2970 2788 Goliam
2998 2735 3060 2788 ab
3091 2751 3211 2790 orco
3240 2745 3509 2791 revocatus
3539 2735 3718 2806 fuerit,

2119 2833 2287 2880 tantas
2310 2827 2442 2880 vires
2471 2824 2690 2893 habens,
2723 2837 2782 2879 ut
2808 2843 2943 2882 unus
2967 2839 3148 2882 contra
3179 2828 3361 2898 viginti
3386 2827 3567 2882 merito
3587 2837 3727 2883 stare

2119 2918 2300 2988 possit.
2333 2918 2398 2972 Et
2427 2927 2555 2989 post
2585 2933 2777 2987 pauca,
2808 2935 2960 2973 num.
2993 2918 3030 2972 2
3058 2936 3072 2974 :
3105 2920 3181 2973 An
3206 2935 3325 2975 vero
3345 2921 3481 2974 inter
3503 2920 3726 2990 prophe-

2120 3025 2196 3070 tas
2218 3017 2392 3084 ipsum
2423 3013 2760 3069 Joachimum
2782 3031 2994 3069 censere
3012 3017 3192 3070 merito
3211 3017 3489 3086 possimus,
3505 3020 3726 3087 referam

417 3102 557 3156 unde
584 3103 781 3157 exierat
812 3103 954 3174 prior
983 3117 1100 3154 cum
1125 3100 1408 3172 aliquantis
1445 3098 1712 3167 fratribus.
1756 3097 1859 3152 Ubi
1893 3112 2014 3151 cum
2045 3093 2090 3156 C
2121 3106 2247 3176 quid
2269 3105 2334 3158 de
2354 3104 2448 3158 illo
2468 3105 2565 3158 viri
2594 3105 2732 3158 docti
2755 3105 2999 3160 scribant.
3034 3105 3131 3160 llic
3178 3122 3496 3173 processum
3526 3096 3728 3161 conﬁat

418 3195 616 3250 dicitur
635 3196 916 3265 cujusdam
943 3195 1256 3250 monasterii
1283 3192 1666 3260 Eboracensis,
1688 3190 1818 3245 satis
1843 3189 2017 3244 innui-

420 3298 508 3344 tur
538 3305 642 3343 non
670 3304 792 3344 esse
828 3289 998 3360 ipsam
1038 3285 1405 3343 catltedralcm
1441 3284 1753 3350 ecclesiam,
1793 3282 1888 3338 sed
1925 3281 2023 3337 ali-

420 3397 579 3452 quam
605 3383 768 3436 aliam
798 3380 1041 3450 ejusdem
1072 3380 1344 3436 ditecesis.
1373 3379 1449 3434 De
1487 3380 1544 3433 ll.
1591 3377 1887 3432 Ilumherto
1933 3391 2018 3432 res

421 3486 503 3530 est
546 3474 778 3540 facilior,
820 3490 997 3540 neque
1035 3475 1179 3551 enim
1207 3488 1275 3529 ex
1306 3487 1559 3528 sermone
1581 3472 1638 3527 S.
1673 3470 1934 3527 Bernardi
1966 3471 2019 3525 in

417 3568 536 3638 ejus
565 3569 712 3624 obitu
743 3568 947 3633 habito,
977 3583 1149 3638 neque
1177 3584 1243 3623 ex
1276 3567 1396 3623 Vita
1443 3567 1636 3636 ipsius,
1674 3583 1797 3639 qua:
1835 3573 2018 3623 exstat

419 3661 472 3715 in
508 3677 565 3716 ιιι
604 3662 697 3718 lib.
752 3661 974 3717 Exordii
1025 3662 1421 3726 Cisterciensis,
1466 3676 1585 3732 cap.
1637 3662 1672 3718 4
1717 3671 1772 3717 et
1814 3662 1869 3727 5,
1921 3674 2022 3716 nec

418 3753 638 3810 aliunde
668 3753 854 3810 haberi
884 3763 1081 3825 potest,
1111 3753 1254 3825 quod
1285 3753 1446 3810 fuerit
1472 3753 1772 3810 monachus
1803 3753 2019 3809 Ebora-

420 3832 618 3912 censis,
641 3858 695 3903 et
715 3849 872 3904 aliter
892 3864 960 3904 ex
981 3849 1087 3904 illis
1110 3848 1341 3918 quicum
1366 3848 1544 3917 priore
1568 3847 1844 3904 reformati
1869 3856 2014 3903 sunt.

422 3943 733 4009 Quinimmo
759 3943 1064 4015 oppositum
1087 3942 1216 3997 satis
1237 3941 1521 4014 perspicue
1547 3941 1834 3997 deducitur
1858 3957 1922 3996 ex
1953 3955 2020 3997 eo

422 4037 587 4107 quod,
621 4038 739 4106 ipso
772 4037 1045 4094 Bernardo
1070 4044 1369 4105 asserente,
1402 4036 1470 4092 ab
1499 4036 1617 4105 ipso
1647 4050 1784 4105 pene
1819 4032 2021 4104 princi-

421 4129 510 4198 pio
531 4130 843 4186 monasterii
873 4125 1203 4185 Clarmvallis
1244 4144 1369 4186 cum
1397 4143 1462 4185 eo
1506 4135 1860 4183 conversatus
1901 4125 2016 4179 fuit.

419 4219 714 4279 Couvcrsio
747 4232 929 4280 autem
976 4223 1172 4293 prioris
1217 4232 1272 4279 et
1321 4223 1546 4278 fratrum
1597 4220 2017 4278 Eboracensium

423 4317 594 4372 multo
620 4326 807 4387 postea
836 4315 1080 4387 contigit,
1112 4324 1172 4371 ut
1199 4315 1369 4387 liquet
1389 4331 1457 4372 ex
1489 4315 1722 4387 epistola
1743 4330 1863 4386 qua:
1886 4312 2021 4369 scri-

423 4420 511 4481 pta
550 4410 652 4466 fuit
690 4426 719 4466 a
748 4410 1024 4466 Bernardo
1058 4410 1126 4477 (si
1171 4409 1418 4466 ordinem
1451 4412 1571 4480 ejus
1622 4411 1764 4464 inter
1792 4419 2020 4464 cat-teres

420 4475 752 4574 spectemus)
774 4519 872 4575 pro
887 4475 1127 4560 sedando
1143 4502 1386 4558 Anacleti
1408 4475 1697 4560 schismate
1715 4502 2017 4570 laborante,
2047 4475 2098 4536 Ῐ)

422 4597 640 4669 quando
663 4597 773 4666 jam
802 4597 1116 4653 notissimus
1144 4607 1261 4650 erat
1291 4604 1402 4651 toto
1426 4597 1578 4653 orbe.

499 4686 604 4743 Per
633 4685 735 4742 hoc
767 4695 950 4742 tamen
985 4686 1238 4741 nolumus
1264 4701 1462 4756 negare
1495 4689 1667 4756 ipsum
1699 4687 2018 4744 mellifluum

424 4779 709 4837 doctorem
743 4779 946 4836 multos
975 4780 1364 4836 canonicornm
1397 4780 1723 4847 regularium
1758 4781 1824 4835 ad
1875 4781 2022 4836 ordi-

423 4888 551 4928 nem
576 4887 735 4928 suum
766 4870 1075 4938 admisisse,
1107 4871 1245 4926 alios
1286 4878 1466 4927 autem
1513 4871 1820 4940 repulisse,
1855 4881 1914 4927 ut
1941 4872 2022 4927 vi-

425 4964 558 5021 dere
578 4974 663 5022 est
689 4965 741 5020 in
778 4980 846 5021 eo
865 4965 956 5037 qui
989 4965 1304 5036 patientiam
1332 4964 1500 5035 ipsius
1523 4964 1845 5030 illustravit,
1891 4965 2020 5020 dum

425 5067 752 5115 renuentem
781 5058 1071 5115 admittere
1101 5073 1227 5113 cum
1279 5056 1346 5112 ad
1377 5058 1628 5112 ordinem
1655 5099 1670 5126 ,
1713 5055 1767 5110 in
1803 5055 2021 5110 maxilla

427 5151 719 5220 percussit,
749 5165 871 5222 quae
900 5165 988 5206 res
1019 5151 1137 5206 fuse
1171 5148 1406 5205 refertur
1448 5149 1543 5204 lib.
1589 5163 1646 5202 nt
1684 5147 1818 5204 Vitae
1853 5148 2025 5210 Berna

430 5256 552 5312 cap.
579 5243 632 5298 ϐ.
661 5241 768 5299 Sed
791 5242 859 5297 ad
887 5242 992 5298 alia
1017 5252 1378 5297 transeamus.

506 5335 661 5391 Mitto
691 5335 979 5392 concilium
1003 5336 1314 5392 Rhcmettse
1337 5350 1368 5390 a
1397 5334 1459 5390 Β.
1493 5333 1733 5405 Eugenio
1775 5335 1842 5390 ΙΙΙ
1879 5335 2023 5391 cele-

430 5429 648 5485 bratum
681 5429 846 5485 tribui
872 5428 1115 5500 Eugenio
1142 5428 1184 5483 ll
1213 5443 1241 5482 a
1290 5427 1575 5494 Pennotto,
1603 5427 1696 5481 lib.
1721 5442 1762 5493 ι,
1791 5441 1909 5496 cap.
1934 5427 2024 5494 19,

435 5540 586 5580 num.
614 5525 667 5592 l,
700 5539 808 5595 quo
835 5525 914 5580 sic
943 5524 1327 5580 eanonicorum
1373 5519 1706 5592 rcgularium
1763 5520 2026 5575 reforma-

435 5619 534 5684 tio,
555 5634 676 5689 qua:
705 5618 833 5683 inibi
862 5618 996 5673 facta
1029 5626 1111 5673 cst
1139 5618 1404 5673 vetustior
1449 5614 1610 5684 longe
1659 5623 1802 5670 esset
1845 5629 1860 5667 :
1907 5628 2029 5669 cum

435 5717 617 5768 tamen
645 5719 762 5768 aeta
795 5709 912 5782 ipsa
961 5706 1285 5767 Rbemcnsls
1323 5703 1539 5766 concilii
1579 5705 1938 5775 reluctantur,
1975 5713 2033 5762 et

2125 3197 2375 3253 adductis
2398 3199 2449 3252 in
2482 3207 2650 3253 testes
2680 3199 2738 3252 S.
2771 3199 3082 3261 Antonino.
3117 3199 3496 3255 cardiualibus
3523 3200 3731 3256 Bellar-

2125 3293 2274 3345 mino
2305 3299 2360 3346 et
2390 3291 2647 3354 Baronio,
2680 3300 2733 3346 et
2759 3289 2986 3346 Alfunso
3025 3290 3094 3347 de
3117 3292 3312 3348 Castro
3338 3335 3354 3359 ,
3397 3292 3592 3364 quibus
3641 3301 3726 3349 ut-

2125 3400 2355 3453 cumque
2383 3381 2583 3439 auditis
2607 3383 2876 3439 derisorie
2903 3383 3170 3440 subiufert
3198 3402 3210 3438 :
3234 3384 3318 3440 Ex
3337 3385 3519 3456 quibus
3539 3397 3589 3440 et
3609 3386 3728 3441 aliis

2123 3478 2356 3548 superius
2381 3477 2554 3542 dictis,
2580 3477 2754 3532 videas
2792 3477 2972 3548 quanti
3009 3478 3285 3548 faciendus
3327 3479 3394 3533 sit
3439 3479 3523 3532 hic
3566 3496 3725 3534 novus

2122 3571 2396 3642 prapbeta,
2419 3586 2568 3641 quem
2597 3569 2844 3638 Μαι-φιλεῖ
2892 3572 2966 3625 uti
3006 3573 3222 3626 militem
3275 3572 3404 3626 adeo
3457 3582 3724 3626 strenuum

2124 3663 2385 3733 producit,
2418 3675 2475 3716 ut
2504 3673 2689 3716 contra
2717 3665 2897 3734 viginti
2918 3673 3151 3718 armatos
3193 3665 3335 3718 solus
3365 3673 3502 3717 stare
3541 3665 3724 3732 possit.

2127 3753 2253 3810 Lib.
2285 3769 2417 3809 vero
2448 3770 2510 3818 ιι,
2540 3769 2662 3823 cap.
2691 3753 2747 3818 ‘2,
2781 3755 2932 3822 quasi
2961 3764 3119 3809 antea
3143 3754 3245 3809 sibi
3276 3754 3610 3823 incognitum
3642 3754 3723 3809 sic

2124 3844 2468 3901 Joachimum
2497 3845 2630 3899 citat
2663 3863 2674 3898 :
2713 3844 2804 3898 Est
2836 3845 3000 3918 igitur
3029 3846 3093 3898 de
3130 3845 3331 3916 origine
3375 3845 3613 3919 canonici
3639 3860 3728 3899 or-

2126 3942 2268 3996 dinis
2293 3941 2461 4011 prium
2494 3940 2740 3994 sententia
2769 3939 3046 4010 cujusdam
3079 3939 3278 3994 abbatis
3304 3981 3320 4006 ν
3360 3940 3562 3994 nomine
3597 3938 3724 3996 Joa-

2123 4033 2281 4099 cltim,
2311 4033 2362 4085 in
2387 4033 2704 4104 expositione
2745 4031 3073 4103 apocalypsis
3098 4071 3114 4100 ,
3166 4031 3440 4087 asserentis
3487 4033 3721 4088 ordinem

2123 4125 2836 4197 canonicorumregularium
2887 4127 3024 4178 circa
3068 4141 3266 4179 annum
3320 4124 3532 4180 Domini
3582 4125 3721 4182 “00

2121 4220 2329 4275 initium
2357 4220 2600 4274 habuisse
2619 4220 2672 4274 in
2707 4219 2944 4290 partibus
2969 4217 3265 4274 Galliarum
3291 4237 3324 4273 a
3362 4221 3586 4290 quadam
3617 4219 3727 4291 epi-

2123 4331 2277 4387 scOpo
2301 4314 2506 4369 nomine
2541 4314 2712 4384 Rufo,
2739 4313 2829 4383 qui
2867 4311 2993 4383 ipsis
3033 4311 3300 4366 canonicis
3335 4309 3406 4364 υ.
3447 4312 3724 4383 Augustini

2122 4410 2354 4480 regulam
2387 4407 2584 4477 primus
2616 4404 2854 4470 tradidit,
2885 4413 2932 4457 et
2957 4403 3132 4458 abillo
3153 4404 3484 4476 con-gregatio
3505 4403 3723 4456 canoni-

2127 4517 2302 4554 cornm
2325 4499 2647 4568 regularium
2674 4495 2922 4566 originem
2949 4495 3126 4559 traxit,
3149 4510 3264 4564 quia
3291 4492 3486 4547 idcirco
3506 4492 3567 4546 S.
3595 4491 3718 4562 Ruﬁ

2127 4591 2454 4662 congregatio
2472 4597 2544 4642 est
2570 4585 2858 4657 appellata.
2887 4585 2954 4640 Et
2977 4593 3102 4656 post
3124 4584 3412 4639 nonnulla:
3452 4584 3575 4639 Haec
3592 4581 3722 4639 Joa-

2127 4683 2284 4738 chimi
2310 4680 2559 4736 sententia
2585 4694 2642 4733 eo
2666 4678 2818 4731 modo
2849 4677 3138 4747 prmsertim
3169 4677 3429 4746 explicata
3455 4686 3501 4731 et
3529 4686 3713 4744 aitcta,

2127 4794 2228 4832 non
2257 4791 2444 4841 unum,
2475 4773 2566 4829 sed
2596 4771 2916 4827 multosillos
2939 4786 3095 4840 usque
3111 4770 3426 4840 manifestos,
3452 4779 3502 4825 et
3527 4770 3716 4841 palpa-

2125 4869 2251 4926 biles
2279 4869 2502 4924 continet
2527 4883 2748 4924 errores.
2775 4865 3070 4920 Enumerat
3097 4878 3228 4919 vero
3253 4863 3488 4919 decursu
3521 4863 3717 4933 capitis

2129 4964 2246 5034 ejus
2274 4963 2485 5025 decem,
2519 4961 2697 5015 obiter
2717 4973 2846 5015 vero
2883 4955 3252 5013 reverendiss.
3290 4956 3354 5010 D.
3397 4955 3715 5027 episcopum

2129 5057 2424 5114 Antonium
2447 5055 2671 5109 Massam
2695 5052 3006 5109 Galesinum
3028 5051 3404 5108 doctissimum
3428 5053 3508 5107 sui
3535 5051 3717 5109 surculi

2130 5152 2329 5219 virum,
2345 5148 2487 5220 quod
2503 5149 2603 5204 hac
2620 5148 2673 5202 in
2689 5146 3098 5203 reJoachimum
3118 5156 3334 5202 secutus
3354 5146 3533 5214 fuerit,
3549 5163 3614 5203 eo
3631 5147 3719 5201 bo-

2131 5257 2265 5299 nore
2288 5240 2652 5311 prosequitur,
2679 5248 2733 5294 ιιι
2758 5239 2928 5295 dicat:
2971 5239 3161 5293 Omitto
3186 5240 3462 5294 Antoninus
3487 5236 3715 5292 Massam

2134 5335 2432 5390 Galesinum
2452 5333 2538 5405 qui
2561 5335 2728 5402 ipsum
2747 5332 2981 5386 abbatem
3003 5330 3332 5386 Joacltintum
3351 5339 3568 5394 secutus,
3587 5327 3724 5381 mul-

2135 5439 2213 5483 tas
2234 5427 2455 5498 ineptias
2487 5423 2691 5490 effudit,
2715 5424 2896 5493 quibus
2920 5424 3080 5477 animi
3101 5425 3181 5478 sui
3202 5423 3540 5485 venalitatem,
3561 5427 3609 5473 et
3641 5419 3724 5472 in-

2137 5523 2272 5596 genii
2287 5520 2537 5575 levitatem
2551 5529 2597 5572 et
2612 5510 2954 5591 ignorantiam
2967 5519 3280 5591 apertissime
3291 5514 3716 5581 monstravit,etc.

2139 5615 2352 5671 Siccine
2370 5629 2492 5670 cum
2511 5613 2641 5668 viris
2653 5609 2988 5683 gravissimis
3005 5625 3168 5682 agere
3183 5608 3338 5664 licet?
3358 5608 3419 5662 At
3439 5605 3594 5676 cujus
3611 5622 3729 5661 ma-

2140 5721 2241 5765 nus
2269 5715 2454 5764 contra
2481 5720 2693 5777 omnes,
2711 5719 2902 5762 manus
2923 5704 3161 5761 omnium
3188 5700 3458 5758 sustinere
3482 5711 3728 5773 cogetur.
