4122 6174
577 181 682 240 διδ
1472 163 1769 222 manus
1809 160 2052 220 LUCIUS
2097 157 2377 217 DEXTER
2417 162 2954 223 CllRONOLOGUS.
3705 174 3793 233 ωε

645 302 713 358 Et,
737 296 958 372 quidem
991 289 1134 364 quod
1182 288 1250 345 ad
1300 286 1642 345 Joaehimum
1685 292 1894 355 spectat
1921 326 1937 350 ,
1992 278 2165 334 matti-
2194 283 2245 340 A
2277 279 2402 335 "(vc
2431 281 2496 335 de
2525 284 2651 353 ﬁliis
2682 283 2811 338 Lirc.
2843 284 2937 338 llis
2982 281 3049 339 dc
3074 294 3167 338 sex
3210 281 3483 338 ordinibus
3521 283 3792 345 clericorum

572 395 768 451 festum
795 399 898 455 est,
932 383 1383 453 minime-scripta
1414 380 1530 451 ejus
1556 421 1569 443 ,
1593 393 1714 448 qua:
1741 376 1869 431 citat
1895 417 1909 442 ,
1952 389 1984 429 a
2024 375 2166 428 l‘en-

574 495 727 543 notto
752 484 915 546 lecta,
951 492 1049 533 nec
1078 477 1218 546 quis,
1248 473 1472 544 cujnsre
1501 469 1678 525 meriti
1704 470 1757 523 in
1787 466 2028 523 Ecclesia
2058 466 2165 519 ine-

573 581 665 647 rit,
690 579 759 634 ab
777 592 843 633 eo
872 572 1110 645 agnitum
1139 586 1154 637 ;
1187 563 1622 639 quandoquidem
1664 574 1948 632 perperam
1981 558 2162 611 omnia

573 673 841 733 citamur;
866 664 1151 739 prapbetia
1179 657 1449 730 siquidem
1480 656 1548 710 de
1588 653 1781 709 ordine
1809 650 2160 707 eremitarmu

575 784 681 822 non
711 772 888 821 exstat
919 763 969 815 in
997 755 1396 814 introductorio
1419 750 1483 805 ad
1519 746 1903 820 Apoealypsim
1929 786 1945 812 ,
1977 743 2074 800 sed
2108 744 2160 797 in

572 855 919 929 expositione
945 849 1141 920 capitis
1172 862 1284 913 xw,
1314 843 1379 897 ad
1407 842 1499 897 illa
1542 840 1704 895 verba
1746 857 1758 893 :
1802 838 1866 892 Et
1903 837 2036 891 alius
2069 852 2164 890 an-

570 952 716 1025 gelus
745 947 896 1003 exivit
918 945 982 999 de
1009 938 1224 1014 templo,
1258 937 1450 991 habens
1479 934 1663 1006 ellipse
1702 932 1884 1003 falcem
1917 937 2123 983 acutam
2142 968 2156 992 ,

571 1020 680 1100 etc.
708 1042 782 1097 De
804 1037 1081 1096 canonicis
1108 1042 1289 1088 autem
1320 1047 1353 1085 a
1375 1029 1437 1086 Β.
1468 1027 1607 1083 Rufo
1638 1024 1902 1081 institutis
1922 1038 2027 1078 non
2052 1020 2162 1090 agit

568 1136 622 1192 in
655 1131 1000 1206 expositione
1030 1124 1409 1199 Apocalypsis,
1439 1122 1533 1178 sed
1565 1137 1687 1191 cap.
1724 1119 1795 1174 εει)
1826 1115 2159 1173 introducto-

570 1230 659 1295 rii,
701 1243 808 1299 quo
845 1224 1033 1280 videas
1057 1224 1258 1279 bonttm
1292 1220 1517 1274 militem
1549 1216 1700 1271 frena
1734 1215 1818 1287 (ιιι
1842 1210 2162 1283 vnlgo‘dici-

570 1322 683 1391 tur)
716 1327 1075 1392 permutasse.
1109 1315 1270 1372 Certe
1296 1314 1354 1381 in
1397 1326 1458 1367 re
1497 1311 1629 1365 tanti
1660 1307 1920 1364 momenti
1951 1351 1964 1374 ,
2014 1303 2160 1360 unde

570 1415 746 1470 honor
777 1411 878 1466 viri
911 1410 1069 1466 unius
1097 1406 1273 1463 sancti
1324 1402 1595 1475 pendebat
1629 1443 1643 1466 ,
1696 1415 1856 1456 nemo
1911 1399 2015 1454 erit
2069 1396 2159 1466 qui

568 1498 1407 1566 Pennottumabsolvataculpa
1470 1494 1726 1549 notabilis
1777 1493 2001 1547 incuria)
2051 1504 2159 1544 non

568 1596 786 1669 legendi
819 1593 1194 1659 Joae’himum,
1225 1605 1346 1645 cum
1377 1587 1700 1645 facillimum
1735 1585 1810 1640 illi
1838 1593 1983 1640 esset
2011 1582 2161 1638 adire

569 1653 755 1748 sireiu
785 1673 1112 1744 bibliotheca
1147 1684 1429 1750 Vaticana,
1459 1682 1577 1737 sive
1608 1681 1666 1737 S.
1699 1679 1847 1734 Petri
1887 1678 1943 1732 in
1977 1677 2159 1732 Monte
2190 1653 2238 1714 B

567 1800 756 1848 aureo,
792 1782 1007 1853 egregie
1038 1795 1068 1833 a
1099 1779 1163 1834 R.
1192 1778 1253 1833 P.
1301 1777 1441 1832 Luca
1486 1772 1791 1842 Waddingo
1842 1772 2102 1825 instructa
2142 1810 2156 1835 ,

567 1876 685 1931 sire
714 1873 972 1929 Aniciana
996 1870 1212 1942 collegii
1245 1868 1567 1941 Gregoriani
1593 1912 1607 1937 ,
1643 1869 1761 1924 sive
1807 1865 2157 1922 illustrissimi

566 1967 779 2024 Domini
805 1966 962 2023 Joan.
999 1964 1256 2035 Baptism!
1278 1962 1496 2018 Cocci'ni
1526 1977 1700 2017 sacra:
1742 1960 1896 2015 Rota:
1932 1958 2152 2023 decani,

565 2059 621 2117 in
652 2059 847 2131 quibus
877 2056 1011 2114 etin
1044 2057 1164 2111 aliis
1214 2054 1377 2111 Urbis
1415 2053 1767 2109 bibliothecis
1802 2065 1975 2122 opera
2012 2048 2156 2106 illius

567 2152 812 2223 reperire
841 2151 1051 2206 liceret.
1084 2146 1225 2217 Quid
1256 2148 1298 2201 si
1322 2146 1639 2203 Joaehimus
1669 2145 1849 2200 minus
1900 2145 2013 2199 suis
2060 2156 2154 2197 co-

566 2244 781 2301 natibus
803 2241 1227 2299 adversaretur?
1253 2238 1391 2308 Quid
1421 2239 1465 2293 si
1494 2238 1733 2294 faveret?
1765 2237 1960 2292 Parum
1990 2240 2159 2289 esset

564 2336 864 2392 doctrinam
897 2335 1018 2405 ejus
1045 2349 1214 2405 usque
1238 2334 1303 2388 ad
1328 2332 1498 2388 malos
1524 2331 1819 2394 extollere;
1854 2342 2015 2384 nemo
2048 2336 2154 2382 tam

563 2427 834 2484 acerrime
857 2427 1108 2498 spiritum
1154 2427 1366 2482 abbatis
1407 2424 1710 2495 prOphetim
1752 2424 1899 2480 dono
1947 2423 2154 2477 clarum

564 2529 812 2577 tueretur
833 2535 896 2574 ac
925 2520 1228 2575 Pennottus
1256 2536 1271 2572 :
1307 2533 1431 2573 nam
1457 2527 1511 2572 et
1539 2518 1677 2573 alios
1707 2515 1983 2572 inferioris
2013 2526 2156 2570 noue

560 2623 813 2669 auctores
841 2613 942 2667 sibi
972 2611 1242 2677 faventes,
1272 2610 1625 2683 gratitudinis
1652 2625 1782 2678 ergo
1804 2609 2157 2664 vehementer

563 2705 814 2760 honorat.
841 2705 1014 2775 Spero
1043 2716 1221 2759 tamen
1250 2719 1507 2773 maguum
1537 2702 1676 2772 apud
1712 2702 1860 2757 illum
1890 2701 2154 2770 deinceps

563 2796 870 2853 habendum
903 2812 1025 2853 esse
1053 2797 1420 2863 Joaehimum,
1448 2805 1506 2850 ut
1538 2803 1662 2864 pote
1689 2796 1775 2864 qui
1803 2810 1910 2863 przc
1941 2792 2154 2848 caneris

559 2890 888 2946 clericorum
922 2884 1141 2947 causam
1174 2897 1403 2945 tuetur:
1459 2887 1590 2942 nihil
1650 2887 1852 2942 ctenim
1897 2900 2052 2956 aeque
2100 2885 2151 2940 in

557 2982 813 3037 omnibus
834 2982 949 3038 suis
978 2981 1234 3052 opt-ribus
1266 2979 1497 3036 inculcat
1526 3023 1540 3047 ,
1576 2994 1735 3051 quam
1760 2977 2009 3034 ordinem
2042 2977 2154 3033 ele-

557 3073 794 3130 ricorum
825 3074 1065 3146 priorem
1081 3073 1248 3130 fuisse
1269 3073 1461 3128 ordine
1485 3071 1893 3136 monachorum,
1922 3068 2147 3141 id.quud

555 3164 682 3220 data
732 3181 900 3236 Opera
949 3164 1189 3221 afﬁrmat
1239 3171 1295 3221 et
1346 3164 1542 3235 probat
1577 3163 1671 3218 lib.
1731 3178 1768 3218 ll
1829 3161 2148 3218 Concordia:

556 3258 837 3329 utriusque
865 3258 1225 3324 TeSIamenti,
1251 3266 1514 3313 tractatur
1551 3273 1671 3327 cap.
1705 3258 1739 3313 5
1765 3302 1778 3322 ,
1807 3265 1866 3313 et
1895 3258 1948 3312 in
1980 3257 2148 3313 intro-

555 3349 788 3405 ductarii
821 3353 885 3405 ad
917 3350 1144 3422 Apocal.
1176 3366 1297 3420 cap.
1330 3351 1420 3407 l9.
1476 3349 1667 3421 Capite
1718 3361 1897 3406 autem
1944 3350 2015 3406 ΞΟ
2057 3365 2146 3406 se~

553 3441 743 3511 quenti
770 3441 1053 3497 duodecim
1082 3442 1454 3511 religiostirum
1490 3442 1747 3505 ordines,
1782 3457 1876 3497 seu
1917 3456 2148 3512 congre-

552 3531 800 3601 gationes
828 3532 1053 3589 totidem
1077 3533 1403 3603 patriareliis
1432 3573 1447 3599 ,
1479 3533 1603 3588 ﬁliis
1647 3533 1816 3589 Jacob
1846 3547 2149 3589 accommo-

496 3660 501 3665 η
553 3623 712 3692 dans,
740 3624 970 3695 primmn
1005 3634 1253 3687 recenset
1283 3641 1375 3681 sex
1404 3625 1725 3681 clericorum
1771 3625 2146 3697 congregatio-

553 3734 651 3774 nes
679 3718 783 3775 sub
805 3735 900 3775 sex
931 3719 1057 3775 ﬁliis
1080 3719 1189 3774 Lia:
1210 3718 1582 3790 primogenine
1600 3728 1849 3788 resneetu
1866 3718 2143 3787 Raehelis,

552 3810 912 3881 signiﬁcatus;
944 3827 1009 3867 ac
1033 3810 1233 3867 deinde
1271 3812 1490 3867 totidem
1523 3811 1913 3867 monachorum
1937 3822 1986 3866 et
2018 3811 2147 3866 reli-

552 3902 831 3971 giosorum
857 3902 1090 3956 militum
1125 3903 1231 3958 sub
1258 3913 1384 3974 typo
1415 3902 1644 3957 ﬁliorum
1676 3902 1817 3957 Bula:
1847 3911 1903 3957 et
1929 3901 2147 3972 Zelpltte

552 3992 898 4058 ancillarum,
916 4009 980 4047 ac
1003 3992 1257 4048 Rachelis
1279 3993 1659 4059 adumbratas;
1693 3992 1778 4047 Itis
1801 3993 1979 4049 verbis
2025 4008 2144 4062 qua:

554 4085 765 4143 referre
794 4087 996 4159 placet,
1030 4095 1087 4141 ut
1111 4086 1294 4141 videat
1322 4086 1623 4141 Penuottus
1655 4101 1937 4156 perperam
1964 4086 2147 4141 hacte-

554 4196 655 4235 nus
684 4179 934 4237 abbatem
965 4188 1217 4236 sanctum
1243 4179 1579 4235 intellectum
1608 4194 1730 4234 eum
1752 4180 1862 4249 agit
1883 4179 1953 4236 de
1974 4193 2144 4234 cano-

551 4271 691 4327 uicis
716 4270 888 4328 sancti
916 4270 1056 4327 Rull.
1086 4271 1155 4328 Ut
1183 4278 1353 4326 autem
1383 4270 1707 4346 intelligatur
1733 4274 1871 4341 quod
1913 4272 2140 4340 dicatur,

551 4364 672 4420 libet
702 4365 843 4437 ipsos
879 4365 1018 4435 ﬁlios
1067 4362 1233 4419 Iacob
1280 4365 1498 4435 singulis
1540 4364 1804 4419 ordinibus
1851 4364 2138 4435 assignare.

550 4454 763 4511 Primus
789 4454 918 4510 ordo
941 4454 1298 4529 religiosorum
1325 4455 1589 4510 institutus
1615 4464 1690 4510 est
1712 4454 1776 4509 ab
1812 4457 2062 4528 apostolis
2094 4457 2147 4511 in

553 4532 789 4605 Ecclesia
814 4550 1072 4621 primitiva
1111 4565 1131 4606 :
1165 4558 1211 4605 et
1236 4549 1348 4621 ipse
1400 4534 1697 4622 designatus
1724 4559 1796 4605 est
1839 4551 1891 4604 in
1935 4549 2144 4605 Ruben.

551 4641 827 4697 Secundus
848 4643 901 4696 in
932 4640 1230 4704 Antiochia,
1260 4641 1345 4695 ubi
1367 4642 1534 4713 primo
1563 4642 1688 4696 dicti
1737 4650 1855 4696 sunt
1904 4641 2147 4713 discipuli

548 4732 861 4798 Christiani;
891 4741 939 4788 et
967 4734 1078 4803 ipse
1116 4732 1418 4804 designatus
1456 4742 1532 4787 est
1570 4734 1625 4787 in
1665 4732 1899 4788 Simeon.
1939 4731 2146 4787 Tertius

549 4825 605 4878 in
633 4825 972 4889 Alexandria,
1004 4826 1067 4880 de
1095 4842 1219 4895 quo,
1245 4836 1299 4879 ut
1315 4827 1471 4895 refert
1501 4822 2140 4903 EcclesiasticaHistoria,

552 4917 715 4971 multa
744 4917 901 4973 laude
929 4919 1089 4991 digna
1119 4917 1294 4972 retulit
1322 4916 1479 4971 Philo
1503 4915 1756 4982 Judreus,
1788 4915 2012 4972 laudans
2058 4933 2144 4970 so-

553 5007 818 5061 brietatem
846 5017 890 5063 et
913 5010 1355 5065 conversationem
1381 5008 1558 5073 illius;
1599 5017 1646 5062 et
1701 5008 1813 5078 ipse
1843 5006 2142 5080 designatus

548 5111 625 5157 est
651 5100 702 5154 in
729 5098 868 5156 Leri.
898 5102 1125 5170 Quartus
1155 5103 1282 5158 ordo
1310 5102 1579 5158 institutus
1607 5112 1682 5156 est
1717 5102 1769 5156 in
1814 5102 1989 5173 Africa
2014 5120 2046 5157 a
2075 5101 2139 5158 Β.

549 5194 878 5267 Augustino;
916 5205 966 5247 et
986 5196 1096 5263 ipse
1135 5195 1433 5267 desigua'us
1490 5202 1565 5249 est
1608 5195 1661 5248 in
1706 5192 1868 5249 Iuda.
1922 5195 2144 5263 Quintus

551 5285 679 5341 ordo
706 5285 803 5355 fuit
832 5285 1198 5339 canonicorum
1225 5287 1538 5357 regularium
1569 5287 1621 5341 in
1650 5286 1880 5343 occiduis
1915 5289 2146 5358 partibus

552 5378 854 5445 institutus,
885 5378 974 5449 qui
997 5394 1092 5448 pro
1116 5389 1262 5446 parte
1290 5379 1455 5450 ipsius
1484 5382 1680 5451 regula:
1707 5397 1861 5452 quam
1893 5389 2025 5435 tene!
2070 5381 2150 5434 di-

550 5474 685 5527 citur
705 5484 755 5528 et
785 5473 896 5543 ipse
927 5471 989 5528 S.
1017 5471 1296 5544 Augustini
1334 5488 1359 5541 ς
1412 5483 1460 5527 et
1488 5474 1600 5542 ipse
1652 5476 1952 5545 designatus
1983 5482 2055 5528 est
2097 5473 2151 5526 in

554 5561 827 5620 Issachar.
863 5564 1056 5621 Scalas
1085 5562 1215 5619 ordo
1247 5564 1449 5620 videtur
1475 5581 1585 5620 esse
1613 5567 1974 5620 canonicorum
2000 5563 2149 5620 Prat-

550 5661 1045 5718 monstratentium:
1086 5667 1137 5716 et
1184 5657 1291 5732 ipse
1334 5657 1635 5732 designatus
1684 5668 1755 5715 est
1792 5663 1849 5714 in
1887 5657 2146 5719 Zabulou.

2268 373 2444 436 dictis,
2480 374 2831 430 subinfertde
2862 374 3085 431 tn:idem
3118 374 3397 429 ordinibus
3439 379 3796 435 monachorum.

2269 465 2417 521 Buta:
2445 468 2653 523 ancilla:
2676 469 2915 524 Rachelis
2946 479 3093 523 natus
3122 478 3197 523 est
3227 470 3282 523 in
3313 469 3469 536 lilium
3499 472 3612 546 ordo
3647 490 3799 528 utcun-

2269 558 2506 626 cltorum,
2538 563 2589 616 in
2620 561 2921 618 Ct‘t‘ecorum
2950 565 3153 635 quidem
3182 564 3414 618 Ecclesia
3449 584 3479 620 a
3512 571 3683 623 sanctis
3708 569 3799 623 Pu-

2267 651 2432 705 tribns
2456 654 2756 722 institutus;
2783 656 2865 711 hic
2888 657 3057 726 itaque
3085 656 3211 710 ordo
3241 656 3527 729 designatus
3550 670 3615 713 est
3638 660 3802 716 inDau

2267 745 2379 814 ﬁlio
2401 745 2552 800 Buta:
2577 748 2807 804 ancilla’.
2832 738 3021 802 Genui!
3051 759 3220 803 autent
3272 747 3403 804 Bala
3450 752 3705 806 secundum
3746 756 3802 823 {t-

2266 843 2414 908 lium,
2448 843 2656 897 nomine
2690 841 2991 913 Nephtalim
3014 883 3027 902 ,
3056 841 3147 908 qui
3175 841 3374 895 videtur
3407 843 3656 913 designare
3684 844 3806 899 Occi-

2264 935 2551 989 dentalium
2578 936 2808 989 ordinem
2830 934 3199 989 monachorum
3225 932 3493 1005 (nimirum
3522 936 3614 991 sub
3640 936 3691 992 S.
3720 936 3806 991 Pa-

2266 1028 2368 1084 tris
2401 1028 2677 1084 Benedicti
2720 1026 3018 1097 disciplinis
3040 1025 3324 1098 eruditos)
3357 1037 3404 1082 et
3446 1028 3589 1081 desiit
3633 1047 3804 1099 parcre.

2265 1122 2373 1178 Sed
2392 1132 2441 1178 et
2469 1122 2566 1177 Lia
2598 1122 2650 1176 in
2672 1123 2769 1176 hoc
2800 1122 2914 1195 ipso
2943 1122 3189 1176 tumulata
3214 1137 3459 1190 sororem,
3489 1122 3631 1176 tradit
3646 1127 3688 1177 et
3711 1125 3807 1194 ipsa

2261 1215 2524 1285 Zelpham
2546 1217 2792 1271 ancillam
2815 1232 2961 1271 suam
2991 1217 3098 1271 viro
3121 1233 3242 1283 suo,
3277 1219 3391 1284 qua:
3423 1218 3591 1288 genuit
3632 1216 3734 1271 Gud
3768 1230 3807 1274 et

2261 1312 2439 1377 Asser,
2464 1311 2519 1363 in
2543 1318 2665 1379 typo
2687 1310 2914 1364 duorum
2942 1310 3186 1364 ordinum
3218 1309 3467 1363 (uicorum
3493 1313 3713 1380 fratrum,
3735 1313 3807 1381 qui

2261 1402 2557 1457 claruerunt
2588 1402 2668 1455 his
2705 1400 3017 1470 temporibus
3063 1401 3115 1455 in
3161 1401 3396 1473 partibus
3454 1401 3661 1456 Orientis
3687 1444 3700 1465 ,
3729 1404 3811 1464 hoc

2261 1504 2336 1548 est
2368 1493 2661 1562 llospitalis
2684 1495 2851 1567 (nunc
2879 1493 2936 1549 S.
2966 1492 3190 1549 Joannis
3218 1492 3238 1564 )
3270 1502 3319 1547 et
3372 1492 3587 1547 Militum
3618 1492 3808 1564 Templi.

2268 1587 2411 1642 Duos
2440 1586 2652 1643 tandem
2681 1587 2899 1643 ordines
2931 1586 3258 1642 monasticus
3284 1587 3388 1654 sub
3414 1586 3603 1656 Ioseph
3624 1597 3673 1641 et
3697 1586 3812 1642 lien-

2260 1679 2430 1748 jamin
2461 1678 2583 1733 ﬁliis
2616 1677 2817 1734 Rachel
2851 1688 2905 1732 et
2933 1677 3158 1733 fratrum
3186 1678 3427 1734 omnium
3457 1678 3701 1734 extremis
3734 1677 3812 1732 atl-

2263 1772 2562 1840 umbratos,
2594 1771 2833 1825 nondum
2865 1770 3157 1842 incmpisse
3187 1786 3287 1826 suo
3320 1780 3556 1840 tempore
3582 1771 3715 1834 dicit,
3733 1785 3815 1824 nec

2262 1865 2482 1931 mirum,
2516 1880 2638 1917 eum
2674 1863 2709 1918 ii
2737 1862 2937 1918 fuerint
2965 1863 3188 1920 ordines
3230 1861 3624 1933 praeclarissimi
3648 1862 3819 1917 l‘rmtli-

2261 1969 2504 2014 catorum
2537 1967 2590 2012 et
2614 1958 2905 2023 Minorem,
2934 1956 3002 2013 de
3033 1957 3227 2027 quilms
3253 1956 3565 2013 Joachimus
3604 1956 3651 2011 in
3687 1970 3816 2010 catu-

2261 2055 2549 2111 meutariis
2594 2054 2885 2110 Hieremiae
2934 2057 3222 2124 perspicue
3263 2053 3622 2124 prophetarit.
3653 2053 3814 2106 Videat

2260 2165 2428 2220 nunc,
2454 2163 2663 2217 quaeso,
2695 2147 2994 2204 Pennnttus
3016 2147 3209 2217 quibus
3238 2147 3412 2218 magis
3432 2146 3722 2202 Joaehimus
3750 2144 3816 2197 la—

2261 2252 2407 2307 reat,
2435 2240 2653 2297 clericis
2675 2255 2742 2295 an
2779 2239 3101 2295 monachis?
3131 2239 3263 2295 Nam
3289 2239 3434 2311 quod
3468 2238 3533 2294 de
3572 2236 3817 2293 canonicis

2259 2335 2597 2407 regularibus
2624 2334 2797 2404 quinti
2829 2333 3042 2388 ordinis
3069 2333 3303 2399 scribit.,
3333 2332 3400 2386 de
3430 2329 3819 2400 congregatione

2257 2427 2489 2497 quadam
2517 2426 2862 2481 manifestum
2891 2436 2974 2481 est
2995 2424 3195 2480 debere
3224 2422 3461 2493 intelligi
3488 2462 3503 2489 ,
3546 2422 3629 2477 illa
3677 2419 3816 2473 nitui-

2258 2536 2376 2595 rttm
2399 2536 2523 2588 qua:
2552 2520 2604 2573 in
2634 2519 2827 2576 Galliis
2856 2519 3041 2591 regula
3065 2520 3121 2575 S.
3149 2517 3439 2589 Augustini
3472 2516 3716 2572 cauon‘ce
3736 2513 3819 2568 ilo-

2257 2620 2384 2666 nata
2407 2620 2510 2675 est,
2542 2621 2596 2666 et
2625 2611 2901 2682 geminato
2923 2609 3150 2667 canonis
3174 2618 3231 2666 et
3263 2609 3474 2680 regula:
3519 2605 3720 2662 neruine
3742 2620 3819 2658 ca-

2258 2705 2579 2760 nonicorum
2624 2704 2956 2775 regnlarium
2992 2702 3178 2759 vocari
3231 2711 3499 2773 emperat.
3551 2700 3663 2766 Quo
3709 2713 3821 2753 rem

2256 2812 2401 2852 anno
2432 2796 2482 2851 id
2512 2796 3120 2853 acciderit'Jnachimus
3173 2810 3281 2850 non
3333 2793 3561 2866 promit;
3602 2804 3653 2849 et
3693 2790 3819 2859 quod

2255 2888 2447 2944 asserit
2472 2904 2501 2942 a
2526 2889 2584 2946 S.
2616 2888 2758 2945 Rufo
2790 2888 2961 2945 fuisse
2991 2888 3335 2955 institutam,
3354 2905 3461 2944 non
3488 2904 3514 2942 τι
3538 2903 3595 2943 se
3618 2929 3632 2951 ,
3663 2885 3744 2940 sed
3765 2894 3822 2937 rx

2256 2979 2487 3034 aliorum
2516 2980 2788 3036 relatione
2827 2980 3018 3035 scribit
3051 2999 3063 3034 :
3096 2991 3149 3035 ct
3182 2980 3368 3037 forsan
3384 2980 3549 3049 vulgo
3573 2977 3820 3035 dicebatur

2256 3070 2390 3127 ordo
2421 3072 2514 3127 ille
2536 3088 2565 3126 a
2590 3072 2646 3128 S.
2676 3071 2816 3126 Rufo
2845 3072 3146 3139 institutus,
3174 3072 3323 3144 quod
3359 3073 3413 3127 in
3441 3072 3560 3142 ejus
3586 3077 3824 3124 tnonastr-

2252 3164 2335 3218 rio
2366 3165 2646 3220 institutus
2665 3173 2844 3230 esset;
2877 3163 3109 3235 indeque
3135 3179 3163 3217 a
3194 3163 3254 3219 S.
3292 3164 3442 3220 Rufo
3472 3162 3535 3218 ad
3566 3160 3821 3217 multaal’a
3866 3232 3875 3237 _

2251 3254 2531 3312 derivatus
2556 3255 2646 3311 sit.
2684 3256 2885 3311 Verum
2919 3255 3190 3325 ejusmodi
3234 3256 3563 3313 clericorum
3592 3252 3822 3309 antelatio

2252 3362 2360 3403 non
2385 3349 2456 3402 ita
2486 3348 2762 3404 mordictts
2790 3365 2851 3404 ex
2880 3361 3062 3405 mente
3086 3350 3232 3406 beati
3262 3351 3367 3406 viri
3399 3348 3697 3419 aceipieu'a
3725 3352 3818 3410 est,

2249 3441 2407 3512 quasi
2437 3442 2666 3498 multum
2704 3443 2965 3512 temporis
2992 3443 3136 3500 inter
3180 3445 3513 3500 clericorum
3564 3453 3617 3498 et
3661 3454 3825 3495 nutu-".-

2250 3531 2478 3587 cborum
2507 3531 2905 3589 institutionem
2953 3533 3259 3591 interfuerit
3290 3554 3306 3594 ;
3339 3552 3463 3591 nam
3499 3550 3596 3604 cap
3647 3543 3821 3596 ruere-

2248 3624 2397 3680 denti
2433 3625 2549 3697 (seu
2571 3625 2635 3682 l9
2655 3626 2979 3698 introduct.)
3008 3628 3343 3697 utrosquein
3372 3627 3641 3698 primitira
3665 3620 3825 3677 lict-le-

2248 3718 2325 3773 sia
2344 3728 2493 3774 ortos
2516 3718 2539 3773 l
2540 3719 2684 3775 uisse
2699 3719 3000 3781 contendit.
3025 3721 3275 3791 inquiens
3293 3740 3308 3776 :
3325 3719 3470 3775 Inito
3491 3731 3657 3775 autem
3680 3716 3823 3788 primo

2247 3818 2404 3877 statu,
2438 3820 2488 3867 et
2517 3814 2758 3867 inchoato
2782 3812 3011 3867 secundo
3045 3812 3062 3885 (
3092 3813 3183 3879 qui
3222 3813 3393 3883 (inpit
3424 3829 3457 3868 a
3491 3813 3700 3867 Christo
3737 3808 3825 3861 Dn-

2249 3902 2421 3971 mino)
2443 3919 2564 3957 mea:
2592 3904 2897 3961 clericorum
2925 3915 2973 3958 et
3006 3904 3379 3959 monachorum
3399 3904 3604 3960 ordines
3619 3896 3826 3955 inrltca'i

2247 4004 2399 4050 sunt:
2421 3994 2565 4050 haud
2588 3995 2802 4049 dubium
2841 3996 2962 4063 quin
2998 3996 3051 4050 in
3085 3996 3323 4052 Ecclesia
3354 3998 3650 4066 primitiea,
3679 3993 3757 4063 qui
3788 3999 3828 4043 ει

2247 4089 2404 4142 vitam
2423 4087 2831 4145 ecclesiasticum
2868 4089 3201 4158 prredicando
3240 4098 3293 4144 et
3324 4090 3560 4145 ordinem
3600 4082 3825 4140 monasti-

2235 4185 2362 4234 ‘cum
2390 4197 2481 4253 per
2500 4196 2823 4236 crmmunem
2853 4182 3007 4234 vitam
3027 4181 3323 4236 servabant.
3360 4179 3532 4235 Tanta
3562 4190 3722 4233 autem
3745 4173 3831 4244 [nil

2248 4272 2541 4326 communio
2565 4272 2786 4326 duorum
2819 4272 3063 4326 ordinum
3086 4273 3304 4326 istorum
3344 4273 3401 4327 in
3448 4271 3548 4325 hoc
3585 4276 3718 4324 statu
3760 4279 3832 4317 sc-

2249 4362 2440 4427 cuudo,
2473 4371 2529 4416 ut
2559 4377 2647 4416 nec
2676 4361 2855 4416 clerici
2883 4362 3203 4417 deessentin
3226 4379 3315 4425 eo,
3360 4363 3457 4433 qui
3476 4363 3831 4416 virercutrom-

2252 4455 2474 4511 muniter
2493 4455 2626 4510 sicut
2652 4455 2923 4524 monachi,
2968 4472 3058 4511 nec
3100 4456 3349 4510 monachi
3389 4454 3576 4527 quibus
3623 4449 3831 4522 ofﬁcium

2251 4548 2653 4602 committeretur
2682 4546 3012 4602 clericorum.

2323 4638 2493 4693 Porro
2514 4637 2655 4709 quod
2684 4638 2751 4694 ad
2774 4654 2896 4711 cap.
2932 4638 2999 4695 M
3023 4638 3191 4711 Apoc.
3219 4639 3449 4704 scribit.
3479 4640 3670 4709 Surge’
3693 4634 3830 4695 οτάον

2248 4732 2338 4800 qui
2358 4732 2560 4786 videtur
2584 4748 2768 4802 novus,
2794 4743 2840 4788 et
2871 4750 2973 4789 non
2997 4744 3090 4802 est,
3125 4734 3301 4788 induti
3335 4736 3508 4805 nigris
3532 4731 3762 4794 rest'bus,
3791 4736 3832 4780 et

2251 4826 2426 4880 induti
2450 4827 2671 4895 desuper
2695 4842 2849 4891 satia,
2882 4828 2969 4895 qui
3007 4827 3104 4881 erit
3131 4826 3256 4881 ordo
3299 4826 3683 4888 Eremilarum,
3715 4829 3831 4882 etin,

2252 4920 2387 4975 velit
2414 4919 2553 4975 nolit
2595 4919 2916 4982 Pcnnoltus,
2955 4919 3241 4976 manifesta
3292 4930 3377 4975 cst
3414 4917 3702 4990 prorszhelia
3731 4926 3837 4968 crc-

2252 5012 2509 5069 mitarum
2541 5011 2598 5068 S.
2644 5010 2956 5082 Augustini,
3000 5028 3122 5067 eum
3156 5026 3252 5067 eos
3285 5012 3535 5067 nondum
3575 5024 3640 5064 eo
3666 5003 3833 5059 habitu

2252 5115 2305 5160 ct
2337 5106 2553 5175 cingulo
2578 5103 2808 5158 donatos
2836 5103 2915 5178 (ut
2939 5103 3240 5159 luculenter
3270 5104 3472 5174 probat
3506 5091 3570 5157 ll.
3603 5101 3656 5155 Ρ.
3681 5098 3839 5153 Lucas

2254 5195 2617 5269 Waddingus)
2654 5213 2751 5251 nec.
2784 5198 2967 5252 unitos
2991 5197 3055 5251 ad
3090 5213 3249 5251 unum
3280 5196 3567 5260 ordinem,
3598 5189 3731 5245 rixis
3756 5200 3841 5240 ce-

2254 5289 2461 5345 loribus
2491 5287 2819 5357 depinxerit.
2850 5287 2984 5343 Nam
3027 5288 3168 5358 quod
3205 5286 3516 5356 respondet
3560 5284 3840 5339 Penuollus

2253 5379 2348 5436 lib.
2381 5396 2421 5448 1,
2449 5395 2571 5452 eap.
2603 5381 2694 5447 5|,
2719 5364 2962 5450 potuisse
2989 5380 3335 5435 .loaehimum
3362 5377 3435 5433 de
3467 5371 3709 5432 eremitis
3726 5365 3841 5424 Gui-

2253 5471 2530 5539 lielmitis,
2577 5480 2670 5527 aut
2699 5470 3023 5526 Janibonitis
3068 5471 3240 5541 loqui,
3283 5478 3414 5538 post
3450 5469 3592 5537 quos
3631 5468 3841 5520 exertos

2254 5565 2598 5639 praphetarit
2623 5566 2765 5621 circa
2792 5582 2992 5620 annum
3026 5563 3236 5631 Domini
3270 5563 3444 5631 1200,
3483 5562 3642 5630 longe
3671 5574 3697 5606 a
3725 5562 3840 5607 vero

2257 5659 2437 5730 abest,
2466 5667 2522 5715 et
2555 5672 2744 5730 parum
2792 5659 3068 5714 memoriae
3109 5657 3160 5713 iu
3207 5670 3276 5712 eo
3319 5653 3529 5726 arguit,
3570 5649 3662 5722 qui
3694 5641 3843 5718 paulo

4000 2604 4023 2637 σ
