4122 6174
359 245 463 301 617

1424 241 1951 300 APOLOGETICUS
1991 241 2126 298 ΡΜ)
2165 243 2226 296 L.
2275 239 2576 298 DEXTRO.

3548 237 3654 294 6l8

363 367 490 415 ante
517 372 640 428 cap.
671 357 766 423 46,
797 372 947 412 num.
981 356 1038 424 5,
1061 356 1128 412 de
1159 355 1491 412 Gulielmitis
1515 355 1770 411 dixerat:
1801 355 1955 410 Patet
1983 359 2028 417 A
2060 354 2146 410 nis
2189 353 2543 410 eremitarum
2593 349 2647 406 8.
2694 347 3005 418 Augustini,
3047 347 3265 402 adducit
3316 347 3654 418 prepbetiam

365 450 502 520 quod
529 449 739 506 habitus
761 450 1095 502 eremitarum
1129 446 1195 500 ι).
1221 445 1492 500 Guillelmi
1537 446 1688 518 longe
1725 445 1959 500 diuersus

365 550 494 606 erat,
523 549 630 593 tum
662 556 727 594 ea:
754 539 979 594 eremitis
1005 538 1131 592 dicti
1155 537 1378 604 ordinis,
1400 538 1488 608 qui
1510 554 1627 592 cum
1657 538 1751 593 illo
1779 536 1960 591 habitu

368 639 784 702 permanserunt,
813 632 901 702 qui
939 647 1042 686 non
1071 621 1181 686 erat
1203 630 1411 684 cuculla
1445 631 1616 704 nigra,
1651 630 1740 684 sed
1787 631 1962 684 tunica

366 725 510 792 alba,
542 741 657 780 cum
685 725 932 778 mantello
953 725 1094 784 albo.
1129 724 1267 778 unde
1302 733 1352 778 et
1387 725 1553 778 vocati
1583 733 1705 777 sunt
1733 723 1963 778 mante/li

369 817 494 873 albi.
528 816 602 874 De
630 817 955 874 lambonitis
988 833 1141 884 vero,
1184 833 1284 874 seu
1323 817 1564 874 cremitis
1601 817 1695 873 Fr.
1739 817 1964 874 Joannis

372 909 508 966 Boni
538 905 662 981 cap.
689 911 938 981 sequenti
968 910 1084 984 (b7)
1111 927 1260 966 num.
1289 911 1316 966 1
1343 912 1536 967 asserit
1560 919 1685 967 ante
1708 897 1962 967 unionem

372 1002 443 1058 ab
470 1003 786 1059 Innocentio
827 1003 891 1058 IV
923 1003 1145 1072 factam,
1180 1019 1287 1057 non
1323 1002 1581 1059 habuisse
1623 1004 1840 1074 nigrum
1871 1002 1966 1058 Ita-

373 1095 567 1159 bitum,
605 1095 700 1152 sed
744 1095 951 1151 babitui
993 1095 1248 1150 Fratrum
1286 1095 1551 1151 Minorem
1596 1095 1960 1166 persimilem;

374 1187 653 1256 refertque
703 1187 912 1243 litteras
961 1187 1219 1244 Gulielmi
1253 1188 1552 1244 cardinalis
1607 1187 1963 1258 protectoris,

375 1278 466 1334 ubi
491 1278 560 1334 de
588 1279 696 1334 illis
712 1279 825 1350 jam
856 1279 1025 1336 unitis
1053 1279 1129 1335 ait
1164 1299 1176 1333 :
1210 1279 1277 1335 Et
1304 1282 1431 1352 quia
1451 1297 1631 1336 eorum
1653 1281 1858 1334 habitus
1881 1279 1967 1349 qui

373 1370 575 1427 habitui
606 1370 856 1427 Fratrum
883 1373 1148 1428 Minorum
1184 1373 1456 1428 uidebatur
1481 1374 1788 1443 conformis,
1824 1371 1968 1441 apud

375 1467 580 1539 aliquas
601 1467 907 1521 scandalum
925 1466 1304 1538 quodammodo
1326 1467 1629 1530 suscitabat,
1645 1465 1708 1520 de
1727 1463 1971 1517 mandato

375 1567 421 1612 et
455 1559 760 1613 auctoritate
788 1558 1014 1613 duorum
1038 1557 1416 1626 cardinalium,
1443 1557 1533 1628 qui
1559 1566 1683 1611 tunc
1721 1557 1777 1610 in
1805 1556 1972 1624 parti-

375 1648 464 1703 bus
491 1647 823 1704 Lcmbardia:
848 1649 1122 1719 legationis
1155 1648 1509 1719 fungebantur
1530 1647 1730 1718 ofﬁcio,
1758 1647 1968 1718 nigrant

2066 448 2358 513 Joachimi,
2392 447 2462 502 de
2491 460 2592 515 qua
2622 444 2783 514 paulo
2809 443 3058 513 superius
3085 443 3316 513 egimus.

2139 543 2411 598 Robertus
2439 539 2508 596 de
2553 538 2704 594 Licio
2735 539 3024 608 cpiscopus
3061 535 3336 607 Aquensis
3380 536 3559 592 Serm.
3585 536 3658 593 43

2065 635 2136 690 de
2186 634 2426 698 Sanctis,
2473 631 2566 700 qui
2616 639 2700 686 est
2741 629 2813 685 de
2858 629 3020 685 beato
3063 627 3358 684 Francisco
3392 647 3405 684 :
3439 627 3661 701 Insuper

2065 728 2191 799 (ait)
2216 726 2376 781 abbas
2399 723 2641 779 Joaclrim
2668 724 2746 778 uir
2769 725 2970 778 eximia:
2998 724 3289 778 sanctitatis
3309 767 3322 790 ,
3350 733 3398 778 et
3433 720 3664 794 praphe-

2067 823 2169 877 tica
2198 822 2392 891 spiritu
2415 821 2644 888 clarens,
2676 820 2729 873 in
2754 819 2980 890 quodam
3011 836 3106 872 suo
3145 817 3322 872 libello
3367 819 3440 871 ita
3481 818 3612 870 dixit
3645 831 3663 868 :

2067 915 2240 969 Erunt
2264 914 2366 968 duo
2387 913 2504 979 uiri,
2531 927 2665 966 unus
2685 911 2823 977 hinc,
2854 911 2994 965 alius
3021 911 3144 964 inde
3162 951 3176 976 ,
3209 911 3294 980 qui
3323 910 3424 963 duo
3455 907 3666 962 ordines

2065 1007 2500 1076 interpretantur;
2522 1021 2656 1060 unus
2678 1002 2852 1059 Italus
2875 1004 2938 1057 de
2963 1002 3211 1068 Tituscia,
3237 1003 3370 1056 alter
3394 1002 3665 1069 Hispanus

2067 1101 2131 1154 de
2172 1097 2449 1170 Hispania,
2483 1106 2615 1165 etc.,
2653 1105 2707 1153 et
2737 1096 2806 1152 de
2850 1095 3145 1150 Francisco
3182 1094 3407 1150 subdit:
3447 1092 3670 1162 Depittgi

2068 1208 2184 1247 eum
2214 1192 2336 1262 fecit
2372 1189 2428 1246 in
2466 1190 2701 1245 Ecclesia
2733 1187 2797 1245 S.
2829 1187 2999 1242 Marci
3032 1187 3097 1240 de
3146 1185 3378 1241 Venetiis
3418 1200 3535 1237 cum
3575 1184 3670 1236 sti-

2070 1285 2330 1356 gmatibus
2370 1301 2527 1355 super
2569 1284 2759 1340 ostium
2800 1283 3076 1348 sacristiw,
3110 1282 3245 1336 sicut
3292 1279 3545 1336 hodierna
3586 1278 3670 1332 die

2078 1375 2402 1431 cernentibus
2429 1387 2592 1449 patet.

2143 1466 2475 1523 Ptolommus
2498 1468 2564 1523 de
2592 1467 2736 1524 Luca
2769 1469 2821 1522 in
2845 1467 3052 1523 Chron.
3080 1484 3094 1523 :
3119 1465 3372 1538 Tempore
3393 1464 3543 1520 Lucii
3573 1462 3671 1519 III

2071 1561 2249 1630 floruit
2270 1559 2515 1614 Joacltim
2533 1560 2696 1615 abbas
2717 1562 2770 1615 in
2794 1558 3062 1628 Calabria,
3082 1560 3322 1614 doctrina
3345 1569 3392 1613 et
3417 1558 3666 1614 vaticinia

2073 1652 2306 1707 celebris.

373 1757 523 1812 quem
549 1742 762 1813 gestatis
787 1741 960 1795 adhuc
989 1741 1246 1806 habitum,
1272 1741 1557 1814 elegerunt.
1589 1738 1693 1806 Qui
1718 1754 1834 1792 cum
1850 1741 1968 1810 jam
1999 1731 2045 1791 Β
2143 1743 2478 1800 Trithemius
2499 1744 2594 1800 lib.
2616 1759 2653 1800 η
2677 1744 2744 1801 de
2761 1745 2908 1802 Viris
2932 1745 3135 1800 illustr.
3156 1745 3215 1800 S.
3241 1745 3376 1801 Ben.
3401 1761 3522 1816 cap.
3543 1743 3669 1800 1—17.

372 1843 687 1889 vocarentur
711 1832 928 1889 Fratres
956 1833 1200 1889 Eremitte
1220 1831 1442 1889 Joannis
1463 1833 1606 1899 boni,
1631 1841 1736 1889 etc.
1763 1831 1967 1886 Zonnm

373 1940 510 1981 vero
541 1925 883 1995 postmodum
907 1925 1072 1980 etiam
1102 1925 1410 1994 suscepisse
1439 1925 1616 1995 liquet
1652 1939 1719 1980 ex
1767 1923 1970 1980 litteris

377 2017 643 2088 apostolis
686 2017 932 2088 Gregorii
969 2016 1072 2084 IX,
1115 2031 1252 2088 quas
1299 2016 1472 2074 refert
1520 2017 1640 2088 ipse
1669 2017 1972 2074 Pcnnottus

384 2107 577 2166 eodem
607 2122 728 2180 cap.
755 2107 848 2176 t7,
893 2124 1045 2163 num.
1085 2108 1140 2161 7.
1187 2108 1442 2180 Depinsit
1479 2123 1612 2180 ergo
1657 2109 1975 2166 Joachimus

382 2202 623 2258 habitum
675 2205 1030 2259 eremitarum
1078 2210 1135 2259 et
1185 2203 1519 2274 corrigiam,
1568 2219 1688 2274 quae
1736 2202 1974 2258 nondum

383 2305 542 2352 erant
584 2295 640 2351 in
682 2295 848 2352 rebus
880 2312 896 2350 :
929 2311 1030 2352 nec
1069 2296 1289 2364 mirum,
1338 2311 1464 2352 cum
1498 2294 1724 2351 ordines
1762 2309 1979 2365 quoque

386 2387 653 2444 Minorum
711 2398 768 2446 et
816 2389 1242 2445 Prmdicatorum
1296 2388 1587 2445 manifeste
1635 2386 1977 2458 prmdixerit,

387 2497 685 2553 eorumque
711 2482 1053 2552 patriarchas
1083 2483 1136 2538 iu
1170 2497 1256 2548 eo,
1281 2497 1442 2554 quem
1476 2479 1818 2551 postmodum
1843 2493 1982 2535 sum-

390 2586 613 2647 pserunt
658 2575 845 2631 habitu
893 2576 1037 2646 apud
1083 2576 1142 2632 S.
1173 2574 1414 2631 Marcum
1445 2574 1797 2630 Venetiarum
1845 2571 1982 2628 vivis

390 2670 667 2726 coloribus
696 2668 912 2740 depiugi
957 2669 1172 2735 fecerit,
1205 2676 1258 2724 et
1289 2668 1461 2723 multa
1494 2666 1600 2722 alia
1629 2664 1980 2738 prtcdixerit,

390 2763 589 2835 quibus
647 2761 850 2819 eximio
900 2762 1199 2834 prophetia:
1253 2760 1448 2832 spiritu
1494 2759 1757 2832 polluisse
1813 2757 1984 2828 magis

392 2855 737 2925 perspicuum
765 2862 874 2922 est,
905 2867 1066 2924 quam
1095 2860 1154 2908 ut
1188 2851 1349 2922 longa
1379 2851 1628 2908 oratione
1659 2848 1877 2921 probari
1905 2847 1988 2903 in-

393 2947 595 3020 digeat.

469 3038 577 3095 Sed
627 3053 736 3110 quo
777 3037 897 3095 haec
935 3036 1068 3094 flant
1113 3045 1241 3094 nota
1271 3035 1549 3103 omnibus,
1582 3045 1638 3091 et
1663 3042 1856 3091 contra
1896 3031 1990 3088 ad-

2144 1834 2426 1892 Matthaeus
2476 1836 2782 1892 Palmerius
2832 1838 2886 1892 in
2937 1839 3351 1894 continuatione
3399 1838 3608 1894 Chron.
3661 1853 3677 1890 :

2072 1928 2312 1984 Joaclu'm
2338 1929 2517 2000 abbas,
2547 1932 2626 1986 vir
2644 1932 2831 2002 spiritu
2853 1933 3156 2004 praphetico
3187 1932 3397 2004 plenus,
3423 1933 3475 1986 in
3501 1949 3682 1987 sacra-

2075 2024 2434 2080 rumscientia
2465 2023 2758 2078 litterarum
2789 2025 2996 2094 doctus,
3041 2026 3098 2079 in
3126 2024 3370 2080 Calabria
3397 2027 3545 2094 ﬂoret
3585 2024 3680 2078 sub

2081 2112 2292 2169 Urbano
2322 2113 2412 2169 Il.

2151 2212 2507 2283 Paudolphus
2551 2213 2896 2269 Collenutius
2941 2212 3041 2269 lib.
3090 2228 3147 2266 ιν
3195 2212 3399 2268 llistor.
3450 2211 3678 2282 Neapol.

2080 2319 2249 2376 agens
2293 2304 2362 2360 de
2405 2304 2640 2360 Henrico
2672 2303 2743 2358 Vl
2770 2304 2968 2374 imper.
3001 2303 3094 2373 qui
3143 2318 3369 2358 uxorem
3411 2301 3688 2357 Constan-

2085 2397 2216 2451 tiam
2257 2395 2784 2468 quinquagenariam
2820 2403 3072 2468 agentem
3112 2393 3391 2465 gravidam
3443 2392 3687 2447 admira-

2084 2486 2273 2554 batur;
2307 2495 2365 2542 ut
2386 2501 2518 2557 ergo
2541 2485 2810 2542 Henricus
2848 2485 3127 2558 gravidam
3168 2484 3319 2540 illam
3360 2485 3528 2540 fuisse
3559 2499 3686 2553 per-

2085 2580 2249 2650 cepit,
2306 2578 2604 2642 admirans,
2661 2578 2732 2634 ab
2789 2579 2986 2634 abbate
3036 2578 3281 2635 Joachim
3336 2588 3520 2634 certus
3567 2578 3687 2634 ﬁeri

2089 2671 2330 2736 studuit;
2359 2671 2449 2742 qui
2479 2671 2727 2728 Joachim
2760 2681 2890 2727 tunc
2917 2671 3175 2741 temporis
3203 2671 3470 2740 ﬂorebat,
3501 2680 3557 2727 ct
3578 2671 3691 2741 spi-

2087 2763 2225 2820 ritus
2278 2763 2582 2834 prophetici
2627 2764 2771 2819 fama
2830 2762 3254 2835 insigniebatur.
3309 2764 3497 2820 Abbas
3553 2780 3690 2820 vero

2089 2855 2468 2912 Constantiam
2496 2855 2565 2912 ab
2589 2855 2783 2913 eodem
2804 2857 3123 2927 concepisse
3163 2856 3456 2912 llcnricum
3490 2855 3692 2912 certio-

2089 2963 2210 3005 rem
2255 2948 2418 3014 fecit;
2468 2957 2522 3002 et
2566 2947 2710 3018 quod
2757 2956 2878 3003 erat
2922 2946 3002 3002 illi
3049 2949 3292 3017 paritura
3340 2946 3691 3012 infantulum,

2091 3041 2246 3110 cujus
2275 3053 2466 3095 omnes
2496 3041 2621 3094 vita:
2647 3047 2900 3104 eventus,
2927 3048 2984 3093 et
3012 3038 3246 3108 qualiter
3272 3037 3546 3093 Henricus
3575 3039 3692 3106 ipse

399 3131 768 3189 versariorum
797 3133 1015 3188 testium
1048 3129 1493 3187 informationem
1526 3144 1556 3184 a
1584 3127 1853 3184 Pennotto
1880 3125 1991 3180 Γπ·
2015 3104 2061 3169 C
2095 3104 2220 3202 post
2247 3144 2418 3201 pauca
2441 3129 2494 3184 in
2529 3144 2666 3200 agro
2695 3129 2992 3184 Malearum
3025 3104 3197 3198 prope
3233 3127 3538 3182 Messanam
3577 3104 3697 3182 erat

405 3235 512 3281 tam
537 3222 636 3296 pro
649 3224 921 3282 Joachimi
943 3225 1254 3281 innocentia
1275 3220 1682 3293 comprobanda
1699 3219 1994 3275 nonnullos

403 3334 619 3384 eorum,
658 3318 748 3389 qui
790 3332 891 3388 pro
925 3332 992 3372 eo
1032 3324 1185 3371 stant
1211 3313 1390 3387 (brevi
1427 3324 1606 3368 tamen
1649 3309 1992 3381 compendio,

404 3419 566 3479 prout
593 3410 748 3465 locus
778 3407 1003 3482 patitur)
1037 3408 1092 3463 in
1126 3405 1365 3462 medium
1407 3404 1684 3460 adducere
1729 3416 1834 3457 non
1875 3415 1997 3470 gra~

403 3501 596 3557 vabor.
644 3501 885 3556 Primum
932 3499 1174 3556 omnium
1228 3496 1448 3568 profero
1477 3496 1537 3553 S.
1582 3493 1844 3566 Cyrillum
1872 3491 1993 3548 0rd.

404 3596 824 3652 Carmelitarum
854 3593 1228 3666 splendorem,
1262 3593 1353 3662 qui
1383 3606 1450 3646 cx
1479 3589 1730 3644 Carmclo
1767 3585 1833 3641 ad
1875 3584 1998 3640 Joa-

407 3689 648 3744 chimum
676 3688 728 3742 in
759 3687 1011 3743 Calabria
1039 3685 1328 3756 degentem
1370 3697 1536 3753 super
1567 3678 1852 3750 prolrhetia
1893 3675 1999 3731 sibi

411 3779 626 3835 ctelitus
663 3786 886 3834 ostensa
927 3775 1212 3832 cnodanda
1259 3775 1313 3828 in
1363 3772 1481 3827 lucc
1523 3769 1689 3826 verba
1733 3768 1948 3837 scripsit
1985 3783 1996 3820 :

412 3877 541 3929 (ium
596 3870 738 3927 Deus
787 3871 880 3926 tibi
931 3870 1066 3924 velut
1113 3867 1336 3923 secundo
1387 3865 1586 3920 Joanni
1635 3860 2000 3932 Evangelistat,

412 3971 596 4024 miram
621 3970 799 4040 futura
834 3963 1096 4020 noscenda
1136 3965 1360 4034 gratiam
1394 3959 1692 4026 contulerit,
1726 3953 2006 4028 .ltumiliter

413 4079 589 4135 quaeso
619 4059 921 4134 (reverenda
961 4055 1144 4127 Pater)
1185 4067 1241 4110 ut
1273 4055 1476 4110 breuius
1508 4050 1832 4123 praplzetiam
1869 4047 2004 4101 Itane

417 4156 686 4212 enucleare
732 4153 995 4227 digneris,
1032 4167 1136 4222 quo
1193 4149 1472 4204 dilucidius
1528 4144 1705 4200 Divini
1765 4141 2007 4214 abyssum

418 4248 581 4319 hujus
618 4246 843 4301 muneris
888 4253 1163 4316 penetrare
1211 4241 1492 4296 valeamus.
1542 4235 1756 4309 Frange
1801 4248 2006 4297 nucem,

417 4341 578 4395 densa
615 4339 803 4406 revela,
848 4347 903 4392 ut
941 4336 1218 4408 splendeat,
1250 4333 1449 4390 cunctis
1485 4331 1697 4386 claritas
1732 4327 2010 4383 clarissimi

392 4429 588 4510 .Solis.
619 4431 806 4486 Exstat
837 4425 1107 4498 ejusmodi
1139 4424 1366 4495 cpistola
1400 4439 1521 4479 cum
1553 4421 1808 4491 operibus
1840 4418 2010 4488 ipsius

2096 3225 2418 3291 moriturus,
2449 3222 2725 3291 praedixit,
2756 3230 2864 3278 etc.

2166 3315 2402 3372 Joannes
2431 3314 2688 3370 Nicotaus
2709 3313 2940 3383 Doglion
2969 3314 3002 3370 5
3028 3323 3184 3387 parte
3200 3313 3521 3385 Compendii
3548 3313 3688 3370 llist.

2096 3408 2421 3464 universalis
2457 3427 2468 3460 :
2511 3406 2817 3462 Joacltimus
2853 3405 3030 3474 abbas,
3065 3409 3160 3475 ait,
3203 3407 3449 3462 ambobus
3493 3407 3694 3479 regibus

2099 3500 2177 3573 (id
2199 3510 2304 3569 est,
2336 3501 2592 3572 Philippo
2618 3500 2840 3568 Gallias,
2873 3509 2929 3558 et
2960 3500 3240 3556 Richardo
3273 3500 3506 3572 Anglia’)
3534 3499 3699 3554 inuti-

2099 3592 2202 3648 lem
2244 3592 2458 3648 illorum
2495 3594 2608 3663 fore
2647 3609 2981 3664 progressum
3019 3593 3295 3664 prwdixit;
3327 3609 3386 3645 eo
3425 3593 3566 3661 quod
3595 3607 3698 3644 non

2102 3695 2210 3739 erat
2232 3685 2373 3740 ultra
2401 3695 2598 3755 tempus
2621 3695 2855 3740 sanctam
2878 3701 3188 3755 recuperare
3209 3685 3468 3738 civitatem
3493 3699 3510 3736 :
3533 3699 3699 3753 quan-

2103 3773 2380 3845 doquidem
2407 3775 2482 3828 rei
2505 3773 2743 3845 probauit
2763 3785 2993 3830 eventus.

2175 3864 2373 3920 Paulus
2399 3864 2652 3921 AEmilius
2679 3866 2731 3920 in
2760 3865 2960 3921 histor.
2983 3864 3358 3921 Carbonensis
3381 3863 3701 3920 monasterii

2107 3958 2175 4014 de
2203 3956 2439 4013 Henrico
2469 3956 2661 4026 imper.
2685 3957 2748 4012 Vl
2781 3972 2948 4028 agens
2977 3958 3053 4012 ait
3071 3973 3086 4015 :
3104 3955 3332 4013 Pra'scio
3365 3966 3699 4012 uenturorum

2107 4066 2140 4104 a
2162 4049 2437 4105 Joacltimo
2467 4048 2654 4105 abbate
2677 4050 2836 4120 facta,
2873 4059 2980 4106 etc.

2182 4143 2376 4198 Petrus
2416 4141 2738 4212 Rodulpltus
2782 4141 2839 4197 in
2883 4142 3076 4198 histor.
3124 4143 3417 4213 Seraphica
3459 4142 3588 4197 dum
3636 4141 3706 4195 de

2111 4236 2515 4307 efﬁgie'sancti
2565 4235 2846 4291 Francisci
2893 4237 3027 4306 agit,
3068 4236 3149 4291 sic
3191 4235 3267 4290 ait
3307 4252 3320 4288 :
3363 4235 3494 4289 Ante
3521 4235 3710 4288 Sancti

2113 4330 2270 4402 hujus
2301 4336 2559 4395 exortum,
2583 4327 2741 4382 abbas
2767 4327 3077 4381 Joachimus
3108 4326 3375 4382 Florensis
3405 4327 3482 4379 rir
3511 4325 3708 4379 sancti-

2115 4422 2236 4476 tatis
2274 4421 2474 4475 cximia.’
2512 4427 2559 4474 et
2596 4421 2789 4490 spiritu
2821 4418 3109 4489 prapltetiaa
3149 4418 3481 4487 conspicuus,
3514 4416 3566 4468 in
3597 4413 3708 4467 atde

417 4523 691 4580 Joachitni
720 4524 771 4578 in
806 4481 1064 4578 Vaticana
1107 4481 1458 4582 bibliotheca,
1492 4525 1546 4570 et
1578 4515 1629 4568 in
1671 4513 1842 4567 altera
1889 4525 2009 4566 mo-
2038 4481 2092 4541 Β
2117 4513 2185 4566 D.
2218 4511 2386 4565 Marci
2414 4509 2669 4577 Venetiis,
2701 4518 2837 4575 etc.,
2867 4525 2988 4579 qure
3012 4509 3192 4562 adhuc
3217 4507 3384 4562 hodie
3429 4505 3620 4560 visitur
3651 4505 3710 4557 in

419 4616 648 4672 nasterii
677 4615 734 4672 8.
766 4613 917 4670 Fidis
953 4610 1162 4668 ordinis
1186 4607 1570 4664 Cistcrciensis
1591 4619 1762 4675 prOpc
1803 4604 2013 4659 Caesar-

418 4717 742 4779 augustam,
783 4721 1014 4778 eamque
1057 4705 1228 4761 refert
1266 4701 1503 4759 Jacobus
1532 4701 1602 4756 dc
1639 4699 1909 4769 Voraginc
1959 4695 2014 4752 in

422 4800 552 4856 Vita
571 4801 631 4858 S.
663 4799 878 4872 Cyrilli.

498 4891 768 4947 Chronica
800 4892 1188 4962 magistrorum
1218 4883 1792 4961 generaliumordinis
1817 4881 1874 4940 S.
1910 4881 2016 4937 Da-
2099 4913 2102 4916 -

422 4984 612 5041 miniei
661 4984 776 5040 haec
823 4984 1062 5040 habent:
1101 4978 1424 5037 Venerabilis
1465 4986 1638 5033 autent
1676 4975 1832 5030 abbas
1888 4972 2021 5027 Joa-

429 5077 570 5130 clu'm
600 5075 867 5130 It'lorensis
888 5073 1090 5130 ordinis
1118 5072 1408 5131 iustitutor.
1446 5068 1694 5138 fratribus
1731 5067 1839 5121 suis
1873 5063 2022 5119 habi-

431 5181 567 5236 tum,
603 5186 758 5241 quem
800 5168 972 5223 dictus
1012 5167 1258 5238 magister
1299 5161 1620 5234 chinaldus
1650 5177 1681 5214 a
1709 5159 1774 5215 B.
1811 5157 2026 5228 Virgine

431 5271 704 5333 acceperat
728 5306 742 5331 ,
789 5259 1088 5334 prophetice
1123 5256 1518 5323 demonstrans,
1559 5256 1611 5308 in
1647 5251 1874 5324 quodam
1916 5266 2026 5304 mo-

431 5356 664 5411 nasteria
699 5354 780 5409 sui
818 5351 1039 5417 ordinis,
1070 5349 1208 5420 quod
1247 5358 1320 5404 est
1364 5348 1418 5402 in
1448 5345 1714 5408 Calabria,
1743 5342 1954 5415 depingi
1981 5352 2028 5394 et

435 5450 599 5503 etiam
627 5449 680 5501 in
710 5445 948 5502 Ecclesia
977 5442 1145 5497 Marci
1185 5441 1523 5497 Venetiarum
1559 5434 1895 5492 uermiculata
1926 5449 2034 5488 em-

438 5540 664 5596 blemate
693 5540 808 5610 ﬁeri
832 5540 973 5611 fecit,
998 5537 1213 5592 dicens:
1243 5534 1358 5591 Cito
1381 5540 1552 5605 surget
1593 5531 1647 5586 in
1675 5527 1916 5583 Ecclesia
1936 5525 2034 5582 Dei

439 5649 608 5689 nouus
636 5633 764 5687 ordo
795 5631 1114 5693 docentium,
1141 5637 1247 5686 etc.

521 5725 790 5785 llenricus
811 5723 880 5780 dc
905 5721 1197 5784 Vrimaria,
1221 5719 1275 5774 in
1310 5726 1543 5778 tractatu
1571 5715 1638 5776 de
1654 5715 1864 5788 origine
1889 5709 2042 5770 ordi-

817 5817 1087 5882 Ps'rnon.
1137 5811 1383 5876 XXXI.

2117 4606 2326 4661 fornice
2379 4603 2598 4673 templi;
2638 4603 2783 4673 quod
2823 4611 2877 4658 et
2929 4611 3088 4672 poeta
3128 4599 3352 4672 quidam
3393 4599 3710 4672 ingeniosus

2118 4697 2205 4754 his
2236 4695 2482 4753 versibus
2506 4695 2812 4766 expressit:

2241 4809 2406 4872 Atque
2431 4807 2566 4869 uritis
2589 4808 2748 4872 fuerat
2768 4822 2915 4872 quam
2933 4799 3111 4872 mundo
3134 4814 3341 4872 exortus
3359 4809 3406 4857 in
3433 4808 3561 4870 :ede,

2245 4870 2365 4930 Qua:
2384 4873 2531 4922 Marci
2555 4871 2697 4921 titulo
2720 4870 2839 4921 nulli
2862 4877 2964 4922 toto
2987 4871 3107 4919 orbe
3130 4870 3346 4920 secunda
3367 4877 3459 4929 est,

2248 4935 2424 4986 Exstat
2441 4933 2568 4998 apud
2591 4932 2813 4984 Venetos
2833 4932 2994 4995 longis
3018 4945 3288 4995 expressus
3312 4932 3373 4981 ab
3399 4933 3557 4983 annis.

2115 5060 2428 5133 'Suhditque
2459 5079 2474 5117 :
2503 5059 2633 5117 Fuit
2671 5062 2826 5117 abbas
2866 5059 3169 5116 Joachimus
3194 5063 3268 5115 vir
3301 5057 3717 5116 excellentissimi

2127 5171 2190 5210 ac
2237 5173 2395 5227 prOpe
2444 5155 2610 5209 divini
2661 5154 2890 5227 ingenii;
2929 5155 3016 5225 qui
3058 5153 3306 5226 glossavit
3334 5152 3720 5224 Apocalypsim,

2129 5249 2218 5304 ubi
2246 5249 2410 5304 multa
2441 5248 2685 5320 praedixit
2721 5249 2785 5303 de
2827 5248 3010 5302 ordine
3044 5245 3478 5312 blendicantium,
3501 5258 3719 5315 quorum

2130 5343 2396 5398 veritatem
2425 5342 2499 5394 rei
2531 5340 2814 5394 declaravit
2844 5351 3073 5394 eventus.

2205 5433 2479 5492 Arnoldus
2502 5432 2664 5489 Wion
2693 5431 2730 5486 2
2765 5444 2906 5504 part.
2939 5432 3092 5502 Ligni
3120 5433 3243 5486 vita:
3273 5431 3368 5485 lib.
3395 5444 3449 5493 v,
3478 5441 3597 5496 cap.
3631 5425 3726 5491 89,

2136 5541 2292 5585 ramo
2318 5526 2372 5593 9,
2406 5527 2576 5581 multa
2607 5527 2858 5596 congerit
2885 5525 2938 5580 in
2980 5523 3198 5579 laudem
3229 5521 3451 5591 spiritus
3490 5517 3725 5587 prOphc-

2141 5621 2234 5677 tiei
2256 5637 2362 5692 quo
2389 5619 2701 5677 Joachimus
2723 5619 2932 5684 ﬂoruit,
2957 5619 3199 5686 citatquc
3228 5629 3324 5684 pro
3347 5611 3539 5666 eodem
3558 5609 3704 5665 Lean
3722 5638 3736 5647 -

2145 5715 2303 5772 drum
2351 5713 2752 5775 Bononiensem
2805 5711 2862 5771 in
2915 5711 3033 5781 ejus
3088 5706 3210 5766 Vita
3262 5723 3277 5759 :
3326 5703 3522 5762 asserit
3569 5702 3733 5761 etiam

3217 5794 3299 5856 20
