4122 6174
541 209 649 292 sio

1435 208 1728 286 Fumus
1769 212 2015 288 LUCIUS
2053 226 2336 296 nax'rcn
2373 199 2898 286 cnnoxowctis.

3697 229 3786 290 620

541 347 826 405 victoriam
868 345 1115 410 navalem
1160 345 1227 402 de
1254 345 1450 402 Turcis
1476 347 1543 401 ad
1574 345 1898 418 Bchynadas
1929 345 2142 402 Insulas
2170 351 2220 408 Α
2249 346 2383 402 tanti
2411 346 2510 401 viri
2541 345 2807 414 judicium
2850 359 2953 402 suo
2999 344 3298 401 Pennottus
3341 357 3443 402 non
3483 344 3799 413 prtetulissct.

555 451 912 512 reportatam,
945 440 1083 496 duce
1115 441 1468 497 serenissimo
1498 440 1562 494 ι).
1593 439 1802 496 Joanne
1837 439 2144 503 Austriaco,

553 550 697 589 anno
734 532 927 590 salutis
974 531 1135 598 1571,
1182 540 1311 588 ante
1351 530 1778 601 quadringentos
1821 529 1935 584 lere
1977 543 2150 588 annos

554 628 848 700 prmvisam
878 635 931 682 et
964 627 1370 698 pronuntiatam
1395 639 1423 678 a
1448 623 1758 690 Joaehimo,
1795 632 1854 678 ut
1891 637 1960 678 ex
1992 621 2148 677 libris

555 720 674 790 ejus
705 719 758 774 in
790 717 1174 789 Apocalypsim
1221 717 1426 788 optime
1473 715 1862 780 intellexerunt
1898 722 2148 776 auctores

555 810 844 882 Triumphi
869 809 1128 866 Ecclesiae
1153 807 1460 866 catholicae.

626 902 848 960 Gabriel
889 901 1109 957 Barritts
1141 901 1195 957 in
1229 900 1344 956 Vita
1378 898 1550 970 ipsius
1579 895 1884 967 Joachimi,
1910 911 2032 969 qum
2068 896 2149 952 in-

555 991 732 1064 cipit:
768 990 894 1046 Fuit
932 990 1165 1047 Joannes
1196 988 1504 1045 Joachimus
1540 989 1721 1056 abbas,
1759 997 1899 1055 ete.,
1932 989 2026 1051 ubi
2063 1002 2150 1044 re-

493 1074 497 1078 v
556 1083 783 1142 consitis
811 1082 931 1153 ejus
960 1082 1137 1149 libris,
1171 1083 1353 1138 subdit
1388 1099 1400 1134 :
1429 1080 1499 1136 In
1540 1083 1725 1153 quibus
1762 1097 1874 1140 eum
1905 1080 2149 1149 spiritum

554 1178 840 1251 prophetia:
864 1177 1102 1232 habuisse
1123 1176 1456 1244 manifestum
1485 1185 1558 1230 est
1570 1193 1588 1242 ;
1624 1178 1871 1245 pleraque
1902 1174 2038 1228 enim
2075 1181 2149 1228 est

553 1270 886 1335 vaticinatus,
932 1284 960 1324 e
1008 1267 1195 1339 quibus
1243 1268 1408 1322 multa
1446 1266 1731 1338 adimpleta
1768 1274 1912 1333 sunt,
1965 1275 2149 1320 cmtera

553 1361 891 1432 adimplenda
918 1368 1217 1431 supersunt.
1245 1357 1388 1412 Nam
1413 1368 1460 1412 et
1490 1357 1748 1412 Grteciam
1775 1356 1835 1411 ob
1873 1356 2150 1426 perﬁdiam

551 1454 608 1510 in
638 1453 930 1508 Romanam
951 1450 1238 1506 Ecclesium
1262 1452 1500 1522 gentibus
1522 1451 1772 1513 dandam,
1807 1458 1852 1509 et
1884 1447 2151 1512 Praedica-

555 1550 726 1600 torum
764 1561 824 1599 ac
861 1544 1126 1598 Minorum
1162 1545 1407 1608 ordinum
1433 1543 1722 1608 initiatores
1760 1559 1881 1598 mox
1910 1543 2144 1613 futuros,

554 1637 677 1706 quin
707 1638 864 1689 etiam
908 1635 962 1689 in
1003 1636 1186 1706 januis
1221 1633 1474 1688 Ecelesiw
1504 1635 1767 1706 prwdixit.
1801 1636 1863 1688 Et
1897 1635 2066 1692 multa
2093 1634 2148 1688 in

2254 439 2361 495 Sed
2393 439 2558 510 quid?
2587 439 2686 494 llic
2727 439 2890 508 igitur
2935 438 2987 493 in
3028 435 3444 493 Commentariis
3472 436 3536 490 ad
3573 450 3688 508 cap.
3732 456 3798 506 is,

2251 531 2475 601 Apocal.
2511 531 2690 604 (cujus
2719 529 2902 600 operis
2932 529 3182 584 meminit
3209 528 3326 597 ipse
3355 527 3446 582 lib.
3479 543 3554 596 nt,
3583 545 3702 601 cap,
3720 533 3801 595 53,

2252 639 2405 678 num.
2432 622 2512 692 6),
2561 621 2677 677 hinc
2719 621 2886 677 habet
2917 621 2985 676 de
3023 618 3308 677 Joachinio
3337 633 3351 672 :
3385 617 3586 674 Nollem
3623 623 3805 690 exposi-

2250 717 2441 770 tionem
2470 715 2620 770 istam
2655 715 2708 767 in
2735 713 2832 767 hoc
2863 713 3050 784 capite,
3081 729 3193 766 meo
3222 726 3333 766 esse
3361 710 3518 765 Marti
3545 711 3803 767 attribuen-

2250 807 2392 874 dam,
2422 813 2470 860 et
2501 805 2618 859 ideo
2650 805 2816 858 minus
2843 803 3110 860 creditam.
3143 801 3373 872 Legatur
3399 801 3552 871 igitur
3576 803 3802 872 quidquid

2251 898 2390 952 circa
2420 898 2526 952 lucc
2549 897 2781 951 scribunt
2808 894 3136 960 Joaehimus,
3165 903 3212 948 et
3244 893 3516 950 Ubertinus
3545 910 3652 949 cum
3677 894 3805 964 aliis,

2249 999 2295 1044 et
2325 999 2513 1044 cuneta
2537 989 2863 1054 clarescunt;
2894 1005 3015 1042 nam
3041 986 3294 1060 quidquid
3325 987 3410 1042 illi
3437 986 3802 1057 prophetarum,

2250 1099 2342 1137 nos
2363 1082 2675 1152 completum
2697 1097 2807 1137 esse
2827 1081 3198 1150 conspicimus.

2323 1175 2402 1230 Eu
2455 1175 2551 1230 tibi
2590 1174 2788 1248 tlectot‘
2834 1173 3086 1244 candide)
3129 1187 3294 1243 supra
3336 1171 3408 1229 20
3464 1182 3644 1239 testes,
3687 1186 3810 1243 quos

2251 1278 2505 1338 quatuor,
2537 1280 2627 1324 aut
2656 1269 2897 1340 quinque
2934 1283 2964 1322 a
2999 1268 3270 1324 l‘ennotto
3304 1269 3372 1323 ad
3407 1267 3678 1324 adversam
3703 1285 3810 1338 par-

2255 1370 2361 1418 tem
2387 1360 2634 1415 adductis
2663 1361 2993 1429 opposuimus
3025 1374 3040 1416 :
3073 1359 3215 1416 inter
3243 1374 3385 1430 quos
3417 1376 3522 1416 non
3551 1359 3712 1416 solum
3736 1369 3809 1416 est

2253 1453 2540 1510 notissima
2565 1451 2873 1510 diﬂ‘ercntia
2902 1465 3068 1522 penes
3096 1466 3404 1518 numerum,
3436 1449 3530 1507 sed
3554 1467 3706 1521 penes
3725 1466 3810 1507 no-

2253 1545 2429 1601 titiam
2460 1547 2576 1614 ejus
2599 1547 2742 1616 quod
2788 1549 3092 1608 testantur;
3125 1543 3295 1601 IIOaII'i
3338 1542 3604 1611 siquidem
3636 1543 3812 1600 oculati

2251 1637 2333 1708 (ut
2377 1638 2456 1694 sic
2491 1636 2750 1707 dixerim)
2781 1646 2928 1703 sunt,
2963 1635 3015 1692 id
3051 1636 3196 1696 enim
3231 1634 3500 1702 scribunt,
3531 1635 3665 1706 quod
3694 1635 3814 1691 suis-

558 1728 704 1786 hune
731 1728 892 1784 linem
933 1729 1301 1798 prosequitur.
1335 1727 1444 1782 Sed
1475 1742 1608 1782 vero
1650 1727 1880 1786 Creeciae
1916 1744 1945 1781 a
1985 1726 2148 1790 Sara-
2180 1725 2225 1785 B
2253 1740 2362 1785 met
2392 1731 2564 1785 oculis
2597 1730 2654 1785 in
2692 1730 2847 1784 libris
2898 1727 3168 1784 Jnacbimi
3219 1727 3495 1798 legerunt,
3526 1735 3580 1784 et
3616 1743 3674 1783 re
3715 1729 3812 1797 ipsa

555 1822 708 1878 cenis
732 1821 1090 1894 subjugandzn
1111 1821 1429 1875 vaticinium
1453 1828 1632 1875 exstat
1656 1820 1707 1874 in
1728 1819 2151 1880 Commentariis

557 1915 850 1970 Hieremiae
877 1913 945 1969 ad
977 1929 1094 1983 cap.
1131 1915 1156 1967 ι
1185 1922 1240 1968 et
1268 1913 1333 1966 ad
1360 1927 1481 1982 cap.
1511 1915 1582 1970 48
1615 1913 1917 1983 perspicuis
1948 1912 2149 1970 verbis.

625 2005 911 2077 Sylvester
951 2005 1191 2060 Mencins
1232 2005 1286 2058 in
1333 2005 1604 2076 prommio
1641 2005 1707 2060 ad
1748 2005 2151 2060 Commentario

555 2096 937 2168 Apoealypsis,
983 2095 1324 2150 Joachimum
1362 2094 1548 2169 multis
1587 2095 1748 2150 cllert
1795 2096 2043 2162 laudibus
2081 2096 2153 2158 ob

553 2192 802 2262 spiritum
838 2189 1135 2260 prophetia:
1164 2203 1272 2258 quo
1301 2187 1514 2258 polluit.

627 2281 985 2339 Paschalinns
1031 2279 1381 2350 Regiselinus
1427 2279 1481 2334 iu
1531 2279 1764 2350 epistola
1815 2279 2153 2338 dedicatoria

555 2364 623 2432 ad
673 2374 992 2446 prophetias
1040 2374 1182 2430 beati
1211 2372 1518 2428 Joachimi:
1556 2372 1768 2428 Norant
1811 2390 2010 2441 omnes,
2050 2375 2150 2442 ait,

544 2467 801 2538 quidquid
833 2468 884 2519 in
916 2467 1024 2519 suis
1048 2465 1200 2519 dictis
1230 2465 1398 2520 Abbas
1430 2465 1667 2534 involvit,
1693 2477 1900 2522 eventus
1928 2484 2050 2522 suos
2080 2466 2149 2530 ad

555 2574 776 2630 unguem
797 2557 1035 2610 sortitum
1062 2557 1244 2626 fuisse.

623 2647 778 2701 Mitto
804 2647 940 2700 alios
972 2645 1193 2712 multos,
1222 2654 1280 2698 ut
1301 2646 1731 2702 eruditissimum
1756 2650 1929 2704 nostri
1961 2649 2154 2708 surculi

555 2739 903 2808 theologum,
927 2737 1316 2807 egregiumque
1345 2739 1498 2793 verbi
1541 2739 1638 2794 Dei
1676 2741 2152 2806 concionatorem,

551 2847 616 2887 ac
647 2831 922 2901 publicum
955 2830 1096 2900 apud
1129 2829 1592 2886 Salmantieenses
1619 2830 1909 2904 theologim
1943 2832 2151 2902 proles-

553 2939 735 2979 sorem
784 2923 1050 2994 Angelum
1099 2921 1380 2994 Maurique
1423 2923 1478 2978 in
1521 2923 1728 2980 Laurea
1781 2927 2150 2997 Evangelica,

552 3015 854 3071 Barnabam
883 3024 952 3071 de
981 3016 1256 3073 Montalbo
1293 3021 1346 3073 in
1375 3019 1580 3084 Chron.
1613 3019 1942 3074 Cistereien.
1976 3030 2028 3074 et
2052 3020 2148 3076 Ja-

2252 1821 2608 1890 atliinpletum
2627 1821 2910 1886 viderunt;
2936 1828 3099 1876 testes
3117 1835 3246 1876 vero
3267 1819 3515 1874 adversa:
3529 1819 3686 1889 partis
3705 1831 3818 1873 ocu-

2254 1915 2348 1970 lati
2400 1928 2522 1968 esse
2579 1922 2872 1983 nequeunt,
2922 1927 3047 1968 eum
3104 1911 3156 1966 id
3211 1911 3496 1971 ascribant
3539 1908 3812 1975 Juaehiino,

2252 2007 2398 2077 quod
2446 2022 2741 2076 numquam
2789 2005 3030 2074 scripsit.
3077 2003 3209 2064 Nam
3260 2002 3578 2059 Vincentius
3623 2001 3816 2060 Belitae.

2252 2117 2413 2172 quem
2463 2100 2522 2156 8.
2565 2098 2872 2156 Antoninus
2905 2097 3222 2154 transcribit
3262 2095 3518 2168 (proinde
3560 2111 3622 2151 ex
3654 2093 3820 2150 auditu

2255 2193 2362 2265 εει)
2394 2211 2460 2249 eo
2499 2193 2844 2250 Joacltimum
2875 2201 3046 2258 taxat,
3080 2191 3221 2262 quod
3267 2191 3418 2247 diem
3459 2189 3639 2246 utnndi
3663 2199 3821 2245 extre-

2255 2303 2402 2342 tnnm
2433 2285 2575 2341 intra
2604 2285 2739 2341 duas
2771 2283 3184 2355 generationes,
3214 2281 3266 2338 id
3297 2291 3408 2346 est,
3443 2282 3511 2338 00
3536 2295 3700 2340 annos
3727 2288 3820 2337 lcr-

2254 2377 2569 2432 miuandum
2613 2376 2728 2432 fore
2774 2373 3114 2446 praedixerit,
3164 2383 3220 2430 et
3266 2381 3454 2429 tamen
3504 2369 3688 2427 nullibi
3729 2369 3818 2427 hoc

2254 2469 2396 2525 dixit
2445 2468 2794 2534 afﬁrmando,
2829 2466 2925 2524 sed
2972 2465 3296 2532 dubitando,
3329 2474 3393 2522 ut
3435 2464 3620 2522 videre
3659 2471 3737 2520 est
3775 2462 3824 2520 in

2254 2562 2402 2618 calce
2431 2559 2770 2628 Concordia),
2805 2560 2894 2614 tibi
2927 2559 2995 2615 de
3027 2574 3085 2614 re
3117 2558 3220 2614 hac
3250 2573 3315 2614 ex
3364 2557 3610 2628 professo
3639 2554 3824 2616 edisse-

2256 2653 2347 2706 rit.
2383 2651 2576 2706 Mirum
2602 2667 2732 2706 vero
2759 2666 2880 2706 esse
2909 2667 3014 2705 non
3041 2649 3227 2717 debet,
3255 2651 3301 2705 si
3339 2649 3512 2706 abbas
3541 2657 3745 2704 sanctus
3765 2643 3827 2702 do

2255 2744 2509 2816 proximo
2529 2745 2730 2800 ChriSti
2757 2743 2968 2814 judicio
2995 2743 3426 2806 subdubitanter
3450 2741 3646 2810 aliquid
3671 2739 3823 2808 serip-

2255 2837 2348 2906 sit,
2383 2852 2506 2892 cum
2535 2837 2628 2891 alii
2661 2847 2977 2892 sanctorum
3012 2835 3235 2890 Patrum
3280 2832 3704 2891 brevem’eidem
3731 2839 3824 2886 ter-

2254 2931 2461 2984 minum
2510 2943 2794 3000 perperam
2845 2926 3202 2998 praelixerint,
3247 2936 3308 2980 ut
3365 2927 3433 2983 de
3477 2927 3540 2982 S.
3588 2923 3826 2979 Nutberto

2254 3021 2865 3076 l‘rzeinonstratensium
2927 3017 3322 3076 canonicorum
3393 3029 3617 3074 auctore
3679 3013 3825 3070 relert

549 3110 746 3166 eobum
791 3109 1042 3166 Grazcum
1076 3111 1393 3184 Syllaneum
1433 3113 1487 3167 in
1526 3114 1730 3172 Chron.
1781 3113 1990 3169 ordinis
2023 3113 2149 3168 [διο-
2178 3098 2224 3164 C
2258 3113 2564 3170 Bernardus
2613 3113 2772 3182 epist.
2807 3112 2878 3169 56
2905 3111 3000 3184 qui
3038 3113 3092 3166 id
3137 3112 3207 3166 ab
3235 3110 3362 3183 ejus
3404 3126 3500 3167 ore
3545 3115 3822 3178 acceperat.

552 3205 753 3269 rensis,
781 3215 836 3260 et
874 3205 1012 3261 alios
1061 3207 1152 3275 qui
1197 3221 1292 3276 pro
1321 3206 1606 3268 Joachimo
1633 3207 1853 3278 egregie
1895 3206 2149 3264 decerta-

549 3307 710 3363 runt;
740 3312 840 3354 nec
862 3297 1066 3354 desunt
1093 3297 1334 3353 illustres
1364 3307 1545 3384 poetic
1573 3297 1820 3369 ejusdem
1858 3300 2147 3360 sentcntiae

549 3400 881 3447 asserentes.
906 3389 1039 3444 Nam
1071 3391 1274 3448 Dantes
1293 3391 1328 3446 ’5
1353 3407 1408 3461 p.
1437 3391 1506 3448 de
1527 3391 1811 3459 Paradiso,
1840 3391 2039 3464 inquit,

862 3504 1064 3570 Babano
1091 3517 1120 3554 e
1145 3505 1302 3570 quivi,
1329 3518 1358 3555 e
1376 3505 1558 3570 lucemi
1575 3505 1654 3570 dal
1679 3503 1796 3570 lato,

859 3543 1699 3631 iisan;nauseantem;

860 3627 940 3680 De
959 3629 1135 3693 spiritu
1157 3629 1447 3692 prophetico
1464 3629 1647 3680 dotata.

617 3737 718 3795 Cui
772 3737 1056 3808 Philippus
1098 3734 1404 3808 Phasianus
1450 3736 1690 3794 succinit
1739 3737 2040 3809 imparibus
2089 3739 2145 3796 in

549 3830 669 3900 ejus
698 3829 912 3886 laudem
939 3828 1121 3894 editis,
1151 3843 1272 3899 qua:
1300 3827 1477 3884 refert
1504 3829 1747 3884 Graecus.

617 3923 825 3978 Auctor
855 3921 1020 3993 etiam
1045 3921 1306 3992 epitaphii
1344 3923 1464 3992 ejus
1499 3923 1752 3994 sepulcro
1784 3922 1956 3994 afﬁxi,
1997 3923 2144 3982 inter

551 4014 654 4068 alia
689 4013 804 4068 haec
825 4012 900 4066 ait
929 4029 944 4067 :

669 4104 791 4156 Nam
813 4109 915 4154 tum
939 4102 1067 4152 dicta
1090 4102 1288 4152 Patrum
1313 4104 1466 4162 novit,
1492 4105 1575 4165 qui
1603 4105 1735 4153 nube
1753 4103 1956 4158 fuerunt.

737 4166 974 4225 Prntecti,
999 4171 1051 4214 et
1069 4167 1227 4223 scivit,
1241 4177 1361 4227 Aquae
1379 4166 1664 4227 peragenda
1685 4165 1867 4218 forent.

674 4227 932 4289 Veridicus
953 4224 1093 4276 vates
1119 4224 1544 4289 przedixit,“multa
1566 4224 1768 4289 (uerunt

732 4288 1002 4352 Completa,
1027 4295 1083 4338 ut
1105 4286 1343 4338 monstrat
1365 4286 1549 4338 lumine
1569 4288 1691 4339 facta
1709 4290 1838 4340 dies.

617 4393 832 4452 Addam
861 4407 963 4464 pro
991 4392 1255 4449 coronide
1292 4393 1658 4464 Seraphinum
1701 4395 2016 4452 Firmanum
2047 4413 2142 4456 ca-

2255 3209 2413 3276 Stant
2451 3210 2806 3266 nihilominus
2837 3225 2937 3280 pro
2979 3209 3141 3266 nobis
3170 3209 3501 3266 Vincentius
3525 3216 3580 3266 et
3622 3205 3826 3264 Antoni-

2255 3317 2380 3368 nus,
2408 3301 2536 3356 dum
2581 3300 2743 3357 ﬁdem
2795 3299 3040 3370 praebent
3090 3301 3382 3358 nonnullis
3409 3298 3666 3357 Joachimi
3708 3311 3826 3366 prae-

2252 3390 2604 3459 dictionibus,
2641 3392 2690 3448 ei
2721 3392 2977 3448 nimirum
3010 3407 3118 3464 qua
3147 3393 3374 3464 regibus
3412 3391 3620 3463 Anglia:
3642 3397 3695 3446 et
3719 3386 3827 3445 Cal-

2252 3485 2338 3540 lize
2387 3485 2630 3540 nonduin
2681 3484 2873 3540 adesse
2929 3493 3149 3554 tempus
3199 3484 3638 3558 recuperationis
3681 3491 3822 3539 teme

2251 3574 2469 3632 Sanctae
2497 3575 2768 3645 praedixit.
2793 3583 2849 3631 et
2876 3575 3022 3632 aliis.

2321 3669 2630 3726 Cardiualis
2657 3670 3046 3738 Bellarminus,
3074 3669 3168 3743 qui
3195 3671 3453 3729 secundo
3476 3671 3596 3728 loco
3621 3665 3827 3726 adduci-

2250 3769 2360 3828 tur,
2395 3762 2531 3818 nihil
2569 3762 2825 3832 al‘tirmat,
2864 3766 2960 3821 sed
3010 3765 3132 3822 aliis
3180 3766 3454 3838 judicium
3506 3763 3733 3837 reliquit,
3776 3768 3829 3818 ut

2253 3856 2417 3922 verba
2449 3854 2568 3926 ejus
2613 3856 2989 3922 manifestam,
3040 3858 3136 3916 lih.
3171 3858 3242 3915 de
3287 3859 3499 3932 Seript.
3553 3857 3750 3915 Eccles.
3779 3854 3824 3909 in

2247 3945 2554 4002 Joaehimo.
2585 3948 2744 4015 Quod
2788 3964 2920 4005 vero
2949 3949 3243 4006 cardinalis
3272 3951 3574 4019 Baronius,
3605 3958 3734 4006 tom.
3763 3960 3827 4002 xu

2247 4037 2450 4107 Anna.,
2480 4055 2612 4094 ann.
2652 4041 2814 4111 1164,
2859 4040 3050 4097 scribit
3087 4041 3440 4102 Joaehimnm
3485 4043 3652 4098 Petro
3685 4039 3828 4096 Lom-

2247 4131 2418 4187 bardo
2461 4131 2849 4189 adversantem
2893 4135 2947 4188 in
2991 4135 3226 4190 concilio
3267 4134 3636 4193 Lateranensi
3679 4132 3826 4188 fuisse

2247 4222 2588 4291 damnatum,
2624 4225 2923 4296 improprie
2965 4225 3170 4282 dictum
3199 4227 3325 4297 quis
3363 4244 3477 4284 non
3505 4227 3689 4284 videt?
3729 4237 3822 4278 non

2244 4317 2388 4371 enim
2435 4332 2664 4388 persona
2719 4317 2955 4381 abbatis.
3004 4318 3101 4374 sed
3149 4318 3376 4376 libellus
3431 4319 3500 4375 de
3555 4314 3820 4374 Trinitatis

2245 4407 2449 4464 unitate
2505 4415 2562 4462 et
2603 4407 2845 4466 essentia
2894 4409 2963 4464 ab
2993 4423 3059 4465 eo
3105 4407 3307 4476 editus,
3355 4410 3701 4483 reprobatur.
3749 4404 3820 4458 En

543 4489 801 4546 nonicum
828 4487 1134 4560 regularem
1157 4485 1607 4556 Lateranensem,
1639 4488 1785 4559 quod
1812 4504 1932 4545 enin
1969 4489 2031 4546 ll.
2069 4491 2128 4546 Ρ.
2161 4481 2217 4544 Β
2244 4499 2404 4556 verba
2462 4499 2682 4556 concilii
2736 4515 2858 4570 cap.
2910 4501 2981 4554 εὶς
3037 4498 3367 4557 Danmamus
3423 4481 3547 4574 ergo
3583 4513 3630 4557 et
3665 4511 3822 4571 repro—

546 4585 852 4640 Pennnttns
897 4581 1053 4636 miris
1095 4578 1286 4635 ell‘erat
1317 4579 1574 4635 laudibus
1620 4580 1714 4634 lib.
1760 4597 1839 4648 Ill,
1873 4598 1993 4653 cap.
2039 4585 2132 4653 ἐξ),

543 4694 694 4732 num.
724 4677 779 4738 5,
802 4682 1068 4742 vocetque
1095 4687 1218 4726 eum
1248 4673 1624 4736 renerandum,
1649 4676 2136 4748 sanctissimuqu

541 4769 874 4831 canonicum,
907 4781 968 4818 ac
989 4763 1124 4820 verbi
1151 4761 1251 4816 Dei
1277 4779 1560 4834 preconem
1590 4765 2016 4834 fervidissimum,
2045 4771 2135 4838 qui

545 4870 728 4916 sancta
769 4858 1138 4929 pra'dicatione
1167 4872 1320 4910 suum
1357 4855 1610 4910 swculum
1651 4856 1951 4927 illustravit,
1981 4863 2133 4932 cujus

542 4950 695 5006 verba
729 4949 848 5022 (ait)
877 4956 1022 5004 erant
1048 4951 1196 5016 quasi
1226 4947 1359 5017 ignis
1394 4947 1612 5012 ardens,
1652 4956 1702 5001 et
1733 4951 1881 5016 quasi
1912 4951 2131 5005 malleus

542 5051 807 5096 conterens
836 5050 1041 5108 petras;
1060 5038 1209 5108 cujus
1233 5037 1553 5106 potissimum
1583 5027 1801 5093 consilio
1821 5049 1869 5094 et
1892 5041 2132 5096 suasione

542 5134 662 5188 duae
687 5130 990 5184 clericorum
1013 5129 1332 5200 regularium
1361 5131 1779 5202 congregationes
1807 5133 2018 5202 fuerunt
2045 5135 2127 5187 in-

542 5225 757 5287 stitutae,
801 5223 968 5275 altera
1007 5221 1068 5276 S.
1103 5219 1258 5274 Pauli
1307 5220 1562 5276 Decollati
1607 5220 1919 5290 Mediolani,
1962 5226 2130 5294 altera

539 5314 868 5370 sacerdotum
895 5311 1026 5366 Boni
1053 5311 1182 5366 Iesu
1212 5311 1494 5379 Ravennaz,
1523 5316 1613 5387 qui
1639 5326 1752 5388 post
1780 5318 1954 5373 rarius
1983 5319 2126 5374 labo-

535 5425 617 5464 res
646 5424 743 5482 pro
781 5407 878 5461 Dei
905 5405 1072 5477 gloria
1100 5414 1146 5458 et
1173 5405 1339 5458 salute
1364 5408 1653 5462 animarum
1682 5411 1999 5477 exantlatos,
2030 5428 2122 5464 va-

532 5502 738 5572 riosque
763 5497 964 5553 libellos
995 5497 1110 5564 igne
1145 5495 1310 5550 divini
1345 5498 1541 5551 amoris
1567 5497 1747 5567 plenos
1773 5501 1844 5553 ad
1870 5503 2123 5570 spiritua-

531 5594 634 5646 lem
675 5591 1071 5662 a'diﬁeationem
1112 5588 1414 5644 utilissimos
1446 5590 1632 5655 editos,
1681 5590 1930 5648 Bononia:
1970 5594 2115 5663 obiit,

528 5691 634 5740 etc.
668 5685 794 5744 llaec
823 5698 945 5742 cum
979 5698 1045 5741 ex
1079 5698 1174 5742 ore
1203 5682 1320 5753 ejus
1354 5695 1484 5743 vera
1513 5682 1644 5750 sint,
1693 5685 1888 5742 mirum
1919 5686 2024 5746 erit
2063 5687 2109 5744 si

2243 4593 2423 4647 bantur
2469 4591 2729 4660 libellum,
2761 4609 2852 4648 seu
2886 4603 3188 4661 tractatum,
3219 4611 3372 4663 quem
3402 4595 3565 4650 abbas
3599 4590 3822 4649 Joaeln'ut

2241 4683 2404 4738 edidit
2433 4692 2618 4750 contra
2645 4684 2954 4756 magistrum
2985 4683 3204 4738 Petrum
3230 4683 3612 4755 Lambin-dum,
3636 4686 3696 4738 de
3719 4679 3822 4736 uui-

2243 4785 2345 4830 tate
2371 4792 2461 4830 seu
2497 4777 2722 4828 essentia
2754 4774 3066 4842 Trinitatis;
3097 4785 3289 4846 utpote
3320 4778 3472 4847 quod
3512 4779 3571 4840 in
3597 4792 3661 4833 eo
3688 4786 3823 4828 asse-

2242 4868 2464 4924 rebatur
2492 4868 2551 4924 S.
2581 4868 2870 4923 Trinitatis
2900 4871 3080 4924 unitas
3112 4885 3222 4925 non
3251 4885 3379 4927 esse
3409 4872 3577 4932 realis
3604 4879 3655 4928 et
3696 4863 3821 4923 iudi-

2239 4961 2424 5029 vidua,
2454 4962 2548 5018 sed
2592 4961 3065 5031 simititudinaria,
3093 4978 3199 5018 non
3248 4964 3417 5020 aliter
3447 4973 3610 5035 atqtte
3652 4962 3822 5032 plutei

2238 5051 2490 5110 homines
2534 5054 2788 5109 dicuntur
2826 5071 2966 5109 unus
3015 5056 3272 5127 populus.
3331 5056 3610 5122 Subticuit
3653 5061 3818 5110 autem

2237 5143 2540 5200 Pennottus
2586 5159 2836 5214 persona:
2879 5143 3151 5201 Joaehimi
3181 5149 3624 5211 excusationem,
3669 5156 3817 5214 quam

2235 5237 2528 5293 concilium
2560 5237 2863 5314 subjnngit,
2895 5237 3150 5309 inquiens
3181 5255 3195 5296 :
3228 5237 3296 5294 In
3329 5241 3483 5296 nullo
3514 5251 3680 5294 tamen
3713 5253 3820 5309 pro-

2233 5335 2346 5396 pter
2368 5325 2464 5379 Iioc
2485 5323 2728 5382 Florensi
2756 5329 3085 5394 monasterio,
3108 5329 3258 5401 cujus
3283 5330 3400 5400 ipse
3422 5329 3662 5386 Joacliim
3678 5325 3820 5382 exsti-

2231 5419 2292 5470 tit
2313 5419 2601 5481 institutor,
2635 5418 2872 5475 volumus
2899 5421 3162 5494 derogari,
3191 5437 3420 5491 quorum
3447 5423 3518 5477 ibi
3549 5433 3595 5478 et
3620 5419 3816 5493 regula-

2225 5509 2298 5562 ris
2324 5518 2396 5563 est
2425 5511 2707 5577 institutio,
2736 5520 2781 5566 et
2805 5512 3126 5570 obseruantia
3156 5515 3431 5582 salutaris,
3459 5516 3683 5571 maxime
3709 5525 3816 5566 runt

2227 5600 2336 5669 ipse
2359 5594 2600 5654 Joacliim
2622 5603 2797 5656 omnia
2816 5604 3015 5674 scripta
3038 5621 3134 5660 sua
3153 5606 3300 5661 nobis
3322 5607 3589 5679 assignari
3614 5603 3816 5662 manda-

2227 5691 2370 5762 rcril,
2402 5692 2703 5763 apostolij
2733 5694 2887 5750 Sedis
2916 5697 3120 5767 judicio
3150 5696 3518 5771 approbando,
3555 5714 3644 5756 seu
3666 5697 3807 5752 etiam
