4122 6174
511 267 619 324 625

1408 257 1704 316 FLAVIUS
1743 253 1993 314 LUCIUS
2031 252 2310 324 DEX'IER
2350 252 2882 312 CIIRONOLOGUS.

3694 244 3785 304 614

511 380 686 435 tribus
715 375 1018 447 Buttjalllin.
1047 383 1102 430 el
1141 373 1311 429 tribus
1345 372 1478 430 Ιιθνί
1507 385 1646 428 unus
1681 371 1844 427 Sim“!
1882 370 2111 442 ρορυὶιιε
2141 369 2191 430 Α
2220 376 2435 445 inquit:
2469 374 2720 446 Sequitur
2745 387 2764 424 :
2809 371 2889 424 Ad
2930 369 3067 424 viros
3110 364 3391 430 Anathotlt,
3421 361 3506 434 qui
3565 371 3792 432 quierunt

511 471 674 546 dicta:
699 477 823 524 sunt
848 485 862 521 :
891 476 945 524 et
966 465 1106 537 quod
1138 464 1362 520 adderet
1391 479 1495 517 non
1529 478 1688 534 posse
1717 461 1948 534 cogitari
1977 461 2107 516 sim-

512 567 709 636 plicem
734 563 974 618 divinam
1003 559 1361 616 substantiam
1393 571 1638 612 seorsum
1667 572 1696 610 a
1729 555 1977 625 personis
2007 554 2108 624 (uti

513 661 709 715 Petrus
736 655 1075 712 Lombardus
1090 655 1236 709 visus
1257 663 1340 708 est
1370 649 1564 708 fecisse
1586 650 1638 704 in
1666 665 1682 704 ι
1707 657 1847 706 sent.
1872 647 2001 702 dist.
2024 646 2105 716 5),

513 751 621 808 nisi
670 767 792 806 cum
849 748 1088 805 Sabellio
1124 755 1180 801 et
1221 745 1379 800 Arrio
1430 741 1739 799 sentiendo.
1785 739 2112 796 Detulerunt

509 845 683 915 igitur
717 856 933 898 causam
966 837 1348 911 ejusmodiad
1387 835 1704 901 concilium,
1742 848 1772 888 a
1803 848 1912 903 quo
1948 833 2002 886 in
2043 845 2111 885 eo

513 951 703 1000 sensu,
730 949 892 1003 quem
930 931 1092 986 verba
1125 930 1244 1000 ejus
1283 927 1625 999 praetendere
1661 924 2006 989 videbantur,
2046 922 2112 976 li-

514 1028 614 1082 ber
645 1026 899 1095 pratiatus
926 1038 1066 1077 anno
1097 1021 1309 1077 Domini
1339 1020 1500 1086 1215,
1531 1018 1854 1074 sententiam
1887 1016 2112 1071 damna-

515 1117 676 1172 tionis
705 1115 938 1184 accepit.
972 1113 1080 1169 Sed
1116 1128 1242 1168 vero
1275 1109 1588 1166 Joachimus
1616 1109 1796 1163 minus
1827 1122 1887 1163 se
1926 1105 2114 1162 delen-

515 1211 646 1266 dere
686 1209 888 1280 potuit,
919 1221 1043 1262 cum
1087 1222 1232 1260 anno
1276 1205 1559 1274 superiore
1599 1203 1667 1259 ab
1699 1202 1968 1258 Incarnat.
2002 1199 2112 1254 Do-

517 1300 652 1358 mini
683 1300 845 1366 ΙΞἸΑΙ,
880 1299 1064 1353 ultima
1096 1296 1266 1352 Martii
1291 1297 1432 1352 diem
1467 1295 1757 1352 clausisset
1783 1301 2111 1359 extremum,

519 1395 596 1449 uti
641 1393 876 1448 Jacobus
925 1390 1149 1446 Graecus
1199 1391 1376 1459 aperit
1423 1390 1476 1444 in
1535 1390 1652 1459 ejus
1704 1386 2110 1456 Chronologia,

517 1495 658 1543 sect.
683 1486 772 1541 56.
797 1484 1166 1540 Nihilominus
1185 1483 1253 1538 ab
1275 1480 1580 1538 octodecim
1605 1481 1765 1535 annis
1789 1477 2116 1542 condemna-

521 1580 728 1634 tionem
756 1592 907 1632 suam
943 1575 1243 1646 perspicuis
1270 1575 1450 1630 verbis
1480 1573 1808 1644 przedixerat
1840 1587 1986 1626 anno
2012 1569 2119 1625 sci-

521 1671 653 1726 licet
681 1669 842 1734 1197,
866 1683 975 1737 quo
998 1667 1115 1737 ipso
1144 1665 1534 1722 commentaria
1565 1663 1619 1718 in
1650 1663 1974 1718 Hieremiam
2007 1661 2119 1714 ela-

2208 469 2434 522 animam
2463 477 2624 520 tuam.
2655 465 2698 518 Α
2725 462 3037 534 quibusdam
3065 457 3473 514 Cisterciensinm
3512 455 3795 524 egrexlietnr

2210 559 2453 630 iniquitas
2482 558 2613 621 lucc,
2644 566 2698 610 ut
2723 557 2904 609 doctor
2943 552 3035 607 ille
3062 568 3165 605 non
3205 550 3469 620 prophetat
3512 548 3566 600 in
3603 546 3795 600 nomine

2211 651 2444 720 Domini,
2480 659 2528 705 et
2555 651 2610 703 in
2643 664 2818 702 eorum
2849 644 3107 712 ntanibus,
3138 641 3193 695 id
3220 650 3316 706 est,
3343 639 3579 710 operibus
3612 645 3655 691 et
3682 653 3798 691 (οη-

2212 745 2346 799 ciliis
2398 743 2674 807 moriatur,
2732 739 2788 793 id
2831 749 2929 806 est,
2978 735 3298 806 reprobetur.
3351 732 3487 803 Ipsis
3537 729 3798 800 siquidem

2213 837 2504 909 agentibus
2538 836 2590 889 in
2640 831 2878 888 concilio
2907 827 3148 901 generali
3180 826 3467 906 damnatus
3511 831 3595 878 est
3646 821 3798 877 liber.

2216 904 2323 985 S‘ed
2350 929 2476 999 quid
2506 928 2624 980 inde
2649 924 2919 996 sequitur?
2941 929 3000 976 ut
3018 934 3205 975 verum
3229 931 3362 972 vero
3385 904 3650 971 consonet
3673 929 3798 984 pne-

2214 1022 2346 1078 dicit
2366 1018 2770 1076 lamentabilem
2795 1031 2978 1071 casum
3001 1010 3380 1069 Cisterciensis
3401 1009 3629 1072 ordinis,
3644 1021 3799 1078 quem

2217 1114 2421 1170 utinam
2447 1111 2653 1168 nostris
2682 1109 2856 1166 oculis
2881 1123 2988 1162 non
3015 1105 3313 1161 viderimus
3342 1119 3356 1155 :
3385 1099 3603 1155 Juvenes
3629 1115 3802 1154 eorum

2215 1207 2506 1261 morientur
2527 1202 2729 1275 gladio,
2763 1210 2871 1257 etc.
2902 1199 3126 1254 Iuvenes
3167 1203 3283 1251 sunt
3319 1194 3540 1266 priores,
3574 1191 3672 1261 ﬁlii
3701 1207 3805 1244 mo-

2217 1301 2394 1366 nachi,
2418 1299 2544 1369 ﬁlia:
2570 1295 2885 1352 monasteria
2909 1293 3055 1365 (quae
3082 1304 3179 1360 per
3206 1287 3498 1343 liliationes
3525 1285 3807 1340 distributa

2217 1391 2396 1463 erant)
2437 1393 2516 1446 vel
2553 1389 2857 1445 obedientiaz
2884 1400 3096 1450 eorum;
3124 1381 3278 1455 primi
3314 1381 3367 1434 in
3417 1378 3598 1451 gladio
3639 1377 3809 1446 reipu-

2220 1487 2366 1542 blicae
2411 1484 2595 1540 cadent
2650 1481 2726 1554 (id
2768 1489 2871 1549 est,
2917 1479 2970 1533 in
3022 1491 3216 1532 manus
3259 1470 3808 1540 commendatorum).

2221 1579 2474 1643 Secundi,
2515 1579 2569 1632 in
2611 1578 2746 1648 {ante
2773 1573 3027 1629 doctrinae
3061 1570 3354 1636 catholicas,
3387 1566 3668 1636 deﬁcient;
3697 1563 3814 1617 reli-

2221 1675 2376 1745 quia’,
2411 1679 2690 1744 potestates
2731 1667 2924 1722 scilicet
2969 1664 3190 1730 ordinis,
3222 1663 3274 1716 in
3318 1661 3517 1730 defectu
3561 1657 3812 1732 regular’s

517 1763 753 1825 boravit,
800 1760 917 1830 ipso
958 1768 1119 1827 teste,
1153 1757 1282 1813 dum
1318 1756 1386 1811 ad
1425 1764 1585 1825 caput
1619 1754 1690 1808 24
1725 1753 1902 1809 dixit:
1939 1751 2121 1823 Agitur

2233 1764 2583 1821 observantia‘.
2627 1761 2880 1816 Inducam
2909 1760 3045 1814 enim
3081 1759 3280 1811 malum
3317 1770 3472 1822 super
3505 1753 3638 1806 viros
3673 1751 3812 1804 Ana-

519 1855 658 1909 enim
701 1868 839 1904 nunc
882 1851 1019 1906 H97
1052 1865 1245 1914 annus,
1278 1859 1385 1903 ctc.
1421 1847 1713 1917 Prophetia
1759 1860 1890 1900 vero
1937 1849 2117 1900 exstat

520 1945 590 2000 ad
617 1955 780 2013 caput
810 1943 898 2008 ΙΙ,
930 1954 982 1998 et
1012 1951 1118 1996 tam
1151 1941 1435 1994 manifesta
1464 1947 1568 2005 est,
1600 1949 1658 1992 ut
1691 1937 1886 1992 librum
1919 1945 1973 1991 et
2004 1951 2116 1990 ma-

521 2039 716 2096 teriam
749 2037 873 2093 libri
899 2045 1086 2107 postea
1109 2033 1528 2102 condemnandi,
1558 2041 1907 2089 accusatores
1930 2031 2116 2086 itidem

523 2138 581 2186 et
632 2129 934 2184 llomannm
984 2128 1319 2196 pontiticem,
1377 2127 1468 2196 qui
1523 2141 1648 2181 enin
1701 2123 2118 2180 condemnaturi

523 2232 702 2290 erant,
735 2220 970 2292 propriis
1003 2219 1279 2289 exprimat
1318 2217 1651 2273 nominibus.
1683 2217 1766 2273 Ad
1814 2216 1907 2271 illa
1951 2214 2120 2284 siqui-

523 2315 649 2370 dem
679 2313 844 2367 verba
873 2329 884 2364 :
925 2309 1127 2377 Venite,
1156 2310 1426 2363 mittamus
1455 2309 1658 2380 lignum
1689 2309 1740 2362 in
1769 2323 1956 2379 panem
1981 2309 2119 2378 ejus,

521 2413 570 2460 et
599 2403 874 2458 eradamus
904 2417 1020 2456 eum
1050 2400 1115 2454 de
1155 2410 1294 2455 terra
1339 2400 1642 2464 viventium,
1684 2406 1732 2454 et
1774 2414 1961 2452 nomen
2005 2399 2120 2469 ejus

521 2513 628 2553 non
677 2503 990 2551 memoratur
1029 2494 1277 2564 amplius,
1322 2494 1400 2548 sic
1444 2493 1566 2548 ait:
1612 2491 1836 2564 Lignum
1882 2489 2122 2544 scandali

524 2595 736 2658 ponent,
778 2595 834 2639 ut
877 2600 1059 2638 sanam
1103 2584 1398 2637 doctrinam
1434 2583 1800 2652 exstinguaut,
1847 2589 1895 2636 et
1939 2597 2124 2635 nomen

525 2678 756 2733 doctoris
799 2677 888 2729 cui
930 2674 1242 2730 revelabitur
1289 2676 1545 2729 sententia
1591 2671 1830 2730 Danielis
1872 2682 2120 2729 evertant.

524 2770 577 2825 ls
596 2776 688 2824 est
710 2767 1025 2823 Joachimus
1052 2766 1194 2834 ipse,
1223 2766 1314 2834 qui
1344 2763 1720 2820 abditissimas
1746 2766 1984 2820 Danielis
2009 2780 2128 2835 pro—

525 2860 742 2930 phetias
763 2857 1041 2922 eno-lavit,
1063 2855 1130 2911 ad
1153 2871 1274 2925 cap.
1302 2871 1377 2910 xu
1406 2858 1580 2925 Apoc.
1601 2865 1658 2914 et
1681 2857 1832 2911 alibi.
1858 2854 2127 2910 Futurum

525 2959 602 3005 est
643 2950 784 3003 enim
807 2990 822 3016 ,
857 2957 910 3003 ut
938 2963 1168 3002 summus
1207 2948 1445 3020 pontifex
1489 2948 1754 3003 veritatem
1793 2946 2039 3018 insinuet,
2071 2958 2128 3002 ut

529 3058 663 3097 unus
709 3041 1008 3106 damnetur,
1042 3039 1096 3094 id
1122 3049 1216 3106 est,
1260 3040 1514 3094 moriatur
1561 3039 1744 3094 doctor
1773 3057 1867 3112 pro
1909 3041 2123 3112 papula,

527 3143 586 3189 ut
612 3151 718 3189 non
745 3142 854 3188 tota
891 3149 1013 3206 gens
1052 3142 1224 3203 pereat
1259 3134 1314 3187 in
1346 3149 1538 3190 errore.
1567 3133 1660 3190 Sic
1690 3133 1974 3190 Sedecltias
2005 3151 2129 3189 con-
2156 3116 2202 3180 ο

529 3237 611 3281 tra
661 3226 980 3282 Hieremiam
1029 3227 1287 3300 insurgit;
1330 3230 1542 3284 damnat
1593 3230 1781 3284 librum
1825 3229 1978 3302 (quid
2020 3230 2133 3286 cla-

531 3318 708 3388 rius?)
733 3317 925 3371 scindit
965 3316 1268 3373 Trinitatem
1295 3319 1359 3372 ab
1391 3321 1586 3374 imitate
1625 3321 1714 3392 (cu
1747 3320 1962 3375 titulum
2009 3320 2132 3374 libri

530 3407 876 3478 expressum)
925 3418 970 3462 et
1001 3409 1251 3480 scalpello
1299 3411 1483 3465 scribat
1529 3412 1833 3466 sententiam
1880 3411 2131 3476 doctoris,

533 3499 726 3555 alludit
753 3499 820 3554 ad
850 3497 980 3553 illud
1009 3513 1129 3568 cap.
1161 3515 1327 3554 xxxvr
1357 3501 1594 3556 llierem.
1630 3520 1643 3556 :
1673 3501 1902 3571 Cumque
1929 3503 2134 3575 legisset

532 3590 666 3646 Judi
709 3599 810 3645 tres
855 3587 1089 3662 pagellas
1126 3590 1205 3645 vel
1247 3600 1487 3658 quatuor,
1531 3593 1682 3647 scidit
1721 3592 1855 3648 illud
1897 3596 2135 3650 volumen

533 3681 786 3755 scalpello
835 3682 1039 3736 scribat.
1074 3681 1139 3736 Et
1179 3691 1301 3752 post
1332 3699 1542 3754 pauca:
1581 3681 1831 3758 Designal
1879 3703 2136 3742 summum

537 3776 838 3845 pontiﬁcem
861 3785 974 3846 post
1000 3773 1330 3830 Caelestinum
1359 3778 1597 3846 futurum
1626 3778 1934 3851 quicumque
1962 3781 2026 3834 sit
2049 3780 2138 3835 ille

538 3868 763 3936 (norunt
791 3881 984 3924 omnes
1011 3867 1388 3924 Innocentium
1421 3870 1516 3936 ΙΙΙ,
1553 3870 1646 3940 qui
1679 3871 1878 3927 librum
1911 3872 2137 3929 damna-

541 3961 642 4023 vit,
676 3957 973 4013 Ctelestino
1003 3959 1365 4030 successisse)
1396 3977 1429 4013 a
1469 3978 1567 4032 quo
1596 3966 1720 4034 quia
1762 3965 1914 4020 stella
1949 3966 2137 4035 dispa-

542 4049 670 4116 ruit,
703 4047 958 4102 nimirum
1003 4049 1127 4117 quia
1157 4047 1441 4105 Joacbimo
1478 4060 1716 4121 mortuo,
1749 4055 1972 4110 claritas
2013 4073 2139 4113 sen-

544 4155 642 4196 sus
669 4140 788 4210 ejus
819 4139 1114 4210 diSparuit,
1152 4140 1445 4212 spiritualis
1474 4144 1815 4218 intelligentia
1841 4151 2140 4223 exstingue-

545 4244 632 4289 tur
666 4235 721 4288 in
751 4232 894 4295 dolo.
925 4243 971 4289 et
1002 4249 1092 4306 per
1122 4234 1372 4289 invidiam
1401 4237 1660 4305 tradetur,
1687 4249 1735 4293 et
1772 4243 2023 4309 perimere
2051 4259 2139 4298 co-

547 4327 751 4399 gitabit.
787 4325 944 4391 Quod
971 4335 1146 4381 autem
1189 4340 1630 4401 congregaverant
1656 4334 1925 4402 pontiﬁces
1956 4333 2140 4390 Eccle-

543 4419 764 4481 siarum,
797 4427 847 4472 et
880 4417 1142 4473 Pharistei
1171 4416 1410 4490 (scilicet
1449 4421 1710 4490 abbates,
1745 4424 1981 4494 priores,
2015 4428 2144 4482 reli-

2219 1859 2385 1926 tltotlt,
2413 1858 2608 1912 scilicet
2651 1871 2805 1926 super
2831 1853 3073 1925 praelatos
3109 1850 3331 1921 majores
3373 1843 3809 1908 Cisterciensium,

2217 1967 2417 2005 annum
2463 1949 2770 2003 risitationis
2822 1962 3020 2010 eorum,
3055 1944 3249 1998 scilicet
3304 1937 3657 1994 tribulationis
3704 1937 3813 1990 int—

2218 2043 2413 2098 missaz.
2445 2041 2551 2097 Sed
2587 2038 2945 2104 nihilominus
2973 2035 3202 2092 inferius
3231 2031 3297 2087 ad
3327 2038 3492 2101 caput
3520 2030 3590 2085 35
3617 2027 3810 2083 llicrc-

2220 2135 2343 2191 mite
2397 2133 2812 2205 perpetuitatem
2871 2128 3117 2200 ejusdem
3171 2123 3383 2180 ordinis
3431 2121 3482 2177 in
3537 2118 3814 2175 nonnullis

2221 2229 2346 2283 liliis
2368 2227 2486 2298 ejus
2509 2225 2789 2296 prtedicit;
2825 2238 2950 2278 nam
2978 2237 3100 2277 cum
3132 2217 3507 2289 przemisisset,
3537 2217 3682 2285 quod
3721 2211 3822 2267 Jo-

2223 2319 2394 2376 nadab
2425 2319 2566 2389 ﬁlius
2613 2316 2818 2373 Rechab
2860 2314 3104 2386 prtecepit
3129 2312 3306 2365 vinum
3349 2325 3450 2362 non
3497 2306 3670 2362 bibere
3699 2304 3820 2374 ﬁliis

2222 2413 2351 2481 suis,
2385 2428 2477 2466 nec
2499 2412 2680 2465 domos
2702 2417 3034 2472 construere;
3064 2403 3153 2458 sed
3194 2403 3248 2456 in
3290 2398 3633 2455 tabernaculis
3676 2395 3822 2450 habi-

2225 2514 2357 2569 tare,
2391 2503 2461 2557 ad
2489 2502 2550 2558 S.
2583 2499 2915 2556 Bernardum
2943 2513 3110 2553 sermo
3133 2495 3401 2564 dirigitur,
3433 2492 3523 2562 qui
3548 2499 3594 2544 et
3637 2505 3824 2545 mona-

2226 2597 2336 2651 chis
2365 2595 2470 2650 suis
2522 2592 2948 2666 prtedicationem
2988 2599 3036 2644 et
3076 2587 3403 2660 vagationem
3451 2581 3750 2653 prohibuit,
3783 2588 3824 2634 et

2225 2707 2313 2747 eos
2357 2689 2662 2759 simpliciter
2708 2688 2762 2740 in
2808 2684 3132 2740 monasteriis
3179 2679 3385 2734 subesse
3433 2676 3822 2749 prrecepit......

2231 2783 2380 2851 Quod
2410 2793 2579 2836 autem
2611 2781 2801 2834 dicitur
2847 2795 2949 2833 non
2999 2778 3177 2831 deesse
3224 2774 3289 2828 de
3321 2771 3513 2827 semine
3553 2767 3822 2831 Jonadab,

2227 2877 2314 2947 qui
2344 2886 2503 2932 staret
2531 2891 2729 2943 semper
2761 2873 2813 2927 in
2857 2878 3138 2943 conspectu
3185 2864 3422 2929 Domini,
3456 2863 3665 2919 videtur
3692 2858 3826 2932 quod

2231 2968 2588 3026 Cisterciensis
2630 2967 2814 3038 religio
2845 2966 2911 3019 sit
2947 2964 3002 3018 in
3033 2963 3188 3034 ﬁnem
3218 2975 3379 3030 usque
3408 2956 3587 3014 sreculi
3617 2971 3827 3028 proces-

2232 3077 2380 3115 sura.
2414 3059 2528 3127 Qua
2565 3071 2699 3114 sane
2730 3055 3083 3127 prrrdictione
3121 3053 3289 3122 prima
3320 3048 3558 3106 omnium
3589 3045 3825 3117 prophe-

2237 3161 2348 3207 tata
2396 3160 2480 3207 est
2534 3146 2886 3219 congregatio
2931 3146 2990 3202 S.
3048 3143 3308 3199 lternardi
3349 3141 3416 3196 dc
3460 3137 3826 3203 observantia,

2235 3255 2354 3310 qua:
2384 3240 2438 3294 in
2482 3238 2666 3310 regnis
2719 3236 3100 3308 lli-paniarum
3133 3233 3203 3288 ab
3245 3247 3391 3287 anno
3423 3228 3640 3286 Domini
3695 3229 3827 3284 14...

2235 3331 2542 3386 institutum
2576 3329 2762 3399 cmpit,
2795 3343 2915 3398 qnte
2943 3326 3054 3381 Deo
3104 3321 3324 3393 auspice
3368 3322 3426 3377 S.
3479 3319 3539 3376 Ρ.
3573 3317 3830 3376 Bernardi

2237 3421 2449 3476 meritis
2501 3420 2793 3491 pristinum
2844 3417 3056 3474 ordinis
3110 3414 3464 3486 Splendorem
3519 3419 3826 3476 sustentat;

2236 3511 2436 3569 deinde
2457 3511 2800 3566 observantia
2832 3507 3273 3580 congregationis
3301 3505 3492 3570 Italiae,
3519 3519 3584 3562 ac
3612 3504 3828 3559 domum

2237 3603 2584 3659 Fulliensum
2618 3603 3013 3658 monachorum
3046 3600 3394 3664 rclorniatiu;
3427 3597 3628 3668 quibus
3655 3593 3830 3651 omni-

2235 3693 2337 3749 bus
2382 3693 2635 3749 cll'ectum
2669 3700 2771 3758 cst,
2807 3705 2863 3748 ut
2911 3705 3175 3761 nusquam
3222 3690 3489 3744 hactenus
3519 3687 3587 3742 de
3617 3687 3830 3742 semine

2237 3783 2484 3840 Jonadab
2504 3798 2604 3840 seu
2635 3783 2881 3839 mellillui
2909 3781 3189 3851 Bernardi,
3216 3779 3479 3838 defecerit
3499 3778 3592 3852 qui
3620 3788 3734 3835 stet
3773 3778 3822 3832 in

2240 3887 2539 3945 conspectu
2574 3877 2810 3932 Domini.

2316 3965 2384 4022 Ut
2403 3982 2533 4037 ergo
2553 3968 2618 4022 ad
2635 3968 2913 4037 superiora
2931 3966 3512 4034 rccurramus,'sensus
3534 3963 3835 4036 prephctize
3879 4027 3884 4036 ι

2242 4058 2436 4128 planus
2464 4067 2550 4116 Bst
2593 4075 2607 4116 :
2643 4059 2900 4115 nimirum
2951 4062 3069 4117 fore
3111 4069 3171 4115 ut
3201 4060 3254 4114 in
3295 4059 3416 4132 ejus
3458 4058 3712 4115 doctrina
3741 4056 3833 4112 lilii

2243 4152 2542 4219 Anathoth,
2586 4151 2636 4206 id
2677 4160 2782 4220 est,
2828 4151 3245 4218 Cistercienses,
3294 4150 3830 4211 srandalizarcnlur;

2243 4241 2390 4312 quod
2420 4241 2737 4297 scandalum
2769 4250 2827 4296 ut
2855 4241 3072 4298 sedaret
3109 4242 3425 4312 pontiﬁcem
3455 4241 3860 4311 pronuntiatu--

2245 4347 2366 4387 rum
2398 4343 2652 4402 oportere
2699 4342 2757 4387 ut
2787 4347 2926 4388 unus
2970 4333 3321 4389 damnaretur
3364 4332 3417 4388 in
3452 4332 3596 4388 libro
3624 4332 3694 4387 de
3722 4329 3834 4385 Tri-

2246 4424 2434 4478 nitatis
2465 4424 2693 4492 unitate,
2743 4439 2908 4494 super
2935 4425 3092 4496 eujus
3134 4425 3492 4496 intelligentia
3521 4423 3831 4479 scanda'um

551 4511 690 4580 giosi
711 4509 1099 4566 Cisterciensis
1127 4509 1362 4581 ordinis)
1391 4513 1687 4581 concilium,
1721 4513 1948 4570 forsitan
1979 4533 2140 4586 gcnc-
2165 4493 2222 4555 Ῑ)
2246 4527 2423 4572 ortum
2456 4529 2575 4572 erat
2605 4533 2618 4571 :
2649 4532 2770 4572 eum
2800 4493 2932 4573 vero
2982 4493 3289 4588 pontiﬁcem
3314 4493 3438 4571 Vnon
3480 4515 3647 4571 alium
3695 4515 3832 4569 lutu-

549 4603 689 4669 rale,
733 4610 901 4656 totum
937 4601 1005 4655 ad
1045 4599 1196 4656 illum
1237 4601 1501 4658 doctorem
1532 4607 1768 4660 veritatis
1808 4609 2141 4676 referendum

551 4702 650 4759 est,
690 4711 840 4764 quem
885 4707 1061 4748 sextus
1106 4693 1351 4748 describit
1391 4697 1634 4767 angelus,
1682 4699 1788 4752 imo
1825 4699 1920 4753 sub
1962 4716 2065 4770 quo
2089 4700 2143 4754 in

554 4800 714 4838 manu
741 4785 953 4840 alterius
981 4784 1154 4857 angeli
1175 4785 1306 4839 liber
1335 4786 1725 4842 demonstratur
1745 4791 1973 4844 veritatis
1994 4808 2146 4861 aper-

549 4886 654 4930 tus.
684 4877 854 4933 Multo
887 4879 1002 4932 hzec
1027 4876 1324 4933 illustriora
1358 4878 1663 4935 redduntur
1689 4896 1757 4936 ex
1785 4882 1868 4936 his
1902 4898 2021 4952 qua:
2046 4885 2147 4938 im-

557 4964 798 5022 mediate
841 4967 1145 5040 subjungit,
1177 4983 1457 5038 exponens
1507 4985 1740 5041 namque
1779 4972 1946 5028 verba
2006 4973 2141 5028 illa:

555 5055 847 5126 Propterea
881 5059 992 5115 lucc
1031 5059 1160 5114 dicit
1190 5059 1447 5116 Dominus
1478 5060 1548 5116 ad
1572 5064 1710 5118 viros
1739 5063 2024 5132 Anatltotli,
2057 5067 2147 5138 qui

557 5160 798 5220 quaerunt
835 5153 1063 5206 animam
1097 5163 1260 5217 tuam,
1303 5162 1350 5208 et
1391 5154 1568 5210 dicunt
1600 5172 1619 5210 :
1651 5156 1772 5212 Non
1812 5159 2146 5230 prapltetabis

553 5244 611 5297 in
659 5243 863 5297 nomine
907 5240 1138 5310 Domini,
1172 5254 1218 5298 et
1261 5247 1496 5300 morieris
1548 5248 1602 5301 in
1645 5250 1880 5302 manibus
1930 5253 2143 5306 nostris.

553 5335 845 5406 Pr0pterea
880 5335 991 5390 [nec
1031 5337 1155 5390 dicit
1200 5337 1454 5393 Dominus
1489 5343 1814 5398 exercituum
1839 5359 1856 5396 :
1889 5343 2028 5400 Ecce
2055 5362 2146 5413 ego

552 5429 767 5484 visitabo
807 5445 965 5500 super
993 5444 1117 5494 eos;
1147 5431 1362 5499 juvenes
1391 5435 1678 5489 morientur
1706 5436 1760 5490 in
1794 5435 1973 5507 gladio
1997 5477 2011 5501 ,
2041 5438 2143 5506 ﬁlii

552 5536 731 5573 eorum
757 5529 801 5574 et
826 5521 951 5588 ﬁlia:
981 5520 1265 5574 morientur
1282 5522 1334 5574 in
1352 5523 1574 5592 fante,et
1603 5527 1833 5594 reliqnia:
1862 5544 1964 5580 non
1994 5538 2145 5582 erunt

553 5627 620 5664 ex
640 5613 716 5666 eis
736 5627 754 5676 ;
779 5612 1022 5666 inducant
1045 5613 1182 5666 enim
1200 5614 1394 5668 malum
1416 5633 1570 5680 super
1587 5618 1719 5671 viros
1747 5618 2032 5688 Attat/tolli,
2051 5638 2145 5674 an-

555 5717 675 5757 num
703 5704 1006 5762 uisitationis
1040 5721 1215 5763 eorum
1232 5722 1254 5775 ί
1286 5721 1585 5780 exponens,
1615 5709 1855 5781 inquam,
1895 5709 2032 5780 haec,
2063 5712 2144 5772 sic

2247 4624 2366 4663 rum
2396 4622 2540 4672 esse,
2575 4623 2736 4678 quam
2768 4623 2893 4665 eum
2932 4610 3023 4679 qui
3054 4609 3355 4665 Cwlestino
3395 4607 3738 4664 succederet.
3788 4603 3836 4659 Is

2254 4714 2384 4754 vero
2405 4698 2504 4754 fuit
2531 4699 2883 4755 Innocentius
2915 4700 3014 4766 Ill,
3049 4701 3139 4770 qui
3169 4709 3362 4755 coacto
3406 4699 3645 4770 generali
3675 4697 3832 4752 Late-

2249 4794 2472 4848 ranensi
2521 4794 2776 4861 concilio,
2829 4793 2882 4847 in
2915 4808 3022 4862 quo
3069 4802 3271 4863 praeter
3300 4793 3370 4849 70
3399 4790 3836 4860 archiepiscopus

2250 4894 2304 4942 et
2333 4886 2441 4943 400
2481 4887 2784 4958 episcopos,
2836 4884 3113 4942 all'ucruut
3139 4885 3246 4941 800
3288 4886 3518 4940 abhates
3549 4898 3742 4953 magna
3769 4894 3832 4935 cx

2252 4989 2406 5051 parte
2425 4979 2809 5036 Cisterciensis
2839 4977 3069 5044 ordinis,
3104 4975 3303 5034 librum
3325 4975 3594 5033 Joacbimi
3621 4975 3688 5029 de
3719 4971 3837 5026 uni-

2251 5081 2362 5128 tate
2409 5071 2728 5136 Trinitatis,
2769 5071 3094 5141 quibusdam
3151 5085 3338 5126 eorum
3399 5065 3832 5140 suggerentibus,

2249 5165 2660 5221 condemnavit.
2696 5163 2798 5221 Ubi
2830 5173 3012 5220 tamen
3044 5162 3175 5218 illud
3207 5162 3505 5217 notandum
3542 5169 3644 5225 est,
3689 5154 3830 5229 quod

2250 5262 2347 5326 ait,
2381 5260 2609 5315 Damnat
2638 5261 2849 5327 librum,
2886 5259 3076 5315 scindit
3105 5257 3408 5313 Trinitatem
3434 5257 3497 5311 ab
3543 5256 3756 5319 unitate,
3786 5259 3832 5305 et

2249 5351 2496 5424 scalpello
2528 5353 2714 5408 scriba:
2738 5342 3039 5408 sententiam
3078 5351 3328 5418 doctoris,
3360 5349 3576 5406 scilicet
3614 5345 3830 5407 scindit,

2245 5442 2512 5498 nimirum
2558 5445 2683 5514 quia
2737 5444 2866 5499 alibi
2916 5459 3069 5500 suam
3125 5441 3374 5498 declarat
3418 5438 3742 5496 sententiam
3781 5435 3831 5489 in

2253 5535 2448 5590 eodem
2497 5535 2634 5591 libro
2668 5555 2679 5588 ε
2714 5535 2961 5606 quaedam
3009 5533 3275 5605 siquidem
3339 5532 3502 5588 habet
3543 5546 3660 5600 qua:
3702 5526 3834 5581 satis

2253 5641 2376 5681 cum
2409 5626 2474 5681 ad
2517 5627 2850 5682 Catltolicutn
2880 5642 3100 5682 sensum
3134 5625 3356 5681 trahere
3385 5624 3654 5684 videntur,
3683 5619 3728 5672 si
3757 5627 3832 5672 ta-

2252 5732 2375 5774 men
2407 5715 2452 5773 is
2480 5716 2572 5775 ille
2602 5716 2744 5775 liber
2774 5725 2879 5788 est,
2926 5718 3019 5789 qui
3052 5715 3378 5775 Psalterium
3426 5708 3825 5772 decacbordum
