4122 6174
418 273 551 341 ,695

1515 276 2043 337 APOLOGETICUS
2078 265 2217 338 rno
2253 280 2318 340 L.
2360 283 2662 342 osxrno.

3634 288 3739 345 626

447 396 816 466 nuncupatur,
856 393 993 451 alias
1020 394 1086 449 de
1129 395 1329 451 unitate
1354 395 1649 454 Trinitatis.
1679 398 1840 467 Quod
1882 400 1926 454 si
1960 399 2041 455 di-
2065 403 2121 463 Α
2145 402 2396 460 oculatus
2436 405 2598 461 testis
2625 420 2751 464 csse
2791 407 2998 479 nequit,
3029 423 3151 466 eum
3178 423 3425 467 errorem
3449 413 3738 482 quemdam

448 502 636 543 versus
667 487 737 540 ab
763 503 830 542 co
856 486 979 552 fuit,
1011 487 1144 542 satis
1170 502 1236 543 ex
1265 502 1332 544 eo
1368 490 1591 545 vitiatus
1626 490 1868 556 videtur,
1896 492 2041 562 quod

444 581 771 636 sententiam
794 578 1149 648 catholicam,
1168 581 1290 636 data
1314 596 1482 653 opera
1512 585 1565 638 in
1593 582 1884 651 Psaltet-io,
1918 598 2041 652 pro-

445 682 738 745 pngnatam
767 671 1012 742 reliquit.
1058 671 1137 727 lbi
1180 671 1472 743 siquidem.
1507 674 1605 730 lib.
1639 690 1679 743 ι,
1713 675 1841 732 dist.
1877 675 1929 741 l,
1962 675 2045 729 in-

444 769 559 837 quit
586 783 602 819 :
632 764 823 820 Omnes
847 764 945 819 Itoc
977 782 1082 819 una
1108 782 1252 835 rore,
1280 769 1731 840 una‘confessione
1769 768 1996 836 fatemur
2021 783 2042 822 :

446 860 539 917 Est
564 860 703 915 Deus
730 877 868 915 unus
898 860 1011 916 sine
1041 861 1348 932 confusione
1375 877 1715 932 personarum
1739 878 1758 927 ;
1790 862 1958 915 trinas
1986 861 2041 914 in

443 952 676 1024 personis
719 953 828 1006 sine
867 952 1114 1005 divisione
1154 951 1477 1007 substantiae.
1514 952 1588 1006 Et
1637 966 1829 1007 rursus
1860 967 1877 1007 :
1914 949 2042 1006 Illac

441 1043 729 1098 substantia
754 1060 869 1113 qua:
896 1041 1033 1098 Dens
1053 1053 1149 1105 est,
1176 1059 1279 1098 una
1300 1052 1395 1111 est,
1424 1051 1474 1098 et
1495 1059 1696 1098 summe
1720 1059 1847 1112 una,
1871 1050 1920 1097 et
1948 1059 2040 1097 su-

443 1152 536 1207 pra
563 1150 716 1204 quam
742 1133 848 1187 dici
893 1134 1052 1204 possit
1092 1134 1316 1205 simplex
1339 1143 1434 1201 est,
1463 1142 1512 1189 ct
1544 1151 1651 1188 una
1693 1143 1921 1188 natura:
1949 1149 2043 1187 nec

442 1245 690 1299 negamus
718 1226 1023 1282 Trinitatem
1073 1227 1127 1280 in
1160 1228 1312 1283 unius
1348 1226 1673 1297 confessione
1715 1226 2039 1291 substantite,

439 1321 531 1375 sed
560 1321 787 1392 partium
815 1320 1115 1387 scissiones,
1148 1337 1277 1391 quas
1316 1321 1545 1375 carnalis
1587 1319 1685 1374 sibi
1717 1319 1867 1400 lingit
1887 1319 2043 1374 intel-

442 1416 623 1482 lectus,
664 1415 1057 1470 horremus”...
1116 1413 1241 1469 Tres
1269 1415 1445 1484 itaque
1473 1430 1637 1468 unum
1658 1421 1777 1468 sunt
1805 1422 1857 1466 et
1878 1427 2043 1466 unum

442 1518 580 1574 tres;
610 1523 713 1561 non
746 1507 901 1561 dit-isi
930 1515 1146 1571 natura,
1185 1497 1241 1560 ut
1279 1516 1441 1571 terra,
1480 1522 1618 1577 aqua
1654 1514 1703 1559 et
1746 1504 1915 1577 ignis;
1940 1520 2043 1559 non

439 1616 775 1672 personarum
806 1599 909 1669 disj
919 1599 1179 1664 unctione,
1204 1606 1259 1651 ut
1290 1607 1391 1651 tres
1433 1598 1663 1651 homines
1684 1595 1921 1668 ejusdem
1949 1611 2043 1649 na-

439 1701 589 1748 turae.
625 1693 687 1747 Et
737 1690 969 1746 inferius
1005 1708 1019 1745 :
1071 1688 1223 1745 Unde
1266 1699 1315 1745 et
1339 1689 1646 1759 simpliciter
1689 1688 1883 1742 dicitur
1932 1703 2043 1743 esse

2146 494 2328 550 abbati
2358 488 2550 552 sancto
2576 498 2839 570 impingat
2863 501 3141 573 (nimirum
3167 504 3443 573 apostolos
3470 518 3581 559 non
3603 519 3740 574 pra:-

2145 583 2358 642 dicassc
2382 588 2730 660 Evangelinm
2746 592 2900 660 juxta
2928 593 3271 663 spirimalem
3296 595 3737 667 intelligentiam,

2146 678 2243 731 sed
2277 686 2484 735 tantum
2528 682 2830 738 secundum
2860 685 3118 757 litteram)
3170 695 3228 742 et
3271 696 3453 744 tamen
3496 699 3737 757 asserat,

2147 788 2271 828 cum
2298 787 2359 828 sc
2388 773 2441 828 itt
2476 774 2584 828 illis
2606 776 2864 846 operibus
2894 791 3003 833 non
3032 779 3323 847 reperisse.
3348 780 3446 837 sed
3468 781 3541 837 ita
3562 781 3741 837 atiui-

2144 866 2287 924 done
2316 869 2596 925 carmelita
2628 870 2698 926 de
2727 885 2795 926 eo
2831 872 3007 927 notari
3036 890 3051 927 :
3089 873 3261 938 Quare
3289 875 3533 945 ﬁdamus,
3557 876 3656 946 ait,
3686 877 3741 930 in

2144 959 2245 1016 hac
2269 969 2418 1030 parte
2443 957 2699 1018 Guidoni.
2730 961 2848 1018 Non
2894 963 3026 1018 satis
3068 964 3309 1021 demiror
3355 966 3490 1021 tanti
3519 966 3622 1022 viri
3648 968 3739 1036 ju-

2145 1051 2370 1107 dicium.
2403 1053 2620 1124 Ergone
2673 1063 2782 1109 tarn
2815 1055 2935 1111 leve
2972 1053 3249 1126 negotium
3300 1058 3585 1129 agebatur,
3630 1067 3739 1113 tam

2146 1146 2300 1201 nihili
2328 1146 2575 1202 ducenda
2604 1154 2727 1202 erat
2750 1147 3006 1203 catholici
3054 1147 3290 1206 hominis
3318 1150 3479 1214 fama,
3509 1159 3568 1205 ut
3598 1150 3652 1205 itt
3680 1165 3741 1205 re

2144 1253 2266 1308 qua:
2300 1238 2363 1293 in
2412 1238 2632 1310 scriptis
2680 1254 2791 1295 non
2850 1240 3176 1308 constabat,
3227 1240 3503 1296 fidentium
3561 1242 3743 1312 potius

2145 1338 2292 1386 esset
2322 1328 2436 1398 uni,
2462 1346 2626 1401 quem
2656 1332 2803 1387 unde
2850 1319 2903 1387 id
2935 1335 3098 1388 sciret
3129 1332 3431 1401 nesciebat,
3455 1347 3614 1403 quam
3643 1332 3742 1388 lto-

2145 1422 2268 1475 nori
2311 1421 2652 1477 innocentis?
2698 1421 2967 1479 Craterum
3012 1422 3236 1480 dubium
3290 1424 3423 1479 mitti
3472 1439 3581 1480 non
3633 1434 3740 1490 cst,

2145 1524 2433 1581 perperam
2487 1511 2835 1568 intellexisse
2882 1512 3187 1569 Guidonem
3222 1522 3335 1570 tres
3382 1513 3509 1569 illos
3553 1508 3767 1569 mundi

2145 1610 2325 1658 status
2353 1617 2490 1672 quos
2517 1603 2688 1659 abbas
2725 1613 2947 1661 sanctus
2996 1620 3142 1677 sa‘pe
3186 1606 3240 1660 in
3269 1606 3383 1661 suis
3411 1605 3631 1677 scriptis
3658 1605 3741 1660 in-

2145 1696 2345 1764 culcat,
2376 1710 2607 1765 quorum
2639 1696 2846 1766 primus
2874 1697 2943 1753 ab
2964 1697 3141 1755 Adam
3172 1679 3343 1768 usque
3367 1698 3436 1753 ad
3466 1696 3740 1753 Christum

441 1800 577 1839 unus
614 1785 706 1854 qui
742 1793 815 1837 est
854 1784 1106 1837 t-eraciter
1144 1783 1310 1837 trinns
1350 1781 1514 1836 Dens.
1559 1782 1624 1836 Et
1662 1791 1780 1851 post
1818 1794 1989 1851 pauca
2024 1797 2035 1832 :
2070 1780 2119 1840 B
2145 1785 2482 1850 extenditur,
2529 1787 2805 1842 secundus
2849 1802 2880 1841 a
2910 1787 3135 1843 Christo
3176 1801 3349 1859 usque
3390 1788 3457 1843 ad
3497 1798 3741 1859 tempora

442 1875 800 1944 Con/iteanmr
840 1873 1007 1929 Deum
1036 1891 1199 1928 unum
1237 1883 1285 1929 et
1322 1890 1521 1929 suntme
1557 1889 1751 1937 unum;
1780 1872 2036 1941 con/itea-

437 1983 557 2021 mur
600 1967 793 2022 trinum
827 1977 876 2020 et
921 1966 1168 2020 veraciter
1214 1966 1407 2020 trinum
1446 1982 1465 2020 :
1498 1973 1553 2021 et
1581 1964 1754 2020 multa
1787 1965 1841 2019 in
1891 1965 2038 2019 hunc

437 2057 687 2125 modum,
712 2073 833 2128 qua:
862 2067 1013 2112 certe
1042 2055 1367 2113 catholicam
1396 2056 1701 2113 doctrinam
1730 2059 2036 2123 continent,

439 2161 495 2208 ct
523 2167 645 2207 cum
678 2152 758 2207 cis
786 2158 933 2205 stare
963 2149 1174 2220 nequit,
1201 2149 1346 2221 quod
1373 2148 1674 2205 crediderit
1710 2163 1819 2204 non
1860 2146 2038 2215 majo-

443 2261 555 2302 rem
596 2258 718 2301 csse
758 2244 1025 2300 unitatem
1072 2242 1395 2298 substantia:
1438 2243 1601 2298 trium
1637 2256 2039 2311 personarum,

439 2353 604 2409 quam
646 2337 942 2392 multorum
994 2334 1274 2391 hominum
1320 2336 1463 2390 inter
1501 2348 1588 2400 se,
1617 2343 1714 2389 aut
1758 2333 2040 2389 hominum

440 2448 562 2491 cunt
585 2432 730 2489 Deo:
760 2430 1065 2502 quinimmo
1090 2429 1312 2499 quando
1336 2428 1420 2483 his
1440 2425 1888 2483 similitudinibus
1913 2438 2043 2479 usus

442 2533 526 2581 cst
554 2523 623 2579 ad
674 2520 1056 2593 explicandam
1097 2520 1362 2574 unitatem
1407 2516 1715 2582 Trinitatis,
1773 2515 2043 2587 praemisit

443 2615 692 2683 exempla
721 2628 847 2669 esse
877 2611 1166 2667 dissimilia
1202 2628 1215 2664 :
1251 2610 1542 2678 Quomodo,
1569 2610 1668 2675 ait,
1706 2618 1765 2662 ut
1793 2624 1896 2663 non
1933 2623 2041 2661 rent

442 2710 692 2773 similent,
724 2707 813 2762 sed
840 2706 1143 2761 dissimilem
1168 2705 1337 2760 dicam
1360 2745 1374 2771 ,
1403 2704 1565 2758 tribus
1592 2702 1738 2757 Juda
1759 2744 1774 2767 ,
1800 2712 1851 2757 et
1878 2703 2043 2757 tribus

445 2799 745 2871 Beujamt'n,
787 2807 838 2853 et
876 2797 1042 2851 tribus
1080 2795 1205 2850 Levi
1242 2812 1376 2850 unus
1413 2796 1641 2869 populus
1679 2795 1831 2851 dicta
1866 2805 1988 2851 sunt
2021 2812 2040 2856 ;

444 2909 607 2964 neque
632 2880 771 2946 enim
812 2905 929 2944 cum
958 2889 1076 2943 dico
1117 2905 1250 2943 unus
1280 2888 1545 2962 pOpulus,
1572 2896 1818 2960 quartum
1842 2889 2043 2956 aliquid

445 2987 684 3057 assigno;
710 2984 801 3039 sed
824 2983 939 3037 dico
960 2983 1097 3052 quod
1120 2983 1293 3037 unitas
1318 2991 1394 3037 est
1421 2984 1473 3036 in
1501 2981 1607 3037 illis
1631 2981 1820 3047 tribus,
1840 2988 1889 3035 et
1905 2982 2046 3052 quod

446 3094 548 3132 non
575 3078 680 3132 sint
720 3075 915 3141 scisste,
958 3072 1039 3127 vel
1082 3073 1259 3127 diristc
1286 3090 1318 3127 a
1366 3073 1521 3127 domo
1553 3069 1743 3135 David,
1784 3071 2042 3142 quomodo

2142 1875 2200 1932 S.
2235 1876 2296 1931 Ρ.
2327 1875 2631 1941 Benedicti,
2657 1878 2851 1933 tertius
2873 1877 2943 1932 ab
2964 1893 3032 1933 eo
3053 1893 3222 1949 usque
3251 1880 3320 1935 ad
3340 1879 3501 1935 linem
3527 1880 3742 1945 mundi;

2140 1978 2197 2024 et
2226 1969 2280 2024 in
2311 1968 2488 2039 primo
2519 1970 2721 2030 vixisse
2756 1969 3006 2025 homines
3055 1971 3355 2027 secundum
3386 1985 3644 2036 carnem;
3687 1970 3741 2025 itt

2141 2060 2385 2116 secundo
2406 2060 2681 2132 partimin
2707 2076 2895 2128 carne,
2928 2062 3125 2134 partim
3156 2064 3208 2118 in
3235 2063 3466 2134 spiritu;
3495 2064 3547 2119 in
3578 2064 3739 2119 tertio

2141 2154 2441 2210 secundum
2498 2155 2674 2209 solum
2716 2156 2986 2224 spiritum.
3044 2155 3122 2211 De
3165 2155 3251 2210 his
3298 2156 3577 2227 prtecipue
3629 2156 3742 2226 agit

2143 2260 2264 2315 cap.
2301 2247 2352 2299 ii.
2387 2246 2683 2301 introduct.
2717 2246 2770 2301 in
2816 2246 3067 2317 Apocal.,
3101 2257 3157 2303 et
3188 2263 3253 2303 ex
3296 2248 3545 2316 professo
3571 2249 3669 2303 lib.
3699 2263 3738 2304 tt

2143 2334 2490 2399 Concordire,
2524 2345 2684 2391 tract.
2711 2336 2763 2402 l,
2793 2351 2823 2389 a
2855 2338 3034 2407 capite
3060 2337 3094 2392 5
3115 2347 3170 2391 ct
3211 2338 3490 2407 deinceps.
3524 2339 3602 2394 Ex
3630 2354 3739 2408 quo

2146 2425 2337 2481 inferri
2383 2426 2673 2482 videbatur
2726 2442 2900 2497 usque
2952 2427 3019 2483 ad
3067 2426 3128 2484 S.
3202 2427 3556 2484 Benedictum
3631 2442 3738 2483 non

2146 2517 2347 2573 vixisse
2373 2516 2625 2573 homines
2655 2533 2791 2588 pure
2836 2518 3135 2573 secundum
3182 2519 3463 2590 spiritum;
3508 2519 3665 2589 quasi
3696 2519 3743 2573 is

2146 2608 2358 2680 primus
2390 2608 2689 2679 spiritualis
2720 2610 3093 2680 intelligentiat
3140 2610 3420 2681 Evangelii
3473 2610 3741 2680 praedica-

2146 2711 2235 2757 tor
2260 2701 2445 2768 fuerit,
2473 2711 2530 2757 ct
2552 2718 2658 2758 non
2681 2704 2935 2773 apostoli.
2968 2706 3037 2758 At
3067 2718 3198 2759 vero
3242 2705 3288 2759 si
3331 2713 3581 2760 auctores
3604 2719 3745 2774 prte-

2144 2795 2241 2852 fati
2272 2805 2481 2852 attente
2528 2795 2775 2865 legerent
2801 2796 3067 2855 Joacltimi
3107 2797 3330 2869 scripta,
3364 2813 3471 2853 nott
3523 2795 3747 2853 incidis-

2142 2896 2268 2943 sent
2305 2889 2356 2943 iu
2389 2896 2499 2943 tant
2532 2889 2876 2945 manifestam
2912 2890 3266 2959 ignorantiam
3296 2908 3310 2945 :
3341 2890 3501 2961 longe
3521 2899 3573 2946 ct
3597 2890 3741 2945 enim

2144 2981 2291 3035 aliud
2334 2981 2589 3047 intendit,
2634 2993 2690 3037 ut
2724 2982 2842 3053 ipse
2888 2997 2948 3038 se
2973 2983 3233 3053 explicat,
3278 2991 3391 3038 tum
3421 2984 3574 3050 alibi,
3621 2992 3738 3038 tum

2146 3072 2423 3142 prmcipuc
2452 3071 2549 3125 lib.
2582 3088 2635 3128 tv
2663 3071 2935 3128 Concord.
2970 3088 3093 3143 cap.
3117 3075 3172 3139 ὃ,
3205 3075 3461 3128 nimirum
3488 3075 3545 3127 in
3572 3074 3745 3144 primo

448 3173 663 3244 reliquas
690 3172 862 3226 decent
891 3171 1077 3227 tribus.
1111 3168 1297 3227 Solum
1331 3168 1497 3239 igitur
1533 3165 1931 3224 exsecrabatur
1954 3179 2040 3219 as-
2072 3142 2121 3206 Ο
2150 3170 2292 3216 statu
2320 3163 2642 3232 pra’cessisse
2689 3163 2859 3218 solum
2905 3142 3279 3235 significantia,
3305 3167 3431 3237 quia
3461 3142 3643 3220 omnia
3689 3165 3746 3221 in

446 3276 699 3323 serentes
731 3276 930 3337 praeter
957 3273 1070 3321 tres
1098 3276 1358 3333 personas
1391 3276 1515 3317 esse
1546 3268 1798 3331 quartum
1828 3256 2044 3326 aliquod

449 3359 731 3432 (nimirum
764 3358 1003 3413 divinam
1047 3353 1431 3425 substantiam)
1470 3369 1530 3409 re
1558 3353 1676 3425 ipsa
1717 3350 1788 3406 ab
1817 3350 1897 3405 eis
1926 3348 2046 3404 dis-

454 3451 712 3516 tinctam;
746 3448 889 3525 quod
916 3447 1099 3504 forsan
1128 3446 1340 3516 aliquos
1367 3445 1449 3500 sui
1476 3442 1738 3513 temporis
1767 3440 2050 3511 theologos

451 3556 765 3601 asserentes
795 3543 1032 3607 audivit;
1071 3555 1197 3595 nam
1233 3538 1313 3593 ait
1344 3557 1356 3591 ε
1383 3535 1515 3592 Item
1544 3536 1683 3607 quod
1719 3534 1803 3589 his
1832 3535 2049 3606 nequius

453 3648 548 3702 est,
574 3636 749 3691 nescio
772 3636 871 3689 tria
892 3642 1083 3707 prtcter
1097 3631 1462 3695 substantiam,
1492 3645 1624 3684 nova
1644 3629 1943 3682 adinrentio
1960 3643 2019 3680 as
2033 3658 2048 3668 -

451 3730 661 3799 signare
708 3724 1057 3798 prmsumpsit,
1104 3723 1157 3778 itt
1208 3736 1345 3790 quos
1389 3719 1705 3775 exclamat:
1748 3716 1793 3771 0
1820 3719 2052 3771 humana

450 3819 738 3883 temeritas,
783 3834 937 3889 quam
975 3832 1113 3871 cazca
1140 3814 1372 3887 semper!
1400 3812 1444 3867 0
1474 3812 1686 3865 inimica
1715 3827 1913 3883 semper
1939 3810 2052 3878 pie-

449 3913 549 3966 tati
570 3910 951 3984 praesumptio!
988 3912 1034 3962 si
1058 3908 1132 3962 sic
1158 3906 1465 3979 existimasti
1497 3905 1782 3976 simplicem
1827 3904 2053 3957 divinant

448 4005 813 4067 substantiam,
862 4010 918 4055 ut
964 4016 1193 4056 seorsum
1219 4016 1250 4053 α
1282 4000 1514 4067 personis
1560 3995 1863 4067 cogitaveris
1906 3994 2054 4048 illam

452 4095 585 4170 (hoc
611 4102 714 4160 est,
744 4092 1051 4150 credideris
1079 4086 1416 4157 distinctam)
1469 4086 1761 4144 Sabellium
1789 4085 1885 4139 sub
1912 4085 2042 4140 Aria

452 4187 691 4261 palliasti
716 4204 733 4242 :
764 4186 810 4240 si
836 4200 1063 4240 seorsum
1085 4182 1404 4236 asubstantia
1432 4188 1531 4234 tres
1562 4193 1832 4250 personas,
1857 4177 2040 4230 Arium

452 4280 548 4335 sub
608 4277 827 4334 Sabellii
892 4275 1195 4347 palliatione
1262 4288 1496 4329 excusas.
1576 4269 1760 4326 Verba
1824 4267 1943 4323 ltmc
2000 4268 2055 4323 in

453 4373 675 4429 Petrum
710 4370 1074 4427 Lombardutn
1114 4369 1257 4424 dicta
1302 4368 1690 4439 iudicaverunt
1720 4363 1841 4434 ejus
1881 4378 2053 4419 a‘mu-

452 4466 518 4535 li,
542 4474 733 4536 utpote
758 4465 851 4537 qui
883 4465 935 4520 itt
961 4480 999 4533 ι,
1030 4461 1158 4518 dist.
1204 4461 1261 4532 5,
1294 4461 1494 4516 dixerit
1518 4460 1761 4516 divinam
1806 4459 2059 4515 substan-

2154 3256 2324 3324 tigura
2350 3252 2659 3310 futurorum
2686 3256 3075 3327 contingebant
3120 3257 3226 3313 illis
3257 3274 3269 3311 :
3299 3258 3353 3313 in
3378 3257 3605 3311 secundo
3628 3273 3748 3311 suc-

2152 3346 2342 3399 cessive
2363 3345 2735 3418 signiﬁcantia,
2769 3355 2818 3401 et
2848 3347 3140 3421 signiﬁcata
3173 3366 3191 3403 :
3218 3364 3342 3419 qua:
3367 3350 3513 3404 enim
3544 3348 3747 3418 scripta

2152 3447 2280 3493 sunt
2325 3440 2378 3492 in
2425 3451 2568 3493 noro
2597 3437 2976 3506 Testamento,
3028 3439 3331 3512 significata
3378 3450 3505 3496 sunt
3533 3455 3631 3512 per
3658 3456 3750 3496 res

2151 3530 2387 3602 prioris;
2444 3532 2930 3603 signiﬁcaruntquc
2985 3534 3091 3589 alia
3146 3533 3407 3603 deinceps
3464 3534 3642 3588 futura
3692 3534 3747 3588 in

2154 3639 2320 3680 sensu
2342 3624 2610 3694 spirituali
2644 3642 2657 3678 :
2686 3626 2745 3680 in
2771 3626 2923 3679 tertio
2947 3626 3169 3694 denique
3210 3627 3398 3679 amotis
3442 3626 3749 3696 signiﬁcan-

2155 3715 2293 3768 tibus
2320 3721 2497 3768 secuta
2519 3731 2629 3767 esse
2654 3715 3006 3768 tantummodo
3036 3715 3336 3784 signiﬁcata
3368 3730 3386 3768 :
3416 3713 3547 3768 nihil
3577 3714 3749 3783 siqui-

2154 3805 2280 3861 dem
2309 3819 2498 3859 eorum
2524 3820 2645 3875 quas
2674 3815 2801 3859 tunc
2821 3804 3100 3873 accidunt,
3126 3806 3212 3860 vel
3235 3804 3507 3871 accident,
3535 3805 3749 3861 desumi

2155 3905 2340 3969 potest
2367 3906 2637 3967 tamquam
2689 3897 2855 3965 ligura
2889 3895 3125 3966 alicujus
3148 3895 3230 3951 rei
3280 3897 3493 3952 futurae.
3526 3897 3592 3952 Et
3642 3895 3749 3952 ltoc

2158 3989 2401 4045 innuitur
2424 4002 2549 4044 cum
2576 3987 2800 4054 dicitur,
2836 3988 2886 4043 in
2915 3988 3090 4058 primo
3120 3997 3294 4043 totum
3323 4002 3451 4045 esse
3498 4003 3744 4055 carnem,

2157 4082 2212 4139 id
2267 4092 2373 4149 cst,
2416 4082 2664 4153 ﬁguram,
2714 4095 2809 4138 seu
2863 4082 3112 4153 spiritum
3180 4081 3485 4138 futurorum
3519 4084 3609 4139 :in
3642 4090 3752 4138 ter-

2160 4177 2237 4233 tio
2280 4175 2415 4231 nihil
2468 4190 2592 4231 esse
2632 4174 2775 4246 quod
2820 4175 2989 4245 tigttra
3029 4175 3121 4241 sit,
3169 4175 3265 4231 sed
3306 4175 3486 4230 omnia
3536 4189 3657 4230 esse
3688 4176 3752 4228 ti-

2158 4277 2372 4341 gurata,
2415 4267 2571 4340 quasi
2620 4268 2874 4339 spiritum
2926 4269 3362 4340 praeteritorum;
3400 4284 3521 4324 cum
3568 4276 3752 4323 tamen

2161 4362 2215 4417 in
2246 4359 2487 4417 secundo
2516 4348 2805 4429 utrumque
2848 4361 3008 4415 simul
3038 4359 3346 4429 reperiatur
3381 4368 3601 4428 propter
3625 4359 3754 4411 nori

2161 4450 2497 4510 Testamenti
2527 4451 2936 4535 excellentiam,
2971 4451 3115 4521 quod
3139 4449 3205 4505 ad
3231 4450 3405 4520 ipsum
3434 4457 3663 4519 Spectat,
3697 4448 3754 4504 in

455 4519 588 4614 tiam
609 4519 802 4629 'ncqne
832 4519 1070 4628 genitam
1097 4519 1260 4621 esse;
1293 4568 1472 4623 neque
1501 4551 1920 4623 procedentem,
1952 4564 2051 4605 ne-
2081 4519 2138 4581 D
2162 4561 2269 4618 quo
2291 4558 2346 4603 et
2366 4546 2617 4618 spiritum
2648 4528 3073 4617 praeteritorum,
3101 4554 3157 4601 et
3185 4546 3411 4617 figuram
3444 4544 3754 4599 futurorum

455 4667 568 4724 que
626 4660 1015 4720 gctterantem;
1053 4645 1373 4704 Joacltitnus
1434 4656 1615 4701 tamen
1669 4659 1793 4701 eum
1835 4644 2057 4716 proprio

458 4744 679 4799 nomine
708 4758 817 4798 non
839 4740 1139 4812 expressit;
1162 4737 1308 4811 quod
1332 4735 1377 4792 si
1408 4736 1633 4792 forsitan
1658 4736 1711 4791 in
1731 4751 1853 4791 eum
1878 4736 2057 4791 invec-

459 4847 551 4893 tus
579 4846 687 4903 est,
721 4836 774 4891 in
822 4850 946 4891 eum
994 4847 1219 4888 sensum
1267 4830 1432 4887 verba
1474 4828 1591 4899 ejus
1636 4828 1869 4897 accepit,
1904 4827 2057 4899 quasi

460 4927 699 4982 voluerit
728 4924 1090 4980 substantiam
1112 4920 1349 4976 divinam
1382 4934 1488 4974 non
1508 4932 1634 4974 esse
1656 4931 1776 4972 eam
1796 4931 1911 4971 rem
1939 4931 2059 4987 qua:

458 5028 549 5073 est
573 5019 779 5089 genita,
813 5026 904 5070 aut
928 5027 1223 5085 gettcrans,
1251 5020 1345 5065 aut
1371 5009 1700 5081 procedens;
1732 5007 1877 5077 quod
1908 5022 2058 5062 erro-

464 5125 632 5165 neum
662 5118 811 5164 esset
836 5121 1090 5163 asserere
1116 5121 1129 5159 :
1163 5118 1288 5158 cum
1317 5112 1496 5157 tamen
1528 5102 1582 5155 in
1626 5113 1792 5154 sensu
1841 5096 2058 5152 formali

464 5206 630 5261 verba
674 5203 925 5275 magistri
953 5200 1268 5271 accipienda
1300 5198 1431 5254 sint.
1466 5195 1574 5252 Sed
1602 5194 1671 5251 de
1703 5194 1787 5250 his
1827 5194 2057 5249 aliorum

465 5306 587 5353 csto
631 5296 922 5367 judicium,
973 5292 1105 5350 mihi
1149 5297 1237 5347 sat
1284 5290 1358 5345 sit
1405 5288 1760 5343 intentionem
1793 5285 2059 5342 .loaeltimi

466 5402 657 5443 sanam
689 5387 878 5454 fuisse,
911 5396 963 5442 et
991 5398 1160 5454 super
1186 5381 1289 5438 hac
1316 5385 1589 5437 suantmet
1628 5376 1975 5433 aillictionem
2006 5387 2063 5433 et

469 5478 878 5535 damnationem
906 5476 1248 5549 praedixisse.

547 5574 725 5643 Atque
751 5573 871 5627 hsce
899 5571 953 5626 in
993 5569 1221 5641 gratiam
1250 5564 1465 5623 Baronii
1510 5563 1654 5620 dicta
1681 5564 1812 5632 sint,
1846 5564 2068 5619 adducti

473 5679 506 5718 a
540 5664 815 5721 Pennotto
840 5666 895 5720 in
922 5662 1435 5719 condemnationem
1466 5657 1759 5715 Joaeltimi.
1788 5656 1895 5713 Sed
1937 5672 2069 5713 vero

479 5755 795 5827 Alphoth
825 5757 891 5813 de
911 5756 1108 5812 Casam
1136 5753 1327 5809 doctus
1372 5750 1613 5822 alioquin
1644 5748 1746 5816 vir,
1780 5747 2067 5805 manifeste

2159 4639 2403 4711 reperire
2447 4638 2597 4693 licet.
2627 4637 2783 4706 Quod
2809 4636 2853 4691 si
2885 4636 2954 4694 de
2980 4650 3048 4693 eo
3078 4636 3392 4704 admiraris,
3421 4633 3567 4706 quod
3610 4632 3759 4689 tertii

2160 4740 2334 4788 status
2386 4730 2599 4786 initium
2656 4729 2837 4800 potius
2887 4743 2917 4783 a
2969 4737 3159 4784 sancto
3219 4726 3531 4793 Benedicto,
3593 4740 3755 4796 quam

2161 4825 2230 4889 ab
2302 4822 2424 4879 aliis
2495 4816 2697 4878 sanatis
2767 4820 2890 4877 novi
2965 4820 3297 4876 Testamenti
3361 4819 3624 4888 accipiat,
3702 4819 3758 4873 in

2163 4924 2415 4987 promptu
2465 4923 2586 4982 est,
2636 4914 2780 4987 quod
2828 4911 2924 4969 tibi
2975 4912 3331 4984 respondeam
3394 4927 3462 4968 ex
3511 4912 3757 4968 doctrina

2167 5008 2463 5075 Concord.,
2522 5009 2666 5064 libro
2736 5022 2804 5075 ιι,
2877 5015 3107 5063 tractatu
3165 5007 3231 5074 ι,
3291 5019 3411 5075 cap.
3469 5005 3538 5060 14
3586 5020 3759 5076 usque

2167 5107 2234 5163 ad
2265 5107 2355 5172 18,
2389 5114 2501 5161 tres
2547 5104 2674 5161 illos
2701 5112 2875 5160 status
2904 5118 3010 5159 non
3057 5102 3226 5174 gratis
3269 5101 3615 5167 dit-idcndos,
3662 5099 3758 5155 sed

2168 5214 2340 5272 penes
2362 5197 2618 5256 eumdem
2650 5213 2936 5254 numerum
2960 5197 3375 5266 generationum
3402 5214 3417 5263 ;
3462 5212 3569 5252 non
3601 5194 3763 5248 aliter

2168 5301 2332 5363 atque
2360 5289 2502 5362 apud
2532 5288 2872 5356 Matthtcum,
2896 5303 3017 5359 cap.
3049 5304 3090 5355 ι,
3144 5296 3318 5344 status
3346 5288 3437 5343 ille
3485 5286 3761 5340 hominum

2170 5385 2241 5441 ab
2270 5382 2544 5441 Abraham
2570 5395 2741 5450 usque
2761 5380 2828 5436 ad
2852 5378 3128 5435 Christum
3153 5382 3327 5435 tribus
3350 5375 3759 5447 generationnm

2173 5474 2629 5535 tcssaradccadis.
2670 5473 2775 5529 hoc.
2820 5480 2904 5529 cst
2934 5472 3005 5528 42
3035 5481 3279 5541 generat.
3334 5462 3714 5535 complectitur
3746 5479 3761 5517 :

2171 5568 2319 5640 quod
2350 5566 2567 5640 quidem
2594 5580 2662 5622 eo
2688 5564 2795 5621 loci
2823 5564 3060 5636 qualiter
3101 5554 3626 5617 accommodandum
3669 5554 3765 5619 sit,

2174 5658 2492 5716 Joachimus
2521 5657 2631 5713 late
2662 5656 2914 5728 exponit.
2944 5655 3279 5721 Quamquam
3310 5655 3367 5703 et
3408 5647 3552 5701 ineo
3580 5644 3767 5699 veriti-

2174 5751 2285 5806 cari
2309 5759 2471 5821 queat
2503 5747 2799 5819 spiritualis
2822 5747 2930 5801 vita
2962 5741 3105 5798 tertii
3129 5748 3328 5807 status,
3358 5735 3504 5811 quod
3536 5751 3563 5789 a
3590 5734 3650 5792 S.
3678 5735 3753 5791 De
