4122 6174
478 273 585 331 627

1381 283 1680 346 FLAVIUS
1717 283 1969 350 LUCIUS
2008 288 2292 355 DEXTER
2331 297 2864 366 CllRONOLOGUS.

3676 305 3785 378 sas

483 392 704 448 nedicto
737 394 910 450 multo
940 397 1112 468 magis
1135 399 1296 470 quam
1319 402 1472 472 prius
1501 405 1756 462 examina
1778 410 2078 467 monacho-
2105 431 2155 489 Α
2185 411 2282 470 sed
2310 415 2720 477 abbreviatione
2741 415 3008 494 quadam:
3036 421 3284 484 Murillus
3307 421 3578 500 integrum
3598 445 3788 490 exem-

482 503 627 553 rum,
654 488 796 558 apud
822 505 961 560 quos
1007 492 1310 562 spiritualis
1344 495 1452 552 vita
1487 492 1664 554 locum
1703 514 1861 557 suum
1893 501 2077 572 habet,

486 580 840 650 multiplicari
873 599 1115 654 coepere.

557 671 691 737 Quae
726 689 845 728 cum
881 676 954 730 ita
981 675 1093 731 sint
1118 713 1134 742 ,
1167 678 1306 734 nihil
1337 688 1422 736 est
1462 682 1607 751 quod
1635 683 1950 743 Joachimus
1987 687 2082 744 de-

483 774 758 821 mereatur
785 779 845 822 ut
882 770 1088 825 erroris
1129 773 1332 841 passim
1365 775 1715 835 insimuletur
1747 795 1762 834 :
1796 788 1890 836 aut
1916 782 1966 837 ei
1996 795 2084 837 re-

481 861 729 916 verentia
760 873 953 917 sancto
977 862 1093 918 \il‘O
1119 863 1300 921 debila
1322 882 1431 923 non
1455 870 1804 939 exhibentur,
1837 873 2083 942 quando-

485 953 704 1023 quidem
759 955 1107 1011 sanctitatem
1149 958 1276 1014 vitae
1328 960 1540 1031 ipsius,
1601 962 1742 1020 Deus
1798 963 2079 1022 humilium

481 1056 884 1116 rcmunerator,
919 1049 1222 1106 innumeris
1247 1065 1416 1124 prope
1446 1053 1726 1112 miraculis
1749 1058 2077 1128 propalavit,

480 1153 603 1208 qua:
644 1139 796 1209 justo
849 1140 1126 1198 volumine
1169 1143 1460 1217 descripsit
1509 1149 1768 1204 venerab.
1814 1150 2083 1222 archiepi-

482 1246 682 1302 sc0pus
713 1233 1043 1289 Cosentinus
1086 1235 1261 1291 Lucas
1303 1238 1547 1308 ejusdem
1597 1239 1868 1298 .loachimi
1915 1242 2082 1300 disci~

481 1325 643 1394 pulns
670 1373 684 1396 ,
716 1337 770 1383 et
799 1341 868 1383 ex
897 1343 965 1383 eo
1003 1329 1240 1386 Jacobus
1276 1328 1500 1388 Graecus
1524 1376 1538 1400 ,
1574 1333 1726 1404 prior
1757 1334 2036 1391 Florensis
2059 1380 2077 1407 ,

479 1417 620 1474 libro
649 1417 718 1474 de
748 1417 850 1474 hac
892 1435 954 1475 re
995 1420 1144 1478 edito
1169 1463 1186 1490 ,
1233 1423 1326 1494 qui
1356 1422 1408 1478 in
1435 1425 1660 1481 archivo
1688 1425 1936 1496 ejusdem
1962 1439 2078 1483 cte-

478 1511 631 1566 nobii
677 1523 1015 1581 asscrvatur,
1055 1521 1110 1570 et
1141 1516 1310 1586 ipsius
1339 1519 1620 1590 exemplar
1643 1517 1699 1575 in
1741 1519 2079 1577 Bibliotheca

481 1603 748 1659 Aniciana
776 1605 988 1675 collegii
1019 1605 1342 1677 Gregoriani
1387 1609 1457 1664 de
1495 1611 1653 1666 urbe.
1685 1608 1878 1667 Videat
1918 1609 2082 1682 igitur

480 1705 668 1750 noster
695 1695 971 1753 Peunotus
999 1707 1235 1768 quantus
1263 1699 1513 1770 qualillce
1552 1701 1716 1756 fuerit
1747 1699 1796 1756 is
1822 1717 1983 1772 quem
2011 1703 2080 1758 ab

2186 507 2305 578 plar
2329 522 2520 566 nactus
2550 522 2632 568 est
2659 514 2727 569 ab
2755 516 2872 585 ipso
2900 515 2959 573 Ρ.
2989 515 3248 589 ΙιΙίειιοιδιι,
3278 522 3425 593 quod
3449 532 3632 582 tamen
3660 543 3788 585 cor-

2187 613 2349 672 rupte
2395 603 2686 663 admodum
2729 607 3154 681 Ca'saraugustte
3185 614 3514 683 impressum
3557 621 3696 689 fuit,
3728 633 3789 679 et

2187 695 2394 753 idcirco
2423 701 2665 767 oportuit
2694 702 2826 760 illttd
2856 705 2922 760 ad
2969 707 3074 762 alia
3112 709 3442 782 applicatum
3481 715 3783 787 corrigere.

2187 789 2264 844 uti
2295 806 2396 861 ego
2434 792 2536 848 fcei
2576 796 2866 854 conferens
2897 797 3072 868 ipsum
3112 818 3234 858 eum
3280 809 3577 879 exemplari
3604 811 3783 868 'l‘olcti

2185 881 2487 940 exsistente
2513 883 2566 942 in
2605 884 2937 947 bibliotheca
2977 893 3194 950 comitis
3228 895 3297 952 de
3326 897 3498 965 Mora,
3527 916 3694 971 opera
3717 903 3782 960 P.

2187 974 2438 1046 lligucrm
2461 979 2528 1033 ad
2558 979 2720 1037 ﬁdein
2762 981 2844 1038 sui
2876 996 3207 1054 correctum,
3243 1000 3297 1045 et
3325 990 3738 1051 collationatum
3764 1017 3780 1062 ;

2186 1076 2241 1121 et
2268 1067 2414 1123 aliud
2438 1070 2582 1141 quod
2609 1083 2788 1129 exstat
2811 1075 2863 1130 in
2892 1074 3224 1136 bibliotheca
3240 1081 3389 1153 regia
3414 1083 3475 1141 S.
3504 1084 3784 1146 Laurentii

2184 1155 2240 1211 in
2291 1157 2564 1217 Excuriali
2588 1205 2604 1231 ,
2637 1171 2804 1235 atque
2851 1167 2977 1223 huic
3019 1169 3103 1225 sic
3138 1185 3389 1230 correcta
3412 1216 3428 1243 ,
3462 1178 3605 1248 quod
3639 1195 3786 1236 nunc

2185 1247 2431 1322 profero,
2461 1251 2726 1326 integram
2758 1256 2919 1314 ﬁdem
2940 1258 3305 1319 adhibendam
3337 1264 3446 1322 late
3469 1247 3693 1338 probavi
3726 1271 3782 1327 in
3869 1319 3876 1325 .

2185 1337 2442 1400 Chronici
2471 1345 2786 1406 defensione
2811 1351 3188 1422 praeliminari.
3218 1355 3373 1424 Quod
3400 1375 3431 1414 a
3461 1337 3784 1430 Magdebur-

2186 1434 2447 1506 geusibus
2469 1439 2712 1496 vitiatum
2762 1445 3052 1510 asseritur,
3081 1447 3226 1504 haud
3275 1447 3408 1507 mihi
3455 1451 3615 1509 facile
3663 1470 3784 1524 pcr-

2184 1527 2413 1597 suadeo,
2447 1545 2569 1587 cum
2597 1532 2736 1589 nihil
2763 1536 2908 1606 quod
2931 1537 3182 1595 hmresim
3212 1541 3534 1612 sapiat,aut
3563 1560 3783 1603 errores

2185 1632 2318 1677 suos
2335 1639 2552 1696 quoquo
2570 1627 2735 1682 modo
2755 1629 2948 1698 juvare
2969 1642 3154 1702 queat,
3181 1635 3234 1689 in
3265 1643 3380 1691 toto
3407 1637 3596 1694 codice
3622 1654 3782 1710 repe-

2185 1713 2380 1782 riatur,
2411 1717 2516 1774 nisi
2547 1717 2670 1790 quis
2699 1719 2831 1777 velit
2857 1723 3118 1792 quasdam
3151 1727 3602 1798 transcriptiones
3627 1771 3643 1796 ,
3682 1747 3783 1786 seu

477 1787 666 1845 inferis
691 1800 1122 1846 resurrecturum
1154 1801 1372 1861 sperat;
1421 1801 1477 1850 et
1504 1805 1666 1865 quam
1705 1793 1844 1851 belle
1874 1810 2074 1853 nomen
2106 1820 2153 1881 Β
2183 1805 2348 1862 etiam
2379 1787 2769 1880 replicationes
2804 1814 3200 1872 sententiarum
3227 1861 3242 1886 ,
3277 1835 3414 1890 quas
3444 1820 3496 1875 in
3529 1835 3596 1877 co
3625 1838 3786 1892 repe-

481 1877 702 1935 Goliath
732 1882 938 1936 sanctis
969 1881 1101 1938 viris
1127 1882 1458 1953 imponatur.

489 2015 518 2086 §
559 2015 674 2072 Vll.
720 2017 951 2090 Objectis
975 2036 1006 2073 a
1037 2019 1294 2076 Peunotto
1330 2031 1512 2078 contra
1555 2023 1735 2080 Dextri
1778 2031 1826 2080 et
1855 2021 2081 2080 Maximi

1013 2089 1269 2147 Chronica
1298 2095 1356 2163 fit
1388 2095 1536 2178 satis.

480 2182 483 2185 ’
552 2204 698 2266 Cum
718 2219 850 2276 ergo
876 2220 1015 2278 opus
1044 2222 1204 2262 suum
1236 2207 1418 2265 videat
1442 2209 1510 2264 Β.
1543 2211 1606 2267 Ρ.
1637 2209 1940 2268 Pennottus
1965 2212 2079 2268 eis-

483 2293 606 2350 dem
651 2297 886 2352 vinculis
930 2299 1136 2354 irrctiri
1163 2340 1179 2366 ,
1222 2301 1418 2371 quibus
1469 2300 1781 2357 Chronicon
1832 2313 2078 2358 nostrum

480 2388 688 2443 vincire
711 2390 847 2456 vult,
876 2390 1150 2462 reliquum
1172 2392 1296 2462 erit,
1321 2400 1381 2448 nt
1405 2394 1592 2450 mitius
1613 2393 1872 2466 deinceps
1893 2395 2079 2452 nobis-

481 2493 604 2534 cum
638 2489 796 2550 agat;
827 2491 881 2536 et
909 2483 1096 2538 credat
1123 2486 1346 2555 proprio
1370 2484 1598 2541 edoctus
1640 2487 1887 2556 periculo
1932 2485 2077 2542 haud

480 2571 707 2629 difﬁcile
731 2576 783 2629 in
813 2576 1061 2646 quemvis
1092 2593 1253 2646 posse
1275 2577 1473 2634 librum
1499 2589 1816 2651 argumenta
1843 2579 2075 2650 jactari;

484 2665 832 2734 tametsijure
853 2682 918 2722 ne
947 2683 1015 2722 an
1040 2669 1236 2738 injuria
1270 2670 1322 2725 id
1353 2673 1466 2738 liat,
1487 2671 1756 2727 lectorum
1783 2673 1991 2742 judicio
2007 2674 2079 2730 sit

483 2757 1081 2829 relinquendumﬁunc
1100 2777 1229 2818 vero
1251 2763 1316 2819 ad
1341 2765 1683 2834 obiectiones
1708 2780 1834 2823 suas
1853 2781 2079 2838 respon-

486 2850 674 2906 siones
698 2863 913 2908 nostras
936 2854 1203 2911 adhibere
1235 2857 1576 2924 curabimus,
1600 2873 1710 2930 quo
1727 2859 2079 2916 videatttom-

484 2955 580 2994 nes
595 2941 728 2997 nihil
744 2958 932 2999 eorum
945 2946 1327 3003 auctoritatem
1342 2947 1594 3005 Chronici
1612 2965 1876 3007 enervare
1889 2965 2074 3022 posse.

557 3033 614 3088 In
639 3035 828 3105 primis
860 3037 1120 3109 quidquid
1144 3038 1211 3094 de
1229 3043 1667 3112 conservatione,
1684 3051 1740 3099 et
1761 3044 2078 3101 inventione

484 3125 659 3196 ipsius
709 3127 973 3186 hactenus
1004 3146 1033 3184 a
1066 3131 1300 3189 diversis
1345 3134 1546 3192 dictum
1589 3144 1714 3203 est,
1759 3152 1830 3193 ex
1880 3138 2076 3194 eodem

479 3219 752 3290 principio
776 3223 1038 3290 nascitur,
1066 3223 1449 3296 discreparunt
1469 3228 1740 3298 siquidem
1763 3229 1910 3286 inter
1932 3245 1992 3286 se
2011 3245 2076 3287 ex

480 3311 742 3378 Opinione
764 3314 937 3384 vulgi,
969 3331 1092 3386 qua:
1122 3331 1223 3386 pro
1245 3317 1564 3376 diversitate
1591 3319 1837 3376 locorum
1864 3321 2078 3379 diversa

481 3416 607 3455 esse
636 3403 802 3469 solet,
836 3419 944 3458 non
972 3420 1038 3460 ex
1069 3422 1194 3462 vera
1226 3409 1439 3477 uetitia,
1471 3426 1634 3481 quam
1663 3411 1769 3482 ipsi
1793 3412 2076 3470 haberent.

483 3491 637 3560 Quod
663 3493 788 3548 dico
814 3507 1042 3566 propter
1065 3497 1124 3552 Ρ.
1147 3497 1414 3554 Joannem
1430 3501 1725 3571 Calderon,
1754 3502 1846 3573 qui
1874 3517 1940 3560 ea
1959 3521 2077 3575 qutn

481 3582 551 3637 dc
585 3583 855 3652 Chronico
887 3596 1108 3656 reperto
1151 3589 1220 3643 ab
1263 3591 1679 3663 archiepiscopo
1721 3593 2077 3652 Braccarensi

481 3677 742 3746 scripsit,
771 3693 839 3732 ex
870 3681 1133 3748 Opinione
1164 3683 1305 3753 vulgi
1333 3683 1546 3753 posuit,
1576 3702 1684 3742 non
1713 3702 1779 3743 ex
1813 3689 2078 3747 relatione

481 3766 543 3820 P.
580 3767 900 3844 llieronymi
941 3773 1008 3827 de
1034 3773 1082 3828 la
1117 3773 1351 3846 liiguera
1381 3791 1474 3832 aut
1502 3779 1565 3835 P.
1600 3780 1826 3838 Thomas
1845 3783 1914 3840 de
1943 3785 2078 3840 Tor-

481 3859 630 3915 ralba
654 3905 668 3930 ,
711 3864 906 3932 quibus
937 3865 1183 3922 inventio
1228 3868 1482 3926 debetur.
1515 3871 1703 3944 Neque
1747 3874 1874 3931 huic
1904 3892 2076 3948 oppo-

479 3951 623 4004 ttitur
643 3953 787 4022 quod
815 3955 1016 4012 dicitur
1030 3967 1307 4029 repertum
1326 3963 1477 4031 prius
1498 3978 1621 4021 esse
1638 3967 1706 4022 ab
1731 3967 2070 4039 Euthrando,

479 4049 536 4095 et
582 4042 874 4111 aliquando
903 4048 1177 4116 quoddam
1210 4050 1327 4119 ejus
1357 4057 1665 4125 exemplum
1703 4059 1844 4128 apud
1878 4059 2070 4118 Sislam

478 4131 651 4187 fuisse
680 4151 692 4187 :
728 4144 1019 4209 utrumque
1045 4140 1318 4211 siquidem
1351 4159 1541 4201 verum
1571 4162 1693 4205 esse
1719 4151 2072 4220 probavimus

474 4225 530 4279 in
585 4227 750 4296 priori
797 4239 948 4298 parte
1003 4240 1206 4290 nostra:
1253 4237 1628 4308 pratiationis,
1682 4256 1791 4312 quo
1839 4243 2070 4302 lectores

477 4317 737 4376 amando.
775 4320 1147 4394 Discrepantia
1186 4328 1435 4384 codicum
1477 4331 1606 4388 inde
1646 4346 1826 4390 ortum
1859 4323 2066 4406 habuit,

471 4411 615 4478 quod
629 4410 692 4466 P.
719 4411 950 4484 lliguera
968 4432 1090 4472 cum
1104 4424 1512 4490 requireretura
1528 4426 1733 4494 multis,
1746 4439 1800 4484 et
1815 4432 2068 4501 nequiret

471 4508 683 4563 cunctis
720 4507 988 4582 integrum
1017 4513 1368 4584 Chronicon,
1398 4519 1542 4589 quod
1579 4521 1759 4577 adhuc
1803 4539 2063 4581 escusum

466 4616 574 4658 non
599 4613 718 4659 erat
747 4645 762 4672 ,
812 4609 1259 4678 communicare,
1309 4611 1554 4670 diversas
1601 4629 1702 4686 pro
1747 4614 2064 4676 diversitate

470 4694 788 4763 petitionum
822 4697 1098 4756 clausulas
1133 4717 1230 4758 seu
1263 4703 1704 4764 abbreviationes
1743 4710 2056 4780 exscripsit.

467 4785 560 4841 Sic
589 4789 848 4860 episcopo
877 4785 1141 4863 Tudensi,
1174 4803 1362 4867 utpote
1391 4797 1765 4869 Benedictino,
1792 4816 1857 4858 ea
1880 4803 2056 4861 solum

464 4878 638 4944 misit,
670 4896 789 4949 quae
819 4883 888 4938 ad
917 4884 1168 4942 ordinem
1194 4886 1252 4942 S.
1287 4887 1350 4942 Ρ.
1383 4887 1690 4958 Benedicti,
1718 4900 1810 4948 aut
1837 4906 2058 4953 sanctos

463 4967 810 5058 episcOpatus
845 4973 1115 5032 Tudensis
1159 4977 1436 5048 pertinere
1462 4980 1811 5054 videbantur,
1848 4994 1908 5040 ut
1939 4986 2055 5058 ipse

460 5054 798 5117 Prudentius
828 5066 896 5122 de
925 5066 1198 5124 Sandoval
1226 5069 1465 5127 affirmat
1503 5072 1556 5128 in
1587 5073 1685 5130 lib.
1713 5076 1782 5132 de
1813 5054 2053 5135 Ecclesia

461 5147 722 5207 Tudensi.
756 5154 847 5211 Sic
869 5158 1241 5218 illustrissimo
1264 5164 1680 5239 archiepiscopo
1699 5169 2053 5230 Braccarensi

457 5243 803 5314 professione
831 5249 1226 5320 Augustiniano
1247 5295 1265 5323 ,
1295 5271 1386 5314 res
1421 5260 1507 5316 sui
1542 5259 2052 5335 archiepiscopatus

455 5344 514 5392 et
540 5337 748 5395 ordinis
777 5343 1101 5410 transmisit,
1130 5347 1274 5417 quod
1301 5349 1536 5407 afﬁrmat
1556 5351 1790 5410 Losada.
1815 5354 1908 5412 Sic
1929 5357 2052 5413 aliis

453 5427 638 5484 multis
685 5446 785 5503 pro
829 5432 1147 5492 diversitate
1195 5442 1598 5507 provinciarum
1639 5446 1932 5514 satisfecit;
1981 5465 2048 5505 ex

451 5523 644 5592 quibus
666 5524 1172 5586 abbreviationibus
1193 5533 1342 5587 varia
1362 5536 1608 5605 exetnpla
1633 5537 1773 5592 facta
1798 5539 2043 5596 fuerunt:

451 5613 594 5671 haud
620 5618 844 5674 dubium
863 5622 1018 5676 novis
1041 5638 1260 5696 semper
1275 5630 1477 5682 erratis
1506 5643 1547 5682 si
1567 5631 2040 5702 atentia,qnorum

448 5709 680 5766 alterum
732 5717 922 5782 procul
972 5717 1138 5773 dubio
1193 5718 1293 5775 fuit
1341 5721 1583 5792 episcopi
1632 5722 2036 5796 Segorbicusis.

443 5799 518 5857 Μ.
548 5802 784 5865 Joannes
811 5808 1063 5883 Marqucz
1089 5827 1199 5874 non
1227 5814 1443 5889 integro
1468 5813 1740 5896 Chronico
1769 5834 1900 5881 usus
1925 5832 2031 5894 est,

2184 1896 2282 1954 riri
2313 1900 2426 1955 suis
2454 1901 2589 1958 locis
2629 1904 2966 1962 ostendimus
2989 1950 3004 1972 ,
3036 1906 3304 1965 literetieis
3346 1911 3454 1966 illis
3503 1912 3780 1981 tribuere,

2185 1989 2260 2045 uti
2291 1990 2354 2045 P.
2386 1990 2618 2063 iiiguera
2649 1994 2980 2054 existimavit
3005 2039 3022 2065 ,
3063 2016 3129 2056 eo
3159 2010 3337 2056 motus
3366 2003 3511 2070 quod
3541 2005 3706 2061 sciret
3751 2022 3782 2061 a

2185 2075 2742 2154 Magdcburgensibus
2790 2087 2958 2146 libros
3013 2100 3066 2146 et
3116 2091 3472 2150 bibliothecas
3513 2094 3779 2166 vitiatus;

2183 2171 2283 2229 sed
2332 2171 2386 2229 id
2440 2173 2641 2232 Dextro
2682 2194 2898 2251 quoque
2944 2191 3095 2238 certo
3142 2181 3438 2256 contigisse
3479 2187 3781 2244 nesciebat.

2183 2261 2346 2325 Certe
2374 2265 2420 2325 si
2442 2275 2898 2344 corrumpendum
2925 2275 2996 2332 ab
3020 2275 3289 2335 hmreticis
3311 2285 3426 2335 erat
3447 2277 3782 2351 Chronicon,

2185 2357 2423 2420 haereses
2454 2364 2670 2422 illorum
2706 2384 2813 2424 non
2845 2369 3131 2443 effugeret.

2257 2457 2388 2523 Qua:
2421 2457 2472 2514 in
2504 2461 2786 2529 epistolam
2834 2463 3224 2522 dedicatoriam
3262 2466 3448 2523 Dextri
3479 2468 3786 2527 Pennottus

2185 2547 2392 2618 objicit,
2426 2549 2504 2604 bis
2531 2567 2558 2604 a
2590 2553 2748 2609 nobis
2776 2554 2956 2611 soluta
2981 2568 3128 2629 sunt,
3158 2558 3413 2617 nimirum
3446 2562 3498 2618 in
3525 2561 3610 2633 §2
3639 2565 3788 2636 Apo-

2183 2635 2343 2711 logia:
2371 2643 2786 2718 praeliminaris,
2818 2659 2875 2704 et
2920 2648 2974 2706 in
3020 2655 3431 2711 commentariis
3471 2655 3539 2713 ad
3578 2672 3784 2716 annum

2182 2729 2310 2798 450,
2339 2733 2406 2787 ad
2437 2733 2622 2792 ultima
2650 2737 2816 2796 verba
2858 2737 3128 2800 Chroniti.

2256 2824 2428 2883 Porro
2457 2829 2514 2884 S.
2561 2830 2908 2890 Petronillam
2930 2852 3057 2894 vere
3097 2839 3158 2894 Β.
3196 2839 3461 2914 principis
3505 2845 3783 2916 apostolo-

2183 2933 2302 2975 rum
2329 2936 2398 2977 ex
2428 2923 2779 2983 matrimonio
2821 2929 2987 2986 tiliam
3035 2931 3202 2989 fuisse
3227 2975 3244 2999 ,
3286 2937 3583 2994 multorum
3626 2940 3781 2996 testi-

2183 3013 2385 3069 moniis
2433 3029 2532 3071 suo
2578 3015 2699 3074 loco
2730 3021 3011 3090 probatum
3041 3039 3072 3080 a
3101 3025 3258 3082 nobis
3295 3038 3399 3095 est,
3443 3029 3530 3086 ubi
3562 3031 3778 3088 ltaronii

2183 3103 2412 3175 objectis
2455 3109 2843 3170 satisfecimus.
2897 3116 3084 3187 Neque
3128 3119 3284 3176 nobis
3330 3120 3350 3194 (
3374 3131 3432 3177 ut
3477 3122 3779 3180 Pennottus

2106 3208 2152 3272 ρ
2183 3197 2480 3280 existimat)
2515 3199 2576 3255 D.
2610 3203 2746 3274 Aug.
2777 3203 2871 3260 lib.
2917 3214 3107 3262 contra
3141 3208 3527 3280 Adimantum,
3558 3224 3780 3271 contra-

2183 3277 2316 3344 dicit
2340 3331 2355 3356 ,
2387 3305 2510 3348 nam
2548 3295 2763 3351 tametsi
2808 3311 2928 3369 cap.
2963 3298 3056 3354 illo
3087 3300 3155 3357 17
3185 3302 3468 3361 historiam
3513 3277 3583 3362 de
3630 3307 3776 3366 Petri

2183 3378 2293 3434 ﬁlia
2323 3396 2352 3437 a
2384 3384 2625 3456 paralysi
2656 3397 2864 3454 sanata,
2898 3399 2952 3445 et
2991 3389 3061 3447 de
3103 3391 3208 3448 lilia
3239 3392 3515 3452 hortulani
3547 3398 3616 3453 ad
3649 3415 3776 3470 pre-

2181 3487 2298 3529 cem
2333 3475 2501 3544 ipsius
2532 3486 2743 3535 mortua
2771 3519 2794 3551 ,-
2819 3497 2883 3537 ex
2917 3485 3244 3556 apocryphis
3283 3486 3493 3545 desunti
3527 3490 3776 3549 videatur

2180 3579 2462 3629 asserere;
2508 3585 2616 3624 non
2645 3581 2824 3628 tamen
2851 3577 3052 3632 asserit
3085 3591 3208 3634 esse
3247 3580 3641 3652 apocrypltum,
3675 3583 3776 3640 Pe-

2180 3666 2322 3713 trum
2355 3662 2661 3732 apostolum
2706 3664 2958 3723 habuisse
2986 3667 3148 3725 ﬁliam
3177 3711 3192 3737 ,
3233 3671 3329 3727 sed
3360 3675 3501 3744 quod
3532 3673 3624 3730 illa
3653 3675 3775 3746 ejus

2180 3752 2431 3820 precibus
2463 3771 2592 3811 sana
2628 3760 2766 3814 facta
2791 3760 2882 3815 sit.
2911 3760 2976 3816 Et
3003 3763 3358 3820 nihil-nninus
3384 3775 3509 3822 nota
3539 3783 3767 3844 apocry-

2180 3847 2411 3916 phorum
2457 3865 2518 3904 ea
2571 3852 2750 3907 omnia
2796 3853 3268 3925 comprehendere
3298 3859 3530 3927 videtur,
3563 3880 3683 3934 qnte
3715 3866 3770 3920 in

2178 3940 2350 3998 sacris
2380 3944 2575 4000 litteris
2600 3947 2827 4004 minime
2851 3961 3156 4008 narrantur.
3184 3953 3568 4027 Apocryphum
3597 3959 3769 4029 siqui-
3844 4013 3847 4015 .

2175 4031 2298 4089 dem
2347 4033 2480 4090 illud
2525 4037 2747 4104 dicitur,
2787 4040 2930 4112 quod
2978 4043 3349 4100 anthenticum
3391 4062 3499 4102 non
3541 4061 3645 4105 est.
3687 4047 3769 4106 En

2175 4127 2340 4182 verba
2386 4131 2610 4198 Augusti
2643 4149 2656 4186 :
2688 4129 2805 4186 Hoc
2845 4133 2929 4188 illi
2969 4132 3252 4192 Maniclnci
3302 4155 3492 4210 magna
3535 4141 3771 4197 crecitate

2173 4219 2464 4294 vituperant
2493 4221 2791 4295 (nimirum
2835 4225 3098 4283 miracula
3131 4228 3390 4286 divinitus
3433 4230 3614 4302 facta)
3649 4251 3768 4288 cum

2172 4311 2227 4366 in
2252 4313 2563 4387 apocrypltis
2589 4333 2682 4386 pro
2703 4333 2891 4390 magno
2913 4319 3107 4391 legant,
3143 4331 3188 4376 et
3218 4319 3354 4375 illud
3373 4322 3513 4395 quod
3537 4325 3602 4378 de
3621 4324 3767 4395 Apo-

2169 4404 2301 4460 stolo
2321 4404 2523 4462 Thema
2551 4412 2964 4479 commemoravi,
2994 4422 3044 4468 et
3068 4411 3229 4484 ipsius
3251 4412 3399 4470 Petri
3412 4416 3579 4486 ﬁliam
3605 4435 3771 4490 para-

2169 4494 2382 4568 lyticam
2413 4516 2596 4554 sanam
2621 4502 2815 4572 faetam
2837 4505 3071 4573 precibus
3100 4506 3302 4576 patris,
3334 4517 3380 4561 et
3405 4506 3672 4563 ltortulam'
3698 4511 3769 4580 [io

2087 4581 2144 4644 D
2167 4583 2294 4642 liam
2323 4588 2394 4643 ad
2414 4606 2615 4662 precem
2644 4593 2810 4665 ipsius
2835 4594 2981 4651 Petri
3009 4614 3117 4652 esse
3144 4607 3398 4656 mortuam
3431 4617 3452 4656 :
3480 4610 3530 4656 et
3550 4618 3767 4671 respou-

2164 4679 2284 4735 dent
2316 4682 2456 4751 quod
2497 4681 2611 4738 lucc
2647 4685 2720 4741 eis
2761 4687 3062 4760 expediebat
3092 4730 3108 4755 ,
3160 4700 3214 4744 ut
3251 4698 3298 4744 et
3338 4691 3434 4745 illa
3477 4691 3765 4748 solueretur

2163 4773 2401 4843 paralysi
2424 4783 2471 4828 et
2495 4773 2589 4830 illa
2618 4787 2902 4832 moreretur
2925 4795 2946 4834 :
2975 4789 3145 4834 tamen
3175 4780 3247 4835 ad
3285 4799 3489 4856 precem
3522 4781 3765 4856 Apostoli

2163 4865 2364 4935 factum
2407 4882 2516 4922 esse
2556 4884 2660 4924 non
2702 4880 2914 4941 negant.
2957 4870 3085 4928 Htec
3125 4871 3360 4944 August.
3386 4872 3494 4931 Sed
3535 4888 3644 4929 non
3689 4877 3778 4932 ad.

2161 4971 2300 5028 rem,
2327 4969 2385 5016 ttt
2408 4959 2593 5028 vides;
2627 4978 2734 5018 non
2753 4963 2898 5018 enim
2929 4977 3088 5037 negat
3114 4965 3253 5023 tales
3281 4967 3445 5023 fuisse
3469 4981 3758 5040 personas,

2159 5051 2255 5107 sed
2286 5067 2348 5108 ea
2379 5054 2639 5109 miracula
2671 5068 2793 5111 esse
2813 5057 3146 5114 authentico.

2229 5143 2556 5217 MagnOpere
2581 5147 2745 5204 etiam
2775 5150 2980 5206 excidit
3005 5149 3342 5224 Pennottus,
3370 5172 3493 5214 cum
3535 5160 3762 5233 scripsit

2155 5253 2277 5295 esse
2307 5251 2497 5297 contra
2547 5243 2806 5302 Ecclesiae
2837 5250 3188 5306 traditionem
3213 5292 3230 5319 ,
3263 5267 3513 5312 asserere
3540 5257 3758 5328 episto-

2155 5331 2262 5388 lam
2303 5332 2490 5391 Jacobi
2537 5339 2854 5395 canonicam
2887 5357 2991 5397 non
3037 5358 3069 5398 a
3117 5341 3320 5401 Jacobo
3361 5346 3603 5414 Ilinore,
3652 5353 3755 5408 sed

2153 5423 2358 5495 Maiore
2385 5425 2554 5485 fuisse
2580 5430 2942 5503 conscriptam
2961 5475 2976 5499 ,
3007 5449 3074 5490 eo
3102 5436 3248 5507 quod
3277 5437 3329 5493 in
3361 5438 3544 5496 oﬂlcio
3573 5441 3756 5498 Mitto.

2155 5518 2234 5574 ris
2254 5520 2460 5591 legatur
2481 5525 2534 5580 in
2557 5525 2734 5596 primo
2750 5541 3014 5585 nocturno
3041 5529 3303 5588 Breviatii
3328 5532 3578 5590 Romani.
3603 5537 3753 5594 Sane

2153 5609 2265 5672 hac.
2304 5619 2357 5674 in
2408 5635 2467 5677 re
2513 5622 2747 5678 eximius
2797 5625 3105 5696 Tltcologtts
3159 5630 3446 5685 manifeste
3495 5633 3752 5701 ignorare

2147 5710 2508 5776 convincitur,
2536 5715 2664 5784 quid
2707 5719 3017 5788 requiratur
3057 5729 3115 5774 ut
3143 5720 3344 5792 aliquid
3381 5723 3648 5781 habeatur
3679 5742 3748 5782 ex

2145 5800 2439 5864 traditione
2466 5804 2874 5882 Ecclesiastica,
2921 5825 3045 5870 cum
3077 5821 3288 5871 constet
3319 5811 3576 5874 historias
3613 5830 3746 5875 san-
