4122 6174
442 274 553 355 άξθ

1518 246 2044 355 Αιιδιοοιετιευε
2084 282 2222 356 uno
2259 296 2321 354 L.
2362 284 2667 355 nomne.

3634 300 3738 362 656

444 423 655 470 ctorum
681 454 707 481 ,
746 422 867 485 quae
911 409 965 467 iu
1015 409 1293 467 Breviario
1330 400 1604 484 leguntur,
1652 428 1759 468 non
1799 412 2038 484 gaudere
2065 417 2117 477 Α
2147 412 2340 481 festat;
2376 413 2471 470 sed
2499 430 2697 470 annum
2729 414 2782 470 in
2811 414 2995 487 specie
3027 430 3134 471 non
3164 415 3738 490 promitzquamquam

444 502 745 561 inevitabili
788 502 1150 572 certitudiue;
1205 514 1568 577 praeterquam
1613 505 1759 578 quod
1807 507 2038 579 epistola

443 599 535 656 illa
562 598 665 671 legi
696 597 868 670 possit
892 612 959 654 eo
986 590 1074 654 die
1108 612 1202 666 per
1224 601 1781 655 accommodatinnem
1805 599 2041 656 nominis

443 689 680 748 Jacobi:
714 700 767 746 et
816 690 1220 747 correctoribus
1270 690 1532 747 Breviarii
1581 692 1716 748 satis
1766 691 1934 748 fuisse
1977 690 2037 747 S.

443 780 834 856 Hieronymum
877 782 1081 838 Jacobo
1120 782 1315 838 Minori
1365 800 1486 840 eam
1536 784 1775 840 tribuere
1824 784 1919 840 lib.
1973 784 2041 840 de

442 874 647 945 Script.
678 873 857 941 Ecel.,
881 885 936 930 et
962 868 1263 929 Pennottus
1292 874 1409 944 ipse
1442 874 1705 931 lectiones
1735 875 1796 932 S.
1829 872 2039 930 liercu-

441 962 553 1020 lani
583 964 910 1035 approbatas
942 980 971 1018 a
1001 964 1058 1020 S.
1095 965 1515 1035 congregatione
1559 964 1846 1020 illustriss.
1881 962 2039 1020 card.

443 1070 582 1111 saer.
619 1058 818 1112 rituum
853 1070 959 1111 non
982 1054 1100 1111 vult
1140 1056 1418 1127 recipere,
1448 1056 1675 1129 quodin
1711 1057 1792 1113 eis
1830 1055 2042 1113 dicatur

444 1131 611 1203 fuisse
638 1145 976 1217 professione
1008 1138 1413 1204 Beucdietiuus.
1436 1146 1709 1204 Caeterum
1736 1158 1842 1203 tam
1873 1148 2044 1204 distat

442 1252 473 1294 ει
503 1238 796 1295 traditione
824 1230 1087 1295 Ecclesiae
1112 1280 1129 1307 ,
1160 1239 1303 1312 quod
1332 1240 1559 1311 epistola
1600 1240 1717 1312 ipsa
1750 1242 1822 1296 sit
1847 1240 2039 1297 Jacobi

443 1330 689 1399 Minoris,
719 1331 861 1401 quod
885 1332 941 1388 in
968 1331 1392 1389 Commentariis
1415 1334 1617 1389 n05tris
1638 1333 2041 1389 ostenderimus

366 1462 371 1467 ο
443 1439 509 1481 ex
537 1423 829 1481 traditione
858 1426 1022 1481 totius
1051 1425 1311 1481 Ecclesia:
1339 1424 1591 1496 llispanm
1614 1432 1668 1481 et
1694 1426 1868 1498 Syrm,
1898 1435 1953 1481 et
1973 1440 2043 1481 ex

442 1531 505 1575 re
536 1517 647 1588 ipsa
678 1516 845 1575 fuisse
867 1532 1005 1589 epus
1024 1517 1270 1587 Majoris,
1288 1527 1344 1574 et
1371 1519 1538 1574 totius
1564 1518 1689 1574 novi
1710 1517 2041 1574 Testamenti

444 1608 675 1681 primam
706 1609 1060 1679 scripturam.
1093 1607 1295 1678 Relege
1319 1620 1443 1678 quae
1470 1606 1542 1664 ibi
1571 1608 1809 1664 diximus
1852 1605 1919 1664 ad
1945 1622 2041 1664 an-

443 1714 574 1756 num
612 1698 707 1765 5'7,
753 1715 901 1755 num.
934 1699 967 1754 6
998 1708 1054 1755 et
1079 1696 1132 1767 7,
1175 1704 1231 1756 et
1267 1708 1469 1773 quanta
1516 1700 1748 1772 gaudeat
1790 1699 2040 1770 probabi—

2143 517 2351 565 certum
2397 510 2469 563 sit
2497 507 2550 563 in
2604 506 2711 564 hoc
2753 507 2913 564 etiam
2956 508 3097 564 sicut
3126 508 3182 564 in
3231 511 3449 566 cmteris
3490 520 3737 568 secutum

2143 601 2311 657 fuisse
2352 598 2665 657 Chronicon
2714 592 2954 667 Eusebii,
2985 600 3076 672 qui
3127 616 3298 674 usque
3328 600 3394 657 ad
3442 617 3641 658 annum
3670 603 3738 658 72

2145 693 2395 764 producit
2419 693 2539 750 Liui
2572 695 2964 765 episcopatum.
3024 693 3177 761 Quod
3232 695 3275 749 si
3317 693 3386 749 ab
3424 692 3509 750 his
3536 694 3741 751 dissen-

2145 786 2287 844 tiunt
2312 788 2663 853 recentiores,
2712 803 2897 859 parum
2955 788 3202 851 interest,
3243 804 3365 843 eum
3394 782 3594 844 Dexter
3642 802 3738 845 eos

2143 882 2336 938 audire
2365 883 2691 952 nequiverit,
2724 882 2818 938 sed
2847 881 3022 937 solum
3046 883 3395 954 vetustiores,
3427 899 3563 955 quos
3592 883 3645 940 in
3672 899 3735 941 re

2144 972 2282 1029 adeo
2310 974 2533 1046 ancipiti
2564 982 2619 1029 et
2655 975 2874 1046 antiqua
2906 990 3094 1031 omnes
3122 975 3276 1045 sequi
3306 975 3590 1033 deberent.

2216 1066 2333 1123 lloe
2381 1077 2440 1123 ut
2469 1066 2753 1124 minimum
2784 1066 2971 1125 delere
3001 1082 3073 1123 ex
3109 1068 3225 1123 suis
3264 1068 3406 1124 notis
3438 1068 3737 1125 Peunottus

2142 1158 2427 1227 debuerat,
2479 1168 2666 1232 utpote
2692 1158 2838 1231 prius
2864 1175 2894 1215 a
2944 1175 3031 1216 me
3075 1159 3390 1216 admonitus
3418 1159 3487 1216 de
3506 1174 3735 1217 errore:
3830 1152 3845 1163 “

2142 1248 2287 1324 quod
2309 1252 2453 1308 enim
2488 1251 2591 1307 hoc
2622 1252 2743 1308 loco
2776 1252 2971 1307 Dexter
2998 1251 3216 1322 asserit,
3261 1253 3482 1309 venisse
3528 1250 3740 1309 scilicet

2143 1343 2372 1400 Romam
2396 1336 2761 1418 Polyearpum
2790 1343 2892 1399 sub
2921 1343 3165 1413 Aniceto,
3203 1354 3314 1400 tam
3338 1360 3521 1401 verum
3549 1354 3654 1411 est,
3679 1352 3738 1400 ut

2145 1433 2197 1491 id
2229 1433 2619 1491 allirmaverint
2665 1436 2995 1507 posteriores
3023 1436 3164 1493 inter
3195 1432 3404 1507 priscos
3442 1436 3735 1503 Doctores,

2143 1527 2343 1600 quibus
2363 1537 2533 1584 tutum
2555 1544 2659 1584 non
2680 1530 2787 1586 erit
2808 1528 3089 1598 reluctari,
3112 1529 3165 1585 id
3180 1528 3539 1599 est,lrena2us
3561 1530 3653 1586 lib.
3678 1545 3737 1586 tn

2143 1630 2329 1676 contra
2355 1620 2485 1678 hzer.
2513 1638 2634 1693 cap.
2652 1620 2704 1690 ε,
2723 1618 3191 1695 ilicronymnslib.
3213 1621 3280 1678 de
3305 1622 3505 1694 Seript.
3522 1618 3734 1679 Eccles.

2143 1710 2195 1766 in
2228 1710 2550 1784 Polyearpo,
2594 1724 2649 1769 et
2696 1713 2964 1769 Eusebius
3002 1715 3057 1770 in
3093 1713 3301 1770 Chron.
3340 1730 3486 1772 anno
3519 1714 3731 1772 Domini

440 1793 593 1850 litate
619 1793 888 1849 sententia
918 1792 1101 1849 Dextri
1128 1792 1354 1849 videbis.
1387 1794 1617 1850 Gravius
1640 1792 1872 1849 excessu
1901 1793 2038 1849 Pen-
2069 1785 2115 1847 Β
2146 1800 2269 1857 156,
2289 1800 2577 1873 [lucusque
2604 1802 2695 1858 alii
2732 1804 3118 1860 modernorum
3147 1805 3543 1876 subscripsere.
3570 1803 3735 1861 Dedi-

438 1892 651 1947 nottus.
670 1881 797 1940 dum
827 1882 879 1939 id
897 1882 1039 1954 quod
1063 1882 1260 1939 asserit
1287 1884 1506 1949 Dexter,
1530 1881 1813 1939 duodecim
1839 1883 2035 1949 tribus,

435 1977 639 2048 quibus
664 1974 896 2033 Jacobus
933 1976 1082 2031 misit
1115 1976 1421 2047 epistolam,
1462 1976 1626 2031 fuisse
1668 1966 1807 2031 intra
1838 1975 2035 2046 llispa-

437 2069 584 2125 niam
609 2111 625 2136 ,
658 2084 780 2126 esse
808 2079 1172 2125 commentum
1200 2113 1214 2136 ,
1264 2078 1318 2127 et
1362 2081 1549 2142 aperte
1588 2081 1776 2127 contra
1822 2086 2035 2127 sacram

437 2160 777 2233 Scripturam
818 2159 915 2216 lib.
964 2177 1018 2217 1v
1059 2156 1197 2233 Reg.
1247 2146 1443 2217 lioe'si
1485 2171 1670 2229 esset,
1717 2162 2035 2218 haereticum

440 2268 561 2313 esse
590 2264 752 2310 nemo
782 2264 1005 2327 negaret
1037 2273 1048 2308 :
1081 2256 1373 2327 verumfan
1400 2254 1516 2326 ipse
1547 2255 1741 2311 librum
1773 2255 1927 2310 illum
1960 2253 2041 2310 lc-

444 2347 581 2419 gerit
628 2358 719 2402 aut
753 2340 1121 2413 intellexerit,
1155 2362 1220 2403 ex
1272 2345 1358 2402 his
1403 2356 1525 2418 Quae
1566 2347 1675 2402 late
1717 2346 2039 2419 scripsimus

443 2438 700 2511 prmdiet'o
729 2439 851 2496 luco
877 2450 1028 2495 num.
1054 2436 1112 2510 5,
1141 2440 1353 2495 eunetis
1378 2439 1535 2495 facile
1560 2438 1797 2510 patebit;
1826 2452 1950 2511 quae
1971 2453 2039 2496 ne

442 2542 623 2586 aetum
652 2544 817 2602 agere
851 2531 1135 2587 videamur
1163 2532 1215 2587 in
1257 2531 1513 2602 praesenti
1564 2544 1671 2586 non
1710 2532 2033 2602 repetimus.

440 2627 636 2679 Acrem
663 2625 1017 2680 nihilominus
1041 2634 1332 2680 censuram
1363 2624 1542 2681 amico
1572 2623 1804 2681 libenter
1830 2622 2039 2681 condo-

440 2723 632 2772 namus
665 2734 680 2773 :
712 2720 765 2773 et
796 2708 943 2772 illam
969 2717 1131 2773 etiam
1153 2760 1166 2786 ,
1191 2730 1296 2789 qua
1327 2728 1515 2774 contra
1547 2719 1827 2774 histuriam
1872 2734 2037 2774 evan-

440 2804 672 2879 gelieam
707 2799 863 2867 Joan.
899 2825 953 2865 xi
1002 2824 1122 2867 esse
1171 2809 1304 2866 dicit
1331 2854 1345 2879 ,
1378 2809 1598 2867 Judaeos
1643 2802 2038 2883 Hierosolymi-

442 2908 623 2968 tanus,
656 2898 855 2957 litteris
884 2898 1058 2971 datis,
1091 2898 1360 2973 llispauos
1388 2900 1608 2959 Iudaeos
1638 2916 1806 2973 super
1834 2901 2035 2958 Christi

441 3000 617 3049 morte
639 2992 1001 3050 consuluisse.
1027 2996 1145 3061 Qua
1177 2994 1243 3049 de
1271 3006 1333 3050 re
1360 2992 1475 3050 fuse
1505 2996 1714 3064 egimus
1737 2992 1804 3048 ad
1834 3008 2034 3049 annum

442 3080 601 3141 Dom.
625 3078 718 3154 35,
738 3095 1031 3142 comment.
1048 3085 1106 3151 2,
1125 3103 1180 3142 ιι.
1199 3086 1250 3152 l,
1278 3096 1328 3141 et
1347 3085 1415 3140 ad
1436 3100 1524 3140 an.
1550 3085 1640 3150 57,
1666 3096 1956 3140 comment.
1977 3082 2033 3153 3,

443 3190 501 3233 η.
534 3178 588 3234 l.
613 3178 693 3234 Ex
721 3176 915 3250 quibus
950 3179 1167 3250 planum
1195 3177 1287 3233 lict
1307 3178 1428 3250 quis
1458 3178 1661 3234 reetius
1686 3174 2035 3249 Evangelium
2063 3162 2113 3228 C

444 3270 825 3329 intellexerit:
872 3275 1116 3345 satisque
1163 3272 1357 3344 frigide
1398 3270 1709 3344 oppositum
1756 3271 1810 3329 in
1857 3270 2039 3328 verbis

444 3360 667 3421 Joannis
697 3379 750 3420 at
789 3358 1025 3420 fundari.

518 3457 661 3512 Deus
706 3458 885 3524 bene,
939 3472 1100 3528 quam
1152 3454 1292 3513 falso
1332 3458 1693 3514 calumniatur
1742 3457 2036 3517 Dextrum!

443 3546 804 3607 Prohavimus
832 3548 898 3605 :td
929 3564 1127 3606 annum
1151 3551 1219 3608 58
1236 3548 1458 3607 Saulum
1491 3552 1543 3607 in
1569 3550 1793 3607 Paulum
1811 3567 2041 3609 conver-

443 3654 563 3699 squ
603 3653 746 3698 anno
772 3642 976 3699 Christi
1021 3643 1123 3716 56(
1152 3642 1240 3699 die
1270 3644 1340 3698 25
1385 3643 1665 3716 Januarii)
1697 3645 1749 3699 id
1798 3654 1913 3711 est,
1949 3659 2039 3702 se-

444 3724 623 3791 cundo
650 3734 720 3790 ab
743 3732 1079 3791 Ascensiune
1109 3734 1325 3790 Domini
1357 3750 1521 3803 anno,
1556 3736 1633 3791 uti
1659 3736 1900 3792 Ecclesia
1926 3732 2038 3790 Ro-

444 3836 602 3883 mana
656 3828 710 3883 in
759 3843 861 3883 suo
911 3825 1302 3900 martyrologio
1353 3828 1675 3898 proﬁtetur:
1710 3834 1767 3882 et
1813 3842 1934 3883 eum
1974 3840 2041 3883 eo

445 3916 708 3977 Barouiits
740 3916 793 3976 in
826 3920 969 3976 notis
995 3919 1061 3975 ad
1093 3934 1211 3975 eam
1257 3918 1422 3976 diem.
1469 3914 1604 3975 Cum
1633 3927 1813 3975 autem
1841 3918 2042 3976 Paulus

443 4008 560 4085 ipse
578 4014 895 4084 proﬁteatur
909 4013 1215 4084 post'annos
1233 4022 1344 4070 tres
1359 4010 2040 4087 venissellierosolymam,

446 4118 731 4160 necessum
756 4114 842 4161 est
871 4117 926 4160 ut
957 4107 1002 4159 is
1023 4105 1141 4175 ejus
1166 4105 1432 4162 adventus
1471 4104 1725 4162 inciderit
1755 4106 1807 4161 in
1838 4120 2040 4162 annum

448 4194 662 4252 Demiui
683 4192 753 4252 38
777 4195 922 4268 quod
951 4197 1152 4252 Dexter
1168 4194 1403 4265 asserit;
1437 4214 1557 4253 nam
1586 4207 1730 4254 totus
1752 4194 1822 4253 56
1856 4213 2044 4253 unme-

446 4289 652 4344 raudus
676 4296 783 4352 cst.
815 4305 934 4343 eum
958 4292 1245 4345 conversio
1274 4286 1420 4345 Pauli
1455 4295 1506 4345 in
1553 4290 1705 4346 initio
1738 4289 1882 4344 illius
1904 4286 2046 4343 acci-

447 4380 621 4449 derit,
669 4380 718 4435 id
758 4391 838 4436 est
877 4380 949 4436 2ῒὶ
994 4381 1257 4437 Januarii.
1306 4380 1421 4437 Non
1479 4384 1640 4453 igitur
1680 4378 1882 4437 Dexter
1928 4380 2046 4435 vult

450 4465 677 4529 l’aulutu
723 4482 847 4545 post
890 4473 1327 4540 conversionem,
1383 4476 1432 4529 id
1465 4485 1568 4545 est,
1609 4476 1789 4531 Statim
1820 4489 1884 4530 ac
1913 4489 2046 4530 cou-

452 4579 644 4623 versns
665 4560 997 4636 esr,venisse
1023 4564 1474 4639 Hierosolymam,
1490 4574 1547 4622 ut
1574 4576 1723 4638 putat
1740 4567 2045 4622 .Pennottus

454 4675 523 4715 ex
555 4669 654 4713 suo
685 4659 889 4733 capite;
933 4659 1028 4715 sed
1056 4657 1202 4731 quod
1232 4670 1378 4714 anno
1413 4656 1626 4713 Domini
1666 4658 1735 4715 58
1768 4668 1893 4730 post
1916 4673 2048 4714 eon-

455 4752 790 4821 verslnnctn,
810 4750 861 4807 id
876 4752 1106 4821 est,jam
1135 4764 1440 4809 conversus
1468 4751 1636 4816 venit,
1665 4752 1914 4807 nimirum
1938 4764 2047 4807 non

454 4854 580 4900 ante
606 4838 1045 4911 conversionem,
1070 4842 1161 4898 sed
1192 4854 1333 4898 anno
1367 4842 1581 4899 Domini
1611 4843 1679 4898 58
1710 4843 1799 4913 qui
1844 4838 2051 4897 scilicet

458 4936 645 4991 tertius
675 4935 742 4994 ab
761 4950 823 4992 ea
855 4934 971 4991 fuit.
1004 4936 1074 4991 At
1095 4934 1237 4991 unde
1265 4935 1476 5008 accepit
1502 4933 1804 4990 Penneltus
1822 4933 2049 4990 Paulum

457 5040 564 5085 non
586 5037 712 5084 ante
741 5026 812 5086 53
846 5025 1058 5084 Domini
1095 5038 1416 5083 conversum
1473 5024 1674 5082 fuisse?
1705 5030 1761 5082 et
1787 5041 1895 5081 non
1924 5028 2052 5083 ante

459 5116 521 5176 4|
556 5117 871 5177 ascendisse
902 5116 1373 5193 Hierosolymam?
1404 5114 1459 5174 Ιιὶ
1487 5118 1688 5175 Dexter
1717 5116 1941 5175 minime
1968 5130 2054 5173 as-

457 5214 627 5281 serit,
672 5229 771 5271 nec
798 5214 1081 5288 quiquam
1107 5212 1375 5287 probabili
1404 5212 1596 5271 saltem
1638 5213 1978 5287 conjectura.

532 5304 647 5361 Non
681 5313 766 5361 est
791 5316 975 5361 verum
1008 5305 1276 5362 Dextrum
1307 5320 1580 5374 asserere,
1605 5307 1749 5379 quod
1774 5304 2057 5379 pontilica-

460 5402 548 5455 tus
567 5398 689 5455 Liui
715 5399 960 5471 pervenit
979 5399 1046 5455 ad
1064 5414 1266 5456 annum
1294 5400 1507 5458 Domini
1529 5401 1627 5468 86;
1658 5401 1876 5459 illorum
1907 5406 2053 5459 enim

457 5489 749 5547 verborum
766 5507 779 5545 :
799 5488 943 5546 Anno
956 5489 1146 5547 Christi
1165 5490 1255 5547 86.
1278 5506 1368 5561 per
1388 5492 1525 5548 idem
1545 5498 1743 5566 tempus
1758 5491 1820 5548 S.
1837 5493 2057 5549 Anacte-

460 5591 568 5650 tus,
593 5584 676 5639 vel
699 5580 874 5641 Cletus
894 5592 1205 5640 successerat
1229 5578 1395 5653 Lino;
1440 5598 1546 5641 non
1568 5593 1651 5643 est
1671 5600 1885 5654 sensus,
1915 5586 2059 5658 quod

460 5690 530 5733 co
554 5678 673 5748 ipso
704 5694 847 5735 anno
874 5678 1166 5744 successit;
1193 5690 1314 5735 cum
1341 5679 1525 5751 potius
1550 5678 1695 5735 dicat
1723 5686 2058 5748 successerat,

462 5782 573 5843 quo
603 5780 733 5832 sane
783 5784 910 5832 ante
938 5772 1113 5847 ipsum
1167 5788 1367 5832 annum
1399 5772 1468 5833 86
1514 5775 1846 5834 successisse
1885 5777 2059 5835 maui-

2141 1908 2263 1947 mus
2283 1908 2469 1948 eorum
2483 1892 2648 1950 verba
2663 1893 2715 1950 in
2731 1882 3035 1953 Comment.
3050 1896 3117 1952 ad
3133 1894 3279 1953 hunc
3303 1897 3482 1969 ipsum
3508 1910 3733 1954 annum.

2211 1986 2383 2042 Immo
2416 1984 2487 2042 ob
2517 1987 2567 2043 id
2596 1989 2774 2059 potius
2806 1988 3051 2061 lliginius
3079 1991 3144 2046 ad
3167 1988 3433 2048 Leronem
3463 1990 3735 2064 relegatus

2138 2089 2243 2144 est,
2274 2078 2419 2151 quod
2450 2081 2621 2137 insula
2651 2090 2797 2137 esset
2820 2083 3166 2152 serpentibus
3205 2080 3391 2154 plena,
3444 2093 3499 2138 ut
3529 2083 3735 2138 certius

2140 2181 2448 2228 moreretur
2477 2190 2490 2227 :
2523 2181 2580 2228 et
2609 2173 2816 2229 ideirco
2860 2174 3044 2229 l'orsau
3066 2175 3287 2231 dolebat
3318 2175 3639 2231 Ambrosius
3667 2174 3733 2228 ad

2139 2263 2585 2320 Valentinianum
2638 2260 2908 2335 scribens,
2959 2267 3207 2322 exsilium
3251 2268 3421 2324 senis.
3452 2266 3587 2324 Vide
3615 2281 3735 2340 qua:

2140 2352 2242 2412 hac
2263 2356 2333 2414 de
2363 2372 2422 2412 re
2448 2357 2691 2413 diximus
2729 2358 2795 2412 ad
2842 2374 3042 2413 annum
3072 2359 3196 2414 584.
3791 2345 3797 2351 ’

2210 2447 2347 2504 lllud
2379 2463 2512 2504 vero
2542 2444 2687 2520 quod
2718 2447 2789 2505 de
2819 2447 2879 2506 S.
2934 2448 3160 2505 Paulino
3210 2448 3421 2519 objicit,
3474 2465 3634 2521 quam
3666 2451 3737 2507 sit

2138 2540 2238 2596 abs
2264 2556 2347 2607 re,
2373 2541 2724 2610 exposuimus
2751 2540 2873 2596 data
2930 2555 3095 2612 opera
3145 2540 3200 2596 in
3249 2540 3623 2612 superioribus
3667 2543 3735 2598 ad

2139 2644 2343 2686 annum
2368 2630 2545 2701 ipsum
2575 2629 2702 2697 596,
2730 2628 2943 2686 tametsi
2978 2645 3177 2686 nomen
3227 2630 3479 2687 Peunotti
3510 2634 3734 2690 honoris

2138 2722 2331 2793 gratia,
2358 2732 2412 2778 et
2442 2720 2545 2780 loci
2579 2716 3021 2791 subticuerimus,
3050 2718 3194 2794 quod
3226 2739 3294 2780 eo
3322 2726 3584 2797 temporis
3613 2714 3735 2784 Tri-

2139 2814 2392 2887 partitam
2422 2831 2573 2871 suam
2620 2816 2860 2872 nondum
2886 2815 3148 2886 ediderat,
3195 2816 3309 2873 illic
3329 2814 3504 2875 lector
3530 2818 3732 2876 nodum

2137 2906 2375 2963 solutum
2406 2907 2661 2979 reperiet,
2706 2918 2759 2963 et
2800 2908 3014 2978 objecta
3060 2908 3315 2965 l‘alsouiti
3357 2909 3734 2967 fundamento.

2211 3001 2379 3055 Recte
2405 3000 2621 3068 quidem
2641 2999 2695 3054 id
2724 2999 3057 3070 objieeretur
3086 3042 3101 3066 ,
3153 3000 3200 3056 si
3224 3000 3395 3056 codex
3453 3017 3687 3058 excusus
3712 3044 3730 3072 ,

2139 3106 2247 3165 quo
2269 3090 2585 3147 "Pennottus
2626 3107 2757 3146 usus
2788 3091 2908 3156 fuit,
2939 3090 3161 3146 v-itiatus
3206 3107 3313 3146 non
3339 3101 3517 3159 esset;
3552 3092 3731 3163 ipsum

2146 3194 2322 3242 tamen
2353 3185 2593 3255 Oportuit
2623 3183 2915 3240 emendare
2942 3200 3011 3239 ex
3038 3182 3162 3240 aliis
3192 3184 3649 3250 correctioribus;
3677 3184 3732 3241 in

2141 3276 2409 3333 sententia
2454 3275 2720 3347 siquidem
2764 3272 2892 3343 illa,
2941 3275 3038 3330 sub
3087 3274 3318 3330 Paciauo
3362 3270 3737 3333 Barcinoueusi

2140 3372 2381 3441 episcopo
2410 3371 2637 3424 nascitur
2671 3362 2873 3423 Paulus
2895 3368 3131 3439 Orosius,
3157 3379 3262 3425 etc.
3312 3384 3420 3424 non
3448 3377 3574 3425 sunt
3603 3372 3734 3427 anni

2144 3461 2356 3519 Domini
2383 3460 2507 3525 584,
2532 3458 2626 3516 sed
2652 3458 2776 3530 570,
2812 3464 2869 3515 ut
2897 3476 2996 3516 suo
3023 3460 3143 3518 loco
3172 3458 3345 3517 videri
3382 3471 3581 3533 potest.
3614 3463 3735 3532 Quo

2142 3548 2269 3611 dato
2298 3554 2402 3610 ruit
2433 3552 2694 3623 objectio,
2723 3569 2846 3608 nam
2870 3570 3013 3609 anno
3036 3554 3136 3609 illi!
3172 3570 3279 3625 quo
3312 3556 3513 3610 missus
3535 3553 3735 3610 dicitur

2143 3648 2211 3703 ab
2233 3648 2503 3719 episcopis
2532 3645 2783 3718 Hispanis
2809 3646 2876 3702 ad
2924 3647 3211 3702 Africanos
3237 3656 3355 3702 erat
3383 3647 3556 3702 anatis
3587 3647 3654 3701 50
3676 3657 3734 3704 et

2144 3736 2361 3808 quidem
2383 3737 2617 3808 juvenis,
2642 3736 3004 3809 quatutumvis
3027 3739 3339 3809 presbyter;
3365 3739 3444 3792 sic
3469 3737 3613 3792 enim
3640 3752 3735 3793 vo-

2144 3834 2298 3902 eatur
2322 3824 2390 3883 ab
2420 3824 2724 3899 Augustino
2754 3830 2820 3882 ad
2868 3844 3024 3897 quem
3073 3828 3343 3898 praecipue
3392 3827 3732 3885 mittebatur.

2144 3918 2224 3976 De
2248 3920 2517 3990 legatione
2548 3920 2660 3988 ipsa
2691 3918 2876 3974 multis
2902 3918 3111 3990 egimus
3135 3919 3201 3975 ad
3232 3934 3433 3974 annum
3463 3917 3590 3975 400.

2217 4013 2369 4083 Quod
2393 4011 2461 4067 de
2490 4006 2691 4084 duplici
2716 4002 2950 4082 Leporio
2995 4011 3215 4080 dicitur,
3250 4029 3437 4083 parum
3482 4016 3736 4069 constare

2142 4103 2494 4179 probavimus
2522 4105 2575 4160 in
2598 4106 2892 4162 comment.
2923 4103 2987 4159 ad
3027 4121 3118 4161 au.
3152 4105 3290 4175 406,
3330 4105 3423 4162 ubi
3468 4105 3736 4163 Pennotto

2145 4212 2437 4269 suppresso
2463 4199 2681 4253 nomine
2713 4194 3115 4268 respondimus,
3134 4200 3223 4269 qui
3251 4209 3427 4253 tamen
3456 4199 3582 4255 inde
3605 4212 3735 4270 prae-

2144 4292 2302 4360 cipue
2352 4296 2632 4355 movetur,
2690 4307 2759 4346 ne
2786 4290 3040 4346 videlicet
3071 4290 3402 4360 reperiretur
3433 4290 3733 4361 discipulus

2145 4383 2343 4452 aliquis
2384 4381 2666 4452 Augustini
2708 4382 2775 4436 ad
2828 4381 3080 4437 haeresim
3121 4382 3446 4437 declinasse.
3480 4381 3585 4437 Sed
3635 4380 3739 4436 hoc

2147 4468 2263 4532 leve
2288 4474 2577 4530 admodum
2601 4483 2714 4539 est;
2740 4490 2842 4529 nee
2860 4473 3053 4528 minuit
3079 4476 3212 4528 tanti
3246 4477 3481 4543 pastoris
3506 4466 3736 4543 gloriam

2152 4584 2256 4625 una
2290 4564 2534 4623 morbida
2581 4568 2717 4634 ovis,
2775 4569 2915 4622 sicut
2967 4582 3068 4622 nec
3114 4562 3316 4623 Christi
3367 4567 3738 4639 magisterium

2155 4675 2296 4717 unus
2324 4656 2521 4726 Judas,
2551 4674 2617 4716 eo
2646 4646 2945 4730 praesertim
2974 4658 3117 4731 quod
3176 4657 3519 4730 postmodum
3567 4658 3741 4731 Lepo-

2156 4753 2270 4810 rius
2300 4753 2401 4807 iste
2427 4764 2591 4823 opera
2624 4752 2797 4825 ipsius
2834 4750 3120 4822 Augustini
3152 4750 3410 4807 scribitur
3434 4751 3500 4806 ad
3538 4751 3736 4807 bonam

2156 4854 2393 4903 mentem
2422 4842 2696 4902 redactus.
2728 4834 2898 4901 Porro
2929 4844 3156 4915 prmla'o
3202 4842 3323 4899 loco
3368 4842 3735 4909 ostendimus.

2158 4930 2469 4995 testimonio
2491 4933 2719 5009 Appiani
2768 4932 3121 4992 Alexandrini
3152 4943 3208 4992 et
3228 4928 3496 4992 Ambrosii
3526 4932 3747 4992 litoralis

2156 5028 2384 5103 reperiri
2416 5026 2625 5087 Uticam
2674 5030 2727 5084 in‘
2771 5024 3051 5099 Hispania,
3095 5026 3339 5100 ejusdem
3393 5043 3618 5101 prorsus
3650 5044 3749 5084 no-

2157 5118 2319 5179 minis
2354 5132 2475 5176 eum
2506 5119 2783 5175 Africana.

2232 5214 2459 5272 Demum
2490 5212 2633 5285 quod
2665 5206 2852 5268 ultimo
2882 5210 3002 5268 loco
3030 5206 3219 5282 objicit
3267 5209 3321 5266 in
3350 5206 3536 5266 Dextri
3567 5204 3744 5264 Chro-

2159 5308 2321 5365 nleon
2343 5306 2412 5363 de
2436 5319 2604 5372 anno,
2645 5314 2753 5376 quo
2781 5303 2849 5358 ab
2893 5296 3012 5375 ipso
3060 5300 3366 5359 absolutum
3416 5300 3536 5365 t‘uit,
3584 5296 3665 5353 bis
3695 5296 3751 5352 in

2164 5397 2540 5472 superioribus
2570 5396 2859 5463 solvimus,
2910 5396 2960 5452 id
3007 5403 3118 5464 est,
3146 5396 3175 5469 δ
3202 5396 3239 5451 2
3267 5394 3544 5464 Apologia:
3576 5388 3758 5461 prmit-

2166 5491 2416 5559 miuaris,
2439 5497 2497 5546 et
2528 5490 2583 5546 in
2611 5504 2812 5546 comm.
2854 5486 2920 5544 ad
2953 5484 3138 5544 ultima
3168 5483 3421 5544 Chroniei
3461 5480 3645 5538 verba.
3678 5474 3752 5539 ibi

2165 5585 2336 5643 lector
2362 5580 2619 5654 quidquid
2641 5579 2992 5647 desiderabit,
3021 5588 3080 5635 ut
3100 5593 3247 5646 reor,
3284 5572 3538 5629 inveniet.

2237 5677 2370 5745 Qua:
2396 5690 2527 5732 vero
2568 5676 2620 5730 iu
2658 5673 2725 5730 Μ.
2755 5672 3045 5729 Maximum
3080 5670 3372 5727 meditatus
3408 5672 3492 5721 est
3519 5663 3758 5720 Pennot-

2170 5771 2405 5843 tushane
2423 5762 3121 5835 habentsolutionemﬂuid
3145 5762 3187 5823 si
3210 5761 3519 5834 lextusipse
3540 5759 3764 5819 vitiatus
