4122 6174
521 245 620 303 631

1428 238 1724 298 FLAVIUS
1762 237 2013 298 LUCIUS
2060 236 2350 296 DEXTER
2386 235 2919 297 CDRONOLOGUS.

3701 244 3804 304 632

526 369 631 426 est,
661 367 715 416 et
742 373 836 430 pro
865 359 1067 414 seniore
1101 359 1265 415 habet
1281 357 1587 430 juniarem?
1612 357 1773 412 Certe
1820 357 1872 412 in
1899 363 2119 413 auctore
2145 357 2202 418 Α
2294 354 2515 411 Similes
2548 355 2752 426 patitur
2786 354 3032 412 defectus
3075 354 3130 412 id
3159 353 3302 427 quod
3330 356 3361 410 7
3387 355 3506 414 loco
3534 355 3714 428 objicit
3741 361 3806 416 de

523 456 897 510 vetustissimo
912 453 1216 510 mirandum
1236 451 1289 508 id
1304 468 1409 506 non
1431 459 1597 506 esset.
1618 449 1724 505 Sed
1738 449 1904 506 credo
1918 449 1988 504 ibi
2005 449 2121 503 nul-

527 549 640 601 lum
675 547 964 616 irrepsisse
996 545 1284 612 meudumj:
1309 545 1354 598 is
1375 543 1632 613 enim'qui
1665 552 1905 612 tempore
1926 541 2119 596 Dextri

527 639 720 694 Junior
765 648 882 694 erat
932 637 1205 706 Isidorus,
1239 645 1487 706 respectu
1530 634 1876 697 vetustior-is,
1932 642 2118 704 postea

522 738 772 800 tempore
795 730 864 785 M.
893 727 1136 795 Maximi,
1161 728 1251 798 qui
1293 737 1413 797 post
1450 726 1556 782 200
1577 725 1760 781 ﬂoruit
1789 738 1979 790 annos,
2030 738 2118 779 se-

527 823 648 877 uior
673 821 993 886 vocabatur,
1027 820 1209 873 habito
1239 819 1446 873 scilicet
1475 829 1727 888 reSpectu
1751 817 1818 872 ad
1849 817 1908 872 8.
1945 816 2119 871 lsido-

525 929 645 968 rum
669 913 1060 980 llispalensem,
1090 911 1181 981 qui
1213 919 1340 965 tunc
1365 911 1545 980 magni
1574 911 1644 964 ab
1672 910 1929 964 omnibus
1955 908 2122 963 habe-

523 1004 705 1060 batur.
740 1003 919 1071 Quare
947 1018 1108 1071 quem
1135 1002 1226 1056 ille
1250 1001 1521 1072 juniorem
1553 1001 1862 1058 necessario
1883 1002 2118 1066 vocavit,

515 1097 671 1167 quod
704 1097 870 1150 alium
919 1096 1189 1166 juniorem
1238 1110 1346 1150 non
1387 1095 1656 1166 cognovit,
1711 1095 1802 1150 hic
1845 1096 2120 1152 seniorem

525 1190 880 1261 nuncupavit,
913 1205 1036 1244 cum
1065 1190 1427 1245 recentiorem
1465 1189 1764 1260 agnoverit.
1806 1189 1960 1257 Quod
1991 1204 2120 1245 vero

525 1287 729 1339 librum
763 1284 1163 1354 Allegoriarum
1211 1283 1448 1338 dicatum
1475 1283 1680 1338 scribat
1724 1282 1924 1338 Dexter
1953 1281 2122 1337 Paulo

529 1378 726 1433 Orosio
761 1377 1180 1441 Tarraconensi,
1213 1377 1480 1431 Maximus
1507 1391 1638 1432 vero
1679 1385 1946 1432 assertum
1975 1390 2123 1431 asse-

527 1477 616 1523 rat
645 1467 840 1522 Orosio
859 1467 1117 1537 episc0po
1145 1467 1491 1536 chionensi,
1516 1467 1790 1522 contraria
1821 1483 1929 1522 non
1966 1475 2120 1533 sunt;

527 1560 624 1614 sed
649 1559 914 1614 Maximus
936 1559 1160 1628 exponit
1191 1558 1240 1613 id
1276 1558 1418 1628 quod
1453 1558 1652 1613 Dexter
1673 1559 1851 1614 minus
1885 1559 2123 1630 eXplica-

529 1661 706 1717 verat,
733 1651 924 1721 nequis
947 1651 1134 1706 credat
1163 1651 1356 1704 librum
1382 1651 1531 1705 illum
1559 1649 1730 1704 Paulo
1749 1651 1944 1706 Orosio
1966 1651 2124 1706 disci-

2226 444 2410 500 habitu
2441 445 2743 501 monastico
2765 447 2936 502 sancti
2970 446 3178 502 Turibii
3206 447 3395 502 Roma:
3426 457 3652 519 accepto
3675 467 3687 504 :
3711 450 3806 520 ipsi

2225 553 2456 608 namque
2484 539 2716 608 probare
2737 539 3022 604 incumbit.
3045 540 3190 612 quod
3217 541 3498 612 producit,
3517 542 3659 614 quod
3681 543 3805 601 dum

2225 645 2331 685 non
2360 629 2505 697 facit,
2535 630 2869 688 infructuose
2894 630 3122 688 laborat.

2295 720 2436 788 Quid
2462 721 2509 777 si
2548 720 2648 777 hac
2675 721 2729 777 in
2771 737 2832 778 re
2862 723 3178 778 dormitavit
3217 723 3530 780 Maximus?
3579 741 3698 780 nam
3743 727 3808 783 de

2225 821 2468 884 tempore
2516 813 2710 869 mortis
2741 814 3166 870 clarissimorum
3216 816 3459 870 virorum
3515 819 3808 888 saepissime

2225 907 2524 963 dubitatum
2558 918 2662 973 ρει,
2691 917 2750 962 ut
2772 908 3084 979 Augustini,
3110 909 3446 982 llieronymi,
3476 919 3532 965 et
3550 911 3770 968 aliorum
3795 929 3809 966 :

2228 1008 2284 1054 et
2314 998 2609 1069 aliquando
2631 998 2807 1055 bonus
2835 999 3094 1054 dormitat
3118 1000 3384 1056 Homerus
3413 1001 3580 1056 :solis
3601 1001 3811 1070 quidem

2224 1091 2394 1146 sacris
2420 1091 2732 1146 auctoribus
2759 1091 2944 1146 datum
2993 1091 3207 1148 caelitus
3237 1102 3342 1158 est,
3376 1107 3639 1165 nusquam
3686 1093 3813 1148 labi.

2296 1181 2633 1253 Scrupulose
2660 1183 2954 1240 admodum
3002 1185 3198 1240 abnuit
3248 1184 3478 1241 culicem
3523 1185 3814 1255 deglutire.

2223 1278 2402 1348 quiin
2455 1279 2616 1333 rebus
2665 1279 2780 1334 suis
2830 1279 3097 1335 eamelum
3148 1278 3413 1336 devorare
3460 1295 3570 1335 non
3618 1279 3816 1334 renuit.

2227 1369 2355 1425 Erat
2377 1369 2770 1440 Athanagildus
2797 1371 3016 1441 quidem
3046 1369 3370 1426 Arianorum
3401 1371 3534 1426 faece
3563 1370 3817 1435 infectus,

2226 1462 2320 1518 sed
2346 1463 2697 1519 sanctitatem
2755 1463 3144 1520 monachorum
3202 1466 3584 1531 reverebatur;
3631 1481 3698 1522 ea
3740 1477 3820 1523 cst

2226 1557 2369 1611 enim
2413 1555 2714 1611 sanctitatis
2744 1556 2852 1621 vis,
2887 1564 2992 1611 uta
3034 1558 3258 1627 paganis
3303 1572 3518 1628 quoque
3549 1567 3606 1614 et
3632 1558 3822 1614 ortho-

2227 1647 2382 1703 doxa:
2415 1648 2536 1704 fidei
2564 1647 2888 1705 adversariis
2931 1658 3250 1719 extorqueat
3289 1665 3530 1707 amorem
3578 1659 3635 1707 et
3671 1666 3822 1708 reve-

527 1744 1214 1816 puloAugustinidicatum
1235 1761 1250 1802 :
1270 1745 1364 1799 sed
1395 1744 1551 1799 alteri
1573 1745 2062 1815 ejusdemluominis
2075 1755 2130 1800 et
2158 1741 2206 1802 Β
2232 1740 2484 1796 tentiam.
2509 1738 2620 1796 58d
2644 1755 2772 1796 Vero
2822 1740 3213 1812 Alban-agimus
3259 1756 3364 1797 non
3417 1742 3492 1798 ita
3517 1744 3690 1799 errori
3727 1759 3825 1798 suo

529 1838 742 1906 patrue,
763 1838 850 1907 qui
879 1844 1056 1890 tamen
1077 1836 1142 1890 ad
1186 1835 1578 1905 Legionensem
1628 1835 1813 1890 sedem
1860 1835 1960 1890 fuit
1993 1850 2116 1890 eve.

527 1941 668 1997 ctus,
702 1929 839 1983 alios
867 1928 1132 1996 siquidem
1177 1943 1242 1982 eo
1279 1928 1498 1982 nomine
1530 1927 1813 1996 insignitos
1857 1926 2025 1982 fuisse
2055 1927 2125 1980 li-

527 2033 659 2093 quet
687 2022 998 2078 testimonio
1040 2022 1222 2078 Dextri
1265 2021 1332 2076 ad
1371 2037 1498 2078 ann.
1549 2021 1653 2077 566
1699 2021 1850 2078 etM.
1907 2020 2125 2075 Maximi

529 2114 596 2167 ad
627 2129 718 2168 an.
743 2112 868 2168 602.

601 2205 951 2276 Manuscripti
975 2205 1194 2261 codices
1215 2220 1405 2262 omnes
1423 2205 1626 2261 habent
1643 2206 1901 2262 Dextrum
1927 2206 2128 2262 obiisse

534 2311 676 2352 anno
710 2296 924 2352 Domini
953 2295 1059 2353 444
1089 2313 1196 2352 non
1227 2296 1353 2366 459,
1385 2308 1441 2354 et
1465 2297 1582 2369 ipse
1609 2298 2128 2368 Caesaraugustanus

532 2402 766 2443 excusus
815 2403 977 2444 manu
1026 2390 1196 2460 ipsius
1246 2392 1586 2447 recenseatis
1637 2399 1922 2448 correctus
1967 2391 2128 2462 vulgo

530 2483 702 2536 venit.

605 2574 774 2628 Recte
786 2572 1004 2643 quidem
1032 2573 1106 2626 ait
1129 2572 1397 2628 Maximus
1417 2571 1640 2627 Paulum
1653 2572 1909 2629 Orosium
1927 2574 2128 2630 obiisse

528 2667 850 2723 centenario
874 2666 1138 2735 majorem
1173 2680 1318 2719 anno
1361 2663 1562 2720 Christi
1593 2666 1694 2720 471
1726 2709 1740 2734 ,
1790 2683 1912 2721 cum
1970 2677 2127 2725 natus

532 2760 696 2814 fuerit
726 2757 852 2825 370,
883 2767 940 2812 ut
960 2757 1318 2813 correctiores
1346 2757 1564 2814 codices
1591 2758 1823 2826 habent,
1845 2759 1915 2815 de
1935 2775 2043 2830 quo
2073 2762 2124 2816 in

531 2849 1057 2921 respousioneadoll
1084 2848 1356 2919 objectum
1378 2849 1667 2905 adversum
1688 2850 1969 2920 Dextrum,
1993 2853 2126 2908 satis

532 2944 792 2999 diximus.

605 3039 873 3108 Suspecta
897 3051 1113 3107 quoque
1133 3035 1388 3122 mihi-vox
1416 3036 1504 3092 illa
1529 3047 1633 3104 est,
1665 3037 1761 3094 sed
1784 3038 1852 3094 ab
1873 3040 2128 3110 Augusti-

2226 1829 2582 1893 adhmrebat,
2624 1840 2683 1885 ut
2725 1830 2920 1887 dubius
2966 1830 3144 1886 forsan
3175 1831 3246 1886 de
3293 1831 3556 1901 religione
3593 1833 3824 1889 multum

2227 1940 2334 1980 nou
2362 1923 2674 1980 adhaereret
2700 1924 2986 1980 catholicae
3011 1925 3170 1996 :quin
3195 1923 3362 1980 immo
3387 1926 3616 1981 interius
3635 1927 3828 1982 catho-

2227 2021 2346 2076 licis
2368 2020 2679 2076 consentire
2705 2019 3005 2075 dicebatur.
3031 2018 3142 2075 Nec
3164 2019 3360 2074 mirum
3381 2033 3506 2074 cum
3528 2021 3831 2075 monacho-

2228 2130 2348 2171 rum
2372 2095 2700 2169 monasteria
2729 2111 3024 2168 aedificaret
3042 2122 3137 2168 aut
3159 2119 3510 2178 restauraret,
3535 2119 3593 2166 ut
3612 2111 3826 2183 Syslam

2228 2215 2570 2264 restaurasse
2600 2205 2819 2262 dicitur.
2855 2206 2930 2261 De
2960 2206 3178 2261 nomine
3204 2215 3385 2260 autem
3425 2205 3546 2275 ejus
3586 2207 3829 2262 ctenobii

2230 2315 2337 2356 non
2370 2300 2596 2355 multum
2619 2313 2770 2366 curo,
2803 2313 2926 2354 nam
2959 2297 3129 2368 potuit
3153 2297 3208 2352 in
3237 2296 3502 2352 honorem
3531 2297 3829 2352 multorum

2230 2392 2391 2448 simul
2419 2400 2735 2448 sanctorum
2787 2390 3068 2457 :editicari,
3101 2389 3242 2461 qttod
3274 2390 3327 2444 in
3376 2389 3499 2444 aliis
3546 2388 3829 2452 videmus;

2231 2494 2324 2540 aut
2353 2485 2585 2540 alterum
2615 2497 2836 2551 nomen,
2871 2498 2996 2539 cum
3045 2481 3376 2538 :edifieatum
3426 2490 3536 2548 est,
3594 2479 3831 2538 alterum

2230 2579 2284 2634 in
2315 2575 2736 2632 rearditicatione
2772 2575 2959 2631 sortiri
2987 2575 3183 2644 potuit.

2306 2670 2386 2724 En
2418 2669 2682 2725 eamelum
2731 2683 2892 2738 quem
2942 2668 3210 2739 deglutire
3258 2667 3558 2724 Pennottus
3586 2681 3696 2723 non
3751 2683 3835 2724 re-

2233 2762 2374 2819 nuit.
2409 2760 2705 2818 Ecelesiam
2744 2761 2802 2817 S.
2848 2762 3035 2817 Mariae
3064 2761 3133 2818 de
3179 2762 3342 2817 Pilari
3387 2761 3458 2817 ab
3510 2762 3834 2830 apostolicis

2233 2854 2570 2926 temporibus
2601 2869 2770 2925 usque
2799 2854 2864 2909 ad
2897 2868 3171 2924 praesens,
3218 2854 3336 2910 sine
3387 2853 3834 2924 interpellatione

2232 2945 2403 3002 fuisse
2432 2947 2817 3003 canonieorum
2835 2947 3188 3018 regularium,
3211 2963 3373 3019 quam
3403 2956 3584 3003 tamen
3606 2957 3830 3004 constat

2231 3038 2298 3094 ad
2324 3040 2599 3110 regulares
2628 3039 2910 3095 transiisse
2941 3055 3085 3097 anno
3135 3040 3348 3096 Domini
3379 3040 3510 3096 1141
3561 3040 3833 3098 beneﬁcio

531 3130 712 3186 nianis
738 3128 984 3185 eremitis
1001 3127 1238 3184 additam
1267 3114 1375 3184 non
1418 3129 1608 3199 credo,
1630 3132 1724 3185 sed
1762 3131 1832 3186 ab
1861 3109 2132 3188 Euthrau-
2155 3109 2202 3173 Ο
2236 3109 2542 3186 Innocentii
2565 3131 2668 3186 PP.
2697 3131 2761 3198 ll,
2791 3131 2944 3203 cujus
2973 3147 3140 3204 super
3160 3147 3221 3188 ea
3253 3147 3312 3188 re
3338 3133 3651 3204 apostolica:
3680 3133 3832 3191 litte-

530 3224 623 3292 do,
655 3233 750 3278 aut
779 3223 848 3278 ab
873 3223 980 3278 alio
1009 3223 1233 3291 antiquo
1279 3220 1594 3288 scholiaste,
1637 3238 1733 3278 seu
1773 3233 2125 3294 annotatore;

533 3329 638 3384 qua
667 3315 734 3369 de
763 3330 823 3370 re
854 3316 986 3370 satis
1017 3315 1250 3369 diximus
1276 3314 1329 3369 in
1359 3324 1656 3371 comment.
1683 3316 1751 3370 ad
1775 3331 1902 3373 ann.
1936 3319 2043 3375 429
2070 3337 2126 3376 n.

533 3407 595 3473 5,
629 3421 729 3461 nec
773 3407 997 3461 omnino
1044 3423 1150 3462 vox
1202 3408 1314 3477 ipsa
1358 3421 1388 3461 a
1415 3415 1630 3463 vetusto
1670 3407 1836 3465 modo
1873 3409 2128 3480 loquendi

530 3497 856 3568 scriptorum
879 3498 1162 3564 abhorret,
1195 3513 1318 3552 cum
1341 3498 1635 3554 Zacharias
1679 3500 1958 3556 Romanus
1981 3502 2127 3559 Pon-

531 3590 687 3656 tifex,
719 3593 808 3662 qui
835 3607 942 3646 non
971 3591 1130 3660 longe
1160 3607 1189 3645 a
1212 3591 1280 3646 M.
1317 3591 1551 3648 Maximo
1575 3593 1731 3661 vixit,
1761 3593 2014 3651 ordinem
2064 3597 2124 3654 S.

531 3683 814 3739 Benedicti
857 3685 1218 3740 nominaverit
1264 3684 1319 3739 in
1371 3684 1653 3756 privilegio
1691 3701 1722 3740 a
1769 3702 1829 3743 se
1867 3701 2128 3746 concesso

532 3776 736 3833 Vener.
773 3777 1027 3852 coenobio
1051 3774 1510 3847 Montis-Cassiui,
1540 3778 1695 3849 cujus
1723 3779 1888 3836 verba
1920 3796 1986 3837 eo
2023 3782 2126 3840 loci

533 3869 802 3928 dedimus.

606 3962 719 4017 lloc
751 3964 870 4018 loco
899 3962 1055 4019 facile
1105 3965 1404 4022 Pennottus
1435 3967 1685 4035 miratur,
1713 3984 1842 4029 ,cum
1891 3972 2124 4042 idipsum

531 4053 675 4120 quod
697 4052 960 4107 Maximus
981 4054 1048 4107 de
1074 4053 1133 4109 8.
1165 4054 1450 4125 Fulgentio
1472 4055 1742 4127 RuSpensi
1788 4061 2125 4129 scribit,'alii

529 4158 747 4214 quoque
767 4154 1018 4200 auctores
1042 4144 1336 4215 fateantur,
1365 4156 1423 4200 ut
1445 4148 1630 4204 videre
1651 4159 1734 4205 est
1775 4151 1917 4222 apud
1956 4153 2126 4225 Equi-

531 4237 704 4291 linttm
731 4237 825 4293 lib.
843 4253 900 4302 ιι,
927 4252 975 4292 c.
1006 4237 1094 4306 5:2,
1121 4236 1278 4294 loan.
1304 4239 1584 4296 Marietam
1603 4241 1670 4300 de
1696 4242 1915 4302 Sanctis
1936 4245 2126 4318 Hispa-

527 4332 668 4398 nize,
699 4341 754 4387 et
785 4331 943 4386 alios.

601 4424 678 4478 De
706 4439 839 4479 voce
869 4425 980 4490 illa,
1006 4425 1205 4479 ordinis
1226 4425 1286 4482 S.
1321 4425 1610 4495 Benedicti,
1640 4428 1750 4484 dixi
1783 4430 1948 4486 modo
1971 4447 2119 4488 num.

2234 3240 2311 3280 ra:
2340 3238 2406 3278 eo
2431 3237 2574 3278 anno
2607 3223 2894 3293 expeditae,
2926 3225 3016 3294 qui
3043 3227 3126 3280 sui
3158 3225 3502 3294 pontificatus
3526 3225 3628 3280 fuit
3647 3227 3741 3291 12,
3777 3228 3829 3283 in

2233 3317 2402 3387 ipsius
2429 3315 2752 3371 veneranda:
2783 3315 3030 3370 ecclesia:
3053 3315 3278 3371 archivo
3301 3324 3672 3383 asservantur,
3698 3332 3824 3373 cum

2232 3407 2352 3462 aliis
2380 3407 2603 3478 Eugenii
2636 3407 2701 3462 lll
2745 3423 2836 3462 au.
2871 3406 3009 3464 1146
3039 3406 3388 3478 pontificatus
3410 3422 3502 3462 an.
3531 3407 3587 3472 2,
3619 3417 3679 3464 et
3701 3410 3826 3464 aliis

2233 3499 2417 3554 itidem
2443 3497 2732 3554 Alexandri
2764 3497 2831 3553 lll
2858 3513 3001 3554 anno
3032 3499 3200 3565 H75,
3231 3499 3578 3570 pontificatus
3617 3501 3704 3555 sui
3735 3500 3823 3564 i2.

2231 3606 2366 3664 quas
2395 3590 2462 3645 ad
2491 3606 2648 3646 suum
2697 3591 2936 3646 tavorem
2979 3591 3224 3647 canonici
3269 3592 3440 3662 ipsius
3467 3591 3733 3662 allegant,
3775 3603 3830 3649 et

2234 3683 2543 3754 producunt
2559 3683 2612 3737 in
2630 3697 2791 3738 causa
2813 3698 2978 3752 super
3001 3683 3360 3754 prmcedentia
3381 3699 3542 3756 quam
3562 3699 3686 3741 eum
3711 3685 3830 3741 aliis

2231 3774 2633 3831 eathedralibus
2663 3775 2946 3843 Aragouia:
2987 3785 3247 3842 tractant;
3290 3791 3495 3847 easque
3522 3775 3695 3832 refert
3722 3777 3832 3833 Au-

2229 3867 2478 3938 gustinus
2513 3865 2784 3922 Morlaues
2805 3867 2856 3922 in
2879 3867 3205 3938 allegatione
3233 3882 3331 3938 pro
3366 3866 3599 3924 ecclesia
3627 3869 3699 3924 de
3747 3869 3832 3925 Pi-

2230 3958 2330 4014 lari
2363 3967 2516 4028 parte
2541 3958 2598 4022 2,
2625 3973 2772 4013 num.
2796 3959 2922 4014 385.
2941 3957 3212 4014 Creterqu
3237 3958 3377 4028 quod
3395 3958 3531 4014 dicit
3550 3959 3602 4014 in
3617 3959 3828 4017 Chron.

2230 4050 2492 4105 Maximus
2520 4051 2722 4106 multos
2743 4049 2861 4106 dies
2891 4050 3066 4121 ipsum
3092 4052 3268 4120 egisse
3298 4051 3400 4106 sub
3423 4051 3608 4122 regula
3639 4051 3704 4108 S.
3734 4053 3832 4110 Be-

2232 4143 2431 4200 nedicti
2464 4144 2515 4198 in
2543 4144 2660 4199 :cdc
2688 4141 2746 4200 S.
2780 4143 2963 4198 Maria:
2991 4144 3060 4199 de
3090 4143 3373 4208 Columna,
3401 4151 3459 4199 et
3478 4143 3624 4214 quod
3660 4159 3831 4216 prope

2228 4245 2346 4292 erat
2363 4235 2750 4290 Monasterium
2774 4250 2929 4290 suum
2954 4239 3333 4302 constitutum,
3357 4236 3614 4292 eosolum
3630 4239 3823 4306 tendit,

2229 4331 2517 4397 utinnuat,
2546 4347 2671 4388 cum
2715 4335 2950 4404 primum
2989 4333 3324 4389 Benedictiui
3353 4334 3827 4406 Caesaraugustam

2231 4421 2592 4480 adventarunt
2621 4425 2791 4481 adem
2821 4426 3114 4482 incoluisse
3145 4426 3381 4496 przrfata:
3406 4428 3656 4484 ecclesia
3689 4444 3827 4484 con-

523 4516 594 4582 4;
639 4516 940 4571 Pennottus
962 4531 1090 4571 vero
1116 4515 1357 4573 infensus
1388 4519 1777 4587 Benedictinis,
1802 4522 1947 4593 quod
1978 4524 2121 4580 inter
2150 4497 2203 4558 Β
2229 4515 2426 4585 “suam
2447 4557 2464 4584 ν
2516 4530 2613 4572 seu
2643 4517 2874 4572 νίείηεῐη
2897 4559 2912 4585 ,
2963 4519 3109 4575 unde
3152 4519 3416 4576 adeuntes
3450 4535 3565 4576 rem
3609 4537 3829 4578 sacram

526 4620 784 4678 utrosque
809 4624 974 4680 super
999 4607 1256 4664 ordinum
1305 4611 1627 4684 antiquitate
1647 4613 1848 4668 acriter
1873 4615 2120 4671 decerta-

524 4711 636 4757 tum
651 4703 744 4768 sit,
771 4703 1042 4757 immerito
1065 4713 1119 4756 et
1144 4703 1316 4772 gratis
1335 4704 1592 4774 deprimit
1618 4706 1828 4762 ordinis
1852 4707 1910 4764 S.
1937 4709 2116 4765 Bene-

519 4794 650 4848 dicti
681 4795 1083 4864 antiquitatem,
1118 4801 1175 4850 et
1202 4794 1545 4853 fundationes
1576 4801 2035 4856 monasteriorum
2063 4801 2117 4856 in

519 4884 800 4954 llispauia,
825 4901 960 4956 quas
989 4902 1159 4959 usque
1189 4888 1256 4944 ad
1300 4903 1501 4946 annum
1534 4890 1747 4947 Domini
1773 4891 1879 4948 646
1908 4895 2118 4966 violen-

521 4985 607 5031 ter
656 4980 964 5046 suspendit;
1017 4981 1159 5050 quod
1192 4989 1369 5037 tamen
1423 4998 1528 5038 non
1580 4983 1840 5054 probans,
1893 4988 2113 5058 proprio

517 5077 696 5123 marte
731 5070 874 5140 loqui
898 5073 1262 5142 convincitur,
1297 5083 1354 5129 et
1373 5075 1567 5132 saltem
1590 5077 1642 5132 in
1668 5077 1770 5132 hac
1798 5092 1983 5146 causa,
2013 5094 2105 5136 cu-

510 5159 603 5231 jus
627 5175 750 5230 pars
787 5161 1032 5220 formalis
1059 5175 1166 5236 est,
1202 5175 1389 5236 utpote
1421 5168 1773 5227 vehementer
1800 5181 2110 5244 suspectus,

511 5252 815 5309 audiendus
838 5271 945 5309 non
976 5267 1080 5312 est.
1109 5258 1217 5314 Sed
1239 5260 1368 5330 quid
1399 5262 1444 5317 si
1471 5263 1530 5319 8.
1570 5262 1882 5320 Vincentius
1921 5265 2110 5336 Legio-

509 5348 701 5404 nensis
723 5349 867 5404 circa
897 5363 1097 5405 annum
1134 5352 1345 5408 Domini
1372 5353 1477 5410 541
1507 5355 1715 5412 italiam
1746 5357 2103 5424 contendens,

508 5440 758 5494 habitum
789 5439 856 5496 de
887 5455 1048 5494 manu
1072 5441 1128 5497 S.
1157 5441 1218 5498 P.
1242 5443 1518 5502 Benedicti
1550 5446 1747 5514 induit,
1771 5447 1862 5518 qui
1883 5456 2107 5503 auctore

508 5531 630 5601 ipso
664 5532 932 5588 Pennotto
985 5534 1054 5589 ab
1083 5548 1227 5591 anno
1276 5536 1383 5592 525
1429 5538 1726 5593 monachos
1773 5553 2107 5609 congregare

511 5633 775 5692 cmperat,
807 5625 930 5682 inde
950 5627 1003 5681 in
1032 5629 1260 5699 patriam
1283 5629 1565 5698 remeavit,
1599 5629 1692 5684 ubi
1715 5645 1859 5687 anno
1879 5631 1983 5688 546
2002 5631 2105 5689 sub

516 5715 820 5777 llicbillane
838 5737 961 5794 rege
976 5721 1153 5781 Suevo
1167 5723 1425 5781 hmretico
1447 5724 1764 5796 martyrium
1778 5739 1970 5797 passus
1984 5726 2104 5785 est?

2223 4623 2409 4664 coram
2437 4609 2670 4680 imagine
2701 4610 2761 4666 Β.
2789 4611 2884 4667 Dei
2906 4611 3195 4668 Genitricis
3230 4614 3469 4682 quotidie
3499 4613 3777 4670 faciebant
3809 4631 3824 4668 :

2223 4716 2502 4774 quousque
2535 4703 2643 4758 illis
2671 4703 2994 4759 :editicatum
3025 4703 3128 4758 fuit
3152 4705 3462 4761 coenobium
3492 4704 3561 4760 ad
3615 4705 3825 4761 Massa:

2223 4797 2490 4864 Sanctus;
2519 4797 2662 4868 quod
2693 4797 2844 4853 brevi
2875 4807 3118 4868 tempore
3148 4797 3264 4853 fieri
3293 4798 3496 4868 potuit;
3530 4807 3585 4854 et
3616 4799 3824 4855 nihilo-

2220 4895 2402 4949 minus
2421 4893 2528 4972 dici
2559 4909 2684 4950 vere
2709 4893 3050 4964 postmodum
3075 4895 3264 4966 quivit,
3292 4895 3434 4967 quod
3453 4905 3617 4952 antea
3649 4909 3821 4966 prope

2217 4986 2506 5043 ecclesiam
2531 4985 2599 5042 de
2630 4985 2798 5042 Pilari
2828 4995 2947 5042 erat
2999 4989 3391 5044 monasterium
3421 4987 3816 5044 monachorum

2215 5077 2274 5134 S.
2306 5076 2603 5133 Benedicti.
2623 5076 2762 5146 Quid
2784 5077 2928 5133 enim
2953 5078 3201 5134 estaliud
3233 5079 3623 5136 monasterium
3647 5094 3816 5151 quam

2213 5171 2408 5227 domus
2437 5187 2467 5226 a
2494 5171 2777 5227 monachis
2807 5171 3082 5227 habitata?
3112 5173 3208 5229 sed
3237 5185 3291 5230 et
3318 5173 3425 5231 hoc
3443 5174 3685 5246 quotidie
3730 5174 3818 5230 vi-

2214 5262 2405 5319 demus
2434 5262 2487 5317 in
2533 5263 2816 5319 monachis
2859 5263 3190 5333 reformatis,
3214 5265 3305 5335 qui
3338 5267 3571 5337 primum
3591 5281 3624 5321 e
3645 5266 3814 5322 domo

2215 5355 2351 5410 satis
2379 5354 2584 5426 vulgari
2626 5356 3020 5412 monasterium
3051 5355 3414 5425 constituunt,
3445 5355 3562 5412 sola
3590 5357 3814 5413 clausu-

2214 5461 2275 5502 ra
2298 5455 2352 5502 et
2382 5447 2700 5518 campanula
2733 5446 2800 5502 ad
2823 5455 3034 5516 portam
3055 5447 3269 5504 addita:
3306 5463 3338 5506 e
3357 5463 3459 5520 qua
3484 5447 3811 5520 plerumque

2211 5539 2279 5595 ad
2308 5552 2506 5594 novum
2532 5537 2823 5594 :editlcium
2845 5538 2995 5596 brevi
3019 5547 3321 5609 transeunt,
3345 5540 3529 5596 veteris
3547 5548 3811 5597 monaste-

2209 5631 2279 5686 rii
2306 5631 2526 5688 nomine
2547 5630 2734 5687 domui
2764 5630 2929 5699 priori
2973 5631 3187 5689 relicto.

2281 5726 2422 5783 l-linc
2452 5725 2632 5796 potius
2659 5725 2831 5781 robur
2857 5724 3059 5798 accipit
3099 5726 3368 5785 sententia
3397 5725 3548 5784 card.
3591 5723 3803 5783 Bellar-
