4122 6174
339 244 450 303 633

1381 238 1906 300 APOLOGETICUS
1943 237 2080 297 PRO
2117 239 2178 298 L.
2223 241 2528 301 DEXTRO.

3503 250 3627 324 ,σει

338 358 493 425 mini,
523 371 650 428 qua:
671 354 954 413 canonicis
977 354 1108 427 ipsis
1137 354 1480 426 regularibus
1510 356 1703 426 placet,
1738 355 1793 410 id
1823 362 1930 420 est,
1958 353 2010 414 Α
2038 364 2248 412 nottum
2280 357 2332 412 id
2359 374 2466 414 non
2496 359 2772 429 ignorare,
2802 360 2895 433 qui
2917 374 3065 432 stepe
3090 359 3144 418 in
3173 361 3468 432 Tripartita
3498 380 3622 434 sua,

336 451 548 509 Simoni
570 449 830 506 Uverlino
853 449 1146 520 praeposito
1168 448 1384 504 Sanctae
1405 447 1586 503 ltlarim
1603 449 1654 504 in
1677 449 1926 516 Diesscn,

336 561 498 617 quem
527 543 772 614 sequitur
804 542 1120 599 Bernardns
1159 540 1484 614 Viudingbs,
1522 557 1628 598 non
1661 542 1805 599 cnim
1843 557 1930 598 rc-

333 638 461 710 gula
501 636 724 708 scripta,
757 635 853 690 sed
888 635 1004 690 viva
1035 649 1204 702 voce,
1239 644 1294 691 et
1333 634 1592 702 exemplo
1629 633 1927 690 monachos

334 746 433 786 seu
463 730 756 784 canonicos
786 741 913 782 suos
941 727 1138 782 Doctor
1167 727 1548 792 sanctissimus
1577 726 1795 784 edocuit
1830 745 1843 782 :
1868 735 1928 782 ιιι

333 824 552 880 caeteris
592 821 775 893 prisco
824 831 1072 891 tempore
1117 820 1372 876 Patribus
1431 821 1602 877 moris
1647 821 1771 878 fuit.
1819 823 1923 878 Aut

333 919 467 975 dent
495 917 656 974 nobis
678 915 824 988 apzzd
847 916 1024 986 ipsum
1057 914 1441 986 Augustinum,
1483 924 1574 970 aut
1619 914 1922 970 Possidium

334 1013 388 1066 in
415 1010 678 1081 catalogis
707 1024 936 1080 operum
979 1009 1098 1079 ejus
1144 1008 1543 1065 studiosissime
1591 1007 1920 1076 elaboratis,

331 1104 416 1160 vel
459 1104 631 1160 lcvcm
660 1101 865 1171 regula:
910 1102 1130 1172 scripta!
1173 1101 1506 1156 mentionem
1544 1119 1554 1152 :
1589 1099 1731 1170 quod
1761 1115 1924 1169 argu-

335 1204 576 1253 mentum
626 1193 907 1250 evidenter
955 1194 1233 1249 convincit
1296 1192 1660 1263 Augustinum
1719 1191 1922 1247 nullam

331 1287 619 1359 scripsisse
659 1286 900 1357 regulam
948 1285 1226 1356 discipulis
1263 1285 1377 1340 suis
1412 1302 1426 1338 :
1459 1286 1650 1341 saltem
1694 1299 1762 1339 ex
1793 1298 1921 1339 sen-

333 1381 500 1438 tentia
531 1379 809 1448 Pennotti,
841 1386 901 1434 ut
929 1394 1093 1449 supra
1122 1377 1430 1434 notavimus
1453 1375 1500 1446 ᾗ.
1532 1375 1588 1442 4,
1621 1392 1677 1430 ιι.
1703 1376 1738 1430 5
1767 1369 1925 1444 hujus

329 1473 628 1544 apologicze
659 1471 1064 1540 rcSpousionis;
1089 1479 1144 1524 ct
1170 1468 1294 1524 inde
1316 1476 1400 1523 est
1419 1466 1562 1537 quod
1591 1467 1654 1521 D.
1687 1465 1926 1521 lldefon-

330 1581 446 1632 sus,
473 1579 537 1620 ac
566 1562 774 1629 cmtcri,
810 1563 900 1632 qui
932 1561 1001 1617 de
1041 1562 1252 1616 Donato
1284 1569 1450 1630 agunt
1482 1559 1584 1630 (ill.
1629 1559 1921 1616 Maximum

329 1656 579 1728 excipio)
604 1655 811 1725 regula:
842 1655 1254 1726 Augustinianae
1281 1669 1311 1708 a
1344 1668 1404 1707 se
1436 1653 1489 1706 in
1520 1651 1808 1722 Hispanias
1841 1653 1923 1707 iu-

2031 449 2281 506 adductis
2320 455 2483 508 etiam
2527 454 2699 510 sacris
2745 455 3044 511 canonihus
3093 456 3150 511 in
3194 456 3435 512 medium
3479 459 3624 516 idem

2031 543 2290 599 inculcat.
2322 543 2466 616 Ergo
2498 545 2568 601 M.
2601 545 2889 601 Maximum
2920 561 2952 603 e
2976 548 3314 604 monasterio
3339 549 3405 603 ad
3442 549 3626 606 archi-

2031 634 2376 690 diaconatum
2423 637 3004 707 Cmsaraugustanum,
3057 632 3296 711 indeque
3351 639 3419 696 ad
3449 641 3620 712 ipsam

2029 728 2341 785 cathedram
2373 730 2594 796 abduci,
2630 745 2790 785 nemo
2817 731 3002 786 mirari
3033 740 3237 802 potest.

2098 822 2235 891 Quid
2267 823 2311 877 si
2335 823 2630 878 identidem
2671 825 2979 880 scriberent
3013 827 3310 896 scriptores
3355 826 3614 884 classici?

2027 913 2186 969 Certe
2216 914 2272 970 S.
2299 914 2542 970 lsidorus
2568 915 2620 969 id
2653 915 2818 971 habet
2846 915 2900 972 in
2933 915 3232 983 Chronico,
3264 919 3409 990 quod
3447 919 3623 976 Lucas

2027 1005 2328 1072 Tudcnsis,
2370 1006 2526 1076 jussu
2575 1007 2916 1075 Berengaria:
2961 1010 3163 1079 reginae
3214 1012 3516 1077 recensuit;
3567 1023 3622 1068 et

2026 1101 2143 1167 ipse
2172 1101 2442 1156 Tudensis
2471 1101 2601 1173 (seu
2643 1101 2966 1166 Tuditanus,
3003 1113 3060 1157 ut
3094 1103 3391 1158 Pennottus
3423 1108 3619 1177 vocat)

2023 1201 2110 1256 cui
2137 1201 2302 1257 etiam
2329 1201 2563 1256 multum
2593 1215 2691 1272 pro
2713 1202 2922 1257 meritis
2954 1201 3148 1268 defert,
3180 1201 3354 1258 eidem
3383 1203 3621 1260 subscri-

2024 1292 2126 1358 hit,
2173 1302 2227 1348 et
2268 1293 2412 1364 quod
2444 1303 2738 1364 caputcst,
2789 1293 2854 1348 D.
2902 1292 3211 1348 lldefonsus
3254 1293 3307 1348 iu
3337 1296 3623 1351 continua-

2025 1385 2174 1440 tione
2219 1383 2506 1440 lsidoriani
2555 1383 2831 1440 Chroniei.
2864 1385 3025 1438 Anno
3076 1383 3240 1455 igitur
3271 1385 3482 1441 Domini
3515 1388 3621 1442 606

2025 1475 2401 1532 Machomctus
2453 1474 2930 1546 pseudopropheta
2985 1475 3040 1530 in
3093 1476 3381 1547 llispanias
3430 1477 3619 1543 irruit,

2023 1568 2338 1624 commercii
2365 1577 2422 1624 et
2447 1568 2850 1638 praedicationis
2879 1577 3177 1639 prtetextu;
3220 1570 3315 1625 sed
3360 1570 3484 1625 inde
3525 1570 3624 1648 lei-

2024 1660 2146 1716 dori
2179 1662 2510 1731 llispalcnsis
2533 1676 2699 1732 opera
2728 1677 2850 1716 cum
2883 1662 3212 1718 verecundia
3266 1663 3473 1733 ejectus
3513 1674 3619 1730 est,

325 1750 510 1806 ducta:
538 1764 649 1805 non
689 1747 1061 1803 meminerint.
1095 1746 1368 1802 Maximus
1397 1761 1528 1800 vero
1575 1745 1794 1800 nomine
1835 1760 1894 1799 re
1949 1729 1998 1791 Β
2023 1768 2127 1822 qua
2157 1753 2226 1808 de
2254 1729 2336 1821 re,
2370 1753 2484 1809 Deo
2504 1729 2690 1816 dante,
2722 1752 2968 1808 dicemus
3005 1754 3058 1809 in
3103 1729 3416 1812 Comment.
3446 1755 3514 1810 ad
3547 1729 3618 1811 M.

324 1843 471 1912 gul-.c
495 1842 556 1898 S.
589 1840 882 1911 Augustini
921 1854 1028 1895 non
1058 1839 1279 1910 quidem
1311 1839 1640 1908 scripturam
1680 1837 1917 1907 aliquam

324 1934 722 2006 intelligit,sed
742 1934 984 2000 modum,
1015 1947 1369 2003 normamque
1398 1931 1616 1987 vivendi
1643 1933 1761 1986 viva
1787 1945 1920 1988 voce

324 2030 398 2086 ab
428 2027 738 2096 Augustino
763 2025 877 2080 suis
906 2025 1183 2091 traditam,
1211 2039 1332 2096 qua:
1362 2039 1494 2079 sane
1520 2039 1620 2095 pro
1661 2026 1919 2096 temporis

326 2125 563 2188 fervore,
607 2119 852 2188 rigorosa
893 2115 1192 2174 admodum
1233 2130 1356 2173 esse
1399 2117 1679 2173 credenda
1718 2127 1839 2174 est:
1866 2127 1921 2174 ct

325 2213 535 2272 ideirco
576 2211 814 2281 mitigari
864 2208 1208 2280 postmodum
1241 2208 1417 2278 potuit
1448 2225 1477 2264 a
1502 2209 1561 2265 S.
1597 2211 1826 2276 Donato,
1863 2219 1921 2266 ut

325 2305 596 2378 frigidiuri
613 2302 850 2382 regioni,
881 2302 1059 2374 qualis
1083 2311 1167 2357 est
1195 2301 1475 2373 llispauia,
1499 2313 1749 2372 respectu
1780 2301 1922 2357 Afri-

324 2415 428 2463 cte,
449 2397 826 2468 adaptaretur.
851 2393 1054 2465 Regula
1077 2408 1209 2449 vero
1231 2409 1354 2465 qum
1373 2408 1518 2450 nunc
1538 2409 1652 2466 pra:
1673 2394 1922 2449 manibus

328 2500 434 2556 est,
459 2506 526 2546 ex
555 2487 789 2560 epistola
822 2486 924 2544 109
952 2494 1197 2542 extracta
1226 2486 1460 2551 videtur,
1489 2485 1542 2540 in
1574 2501 1680 2558 qua
1707 2485 1923 2541 variato

326 2598 465 2640 sexu
493 2581 811 2638 continetur
840 2579 908 2635 ad
937 2579 1162 2636 verbum
1187 2596 1200 2643 ;
1228 2588 1420 2650 estque
1443 2578 1690 2651 quaedam
1719 2581 1924 2635 instru-

327 2677 440 2734 ctio
459 2675 580 2731 vitae
601 2673 1117 2741 sanctimonialium,
1142 2687 1305 2744 quam
1331 2673 1437 2730 illis
1459 2673 1748 2728 Occasione
1767 2688 1920 2728 smn-

329 2780 422 2844 pta
455 2784 485 2825 a
512 2767 916 2832 controversia,
947 2781 1111 2837 quam
1141 2781 1266 2822 cum
1299 2765 1589 2836 praeposita
1627 2765 1919 2834 habebant,

329 2863 618 2937 praefigere
646 2860 886 2926 studuit;
915 2860 1062 2916 unde
1091 2861 1229 2916 nihil
1263 2860 1316 2916 in
1347 2875 1410 2916 ea
1449 2861 1519 2916 de
1546 2862 1919 2935 presbyteris,

327 2955 568 3021 clericis,
592 2964 685 3008 aut
709 2953 1164 3024 prmdicatorihus
1192 2953 1401 3023 agitur;
1432 2962 1488 3009 ct
1508 2954 1554 3008 si
1575 2953 1644 3010 de
1663 2970 1774 3010 uno
1800 2970 1922 3026 pre?

328 3049 554 3120 shytero
584 3047 787 3101 mentio
819 3045 898 3113 fit,
926 3046 972 3101 is
993 3045 1110 3116 ipse
1134 3047 1409 3100 convincit
1434 3047 1674 3116 regulam
1706 3047 1923 3104 feminis

329 3138 501 3193 fuisse
516 3136 910 3207 conscriptam;
938 3151 1061 3190 nam
1083 3135 1396 3205 praccipitur
1415 3136 1532 3205 plus
1555 3136 1921 3192 obediendum

328 3244 452 3286 esse
495 3229 840 3300 presbytero,
885 3227 975 3296 qui
1020 3226 1264 3281 omnium
1312 3240 1498 3282 curam
1549 3226 1712 3298 gerit,
1763 3240 1922 3298 qnam

329 3322 630 3395 prmposito
660 3338 674 3374 :
707 3319 852 3392 quod
903 3320 956 3375 in
1007 3319 1138 3374 viris
1185 3319 1367 3375 locum
1402 3335 1507 3374 non
1555 3319 1746 3385 habet;
1797 3334 1920 3376 cum

327 3413 626 3488 praeposito
651 3429 762 3485 pra:
792 3412 1046 3468 omnibus
1071 3412 1434 3468 obcdiendum
1463 3411 1526 3468 sit
1549 3431 1560 3467 :
1583 3412 1720 3468 bene
1741 3421 1921 3470 autem

329 3505 384 3562 in
424 3505 666 3573 feminis,
721 3505 918 3576 quibus
949 3520 1088 3560 unus
1129 3504 1427 3576 pra-ficitur
1456 3506 1760 3578 presbyter,
1811 3523 1922 3577 pra:

328 3600 564 3671 regulari
595 3601 890 3671 praeposito
922 3599 1284 3655 obediendus.
1317 3598 1426 3654 Aut
1454 3609 1758 3656 monsueut
1801 3601 1922 3672 quis

328 3706 587 3762 umquam
633 3692 735 3747 fuit
763 3691 854 3746 ille
886 3691 1174 3763 presbyter
1220 3692 1502 3747 canonicis
1548 3702 1642 3746 aut
1680 3693 1922 3749 ercmitis

326 3798 492 3854 supra
517 3783 820 3854 regularem
842 3785 1194 3854 prmpositum
1217 3783 1295 3839 eis
1317 3783 1510 3838 datus?
1531 3784 1683 3853 Quod
1700 3785 1745 3840 si
1761 3801 1920 3856 quem

327 3876 607 3941 finxerint,
643 3876 931 3931 ostendant
964 3875 1110 3930 unde
1139 3874 1189 3930 id
1219 3884 1496 3946 promant,
1529 3891 1651 3931 nam
1678 3876 1798 3932 sine
1827 3891 1922 3932 au-

326 3978 478 4025 ctore
515 3967 768 4024 audiendi
808 3983 915 4022 non
960 3977 1110 4023 sunt.
1149 3967 1284 4022 lline
1314 3968 1571 4039 estquod
1617 3967 1806 4038 regula
1853 3984 1920 4024 cx

326 4060 558 4131 epistola
614 4058 864 4116 confecta
891 4058 1178 4114 mitissima
1212 4060 1308 4129 sit,
1342 4069 1532 4129 utpote
1563 4060 1779 4116 feminis
1807 4061 1916 4116 fra-

324 4155 526 4225 gilibus
562 4153 720 4218 data;
754 4161 810 4208 et
840 4152 1021 4209 forsan
1052 4168 1172 4222 qua:
1206 4170 1312 4208 non
1355 4155 1671 4210 continebat
1704 4155 1919 4212 univer-

324 4261 442 4303 sam
485 4247 817 4318 regularium
865 4246 1140 4300 actionum
1185 4244 1605 4310 institutionem,
1660 4245 1917 4301 nimirum

325 4337 611 4408 epistulari
637 4335 944 4392 tractationi
974 4338 1154 4391 minus
1181 4337 1611 4392 accommodem.
1643 4337 1794 4404 Quod
1823 4337 1920 4392 ad-

325 4432 474 4487 ditur
500 4431 570 4486 de
603 4429 892 4488 Servitano
923 4428 1254 4485 monasterio
1285 4430 1444 4486 facile
1474 4431 1724 4501 solvitur,
1757 4432 1804 4486 si
1837 4431 1918 4486 di-

322 4538 514 4579 camus
536 4523 646 4578 dno
680 4523 849 4578 fuisse
873 4522 1120 4592 ejusdem
1148 4522 1384 4578 nominis
1412 4533 1541 4578 tunc
1571 4525 1834 4594 temporis
1862 4524 1914 4579 in

324 4615 610 4688 llispania,
641 4616 876 4672 alterum
900 4615 966 4670 ad
993 4617 1367 4686 prtescriptum
1401 4617 1464 4671 Ι).
1495 4618 1803 4690 Augustini,
1835 4619 1914 4673 al-

324 4716 496 4762 ternm
519 4707 621 4762 sub
643 4708 826 4778 regula
857 4707 922 4762 ι).
951 4706 1231 4764 Benedicti
1258 4709 1532 4774 militans;
1566 4724 1666 4765 nec
1691 4711 1913 4776 mirum,

320 4812 444 4854 cum
468 4813 588 4855 sevo
608 4798 704 4854 illo
725 4799 1082 4856 usitatissimo
1103 4801 1368 4856 vocabulo
1394 4801 1632 4855 universi
1663 4802 1916 4858 monachi

321 4891 472 4950 Servi
518 4891 617 4947 Dei
663 4903 1130 4963 nuncuparentur.
1175 4892 1290 4948 Nisi
1334 4895 1506 4948 mavis
1541 4895 1850 4950 ctenobium
1885 4911 1914 4951 a

322 4983 380 5042 S.
411 4984 623 5040 Donato
655 4984 936 5040 fundatum
966 5000 1108 5040 anno
1139 4984 1356 5041 Domini
1400 4984 1505 5040 575
1557 4995 1678 5056 post
1707 4986 1915 5056 aliquot

321 5091 496 5132 annos
529 5077 728 5147 regula:
773 5076 834 5134 S.
868 5078 1146 5133 Benedicti
1191 5093 1249 5134 se
1276 5077 1610 5139 subdidisse.
1659 5077 1762 5132 sub
1807 5093 1913 5148 qua

323 5169 592 5239 reperitur
623 5169 789 5223 abbas
817 5169 1139 5225 Servitanus
1182 5183 1324 5224 anno
1356 5167 1557 5224 Christi
1591 5167 1719 5233 590,
1768 5167 1913 5236 quod

322 5266 455 5321 satis
500 5265 793 5321 verisimile
821 5275 928 5331 est,
971 5281 1091 5321 cum
1125 5265 1255 5320 olim
1303 5280 1464 5320 nemo
1516 5279 1580 5320 ex
1631 5264 1928 5321 monachis

320 5359 691 5416 diversitatem
720 5359 975 5416 ordinum
1007 5358 1308 5429 affectaret,
1333 5357 1428 5414 sed
1460 5358 1809 5430 perfectionis
1833 5358 1912 5414 fac

319 5451 478 5507 cilius
508 5452 750 5508 invenire
772 5451 938 5509 viam.

393 5543 668 5609 Quantum
689 5543 1000 5600 dissimulat
1028 5545 1369 5615 antiquitatis
1399 5544 1672 5611 notitiam,
1707 5553 1764 5599 ut
1793 5544 1912 5600 inu-

322 5636 547 5692 sitatam
594 5638 696 5694 sibi
746 5637 998 5695 videatur
1046 5638 1344 5696 monachos
1395 5640 1462 5696 ad
1515 5641 1830 5696 clericatum
1879 5653 1912 5695 c

324 5733 654 5789 monasterio
675 5731 894 5801 abduci,
920 5731 1084 5788 etiam
1103 5733 1369 5790 violenter
1388 5734 1597 5790 solitos.
1621 5733 1746 5790 Scio
1767 5735 1910 5793 Pen-

2022 1845 2346 1914 Maximum,
2390 1861 2527 1916 quos
2577 1847 2892 1916 propediem
2946 1862 3218 1916 paramus.
3269 1848 3449 1918 Atque
3499 1849 3621 1904 ha‘c

2018 1939 2240 2009 quidem
2271 1953 2370 2009 pro
2393 1938 2713 1994 defensione
2743 1939 2910 2007 ipsius
2941 1953 3042 2009 pro
3070 1953 3212 1994 nunc
3246 1939 3546 1997 sufficiant.

2090 2027 2289 2086 Contra
2324 2029 2659 2086 Entrandum
2688 2031 2822 2086 nihil
2863 2029 3108 2098 affertur,
3141 2031 3287 2101 quod
3333 2045 3434 2087 nos
3484 2047 3617 2100 prc-

2021 2134 2166 2190 mat;
2227 2123 2668 2195 quandoquidem
2713 2139 2826 2179 non
2877 2125 3175 2180 asserimus
3222 2124 3604 2195 Antipodosim

2023 2231 2181 2272 suam
2232 2217 2408 2286 ipsum
2467 2216 2644 2270 adhuc
2688 2215 2976 2270 diaconum
3023 2215 3366 2278 elaborasse,
3416 2230 3516 2271 nec
3566 2217 3618 2271 in

2021 2308 2221 2364 exsilio
2248 2326 2261 2362 :
2287 2307 2421 2363 nihil
2452 2307 2646 2362 horum
2671 2307 2725 2361 in
2757 2306 2990 2375 epistola
3022 2305 3454 2360 continuationis
3503 2307 3622 2375 ejus

2023 2397 2330 2455 deducitur.
2359 2399 2492 2453 Cum
2517 2413 2650 2454 vero
2669 2397 2870 2452 asserit
2891 2396 3216 2468 produxisse
3241 2396 3621 2465 Autipodosim

2025 2505 2196 2562 usque
2225 2490 2295 2545 ad
2325 2505 2490 2546 atram
2522 2488 2649 2551 965.
2683 2503 2847 2544 teram
2874 2503 2996 2544 cum
3023 2503 3169 2544 anno
3212 2487 3516 2554 confundit,
3541 2488 3617 2543 uti

2023 2585 2226 2642 multos
2273 2598 2495 2640 suorum
2551 2591 2857 2653 temporum
2908 2581 3108 2638 fecisse
3154 2581 3366 2637 erudite
3413 2576 3622 2638 nota'vit

2023 2675 2349 2733 Ambrosius
2378 2674 2605 2731 Morales
2637 2676 2688 2729 in
2724 2675 2838 2730 suis
2865 2673 3291 2745 Antiquitatibus
3323 2673 3618 2745 Hispanize.

2024 2767 2196 2824 Porro
2223 2768 2456 2824 Bonisus
2488 2767 2793 2823 'l‘oletanus
2819 2768 3072 2835 antistes,
3105 2767 3260 2838 cujus
3306 2766 3621 2823 Entraudus

2023 2859 2392 2916 subdiaconus
2442 2859 2562 2925 fuit,
2599 2876 2706 2915 non
2735 2869 2821 2916 est
2850 2861 2970 2930 ejus
3000 2860 3236 2916 nominis
3269 2860 3494 2930 primus,
3525 2859 3620 2931 qui

2023 2967 2171 3008 anno
2205 2953 2416 3008 Domini
2462 2953 2568 3008 865
2610 2953 2820 3009 electus
2859 2954 2979 3020 fuit,
3031 2953 3130 3008 sed
3187 2954 3381 3008 tertius
3410 2955 3622 3010 electus

2029 3048 2203 3104 Toleti
2230 3061 2376 3102 anno
2402 3045 2530 3113 946,
2563 3045 2705 3115 quod
2733 3059 2996 3114 expresse
3044 3046 3258 3100 notavit
3285 3046 3536 3100 Julianus
3566 3046 3618 3100 in

2028 3137 2234 3195 Chron.
2263 3153 2331 3193 eo
2361 3152 2528 3205 anno,
2562 3135 2847 3206 inquiens:
2876 3135 3088 3190 Electus
3119 3145 3227 3190 erat
3259 3145 3430 3190 autem
3462 3135 3624 3188 Boui-

2027 3250 2117 3288 sus
2144 3232 2363 3296 tertius;
2408 3230 2502 3284 sub
2529 3229 2627 3284 hoc
2656 3230 2754 3300 fuit
2790 3229 3136 3284 subdiaconus
3177 3226 3502 3296 Eutraudus,
3544 3228 3624 3283 vel

2028 3326 2380 3398 Luitprandus
2441 3323 2752 3390 Ticinensis,
2810 3323 3151 3378 historiarum
3209 3322 3432 3393 scriptor
3477 3321 3622 3376 haud

2027 3417 2292 3490 ignobilis,
2323 3426 2373 3473 et
2399 3417 2595 3488 pariter
2632 3425 2783 3487 poeta
2821 3415 3096 3470 excellens.
3127 3414 3258 3484 Ejus
3289 3429 3419 3470 vero
3449 3414 3623 3469 Chro-

2017 3513 2188 3567 ‘nicon
2239 3526 2345 3567 non
2377 3510 2552 3582 potuit
2577 3509 2846 3566 Calderon
2884 3506 3108 3573 cudere,
3157 3515 3346 3578 utpote
3371 3507 3440 3562 ad
3467 3506 3622 3575 cujus

2027 3617 2219 3659 manus
2251 3618 2358 3658 non
2387 3610 2727 3672 pervenerat,
2757 3601 2854 3656 sed
2879 3599 3105 3671 epistola
3135 3598 3308 3663 nuda;
3347 3613 3447 3652 nec
3474 3597 3618 3652 enim

2027 3693 2089 3748 P.
2139 3693 2504 3763 Hieronymus
2532 3691 2602 3747 de
2644 3691 2696 3746 la
2741 3692 2973 3760 lliguera
3023 3689 3238 3745 blorillo
3287 3687 3620 3742 Eutrandum

2025 3783 2542 3850 communicaverat,
2561 3797 2592 3836 a
2619 3797 2726 3852 quo
2750 3781 2810 3836 P.
2839 3781 3109 3836 Calderon
3139 3780 3406 3835 Dextrum
3429 3786 3484 3832 et
3511 3778 3621 3833 Ma-

2026 3877 2234 3932 ximum
2259 3876 2494 3945 accepit,
2519 3889 2626 3931 non
2654 3874 2776 3945 quia
2803 3874 2988 3944 Spuria
3015 3872 3390 3942 judicarentnr
3410 3871 3479 3927 ab
3504 3869 3616 3936 illo,

2025 3968 2122 4024 sed
2169 3967 2292 4038 quia
2326 3966 2486 4022 taedio
2525 3966 2742 4036 plenum
2775 3974 2892 4022 erat
2937 3974 3016 4021 tot
3041 3963 3293 4035 exempla
3322 3978 3482 4020 manu
3525 3977 3620 4018 sua

2025 4075 2271 4128 exarare,
2306 4068 2440 4132 quot
2463 4059 2744 4115 adiversis
2773 4059 2963 4114 amicis
2995 4072 3091 4114 seu
3122 4055 3300 4113 doctis
3331 4057 3466 4112 viris
3486 4070 3620 4125 quo-

2029 4154 2160 4210 tidie
2186 4155 2254 4209 ab
2297 4168 2363 4209 co
2392 4151 2772 4223 exigebantur.
2821 4151 3014 4206 Frusua
3055 4151 3204 4206 varia
3246 4149 3620 4203 communica-

2024 4246 2104 4300 vit
2144 4244 2327 4300 multis
2357 4259 2458 4313 pro
2505 4241 2748 4312 cujusvis
2796 4240 3132 4312 indigentia:
3163 4238 3240 4294 uti
3289 4237 3619 4294 Sandovalio

2025 4336 2283 4406 episcopo
2309 4335 2571 4399 Tudensi,
2603 4334 2846 4401 CaSparo
2879 4330 3161 4392 Machado,
3204 4337 3260 4384 et
3284 4328 3436 4393 aliis;
3469 4327 3616 4382 Patri

2024 4446 2156 4486 vero
2204 4429 2443 4486 Gabricli
2490 4427 2738 4496 Vasquez
2787 4425 3074 4494 epistolam
3125 4419 3391 4476 Eutrandi
3444 4418 3617 4482 dedit.

2023 4525 2170 4597 quod
2203 4523 2429 4578 multum
2457 4519 2524 4573 ad
2556 4519 2800 4574 favorem
2831 4515 3078 4586 Elipandi
3105 4513 3353 4569 Toletani
3400 4510 3617 4566 archico

2025 4616 2232 4688 piscopi
2257 4613 2587 4670 conduceret
2616 4612 2671 4666 in
2694 4609 2993 4680 qna‘suone
3015 4608 3083 4663 de
3103 4605 3390 4661 Filiationc
3411 4601 3616 4658 Christi

2024 4707 2092 4764 ad
2121 4710 2177 4765 ὅ.
2211 4721 2265 4777 p.
2299 4706 2364 4761 D.
2398 4704 2623 4760 Thema:
2671 4711 2804 4757 tom.
2834 4701 2876 4771 l,
2927 4699 3092 4766 unde,
3145 4707 3203 4752 ut
3251 4696 3441 4766 credo,
3493 4710 3614 4754 eam

2024 4798 2242 4872 quidam
2273 4811 2557 4867 sumpsere
2583 4794 2651 4850 ad
2683 4793 2930 4862 favorem
2953 4789 3208 4846 Chrouiei
3237 4789 3446 4845 Dextri.

2098 4893 2390 4964 Reliquum
2420 4900 2526 4960 est,
2552 4900 2609 4946 ut
2640 4889 2822 4945 verbis
2857 4885 3118 4943 Bernardi
3151 4884 3256 4941 mei
3301 4885 3463 4939 linem
3507 4881 3611 4938 im-

2019 4999 2219 5056 ponam
2247 4984 2370 5039 huic
2401 4983 2678 5047 tractatui,
2707 4980 2906 5051 quibus
2936 4979 3052 5048 ipse
3073 4975 3473 5047 apologcticam
3495 4975 3614 5042 epi-

2017 5078 2213 5134 stolam
2234 5075 2300 5130 ad
2323 5075 2573 5131 abbatem
2589 5073 2659 5129 de
2678 5073 3102 5128 Prazmonstrato
3118 5067 3379 5139 scriptam
3396 5067 3616 5123 clausit:

2017 5186 2140 5243 qua:
2174 5172 2314 5227 inter
2343 5185 2467 5225 suas
2494 5177 2578 5224 est
2599 5168 2709 5223 252
2735 5185 2748 5220 :
2777 5166 2906 5221 Cum
2923 5164 3035 5219 lucc
3060 5165 3132 5218 ita
3153 5178 3206 5216 se
3233 5149 3481 5228 habeant,
3507 5175 3608 5214 non

2017 5275 2093 5321 est
2120 5265 2259 5336 quod
2285 5265 2350 5318 de
2377 5263 2524 5318 nobis
2557 5261 2702 5332 queri
2745 5259 2994 5324 debeatis,
3036 5273 3156 5311 cum
3177 5255 3376 5328 justius
3417 5268 3508 5306 nos
3546 5250 3613 5303 de

2018 5357 2180 5424 vobis,
2214 5366 2269 5411 ut
2297 5365 2537 5428 apparet,
2579 5353 2724 5425 queri
2767 5351 3046 5425 possimus.
3096 5348 3379 5419 Reliquum
3426 5351 3524 5407 est,
3556 5351 3612 5395 ut

2018 5451 2288 5523 diligentes
2315 5464 2401 5504 vos
2425 5447 2676 5520 diligatis,
2709 5446 2993 5513 prtesertim
3023 5441 3236 5496 solliciti
3261 5451 3468 5491 servare
3495 5432 3614 5485 uni-

2018 5556 2176 5603 tatem
2217 5546 2434 5616 spiritus
2470 5544 2523 5598 in
2565 5541 2770 5597 vinculo
2808 5539 2974 5613 pacis.
3020 5535 3132 5612 Ego
3173 5541 3346 5588 autem
3383 5525 3608 5598 (Pater)

2015 5641 2270 5713 quidquid
2311 5639 2538 5710 faciatis,
2573 5634 2772 5690 decrevi
2813 5646 3013 5702 semper
3051 5628 3267 5696 diligere
3297 5637 3406 5686 ros,
3455 5622 3611 5713 etiarn

2018 5709 2120 5791 non
2143 5709 2359 5790 dilectus
2389 5729 2621 5804 (Ep/tes.
2656 5726 2766 5797 Iv).
2801 5722 3109 5777 Occasiones
3135 5723 3357 5787 qna'rat,
3388 5709 3611 5783 quivult
