4122 6174
470 206 584 277 s35
1536 200 1808 265 muws
1840 194 2139 263 onosm‘s
2176 188 2706 262 cnnouowcus.
3660 192 3778 266 sse

476 331 717 391 recedere
746 328 809 384 ab
830 325 1035 394 amico;
1055 323 1185 380 mihi
1213 322 1374 381 studii
1395 326 1469 379 est
1493 329 1540 380 et
1559 322 1680 393 erit,
1707 336 1801 377 nec
1831 320 2072 393 cuiquam
2098 324 2153 384 Α
2175 335 2263 374 vos
2290 316 2551 392 poteritis,
2584 316 2677 372 sed
2706 328 2807 373 non
2835 326 2934 373 me.
2963 313 3247 374 Adhwrebo
3276 312 3417 374 rubis
3442 312 3541 376 etsi
3559 316 3739 377 nolitis
3757 341 3782 392 ;

476 426 765 482 micorum
785 425 985 495 justam
1015 420 1069 473 in
1088 434 1168 474 me
1190 417 1522 474 discessionis
1562 432 1771 471 causam
1800 414 1949 480 dare,
1980 430 2071 469 nec
2176 409 2453 465 adha’rebo
2478 408 2574 464 etsi
2603 408 2765 464 nolint
2791 410 2902 481 ipse
2927 422 2946 464 :
2981 408 3425 483 quandoquidem
3456 408 3504 466 si
3528 410 3785 488 insipiens

480 519 706 576 scrutari
727 518 780 572 in
804 517 932 583 alio,
960 511 1101 586 quod
1131 513 1227 568 hoc
1247 512 1459 585 quidem
1487 512 1645 583 ﬁcta),
1676 511 1810 565 illud
1834 524 1955 564 vero
1984 523 2074 563 ne-
2181 504 2281 575 fui,
2314 519 2403 558 eos
2436 517 2517 557 me
2544 502 2804 574 coegistis,
2851 503 3006 572 cujus
3036 502 3251 559 scilicet
3292 503 3584 562 maceriam
3615 505 3785 563 ctiam

482 609 665 683 gtectc
685 607 929 662 amicitite'
946 606 1031 661 sit.
1061 604 1128 660 Et
1148 604 1269 675 quia
1292 603 1569 658 secundum
1598 602 1893 675 prophetam
1918 598 2073 674 (Isai.
2184 595 2449 653 admoniti
2476 594 2806 667 abrumpere
2834 595 3012 652 conati
3044 594 3207 652 estis.

480 700 625 776 xu),
648 701 863 757 Glutino
884 699 1075 756 bonum
1101 707 1206 765 est;
1237 696 1453 765 solvere,
1480 696 1558 752 rel
1580 697 1749 769 potius
1771 695 2079 767 abrumpere

1032 999 1979 1172 PAULUS
2114 996 3207 1187 OROSIUS,

1456 1254 2035 1352 HISPANUS
2107 1259 2820 1347 PRESBYTER.

489 844 3789 889 Μ

893 1544 1439 1630 EPISTOLA
1512 1550 2268 1627 DEDICATOBIA
2339 1548 2549 1629 SIG.
2628 1538 3397 1630 HAVEBCAMPI.

489 1706 1544 1803 Excellentissimopiro.Ntcotmo.Gutta,
1577 1713 1912 1803 grauissimo
1939 1702 2815 1803 regis“Danite.‘Norvegiga,ﬂetc.l,
2850 1713 3147 1803 a_consitiis
3174 1721 3373 1803 status,
3412 1720 3483 1803 ut,
3505 1718 3555 1768 et
3599 1711 3654 1766 in
3697 1722 3793 1767 su-

764 1789 910 1842 curia
931 1787 1174 1860 justitite,
1208 1772 1543 1860 ejusdemque
1570 1785 1866 1857 Maiestatis
1892 1785 1963 1840 ad
1988 1772 2185 1840 ordinet

616 1873 985 1918 ueacsueus.

2232 1772 2483 1841 Ftederati
2513 1772 2681 1857 lictgii
2711 1772 2949 1857 ablegato
2977 1772 3421 1853 extraordinario,
3448 1784 3786 1842 Sisennam
3852 1868 3860 1875 _

632 1995 763 2052 Cum
789 1997 915 2052 olim
944 1995 1217 2070 imperium
1246 1993 1539 2051 Romanum
1563 2036 1577 2062 ,
1611 1994 1785 2064 prouti
1816 1994 1981 2050 solent
2002 1991 2157 2062 eﬂ'eta
2177 2006 2396 2067 corpora
2420 2033 2436 2059 ,
2489 2007 2599 2065 pra:
2633 1993 2776 2050 senio
2807 1994 3097 2067 fatisceret,
3126 2001 3197 2064 et,
3238 1993 3397 2049 veluti
3423 2006 3628 2067 magna:
3653 1993 3784 2050 sub-

492 2089 842 2147 structionum
868 2089 1055 2161 moles,
1086 2088 1228 2145 carie
1246 2096 1296 2144 et
1323 2086 1707 2162 tempestatibus
1732 2086 1901 2156 iteste,
1930 2088 2140 2143 ruinam
2166 2088 2528 2154 meditaretur,
2561 2102 2664 2143 non
2695 2103 2754 2143 eo
2783 2087 3038 2160 superbus
3069 2080 3199 2143 victo
3227 2086 3491 2159 quondam
3527 2085 3665 2142 Orbe
3690 2096 3793 2160 pu-

483 2184 663 2261 pulus,
697 2202 801 2258 quo
834 2186 1082 2259 oportuit.
1114 2184 1261 2258 ﬂexit
1291 2185 1517 2253 lumina,
1541 2184 1634 2239 sed
1656 2198 1811 2256 quam
1839 2183 1938 2239 sibi
1965 2192 2014 2239 et
2042 2185 2175 2239 votis
2202 2194 2251 2239 et
2280 2184 2444 2239 titulis
2481 2183 2759 2239 /Eternam
2784 2184 3009 2254 ﬁnxerat
3040 2184 3261 2254 Urbem,
3298 2184 3591 2241 immutatis
3616 2183 3803 2256 pristi-

487 2279 571 2336 nis
599 2274 786 2345 sacris,
819 2281 901 2335 ira
930 2279 1148 2334 deorum
1175 2276 1351 2349 perire
1378 2288 1426 2333 et
1456 2278 1686 2349 antiquce
1713 2278 1900 2352 gloria:
1925 2284 2189 2350 superesse
2225 2274 2467 2332 credidit.
2518 2272 2685 2333 Norae
2711 2270 2977 2349 religionis
3005 2278 3248 2349 contagia
3278 2293 3381 2331 non
3414 2276 3568 2332 modo
3598 2276 3800 2349 passim

489 2389 669 2431 omnes
696 2366 908 2446 inﬁcere
937 2372 1251 2447 provincias,
1281 2371 1374 2441 sed
1411 2380 1460 2427 et
1489 2379 1707 2427 ueterem
1732 2381 1781 2426 et
1814 2384 1999 2425 noram
2035 2369 2251 2440 implere
2282 2368 2504 2425 Romam
2531 2368 2907 2425 criminabatur
2930 2386 2950 2427 :
2981 2368 3157 2425 claudi
3182 2385 3300 2425 cum
3330 2364 3535 2440 templis
3580 2366 3798 2423 deorum

489 2467 922 2536 benevolentiam,
946 2481 1145 2523 cessare
1169 2482 1285 2522 cum
1312 2467 1581 2537 sacrificiis
1610 2475 1658 2521 et
1687 2465 1993 2539 aruspicinis
2020 2464 2436 2538 prtemonitiones
2463 2465 2753 2534 numinum,
2784 2479 2947 2536 neque
2975 2465 3155 2520 evitari
3190 2476 3342 2536 posse
3368 2460 3603 2536 pericula
3627 2462 3800 2518 illisve

487 2559 723 2627 occurri;
751 2557 999 2630 quantum
1025 2557 1432 2630 negligerentur,
1492 2556 1674 2627 quibus
1704 2558 1768 2611 de
1795 2555 1981 2612 iisdem
2010 2557 2234 2628 majores
2264 2555 2344 2610 sui
2376 2556 2572 2610 ntoneri
2600 2555 2863 2623 solebant,
2904 2558 3183 2631 prtesagia.
3243 2553 3366 2621 llic,
3400 2556 3491 2628 qui
3516 2554 3654 2609 inter
3695 2570 3801 2624 pa-

488 2662 657 2725 ganos
685 2646 1012 2717 audiebatur,
1043 2651 1344 2705 inconditus
1372 2664 1539 2704 sermo
1565 2649 1620 2703 in
1650 2648 1884 2704 convicia
1913 2650 2086 2721 erupit
2116 2649 2370 2717 atrocius,
2413 2656 2688 2721 postquam
2718 2649 2810 2703 illa
2836 2647 2986 2704 Orbis
3015 2649 3138 2704 olim
3167 2648 3416 2704 domitrix
3438 2689 3454 2716 ,
3500 2644 3680 2703 Italia:
3698 2650 3802 2704 ad-

491 2742 596 2799 huc
620 2748 776 2815 atque
820 2742 1025 2816 imperii
1074 2739 1428 2795 Occidentalis
1472 2741 1717 2807 domina,
1761 2747 1911 2811 capta
1955 2751 2110 2811 atque
2147 2741 2346 2813 direpta
2392 2756 2424 2794 a
2467 2736 2652 2795 Gothis
2684 2739 2849 2796 Roma
2877 2748 2975 2799 est.
3018 2740 3175 2797 Hanc
3199 2742 3413 2814 imperii
3442 2740 3671 2809 cladem,
3694 2741 3800 2797 has

494 2828 650 2895 Orbis
691 2836 1011 2893 calamitates
1050 2836 1249 2892 nomini
1296 2834 1594 2891 Christiano
1621 2834 1912 2905 imputabat
1947 2837 2105 2892 veteri
2129 2836 2493 2910 superstitione
2520 2842 2714 2890 tactum
2749 2836 2956 2907 vulgus,
2983 2845 3032 2891 et
3074 2836 3360 2909 fremebant
3404 2834 3579 2906 palam
3619 2852 3801 2893 omnes

493 2928 715 3002 pagani,
739 2925 881 2984 mala
910 2937 1120 2995 cuncta,
1143 2924 1282 2981 velut
1308 2927 1513 2999 agmine
1541 2928 1705 2997 facto,
1744 2926 1956 2981 irruisse
1975 2925 2032 2981 in
2062 2933 2225 2981 terras
2250 2925 2457 2996 imperii
2482 2924 2745 2993 Romani,
2787 2941 2853 2981 ex
2872 2940 3002 2997 quo,
3035 2926 3243 2982 abolitis
3273 2924 3525 2982 ueteribus
3551 2926 3714 2981 sacris
3744 2936 3801 2982 et

492 3023 711 3080 deorum
735 3030 1026 3096 contempto
1052 3020 1282 3088 numine,
1317 3017 1487 3075 solum
1508 3017 1707 3074 Christi
1734 3032 1917 3075 nomen
1946 3018 2150 3091 publice
2169 3014 2439 3076 coleretur.

637 3114 837 3172 Contra
874 3111 1013 3170 hanc
1056 3114 1297 3169 insanam
1334 3120 1385 3169 et
1419 3127 1556 3168 cteca
1585 3112 1835 3185 religione
1878 3110 2089 3184 dignam
2133 3113 2466 3186 opinionem,
2501 3112 2711 3169 hortatu
2737 3113 3154 3183 prtcstantissimi
3182 3112 3537 3188 Hipponensis
3564 3105 3802 3187 episcopi

495 3202 779 3283 Augustini
802 3251 818 3277 ,
867 3207 1125 3262 calamum
1171 3205 1382 3261 strinxit
1414 3202 1631 3260 Orosius
1652 3246 1667 3271 ,
1700 3196 1968 3278 Hispanus
1998 3206 2227 3272 natione,
2259 3205 2559 3261 conditione
2580 3205 2874 3277 presbyter;
2918 3223 3023 3261 non
3052 3217 3107 3262 ut
3135 3208 3383 3264 evinceret
3413 3203 3693 3264 stultitiam
3721 3219 3802 3264 tot

494 3302 768 3356 numinum
793 3296 1145 3367 colendorum,
1164 3305 1213 3352 et
1235 3297 1511 3353 vanitatem
1526 3298 1810 3353 ostenderet
1830 3294 2087 3351 aderandi
2100 3307 2326 3353 mortuos
2351 3306 2397 3351 et
2422 3298 2599 3352 inania
2624 3298 2867 3365 nomina;
2888 3297 2964 3353 vel
2988 3298 3158 3369 ipsum
3181 3298 3484 3371 religionum
3505 3300 3799 3371 increth

494 3390 902 3463 turpitudinem;
926 3390 1066 3464 Quod
1093 3394 1316 3463 fecerant
1342 3391 1492 3446 multi
1522 3399 1641 3446 ante
1663 3390 1845 3458 illum;
1875 3391 1965 3445 sed
1995 3400 2050 3444 ut
2076 3391 2394 3459 ostenderet,
2423 3406 2743 3463 nequaquam
2767 3392 2998 3465 pejorem
3030 3390 3184 3448 Orbis
3208 3402 3484 3460 terrarum,
3516 3395 3715 3465 rigente
3736 3394 3801 3448 in

493 3482 674 3542 eodem
701 3485 909 3555 publica
934 3482 1038 3542 veri
1066 3483 1165 3539 Dei
1188 3483 1332 3540 cultu
1354 3492 1510 3555 atque
1537 3488 1746 3553 recepta
1768 3479 2020 3552 religione
2039 3480 2358 3549 Christiana,
2388 3494 2498 3536 esse
2520 3480 2901 3550 conditionem,
2934 3497 3093 3553 quam
3126 3497 3326 3553 semper
3353 3493 3403 3538 et
3424 3476 3618 3553 passim
3644 3492 3803 3555 atque

492 3577 559 3631 ab
578 3577 724 3633 initio
756 3579 949 3650 fuerat.
990 3575 1265 3633 lntraiitse
1291 3576 1426 3630 enim
1455 3578 1575 3629 mox
1602 3582 1715 3643 post
1746 3573 2016 3626 conditum
2037 3568 2138 3626 hoc
2163 3569 2469 3627 Universum
2489 3615 2504 3640 ,
2535 3584 2652 3625 cum
2671 3580 2889 3643 peccato
2920 3571 3080 3643 primi
3109 3569 3335 3626 hominis
3365 3572 3542 3626 omnia
3569 3571 3624 3626 in
3649 3584 3804 3628 mun-

493 3666 619 3723 dum
647 3660 792 3723 maia
819 3711 836 3735 ,
865 3666 1001 3724 bella
1025 3710 1041 3738 ,
1071 3651 1311 3739 rapinas,
1342 3665 1529 3739 ctedcs,
1552 3660 1875 3720 calamitates
1900 3666 2273 3737 cujuscumque
2300 3664 2500 3735 generis
2519 3704 2534 3727 ,
2566 3668 2615 3717 et
2655 3661 2907 3734 quidquid
2930 3660 3185 3736 superbus
3203 3662 3383 3730 victor,
3415 3665 3493 3719 rel
3519 3662 3801 3720 inclemen-

491 3767 569 3817 tia
598 3761 733 3829 εωιε,
764 3762 982 3819 tellusue
1012 3764 1189 3836 fruges
1218 3777 1410 3834 negans
1437 3800 1453 3828 ,
1498 3758 1628 3814 dine
1654 3766 1819 3831 pestes
1838 3800 1852 3824 ,
1883 3753 2124 3813 incendia
2150 3801 2166 3825 ,
2214 3759 2383 3811 ruina:
2413 3769 2460 3811 et
2490 3755 2683 3811 eluvies
2700 3772 2977 3829 aquarum,
3011 3759 3232 3814 miseros
3260 3770 3307 3815 et
3332 3760 3573 3815 mortales
3600 3765 3803 3835 perpeti

496 3863 705 3925 cogunt.
748 3850 885 3921 Quin
928 3860 978 3910 et
1019 3855 1185 3929 ipsam
1225 3840 1444 3909 Romam
1490 3851 1557 3907 iis
1583 3894 1597 3919 ,
1645 3851 1851 3922 quibus
1882 3850 2254 3904 numerabatur
2272 3848 2381 3903 dies
2409 3847 2710 3919 triumphis,
2735 3849 3072 3920 temporibus,
3098 3852 3185 3905 vix
3215 3866 3245 3905 a
3268 3849 3440 3920 malis,
3465 3867 3582 3925 qua:
3606 3869 3803 3926 magno

497 3944 689 4016 passim
716 3950 940 4000 recenset
966 3959 1203 4013 numero,
1226 3956 1484 4015 quoquam
1506 3950 1735 4013 tempore
1760 3940 2063 4013 respirasse.

642 4033 828 4090 Totum
856 4034 977 4090 hinc
1003 4036 1298 4106 scriptionis
1329 4046 1511 4107 genus,
1538 4030 1677 4107 quod
1705 4034 1802 4089 sibi
1822 4033 2098 4106 praposuit
2128 4032 2371 4103 Orosius,
2394 4033 2448 4088 in
2475 4028 2751 4105 multiplici
2770 4042 2923 4105 atque
2945 4034 3090 4089 raria
3113 4042 3343 4090 uersatur
3364 4033 3621 4104 Historia,
3650 4037 3800 4106 dum,

500 4142 535 4182 tt
561 4122 773 4182 condito
796 4124 931 4182 Orbe
953 4168 968 4193 ,
1015 4140 1108 4200 per
1145 4127 1245 4182 tria
1271 4169 1286 4194 ,
1332 4126 1519 4199 quibus
1566 4138 1776 4199 pressus
1815 4124 1952 4182 orbis
1981 4136 2236 4183 terrarum
2266 4130 2388 4201 fuit,
2431 4148 2590 4203 regna
2616 4142 2851 4204 vagatus,
2884 4131 3112 4187 Romani
3141 4133 3347 4199 imperii
3368 4132 3581 4198 limites,
3613 4132 3725 4201 fata
3753 4140 3804 4186 ct

500 4224 732 4290 tempora
775 4216 1007 4283 metitur,
1050 4231 1165 4289 qute
1193 4216 1478 4286 quibusque
1504 4217 1797 4273 consulibus
1825 4227 1873 4273 et
1904 4220 1956 4273 in
1983 4219 2166 4291 quibus
2193 4204 2474 4291 provinciis
2505 4222 2726 4292 imperii,
2749 4223 2909 4277 immo
2935 4225 2987 4278 in
3020 4225 3132 4297 ip:a
3164 4224 3289 4278 olim
3323 4219 3490 4277 Roma
3518 4222 3804 4278 acciderint

497 4305 652 4381 mira,
684 4306 1000 4375 miseranda,
1033 4307 1229 4379 turpia,
1263 4315 1312 4361 et
1334 4306 1432 4362 nisi
1458 4304 1564 4377 ﬁde
1590 4306 1735 4381 digni
1761 4316 1995 4364 asserunt
2023 4307 2281 4378 historici,
2311 4310 2638 4367 incredibilia
2661 4329 2680 4376 ;
2701 4320 2757 4367 ut
2786 4315 3040 4371 immerito
3073 4317 3343 4388 quisquam
3382 4316 3662 4390 prtcseutia
3690 4324 3805 4369 tum

494 4401 728 4472 culparet
754 4407 1009 4469 tempora,
1038 4396 1140 4456 nisi
1160 4400 1250 4473 qui
1277 4408 1448 4456 uetera
1470 4402 1713 4469 nesciret,
1745 4402 1977 4470 atquein
2009 4403 2226 4460 lectione
2250 4406 2563 4476 scriptorum
2594 4406 2681 4478 qui
2706 4405 2800 4462 illa
2818 4450 2833 4477 ,
2865 4420 2980 4477 qua:
2999 4410 3108 4465 suis
3133 4410 3428 4466 acciderant
3460 4407 3802 4482 temporibus,

496 4494 773 4571 diligenter
798 4495 983 4551 litteris
1005 4495 1342 4562 mandarunt,
1376 4494 1578 4566 penitus
1606 4496 1870 4552 exsisteret
1899 4496 2114 4568 hospes.
3036 4483 3043 4491 ’

644 4586 816 4655 Quare
859 4586 905 4641 si
947 4594 1095 4642 extra
1134 4584 1256 4641 belli
1297 4586 1534 4659 pericula
1565 4587 1730 4657 posito
1756 4602 1858 4642 non
1890 4587 2103 4643 insuave
2127 4596 2199 4643 est
2232 4590 2516 4644 certamina
2545 4602 2754 4645 cernere
2775 4590 3040 4663 ambigua,
3068 4600 3114 4645 et
3145 4591 3240 4661 ita,
3274 4588 3460 4661 quibus
3483 4591 3590 4663 ipse
3621 4604 3805 4647 careas

495 4678 671 4742 malis.
704 4676 962 4750 gaudere;
989 4690 1093 4731 non
1120 4684 1284 4744 potest
1332 4688 1436 4732 non
1471 4676 1714 4751 jucunda
1742 4690 1855 4733 esse
1882 4694 2058 4733 rerum
2080 4721 2093 4743 ,
2126 4696 2243 4749 qua:
2271 4680 2415 4734 vario
2447 4690 2628 4736 eventu
2651 4726 2664 4751 ,
2697 4682 2897 4752 magnis
2926 4671 3317 4751 certaminibus,
3351 4683 3569 4753 totisque
3598 4682 3807 4740 viribus

498 4791 532 4828 a
557 4771 714 4827 claris
742 4771 1035 4826 hominibus
1056 4779 1199 4842 gesta
1223 4779 1364 4839 sunt,
1397 4771 1717 4827 recordatio.
1757 4771 1839 4827 Att
1859 4788 1989 4846 quas
2019 4777 2173 4832 ueluti
2201 4777 2256 4831 in
2281 4775 2457 4831 tabula
2483 4774 2838 4847 inspiciendas
2868 4774 3195 4832 introducere
3224 4792 3315 4831 nos
3344 4777 3515 4832 solent
3539 4776 3798 4845 historici,

492 4870 710 4931 quorum
728 4864 1133 4936 quotusquisque
1158 4864 1345 4935 majori
1369 4862 1449 4918 uel
1473 4862 1798 4920 condimento
1824 4870 2075 4925 sermonis
2101 4871 2179 4926 vel
2206 4871 2453 4926 varietate
2483 4887 2654 4926 rerum
2698 4871 2899 4925 animos
2930 4868 3123 4927 detinet
3146 4914 3159 4936 ,
3204 4866 3410 4926 laudari
3439 4878 3591 4942 atque
3619 4870 3803 4941 appeti

495 4951 626 5009 solet
648 4969 669 5021 ;
711 4953 845 5010 inter
863 4971 989 5026 quos
1014 4956 1239 5011 secundo
1268 4956 1322 5009 in
1345 4970 1529 5028 genere
1548 4956 1822 5014 consistere
1849 4958 2090 5016 Orosium
2110 4979 2258 5018 nemo
2287 4964 2602 5036 diffitebitur,
2628 4964 2752 5018 dum
2783 4964 2938 5019 totius
2971 4962 3123 5020 Orbis
3148 4963 3211 5019 ab
3236 4962 3385 5019 initio
3410 4962 3481 5018 ad
3511 4976 3608 5018 sua
3635 4978 3805 5034 usque

498 5049 733 5115 tentpora
757 5042 930 5101 clades
950 5054 999 5101 et
1027 5046 1262 5101 miserias
1279 5046 1543 5102 succincte
1568 5047 1811 5105 describit
1842 5058 1996 5124 atque
2025 5070 2116 5125 per
2145 5065 2376 5128 tempora
2406 5066 2528 5125 apte
2550 5054 2807 5125 disponit.

647 5130 779 5204 Quae
808 5152 887 5192 me
924 5136 1179 5209 imprimis
1203 5154 1365 5194 causa
1388 5138 1596 5211 impulit
1622 5181 1638 5207 ,
1674 5144 2101 5201 excellentissime
2122 5156 2170 5202 et
2191 5148 2581 5219 generosissime
2606 5148 2705 5215 vir,
2743 5158 2797 5203 ut
2822 5146 2979 5221 hujus
3005 5156 3109 5203 tam
3140 5146 3285 5203 utilis
3312 5148 3585 5220 scriptoris
3610 5163 3805 5202 noram

502 5226 778 5286 editionem
807 5240 898 5285 tuo
925 5229 1108 5287 lubens
1133 5244 1425 5288 consecrem
1455 5234 1679 5291 nomini.
1734 5232 1893 5305 Nam,
1917 5236 2035 5293 licet
2064 5239 2118 5293 in
2148 5238 2285 5294 onmi
2315 5238 2625 5310 scriptorum
2653 5252 2840 5311 genere
2868 5281 2884 5306 ,
2921 5256 3035 5311 qua:
3064 5256 3248 5314 pauca:
3275 5248 3551 5310 supersunt
3585 5257 3617 5293 a
3645 5252 3807 5311 uego-

498 5321 634 5378 tioso
658 5334 869 5377 munere
893 5362 908 5389 ,
938 5332 1128 5378 uacuas
1162 5321 1381 5379 colloces
1422 5323 1579 5381 horas
1604 5368 1620 5393 ,
1668 5335 1840 5382 tamen
1888 5343 2027 5401 sa’pe
2065 5328 2404 5398 affirmantem
2433 5327 2633 5399 audiri,
2664 5330 2717 5383 in
2749 5324 2911 5384 nullis
2942 5330 3129 5403 nmjori
3156 5344 3270 5385 cum
3296 5330 3557 5405 voluptate
3584 5340 3802 5401 ponere,

503 5428 659 5487 quam
690 5416 743 5471 iu
777 5410 1031 5473 ueteribus
1062 5414 1340 5474 historicis.
1380 5417 1569 5491 Itaque
1595 5418 1701 5488 his,
1727 5420 1857 5476 inter
1884 5420 2112 5489 reliquos
2140 5421 2497 5477 selectissimos
2532 5439 2596 5478 ex
2621 5423 2761 5477 omni
2792 5424 3087 5478 studiorum
3111 5423 3377 5495 uoluptate
3406 5423 3587 5489 libros,
3612 5420 3809 5479 selecta

502 5520 629 5563 cura
659 5514 932 5580 congestos
956 5551 972 5575 ,
1003 5509 1183 5565 merito
1212 5524 1321 5583 pra:
1343 5512 1544 5568 caeteris
1574 5520 1661 5566 tua
1691 5511 1923 5582 splendet
1950 5510 2276 5567 bibliotheca.
2322 5506 2445 5568 Non
2476 5522 2644 5569 tamen
2666 5523 2720 5568 ut
2749 5512 2863 5570 solo
2891 5522 3081 5570 ornatu
3110 5514 3312 5585 placeat
3331 5557 3346 5581 ,
3387 5526 3435 5570 et
3465 5512 3808 5571 laudatorum

502 5600 573 5654 ad
601 5616 710 5655 sese
728 5599 901 5656 trahat
934 5602 1134 5669 oculos,
1163 5603 1253 5657 sed
1275 5610 1333 5657 ut
1360 5602 1562 5657 domini
1583 5611 1630 5657 et
1659 5606 1946 5659 amicorum
1977 5610 2149 5674 pateat
2178 5605 2375 5674 usibus;
2407 5606 2487 5661 his
2516 5606 2723 5675 quidem
2748 5608 2894 5661 raria
2921 5602 2986 5663 tle
3010 5622 3167 5663 causa
3190 5653 3204 5677 ,
3231 5604 3315 5663 illi
3338 5650 3355 5676 ,
3388 5617 3444 5662 ut
3473 5606 3670 5662 monita
3694 5604 3806 5664 coi-

517 5690 649 5765 ligat
695 5704 741 5750 et
770 5704 1032 5771 pra'ccpta
1052 5738 1067 5766 ,
1108 5696 1163 5753 in
1211 5695 1487 5772 splendido
1528 5696 1669 5770 quod
1716 5698 1845 5772 gerit
1873 5712 2107 5767 munere,
2138 5708 2365 5761 ueterum
2403 5716 2519 5755 cum
2547 5700 2690 5755 novis
2718 5698 2997 5756 collatione
3026 5700 3186 5772 facta,
3219 5700 3339 5756 usui
3365 5702 3589 5772 futura;
3618 5696 3808 5769 optimi
