4122 6174
323 313 430 372 957

1453 295 1824 360 ΡΒᾹΞῈᾹἸῚΟ
1859 299 1992 360 SIG.
2036 298 2502 359 IIAV'ERCMIPI.

3505 299 3613 360 638

321 431 458 486 enim
478 427 802 484 consultores
829 425 1042 492 mortui;
1068 431 1335 496 pratterca,
1361 429 1442 492 ut,
1465 421 1554 476 ubi
1577 423 1742 493 fessus
1766 436 1798 473 a
1825 423 1962 476 curis
1990 419 2219 492 requiem
2245 427 2422 486 captat
2448 415 2674 483 animus,
2698 423 2895 488 qttterat
2923 415 3250 491 potissimum
3281 434 3413 486 eam,
3442 436 3545 476 non
3573 417 3628 478 in

324 520 463 577 inani
492 518 708 572 aurium
739 516 1070 571 oculorumt'e
1091 515 1375 586 voluptate,
1403 513 1493 568 sed
1514 514 1567 566 in
1589 513 1758 568 solida
1783 514 2142 580 prcestantium
2164 511 2519 579 exemplorum
2545 519 2699 581 atque
2728 510 3052 582 ingeniorum
3085 512 3455 570 admiratione.

393 611 542 667 Inter
577 611 695 665 illos
740 611 920 682 igitur,
966 609 1054 679 qui
1082 609 1216 663 viros
1245 607 1430 662 docere
1456 609 1655 674 solent,
1680 614 1914 660 mortuos
1934 650 1949 672 ,
1987 603 2174 658 Oresio
2208 613 2383 658 nostro
2421 603 2592 656 locum
2631 611 2686 656 ut
2715 603 2806 657 des
2827 619 2976 673 rugo,
2997 606 3114 677 jam
3147 621 3178 657 a
3204 605 3394 660 siccqu
3415 615 3464 660 et
3489 608 3628 674 quod

319 707 568 770 excurrit,
602 705 666 759 ab
695 703 936 758 exteriori
965 711 1154 757 ornatu
1181 712 1230 757 et
1262 711 1523 774 tgpornm,
1555 714 1658 770 qua
1687 698 1842 754 hodie
1869 707 2082 771 prastat
2110 706 2334 752 veterum
2362 705 2632 750 auctorum
2664 695 2909 767 felicitas,
2937 696 3106 752 nitore
3134 696 3269 751 male
3290 697 3469 752 habito
3491 739 3507 760 ,
3535 714 3627 754 ne-

320 816 417 872 que
440 799 622 854 sedula
650 796 775 853 satis
817 813 942 850 cura
970 795 1036 849 ab
1063 793 1289 850 residuis
1319 793 1517 848 mendis
1544 800 1788 866 pttrgato.
1852 788 1988 845 Eunt
2023 806 2115 846 nos
2143 805 2236 861 pro
2262 789 2454 860 ingenii
2486 797 2660 858 captu,
2704 797 2752 842 et
2783 787 2940 842 ductu
2966 790 3436 844 vetustissimorum
3457 806 3620 846 ment-

320 888 600 943 branarum
621 928 638 954 ,
687 904 720 940 a
757 886 930 957 capite
970 886 1038 940 ad
1065 885 1277 954 calcem,
1320 901 1437 940 cum
1477 897 1603 939 cura
1632 883 2004 954 recensuimtts,
2051 895 2216 954 neque
2246 881 2310 936 de
2336 888 2550 936 externo
2577 877 2756 935 habitu
2789 891 2843 935 ut
2867 880 3109 952 puderet,
3140 890 3392 956 quantum
3415 901 3448 939 a
3473 881 3620 940 nobis

316 980 433 1052 fieri
459 980 645 1053 potuit,
678 980 990 1033 curavimus.

497 1070 666 1142 Lugd.
694 1069 817 1124 Bat.
842 1067 1051 1126 kalend.
1082 1068 1520 1153 Decentb._1737.

1083 1313 1672 1388 ΡΒᾹΞῈΑΤΙΟ
1757 1311 1965 1385 SIG.
2040 1307 2845 1390 HAVERCAMPI.

1067 1563 1408 1618 BENEVOLO
1446 1561 1716 1616 LECTORI
1747 1561 1801 1612 S.
1836 1559 1898 1610 D.
1937 1555 2334 1613 SIGEBERTUS
2373 1555 2868 1609 HAVERCAMPUS.

381 1670 638 1728 Reversis
667 1669 892 1738 litteris,
920 1669 1065 1726 inter
1093 1678 1308 1725 veteres
1333 1675 1614 1737 auctores,
1646 1681 1784 1734 quos
1816 1680 1906 1721 ar-
1933 1665 1984 1726 Α
2013 1677 2226 1727 versus,
2258 1663 2509 1732 quamvis
2553 1661 2660 1717 alia
2709 1661 2763 1718 in
2797 1662 2954 1730 urbe,
2984 1661 3228 1720 Venetiis
3256 1665 3490 1737 scilicet,
3524 1677 3606 1728 st-

301 1765 384 1820 tis
415 1763 827 1837 typographicae
859 1762 1132 1834 principes
1172 1772 1228 1817 et
1275 1771 1618 1832 promotores
1647 1759 1805 1829 primi
1852 1758 1906 1813 in

291 1857 583 1926 publicam
629 1855 804 1910 lucem
843 1855 1139 1922 miserunt,
1169 1852 1274 1908 fuit
1300 1851 1504 1907 Paulus
1536 1849 1772 1906 Orosius.
1804 1849 1905 1904 Cui

289 1961 374 2002 ea
406 1957 520 2002 tn
550 1946 784 2016 contigit
811 1945 1062 2012 felicitas,
1096 1953 1173 2011 ut,
1201 1953 1490 2014 antequam
1522 1943 1698 1999 exiret
1724 1955 1902 1998 saecu-

295 2038 424 2094 lum
467 2038 744 2094 decimum
783 2048 1062 2109 quartum,
1098 2039 1269 2092 tribus
1303 2035 1538 2092 diversis
1569 2033 1723 2097 locis,
1757 2031 1902 2088 baud

292 2129 567 2185 mediocri
609 2138 807 2185 ornatu
857 2129 1122 2200 prodiret,
1159 2127 1386 2200 ipsoque
1433 2139 1579 2182 anno
1609 2124 1904 2181 millesimo

293 2221 745 2292 quingentesimo
789 2231 1043 2292 quartum
1102 2220 1247 2293 typis
1293 2218 1624 2276 traderetur.
1659 2217 1900 2273 Primum

294 2311 450 2368 inter
492 2311 592 2368 bas
637 2311 929 2380 editiones,
958 2328 1116 2383 quas,
1151 2311 1276 2368 huic
1314 2310 1583 2382 Scriptori
1635 2310 1897 2379 intentus,

293 2403 441 2461 mihi
463 2403 669 2459 dudum
709 2403 854 2461 felici
900 2405 1087 2475 genio,
1122 2419 1246 2459 nam
1289 2403 1344 2459 in
1377 2404 1527 2459 hisee
1556 2419 1776 2475 quoque
1806 2419 1900 2459 ca-

291 2511 401 2553 sus
441 2503 501 2553 et
540 2495 760 2552 fortuna
810 2498 1038 2552 multum
1090 2505 1288 2568 potest,
1314 2511 1786 2567 comparaverant,
1820 2496 1902 2552 lo-

295 2603 430 2647 cum
491 2589 655 2646 tribui
701 2589 930 2646 editioni
975 2589 1150 2658 Italae,
1179 2589 1496 2658 admodum,
1528 2589 1644 2645 sive
1685 2591 1896 2646 littera-

292 2696 421 2740 rum
455 2683 714 2750 nitorem,
739 2684 858 2740 sive
883 2683 1092 2738 charta:
1131 2683 1457 2754 elegantiam
1488 2691 1722 2754 spectes,
1749 2683 1899 2739 lucu-

293 2775 482 2832 lentas.
513 2775 774 2844 Quamvis
803 2790 981 2846 neque
1021 2776 1198 2842 urbis,
1228 2776 1282 2831 in
1313 2792 1414 2848 qua
1467 2775 1770 2848 impressns
1823 2777 1896 2832 sit

297 2867 464 2936 liber,
523 2882 702 2938 neque
762 2867 1083 2939 typograpbi
1139 2881 1372 2935 nomen,
1426 2884 1602 2940 neque
1659 2869 1896 2940 denique

301 2973 506 3027 annus,
527 2975 636 3032 quo
691 2961 744 3016 in
801 2961 976 3017 lucem
1029 2962 1250 3028 exierit,
1279 2962 1367 3018 vel
1414 2963 1468 3017 in
1522 2964 1701 3033 capite
1731 2965 1812 3019 vel
1841 2965 1893 3020 in

2011 1770 2116 1825 quo
2141 1754 2284 1826 apud
2323 1755 2462 1812 alios
2489 1756 2863 1828 typographos
2895 1757 3178 1827 impressa:
3198 1761 3327 1818 sint.
3357 1761 3416 1819 lu
3450 1779 3604 1821 erro—
3647 1793 3656 1801 -

2009 1863 2124 1905 rem
2157 1849 2284 1905 inde
2330 1847 2612 1905 inductum
2646 1849 2814 1906 fuisse
2857 1848 3072 1906 clariss.
3101 1850 3415 1910 Fabricium
3444 1856 3612 1927 (prte-

2008 1948 2172 1996 cunte
2213 1947 2396 1996 tamen
2442 1938 2680 2007 Cterico,
2721 1955 2882 2011 quem
2931 1941 3108 2013 citat)
3140 1941 3302 2001 facile
3351 1946 3598 2018 colligas,

2005 2030 2134 2088 dum
2158 2040 2307 2088 tomo
2335 2032 2356 2088 ι
2382 2031 2726 2088 bibliotheca:
2744 2033 2971 2100 Latinae,
2990 2048 3045 2104 p.
3061 2035 3192 2103 756,
3209 2049 3605 2097 commemorat

2003 2124 2419 2196 antiquissimam
2455 2125 2737 2198 editionent
2783 2124 3136 2182 Basileensem
3163 2128 3226 2182 ab
3254 2127 3435 2186 (Enea
3473 2148 3604 2202 quo-

2005 2217 2126 2271 dam
2148 2217 2453 2272 recensitam
2482 2234 2545 2271 ac
2575 2234 2816 2272 excusant
2837 2218 2978 2288 apud
3003 2218 3391 2290 Leonhardum,
3415 2237 3600 2281 caren-

2006 2317 2106 2364 tem
2141 2309 2332 2364 indicio
2371 2309 2520 2375 anni,
2550 2310 2641 2365 sed
2683 2325 2840 2380 quam
2880 2310 3038 2380 facile
3063 2322 3318 2383 appareat
3368 2315 3458 2370 ditt
3483 2324 3603 2372 ante

2005 2402 2158 2472 ﬁnem
2187 2403 2367 2458 steculi
2395 2404 2588 2457 decimi
2627 2405 2798 2474 quinti
2844 2404 3122 2477 prodiisse.
3151 2406 3420 2463 Omnibus
3469 2423 3602 2466 vero

2003 2494 2361 2561 editionibus,
2393 2511 2515 2567 qua:
2545 2496 2768 2566 quidem
2797 2507 2920 2568 post
2959 2498 3109 2556 illam
3159 2499 3462 2558 llermanni
3505 2503 3603 2559 Co-

2003 2585 2265 2643 loniensi:
2314 2588 2656 2658 prodiermu,
2688 2589 2937 2660 precario
2990 2591 3072 2648 illi
3123 2608 3314 2649 versus
3345 2604 3400 2650 et
3443 2610 3596 2652 com-

2001 2679 2278 2734 mendatio
2305 2695 2338 2736 a
2373 2695 2502 2736 cura
2533 2679 2720 2738 Αεωω
2760 2681 2949 2754 Vulpis
2993 2683 3354 2754 adjiciuntur,
3377 2701 3502 2744 cum
3531 2689 3588 2744 in

2001 2771 2251 2841 plurimis
2290 2773 2360 2829 ab
2396 2774 2515 2844 ejus
2542 2777 2889 2832 correctione
2923 2785 2981 2833 et
3011 2778 3249 2836 lectione
3285 2780 3593 2841 discedant.

2002 2862 2340 2920 l-lermannus
2368 2865 2459 2922 ille
2479 2865 2827 2924 Coloniensis
2849 2884 2878 2922 a
2905 2869 3077 2938 patria
3100 2871 3280 2927 dictus
3308 2874 3429 2941 fuit,
3450 2874 3596 2931 aliud

1999 2954 2144 3009 enim
2176 2969 2481 3025 cognomen
2510 2957 2723 3026 habuit,
2759 2975 2937 3029 neque
2967 2960 3231 3032 Colonias,
3258 2973 3352 3020 aut
3382 2965 3514 3022 alibi
3539 2967 3594 3023 in

299 3053 413 3110 ﬁne
477 3055 815 3123 οεοτίιηωιι,
867 3055 1133 3131 vacem“,
1190 3065 1370 3111 tamen
1432 3056 1698 3125 magis,“
1755 3058 1892 3111 sum
1928 3052 1971 3112 Β
1999 3043 2315 3111 Germania,
2343 3045 2443 3102 sed
2476 3046 2528 3101 in
2558 3045 2736 3114 Italia,
2772 3048 3033 3106 Vicentia:
3063 3052 3294 3123 aliisque
3346 3053 3401 3109 in
3455 3055 3593 3112 locis

299 3148 547 3204 eruditos
584 3156 821 3204 constat.
855 3147 929 3206 lit
950 3150 1096 3204 enim
1127 3148 1418 3204 emendate
1443 3149 1741 3219 legeretur,
1772 3148 1900 3204 huic

2006 3135 2176 3192 libros
2233 3152 2360 3193 suos
2410 3139 2709 3208 impressit,
2760 3150 2920 3209 prout
2967 3151 3115 3212 patet
3159 3159 3228 3200 ex
3291 3145 3595 3204 Annalibus

300 3239 527 3296 editioni
577 3239 794 3311 ptalnit
842 3239 1050 3296 Encas
1093 3239 1316 3310 Vulpes,
1341 3240 1500 3310 cujus
1543 3249 1598 3295 et
1639 3239 1816 3312 patria
1845 3249 1900 3296 et
2008 3229 2414 3300 It‘pnsraphicis
2458 3231 2672 3286 (πῖθι-εδει
2707 3231 2991 3291 Michaelis
3037 3234 3325 3300 llaimire.
3376 3248 3507 3294 tom.
3552 3241 3593 3308 Ι.

297 3331 560 3402 dignitas,
593 3347 662 3386 ex
689 3331 1015 3402 quibusdam
1051 3332 1234 3398 lineis,
1265 3348 1386 3402 qua:
1435 3331 1631 3387 litteris
1678 3332 1896 3402 majus-

295 3423 438 3480 culis
467 3438 499 3480 e
524 3424 747 3494 regione
773 3426 961 3494 primae
990 3425 1198 3496 pagina:
1224 3424 1396 3495 ipsius
1413 3423 1593 3480 Orosii
1619 3425 1887 3494 leguntur,

295 3522 547 3585 apparet.
582 3513 1039 3584 lnscriplio,qn:e
1089 3514 1411 3585 quadratum
1469 3514 1636 3571 eilicit
1688 3515 1890 3570 ibidem

296 3606 624 3662 laterculum
656 3606 772 3663 bare
802 3615 886 3662 est
920 3623 936 3662 :
976 3607 1130 3663 Scias
1161 3607 1331 3675 velim,
1366 3607 1735 3664 humanissime
1761 3609 1890 3663 Lec—

290 3707 399 3763 tor,
452 3698 677 3753 Africam
741 3698 958 3770 Vulpem
1027 3698 1371 3768 Viceutinum,
1417 3701 1638 3770 priorem
1683 3701 1890 3758 Sancta:

293 3787 497 3856 Crucis,
525 3792 767 3860 adiutare
797 3791 1080 3847 Laurentio
1108 3792 1388 3861 Brixiensi,
1426 3793 1686 3849 Historias
1729 3795 1888 3850 Pauli

293 3883 490 3950 Orosii,
517 3899 634 3956 quin
668 3887 990 3944 continentur
1015 3886 1112 3942 hoc
1143 3889 1341 3954 codice,
1373 3905 1530 3960 quant
1557 3890 1887 3944 accuratissi-

287 3992 376 4030 sne
399 3979 590 4048 potuit,
613 3981 915 4053 castigasse.
948 3981 1046 4037 Cui
1070 3999 1174 4038 non
1203 3985 1544 4056 improbando
1571 4003 1692 4041 sane
1715 3986 1882 4042 labori

285 4067 336 4121 si
362 4069 490 4137 quid
514 4086 580 4126 ex
606 4071 813 4144 ingenio
836 4082 944 4138 tuo,
971 4075 1047 4128 vel
1070 4074 1255 4130 melius
1282 4075 1360 4130 uel
1389 4077 1560 4149 aptius
1590 4077 1883 4132 addendum

287 4161 518 4230 putabis,
549 4162 606 4216 id
645 4163 838 4219 honore
869 4167 988 4238 ejus
1017 4166 1216 4238 integro
1264 4168 1428 4237 facias
1465 4169 1698 4240 obsecro,
1749 4173 1887 4240 quod

286 4265 364 4306 est
393 4268 493 4306 non
523 4255 715 4326 ingrati
741 4257 903 4310 animi
927 4258 1183 4329 officiunt.
1233 4258 1289 4315 In
1343 4268 1593 4316 extrema
1641 4261 1764 4317 libri
1797 4277 1890 4333 pa-

286 4343 413 4412 gina
443 4345 560 4402 hac
591 4348 867 4418 leguntur,

2007 3336 2066 3392 p.
2094 3321 2216 3376 156.
2253 3321 2549 3389 Vtcnn'rttu,
2581 3323 2776 3396 inquit,
2811 3325 3151 3384 Hermannus
3178 3329 3466 3406 Larturts
3485 3332 3592 3391 Co-

2004 3409 2275 3480 loniensis,
2301 3429 2526 3488 capensa
2547 3415 2780 3485 Antonii,
2811 3417 3058 3488 Gerardi,
3080 3421 3324 3493 Joannis,
3359 3425 3504 3482 Petri
3543 3439 3593 3485 et

2001 3502 2374 3563 Bartholomtri
2405 3509 2649 3578 fratrum,
2683 3519 2734 3566 et
2761 3513 2991 3580 ﬁliarum
3020 3520 3362 3586 quorumdam
3395 3521 3457 3576 S.
3489 3521 3595 3578 Za-

2001 3601 2113 3654 noti
2137 3603 2200 3653 de
2222 3599 2492 3656 Placentia
2515 3603 2702 3659 civium
2737 3604 2968 3662 Verome.
2991 3607 3272 3666 Benedicto
3313 3611 3596 3669 Trerisano

2003 3702 2050 3746 et
2103 3694 2301 3764 Angela
2343 3693 2600 3750 Michaele
2648 3699 2974 3769 praesidibus.
3002 3700 3110 3755 Sed
3160 3709 3216 3755 et
3268 3701 3597 3770 Levilapidis

2003 3798 2310 3852 cognomen
2367 3800 2466 3857 per
2513 3787 2790 3844 idiontalis
2840 3794 3594 3852 transmutationemassum-

2000 3885 2148 3949 ptum
2201 3878 2270 3936 ab
2317 3879 2630 3936 llermanno
2678 3881 2799 3950 fuit,
2823 3883 2988 3940 aliter
3015 3886 3161 3942 enim
3193 3901 3258 3942 ex
3300 3888 3594 3946 vernacula

2003 3973 2105 4043 ipsi
2144 3973 2323 4043 lingua
2367 3974 2616 4030 sonabat.
2652 3976 2922 4034 Discimns
2953 3978 3002 4034 id
3050 3994 3119 4036 ex
3176 3979 3372 4036 eodem
3425 3982 3587 4038 Micb.

2000 4066 2458 4127 Maittairclibro:
2483 4083 2805 4140 nam,qnem
2828 4071 2893 4140 is,
2917 4087 2969 4143 p.
2997 4071 3090 4138 55,
3117 4072 3301 4129 itidem
3333 4071 3595 4130 llerman-

1998 4177 2123 4216 num
2170 4159 2516 4230 Lecilapitlem
2562 4175 2877 4230 vocaverat,
2910 4165 3085 4235 patrio
3125 4166 3348 4221 nomine
3394 4164 3592 4222 Lieclt-

1999 4254 2232 4309 tenstein
2260 4254 2519 4324 appellat,
2545 4269 2596 4324 ιι.
2632 4255 2758 4322 108,
2792 4256 2877 4310 bis
2902 4257 3086 4312 verbis
3115 4275 3127 4309 :
3163 4257 3360 4312 .Eneas
3394 4255 3591 4328 Vulpes

2008 4346 2326 4416 Vict‘ntiuus,
2359 4349 2502 4416 prior
2534 4346 2744 4402 Sancta:
2786 4349 2989 4416 Crucis,
3015 4349 3260 4421 adjutorc
3301 4347 3586 4404 Laurentio

286 4455 704 4517 Bartnolomartts
730 4461 989 4532 Puiellus,
1022 4482 1172 4532 eques
1209 4465 1533 4534 Vicentinns,
1560 4467 1614 4522 iu
1643 4466 1712 4524 Ι).
1745 4467 1881 4523 Oro-

1998 4438 2276 4507 Brixiensi,
2324 4438 2486 4493 Pauli
2536 4439 2710 4496 Orosii
2769 4440 3038 4497 Historias
3111 4441 3407 4512 castigavit,
3454 4456 3590 4511 quas

962 4539 1117 4594 siunt.

413 4639 480 4693 Ut
497 4643 608 4708 ipse
630 4643 801 4696 titulus
823 4651 1047 4711 margine
1067 4650 1116 4700 lu
1141 4649 1298 4712 primo
1319 4645 1466 4700 docet
1493 4660 1507 4698 :

537 4704 712 4757 Oresio
731 4722 909 4760 nomen
929 4713 1044 4760 mihi
1067 4720 1165 4760 est.

537 4727 712 4757 urosio
731 4727 909 4760 nomen
929 4727 1044 4762 nunt
1067 4727 1165 4761 ρει.

409 4763 743 4818 Librariorum
797 4773 998 4835 uidquld
1025 4774 1211 4824 erroris
1234 4773 1322 4822 fuit
1350 4787 1362 4824 :

535 4826 733 4880 Exemit
756 4785 938 4884 gneus
961 4837 1098 4885 mihi.

535 4851 733 4880 nxeulll.
756 4851 938 4884 mneas
961 4851 1098 4885 mllll.

409 4888 596 4956 Itaque
622 4893 998 4956 imprimendum
1026 4898 1222 4948 tradidit
1239 4909 1338 4946 non
1359 4897 1523 4956 alteri,

536 4947 839 5014 Hermione,
862 4973 1008 5022 quam
1030 4947 1257 5022 solitibi;

408 5009 714 5072 Hermanne.
739 5009 916 5068 nome'n
942 5020 1084 5082 hujus
1107 5009 1256 5083 artis,’
1271 5028 1323 5072 et
1341 5019 1495 5072 decus
1521 5033 1534 5073 :

533 5076 753 5136 'l'ueque
775 5079 879 5129 laus
895 5081 1125 5132 Colonize.

417 5115 1154 5205 ouotifs'iiiiiu'ﬁii'riiié'ﬁ’ifia‘de
1181 5150 1344 5194 nostra
1368 5145 1426 5194 ad
1453 5154 1694 5208 tempora,

420 5257 444 5264 Δ
494 5259 504 5264 Α
535 5199 613 5248 Ab
630 5201 762 5249 orbis
783 5204 884 5264 ipsa
909 5208 1121 5264 origine,

535 5228 613 5248 nu
630 5228 674 5249 vI
687 5228 762 5249 ma
783 5228 884 5264 ιμδςι
909 5228 1121 5269 ungula,

411 5257 680 5330 Quisquam
702 5264 938 5315 tumultus
963 5269 1192 5330 bellaque
1209 5277 1259 5318 et
1278 5269 1442 5319 caedes
1461 5267 1583 5320 velit

533 5323 807 5388 Cladesque
830 5341 994 5392 nosse,
1020 5323 1278 5392 tne'legat.

362 5432 440 5489 Ex
471 5437 667 5508 quibus
694 5441 806 5509 jam
853 5459 958 5500 non
983 5446 1146 5502 modo
1169 5447 1463 5504 Corrcctor
1495 5448 1641 5516 libri,
1675 5449 1880 5506 Encas

293 5521 496 5596 Vulpes
539 5529 882 5603 Vieentinus,
916 5539 1251 5607 agnoscitur,
1279 5539 1377 5594 sed
1419 5549 1473 5595 et
1515 5539 1693 5595 editor
1747 5541 1882 5596 Iler-

285 5628 514 5673 manuus
543 5619 904 5681 Coloniensis.
939 5630 1025 5693 At,
1059 5645 1178 5699 qu'e
1221 5631 1362 5686 hanc
1392 5632 1445 5686 in
1476 5629 1632 5685 Italia
1677 5631 1870 5686 subse-

295 5715 434 5760 cuta:
463 5719 590 5765 sunt
633 5714 925 5782 editiones,
957 5733 1147 5776 omnes
1176 5723 1226 5776 in
1251 5731 1497 5778 extremo
1528 5723 1674 5787 libri,
1707 5725 1879 5778 Licitu

286 5803 467 5856 tamen
523 5800 900 5868 Bartholomzci
957 5811 1146 5870 l‘aiclli
1179 5814 1397 5872 nomine
1449 5814 1548 5875 hos
1599 5815 1864 5875 exhibent

1993 4531 2322 4588 Hermannns
2353 4532 2729 4588 Lieclttenstein
2777 4535 2912 4605 typis
2933 4535 3214 4604 mandavit,
3241 4551 3378 4591 anno
3411 4544 3578 4590 tamen

1986 4643 2089 4682 non
2118 4625 2366 4680 indicato.
2401 4625 2508 4682 Sed
2537 4634 2594 4681 ct
2641 4635 2928 4697 utramque
2965 4628 3308 4698 cognominis
3336 4630 3578 4701 appella-

1987 4718 2188 4774 tionem
2236 4717 2554 4787 repositam,
2580 4717 2743 4772 urbes
2799 4717 2852 4772 in
2900 4718 3118 4788 quibus,
3148 4734 3322 4776 annos
3351 4735 3569 4794 quoque

1985 4810 2185 4882 quibus
2217 4810 2383 4867 libros
2409 4825 2540 4866 suos
2578 4809 2768 4875 edidit,
2796 4825 3109 4882 annumque
3131 4813 3324 4868 mortis
3352 4813 3474 4884 ejus
3501 4829 3571 4872 ex

1985 4903 2176 4958 eodem
2227 4902 2370 4958 libro
2416 4901 2800 4974 cognoscimus
2854 4913 2985 4960 tom.
3039 4903 3082 4972 1,
3129 4920 3186 4976 p.
3233 4904 3341 4960 εει
3379 4924 3395 4960 :
3446 4906 3582 4964 Her-

1984 5015 2206 5054 mannus
2243 4997 2504 5070 Lerilapis
2527 4997 2865 5060 Coloniensis.
2903 4997 3151 5054 Vicentia!
3184 4998 3443 5073 (expensis
3471 5004 3580 5058 An-

1985 5077 2138 5156 tonii,
2157 5089 2404 5157 Cerardi,
2423 5089 2668 5153 Joannis,
2690 5087 2834 5143 Petri
2857 5097 2906 5143 et
2934 5089 3305 5146 Bartltoloma'i
3332 5092 3580 5164 fratrum,

1985 5191 2032 5236 rt
2056 5180 2287 5250 filiorum
2307 5182 2653 5253 quorumdam
2676 5181 2736 5236 S.
2770 5179 2958 5236 Zanoti
2988 5181 3051 5236 de
3075 5181 3368 5253 Placentia,
3394 5186 3578 5240 civium

1994 5269 2229 5334 Verona,
2263 5271 2451 5342 M75),
2487 5272 2647 5326 1176.
2677 5271 3014 5328 Hermannus
3042 5274 3106 5328 tle
3133 5274 3455 5347 Leeilapide,
3479 5291 3571 5330 ex-

1986 5361 2158 5431 pensis
2181 5361 2392 5416 Nicalai
2416 5361 2562 5417 Petri
2592 5362 2659 5417 dc
2686 5362 2900 5417 Ilarlem
2926 5364 2991 5417 de
3023 5364 3314 5420 [Iollandia
3340 5365 3572 5431 Almani,

1997 5454 2156 5509 H77.
2213 5452 2547 5509 Hermanntts
2588 5453 2966 5510 Lieclttenstcin
3012 5456 3124 5528 (rel
3164 5456 3578 5525 Lielttensteitt)

1984 5543 2328 5611 Coloniensis.
2364 5546 2712 5612 “78,1419,
2746 5545 2908 5603 1489.
2937 5547 3183 5616 Tartn'sii,
3220 5547 3380 5602 H77.
3409 5545 3578 5600 Vene-

1983 5637 2268 5703 tiis,“85,
2295 5638 2454 5702 1181,
2477 5637 2637 5703 1486,
2659 5639 2814 5702 1187,
2849 5639 3004 5703 1188,
3035 5639 3194 5705 1190,
3224 5637 3386 5705 1495,
3417 5638 3575 5707 1191,

1983 5745 2089 5800 quo
2117 5745 2255 5783 anno
2285 5731 2526 5786 decessit.
2569 5730 2697 5785 Vide
2736 5729 2968 5784 Vincent.
3004 5729 3221 5800 Specttl.
3245 5729 3407 5788 1194.

2058 5819 2260 5892 lncepit
2307 5819 2468 5892 igitur
2517 5821 2614 5896 hic
2645 5820 2986 5879 llcrtuannus
3025 5835 3230 5880 annum
3275 5822 3404 5882 editi
3435 5822 3560 5883 libri
