4122 6174
550 247 660 308 650

1603 248 1874 308 PAULUS
1914 249 2209 308 OROSIUS
2247 247 2780 309 CllRONOLOGUS.

3725 250 3831 308 610

493 399 500 404 -
550 363 769 433 signare
822 361 968 418 circa
1021 376 1072 416 a.
1115 363 1256 419 1175
1301 360 1445 418 unde
1495 370 1642 434 patet
1689 363 2044 419 vetustiorem
2076 379 2142 419 eo
2169 369 2214 427 Α
2246 372 2426 418 autem
2454 363 2776 420 Juliacensis
2817 361 3122 418 Germanus
3168 361 3287 430 fuit,
3323 361 3562 433 plurima
3589 363 3660 420 ab
3693 379 3830 423 anno

552 469 697 508 anno
754 453 959 520 Orosii,
1001 453 1070 506 ab
1113 453 1304 509 eodem
1362 454 1586 524 vulgati,
1643 469 1764 509 esse
1820 453 2138 522 editionem,

553 563 722 620 quare
754 547 903 603 illam
937 549 1140 618 passim
1192 547 1246 602 in
1298 548 1442 602 notis
1491 547 1723 617 primam
1756 558 1810 604 et
1841 549 2144 618 principem

553 639 857 711 appellavi;
891 639 1137 710 quamvis
1185 639 1261 695 de
1299 638 1604 711 principatu
1650 655 1747 695 seu
1805 634 2146 710 antiquitatis

557 733 911 802 praerogativa
942 731 1092 786 litem
1123 731 1196 786 illi
1230 745 1450 786 movere
1481 733 1654 803 possit
1683 731 1785 786 alia
1815 732 1990 788 Orosii
2032 732 2146 788 edi-

556 823 655 892 ti0,
685 838 805 891 qua:
824 823 952 877 anui
981 831 1162 878 notam
1191 821 1434 888 exhibet,
1469 838 1644 893 neque
1670 839 1698 877 a
1728 823 2147 894 diligentissimo

559 913 676 968 viro
699 911 752 967 in
787 913 981 967 Annal.
1011 913 1245 984 'I‘yp-igr.
1282 914 1532 979 quamvis
1572 914 1852 968 rarissima
1893 915 2144 979 inventu,

559 1003 922 1074 praetermissa
956 1005 1075 1066 fuit,
1115 1005 1203 1074 qui
1252 1018 1373 1059 eam
1405 1015 1656 1060 recenset
1695 1013 1825 1058 tom.
1860 1005 1901 1067 l,
1938 1021 1990 1076 p.
2017 1005 2145 1060 503.

564 1096 865 1166 impressus
904 1097 951 1149 is
994 1095 1131 1150 liber
1157 1105 1242 1151 est
1269 1095 1802 1152 Germano-Gothico
1832 1096 2150 1153 charactere

559 1190 819 1257 Augusta:
847 1189 1059 1243 a.1171
1110 1203 1207 1259 per
1254 1187 1557 1244 .lohannem
1611 1190 1922 1245 Scbuszler.
1948 1191 2005 1245 In
2047 1191 2150 1246 hac

561 1280 824 1350 editione,
849 1295 974 1351 qua:
1013 1280 1253 1353 reliquas
1281 1291 1497 1338 veteres
1526 1281 1795 1337 editiones
1831 1298 2023 1338 omnes
2053 1284 2164 1342 ho-.

561 1371 732 1427 nitate
761 1373 1042 1443 praecedit,
1068 1382 1230 1443 atque
1257 1388 1324 1428 ex
1357 1375 1563 1444 Optimo
1590 1374 1781 1430 codice
1812 1390 1914 1429 ms.
1939 1389 2149 1430 summa

570 1465 674 1521 lide
701 1480 965 1535 exrressa
996 1466 1113 1530 fuit,
1143 1467 1314 1536 ipsius
1333 1466 1512 1522 Orosii
1537 1468 1760 1537 prologo
1784 1467 1898 1523 hzec
1930 1469 2148 1538 praeﬁxa

565 1559 848 1629 leguntur:
868 1558 1023 1613 Pauli
1053 1558 1103 1611 Η
1109 1560 1269 1614 orosii
1292 1559 1738 1632 "istoriograplti,
1764 1561 2009 1631 discipuli
2031 1577 2152 1614 san-

563 1651 634 1704 cti
659 1651 934 1724 Augustini
956 1651 1201 1719 episcOpi,
1227 1651 1324 1703 uiri
1353 1649 1584 1716 Hispani
1614 1652 1816 1720 generis
1842 1653 2149 1719 eloquentis-

2251 456 2398 512 1520
2427 473 2598 528 usque
2625 457 2691 511 ad
2717 456 2874 511 1510.
2908 455 3151 510 Colonia:
3187 456 3390 524 passim
3440 457 3581 525 apud
3619 457 3832 514 Euchao

2251 549 2391 604 rium
2424 547 2814 603 Cervicoruutn
2840 549 3101 618 impressa
3125 545 3318 610 edidit,
3347 548 3620 619 praecipue
3648 546 3709 602 C.
3734 549 3839 604 Pli-

2250 638 2323 694 nii
2349 639 2624 695 Naturalis
2653 638 2907 694 Historiae
2934 652 3070 708 opus
3095 636 3414 692 universum
3449 622 3596 692 anno
3626 637 3782 704 1514,
3807 655 3838 694 a

2250 735 2518 804 plurimis,
2554 742 2612 788 ttt
2637 733 2828 788 titulus
2859 734 3044 796 refert,
3071 731 3282 786 mendis
3325 741 3698 801 repurgatum.
3721 731 3840 788 Prze

2212 878 2217 882 .
2251 824 2475 896 reliquis
2506 840 2635 879 vero
2667 822 2989 878 medicinam
3013 822 3209 878 Orosio
3236 821 3491 892 praestitit
3520 821 3840 878 Franciscus

2251 915 2536 970 Fabricius
2564 913 3011 982 Marcodnranus,
3044 912 3126 966 \‘il‘
3150 913 3336 966 multis
3363 911 3417 967 in
3455 912 3842 982 rempublicam

2253 1007 2574 1065 litterariam
2609 1007 2817 1062 meritis
2845 1007 3046 1061 clarus.
3079 1005 3173 1059 llic
3218 1019 3413 1059 novatn
3445 1004 3622 1059 0r05ii
3649 1003 3846 1058 editio-

2256 1115 2397 1165 nem,
2458 1100 2602 1155 notis
2654 1094 3322 1162 illustratam,adornavit
3371 1111 3514 1150 anno
3565 1097 3846 1163 1561,5c—

2253 1191 2432 1247 eundo
2461 1189 2659 1246 deinde
2709 1189 2889 1244 emisit
2936 1203 3081 1242 anno
3136 1188 3294 1256 1575,
3321 1197 3374 1242 et
3417 1187 3653 1259 denique
3681 1189 3848 1243 tertio

2255 1298 2398 1339 anno
2424 1284 2587 1339 1582.
2611 1281 2855 1352 Triginta
2886 1281 3061 1336 tribus
3087 1287 3209 1350 post
3233 1281 3391 1335 anuis
3421 1280 3665 1336 Andreas
3689 1280 3849 1336 Scot—

2255 1383 2365 1442 tus,
2398 1384 2584 1430 notum
2629 1374 2770 1443 apud
2817 1374 3064 1428 eruditos
3096 1389 3315 1439 nomen,
3342 1383 3396 1428 et
3442 1374 3557 1444 ipse
3594 1373 3848 1429 OrOSium

2258 1467 2573 1538 publicavit.
2605 1466 2751 1521 Niltil
2782 1477 2961 1520 autem
3001 1465 3070 1520 de
3115 1480 3216 1520 suo
3255 1465 3489 1532 addidit,
3522 1464 3618 1519 sed
3645 1475 3850 1533 ιιι-αξιοι-

2260 1557 2614 1614 Fabrieianas
2645 1566 2799 1612 notas
2828 1557 3027 1626 adjecit
3065 1566 3322 1625 excerpta
3353 1571 3420 1612 ex
3466 1556 3849 1610 Annotationi-

2261 1651 2362 1706 bus
2395 1649 2652 1704 Ludovici
2700 1649 2898 1718 Lautii,
2932 1648 3131 1718 Belgae,
3165 1647 3470 1719 presbyteri
3518 1646 3850 1703 Gandensis.

563 1739 712 1802 simi,
735 1739 1003 1790 adversum
1026 1736 1396 1808 Cristiani(sic)
1419 1726 1528 1790 ito-th
1551 1739 1672 1807 (sic)
1700 1736 1942 1806 querulos
1960 1738 2148 1793 Prolo-
2184 1739 2234 1798 B
2263 1744 2318 1800 In
2349 1743 2450 1797 hac
2498 1750 2770 1813 postrema
2799 1741 2977 1797 Orosii
3009 1741 3274 1808 editione,
3307 1754 3427 1809 qua:
3458 1739 3687 1810 reliquis
3721 1738 3851 1794 hac-

564 1843 667 1900 gus
700 1829 752 1882 in
783 1828 951 1882 libros
977 1838 1210 1897 septem.
1231 1826 1297 1881 In
1327 1837 1551 1882 extremo
1581 1838 1755 1882 autem
1785 1831 1886 1896 [inc
1908 1829 2024 1882 libri
2044 1830 2154 1884 [nec

562 1937 759 1982 exstant
793 1944 811 1982 :
843 1925 992 1981 Beati
1024 1925 1174 1980 Pauli
1209 1925 1354 1980 lloro
1369 1927 1433 1980 sii
1467 1927 1611 1995 pres!
1634 1926 1771 1996 yleri
1798 1915 1995 1995 xiii-ani
2031 1926 2148 1996 (sic)

542 2009 688 2073 ἰιοΕ
735 2016 993 2088 querulos
1037 2015 1154 2070 libri
1197 2031 1409 2070 numero
1439 2022 1630 2084 reptent
1671 2014 1860 2083 ﬁniunt
1911 2014 2150 2086 feliciter,

561 2123 650 2178 per
677 2107 969 2161 Iohannem
997 2106 1291 2174 Sclmszler,
1319 2106 1701 2175 ﬂorentissima:
1736 2106 1877 2159 urbis
1909 2109 2158 2177 Augustae

561 2199 819 2254 concivem
856 2198 1111 2270 impressi.
1144 2197 1292 2250 Anno
1319 2214 1350 2250 a
1397 2195 1561 2250 Parta
1598 2194 1825 2266 Virginis
1857 2195 2043 2249 Maria:
2070 2212 2160 2248 sa-

559 2290 769 2362 lutifero
809 2289 1082 2344 millesimo
1117 2289 1623 2361 quadringentesimo
1662 2297 1709 2342 et
1753 2288 2151 2359 septuagesimo.

564 2384 779 2438 Circiter
798 2379 947 2436 Junii
972 2398 1136 2436 nonas
1165 2381 1429 2454 septimas.

633 2478 820 2534 Tertio
861 2475 1058 2530 deinde
1098 2474 1298 2545 prodiit
1335 2472 1564 2528 Oroeius
1591 2472 1836 2528 Venetiis
1865 2486 2028 2542 opera
2061 2471 2159 2526 0c-

564 2571 765 2628 taviani
792 2570 937 2625 Scoti
969 2584 998 2623 a
1049 2568 1208 2623 1483.
1240 2567 1298 2622 In
1322 2566 1483 2636 cujus
1507 2565 1765 2621 editionis
1797 2565 1906 2620 line
1933 2565 2048 2619 haec
2079 2565 2159 2618 irt-

566 2663 896 2720 veniuntur:
929 2661 1090 2717 Pauli
1115 2660 1312 2725 Orosii,
1343 2661 1438 2713 viri
1460 2657 1763 2728 clarissimi,
1789 2659 1858 2712 ad
1886 2657 2157 2712 Aurelium

567 2758 921 2828 Augustinum
987 2757 1285 2828 episcopum
1333 2764 1380 2808 et
1426 2753 1702 2807 Doctorem
1751 2753 1998 2806 eximium
2041 2753 2159 2806 libri

566 2851 774 2921 septimi
819 2866 880 2902 ac
929 2847 1102 2902 ultimi
1156 2847 1295 2917 linis.
1326 2844 1578 2918 Impressi
1621 2843 1874 2910 Venetiis,
1905 2860 2065 2914 Opera
2110 2854 2156 2897 et

561 2943 802 3014 expensis
847 2939 1121 2996 Octa-imi
1166 2939 1312 2993 Scoti
1359 2937 1743 2992 Modaesieusis.
1779 2936 1926 2990 Auno
1965 2936 2027 2988 ab
2072 2935 2154 2988 in—

565 3034 868 3090 carnatione
928 3029 1142 3084 Domini
1191 3029 1354 3095 1485,
1404 3029 1556 3083 tertio
1609 3026 1858 3081 kalendas
1914 3025 2148 3092 Sextilis,

566 3125 772 3181 Joanne
803 3123 1071 3179 Moreuico
1108 3121 1305 3193 inclyta
1357 3119 1694 3176 Venetiarum
1742 3117 1894 3173 duce.
1937 3117 2157 3172 Litteris
2186 3109 2234 3173 C

566 3219 682 3273 haec
710 3216 878 3273 editio
908 3215 1093 3271 rubeis
1115 3222 1170 3269 ct
1209 3213 1388 3283 pictis,
1421 3221 1582 3282 prout
1608 3220 1662 3266 et
1693 3211 1868 3280 prima
1901 3209 2070 3265 editio
2102 3209 2155 3263 in

570 3311 749 3365 fronte
779 3318 834 3364 et
877 3308 1032 3363 initio
1079 3307 1314 3376 capitum
1353 3304 1643 3375 superbire
1685 3304 1847 3358 solet.
1874 3303 2005 3356 Post
2037 3302 2156 3357 illas

569 3401 768 3473 prodiit
803 3401 996 3454 iterum
1029 3398 1274 3454 Venetiis
1296 3413 1453 3468 Opera
1482 3406 1530 3451 et
1569 3395 1806 3467 expensis
1840 3393 1924 3466 (ut
1951 3395 2158 3463 pariter

569 3496 622 3550 in
657 3495 766 3550 line
812 3493 1034 3564 legitur)
1060 3491 1316 3545 Bernardi
1364 3489 1544 3545 Veneti
1590 3489 1655 3542 de
1694 3487 1973 3542 Vitalibus.
2008 3489 2157 3540 Anno

569 3590 634 3642 ab
665 3585 1022 3640 incarnatione
1055 3584 1261 3637 Domini
1285 3581 1423 3637 1500
1449 3581 1533 3636 die
1559 3580 1626 3635 12
1656 3580 1844 3634 mensis
1893 3577 2156 3634 Octobris.

570 3678 840 3751 Regnantc
865 3676 1078 3730 domino
1105 3675 1393 3746 Augustino
1421 3671 1736 3727 Burbadico.

641 3771 725 3826 Ab
746 3785 815 3826 eo
837 3779 1083 3841 tempore
1111 3768 1414 3838 smpissime
1442 3765 1590 3837 prela
1624 3766 1870 3835 latigavit
1904 3764 2151 3832 Orosius,

569 3876 625 3921 et
648 3866 866 3937 quidem
892 3865 1115 3920 Parisiis
1149 3863 1328 3934 primo
1358 3863 1662 3932 impressus
1701 3861 1802 3914 fuit
1833 3875 1927 3930 per
1955 3859 2160 3914 Johan-

575 3973 698 4013 nem
732 3957 980 4025 Barbier,
1011 3959 1400 4026 impressorcm
1433 3969 1532 4009 nec
1561 3968 1667 4008 non
1702 3953 1984 4008 librarium
2009 3951 2164 4021 jura-

574 4063 710 4118 tttm,
743 4059 800 4104 ιιι
826 4065 885 4105 se
914 4059 1089 4112 vocat,
1111 4062 1254 4102 anno
1275 4048 1344 4101 ab
1373 4047 1746 4102 incarnatiOne
1780 4045 1992 4099 Domini
2021 4043 2160 4099 1510

572 4145 662 4201 die
695 4146 761 4201 15
790 4145 994 4199 mensis
1038 4141 1391 4198 Novembris.
1438 4140 1570 4195 Dein
1618 4139 1816 4194 ibidem
1852 4137 1986 4194 1521
2020 4137 2184 4210 apud

573 4239 875 4296 Johannem
903 4236 1134 4291 Parvum
1182 4234 1328 4307 typis
1355 4234 1502 4289 Petri
1530 4232 1801 4300 Vidovati,
1830 4232 2029 4290 edente
2075 4233 2164 4288 Se-

575 4331 820 4386 bastiano
851 4329 1122 4399 Mettgino.

643 4423 683 4478 C
708 4424 998 4479 uloaienses
1029 4421 1226 4477 deinde
1253 4421 1379 4492 plus
1407 4419 1583 4475 semel
1617 4419 1757 4475 hunc
1779 4427 2055 4474 auctorem
2081 4434 2162 4474 re-

570 4517 858 4578 enderunt,
890 4514 1194 4583 prtescrtim
1217 4491 1359 4570 anno
1381 4512 1540 4580 159.6,
1561 4512 1716 4582 cujus
1737 4511 1992 4567 editionis
2019 4512 2158 4566 haud
2187 4491 2238 4551 Ῑ)

574 4608 747 4663 let-em
776 4622 962 4661 cuiam
994 4605 1203 4672 habuit,
1227 4606 1318 4675 qui
1347 4607 1604 4676 prmlatus
1643 4603 1710 4659 ad
1760 4605 2008 4660 eamdem
2053 4615 2160 4669 est,

563 4699 846 4758 'Gerardus
874 4700 1182 4768 Bolsuinge.
1212 4698 1465 4763 Excudit,
1496 4709 1555 4752 ut
1583 4699 1636 4752 in
1672 4699 1848 4753 fronte
1880 4699 2000 4753 libri
2029 4698 2164 4752 dici-

571 4801 676 4858 tur,
725 4790 1024 4847 Eucharius
1069 4788 1456 4853 Cervicornus,
1505 4791 1766 4859 impensis
1815 4805 1966 4853 vero,
1998 4800 2056 4844 ιιι
2109 4790 2160 4845 in

573 4884 756 4937 ultima
805 4884 1068 4938 docemur
1094 4883 1309 4953 pagina,
1341 4881 1419 4935 M.
1455 4881 1733 4949 Gozlefridi
1779 4881 2062 4952 (lydorpii,
2095 4883 2165 4935 ci-

571 4975 643 5027 ris
673 4974 1018 5042 Coloniensis,
1050 4991 1224 5030 ntense
1263 4973 1442 5028 Junio.
1479 4974 1804 5044 llittorpium
1853 4975 1996 5030 idem
2042 4990 2165 5031 sese

555 5075 732 5121 vocat
754 5066 804 5120 in
836 5067 1076 5122 editione
1104 5066 1442 5134 Coloniensi,
1472 5080 1594 5135 qua:
1620 5067 1820 5136 prodiit
1845 5083 1918 5122 ex
1947 5067 2166 5122 olliciua

571 5157 812 5226 Jasparis
835 5157 1153 5226 Genueprei,
1178 5171 1324 5212 anno
1357 5157 1518 5222 1512,
1545 5166 1601 5211 et
1652 5174 1816 5228 quam
1847 5161 2166 5229 procuravit

572 5251 808 5307 Joannes
860 5250 1152 5316 Cwsarius,
1200 5249 1356 5320 cujus
1409 5250 1655 5321 pra-latio
1701 5251 1878 5306 eidem
1936 5252 2163 5307 editioni

575 5343 794 5414 praeﬁxa
825 5342 1045 5413 legitur.
1077 5343 1132 5398 In
1173 5351 1419 5398 extremo
1445 5344 1565 5412 ejus
1609 5344 1730 5399 libri
1763 5343 1880 5400 haec
1907 5353 2123 5400 exstant
2151 5363 2162 5398 :

574 5437 820 5507 Impensa
846 5444 894 5490 et
913 5449 1015 5490 tere
1044 5435 1112 5490 Μ.
1145 5435 1419 5504 Gorlefridi
1442 5436 1860 5509 Hittorpii,civis
1890 5437 2169 5491 Colonien-

570 5532 662 5591 sis.
695 5547 866 5584 mense
909 5534 1144 5602 Augusto
1174 5529 1334 5587 1542.
1371 5529 1500 5586 Hinc
1537 5532 1704 5586 editio
1749 5529 1909 5585 nobis
1957 5530 2163 5599 passim

574 5623 909 5693 llittorpiaoa
925 5635 1170 5692 vocatur,
1197 5623 1347 5696 prior
1375 5639 1504 5679 vero
1520 5623 1919 5694 Bolsuingiana.
1939 5623 2016 5679 De
2045 5623 2168 5678 Bol-

573 5715 790 5784 suiogio
812 5718 941 5774 mihi
978 5733 1145 5790 pauca
1170 5727 1448 5791 comperta
1469 5727 1591 5773 sunt
1609 5733 1624 5782 ;
1642 5716 1878 5774 Joannes
1899 5717 2167 5774 Caesarius

2261 1845 2419 1892 tenus
2446 1845 2705 1906 praestare
2729 1836 2842 1890 visa
2868 1834 2991 1902 luit,
3017 1834 3248 1903 plurima
3280 1832 3618 1901 deprehendi
3644 1842 3848 1901 errata,

2261 1943 2380 1999 qua:
2410 1927 2714 1982 incuriosos
2743 1926 2932 1981 oculos
2963 1936 3199 1997 arguunt
3239 1925 3407 1991 illius,
3441 1925 3535 1996 qui
3576 1924 3668 1980 isti
3706 1938 3854 1982 cura:

2262 2018 2498 2088 praefuit.
2534 2016 2718 2088 Neque
2749 2019 2863 2088 ipse
2893 2017 3197 2085 Fabricius,
3231 2016 3483 2088 quamvis
3525 2013 3751 2088 egregie
3804 2019 3856 2073 in

2260 2110 2453 2189 Qrosio
2476 2111 2818 2166 emendando
2839 2122 2887 2166 ct
2906 2110 3231 2167 illustrando
3262 2121 3514 2168 versatus
3545 2112 3662 2178 fuit,
3687 2128 3856 2170 omne

2260 2214 2518 2273 punctum
2543 2203 2731 2259 tulisse
2763 2205 2919 2258 visus
2943 2213 3046 2269 est,
3077 2205 3220 2275 quod
3247 2205 3348 2259 sibi
3378 2205 3542 2260 nimis
3571 2205 3623 2259 in
3656 2220 3729 2262 eo
3761 2221 3858 2263 au-

2259 2305 2412 2350 Ctore
2440 2293 2751 2359 indulserit,
2783 2301 2922 2350 teste
2950 2295 3174 2350 Barthio
3215 2295 3512 2350 Adversar.
3543 2295 3642 2350 lib.
3665 2311 3856 2364 xxxvr,

2260 2400 2380 2457 cap.
2415 2388 2502 2442 17.
2531 2386 2712 2455 Quare
2762 2387 2958 2441 merito
2983 2386 3096 2455 jam
3150 2387 3360 2455 pridem
3403 2386 3722 2457 judicarunt
3756 2388 3858 2444 viri

2261 2481 2430 2545 docti,
2465 2481 2666 2536 mereri
2705 2479 2982 2548 Orosium,
3015 2489 3073 2534 ut
3117 2479 3299 2536 denuo
3343 2480 3538 2548 majori
3566 2494 3691 2535 cum
3725 2496 3857 2537 cura

2260 2575 2328 2629 ad
2380 2589 2512 2630 mss.
2562 2572 2894 2644 exemplaria
2943 2582 3356 2637 recenseretur;
3391 2573 3699 2643 prtesertim
3735 2589 3856 2629 cum

2261 2667 2330 2723 ab
2355 2684 2498 2722 anno
2523 2667 2662 2722 1615
2705 2680 2812 2736 quo
2849 2665 2902 2720 in
2935 2665 3212 2735 publicum
3242 2665 3374 2719 exiit
3403 2664 3636 2719 Andreas
3679 2665 3858 2721 Scotti

2260 2762 2430 2830 editio
2471 2761 2809 2831 Moguntina,
2843 2761 2993 2816 nullo
3037 2775 3105 2816 ex
3143 2759 3276 2815 viris
3329 2758 3586 2814 litteratis
3632 2772 3857 2813 manum

2263 2853 2614 2920 admovente,
2647 2852 2896 2923 adeoque
2942 2851 3066 2923 plus
3095 2862 3314 2907 centum
3357 2859 3412 2904 et
3449 2848 3639 2920 viginti
3668 2849 3858 2916 annis,

2263 2947 2314 3002 in
2347 2955 2500 3002 tanto
2523 2953 2734 3000 veteres
2755 2953 3011 2999 auctores
3040 2942 3108 2996 ad
3141 2942 3286 3012 prela
3313 2939 3606 2997 revocandi
3634 2940 3858 3004 ardore,

2261 3038 2496 3108 jacuerit
2523 3036 2772 3102 Orosius,
2803 3035 2964 3106 cujus
2995 3045 3172 3089 tamen
3207 3043 3284 3088 tot
3309 3041 3467 3088 antea
3513 3047 3573 3087 se
3617 3033 3860 3087 invicem

2265 3137 2596 3202 exceperant
2617 3128 2911 3195 editiones,
2943 3135 2999 3183 et
3026 3137 3134 3182 tam
3165 3126 3337 3193 varia,
3359 3133 3525 3196 atque
3548 3124 3855 3195 multiplex,

2265 3234 2321 3280 et
2350 3238 2574 3294 prorsus
2589 3222 2903 3277 necessaria
2918 3221 3182 3275 existeret
3203 3219 3464 3275 llistoria.

2341 3317 2491 3374 Haud
2535 3316 2699 3387 igitur
2740 3323 3028 3370 contentus
3052 3313 3324 3384 prioribus
3363 3322 3420 3368 et
3460 3311 3652 3382 priscis
3703 3311 3852 3378 illis,

2263 3423 2386 3480 quae
2432 3423 2623 3464 omnes
2674 3407 2741 3462 ad
2790 3420 3008 3462 manum
3067 3405 3198 3461 mihi
3243 3404 3429 3472 fuere,
3495 3403 3858 3469 editionibus,

2263 3499 2522 3555 auxilium
2544 3499 2846 3569 praesertim
2864 3512 2894 3552 a
2914 3511 3044 3552 mss.
3073 3496 3348 3551 codicibus
3371 3495 3658 3565 petendum
3672 3494 3862 3550 existi-

2265 3591 2406 3648 mavi
2434 3633 2450 3659 ,
2509 3592 2664 3660 cujus
2709 3592 2926 3661 generis
2967 3589 3217 3645 undecim
3245 3604 3368 3644 eum
3413 3599 3605 3645 nactus
3631 3601 3818 3644 essem
3843 3627 3860 3655 ,

2265 3685 2397 3740 satis
2425 3699 2512 3740 me
2559 3683 2882 3738 instructum
2918 3681 3394 3752 putavi.Quinque
3436 3695 3502 3735 ex
3550 3681 3614 3735 iis
3657 3696 3863 3752 suppe-

2268 3775 2458 3831 ditavit
2507 3774 2639 3830 mihi
2671 3773 2997 3830 bibliotheca
3034 3787 3154 3844 quae
3179 3771 3359 3827 Leidae
3389 3771 3509 3826 sive
3534 3770 3708 3841 Lugd.
3748 3773 3861 3828 Bat.

2268 3881 2386 3937 est,
2429 3880 2539 3925 tres
2572 3869 2883 3924 Florentitta
2906 3910 2921 3934 ,
2957 3881 3120 3921 unum
3154 3865 3533 3935 Ultrajectina.
3565 3864 3689 3934 Ipse
3737 3879 3865 3933 quo-

2281 3979 2386 4035 que
2415 3980 2578 4019 unum
2612 3963 2864 4034 possideo
2887 4003 2903 4028 ,
2937 3968 2993 4015 et
3014 3961 3248 4031 denique
3285 3958 3633 4014 collationem
3663 3959 3864 4013 codicis

2268 4057 2507 4127 antiqui,
2541 4071 2749 4112 summa
2781 4069 2916 4123 cura
2937 4070 2966 4108 a
2991 4054 3204 4109 clariss.
3237 4051 3439 4108 Jacobo
3459 4050 3743 4106 Gronovio
3773 4051 3852 4105 ia-

2269 4150 2510 4205 stitutam
2532 4192 2553 4216 ,.
2576 4158 2766 4204 nactus
2794 4149 2888 4202 l'ui.
2917 4146 3087 4216 l‘lujus
3110 4144 3238 4200 mihi
3261 4145 3470 4212 copiam
3499 4142 3626 4197 fecit
3651 4143 3861 4212 dignis-

2269 4244 2438 4298 simus
2465 4241 2559 4296 illo
2592 4251 2744 4311 patre
2774 4240 2916 4294 [ilius
2961 4238 3300 4294 Abrahamns
3326 4237 3635 4292 Gronovius
3656 4277 3673 4302 ,
3701 4251 3855 4290 eum-

2269 4350 2375 4406 que
2414 4333 2658 4390 codicem
2711 4347 2831 4386 eum
2866 4333 3028 4387 tertio
3059 4345 3126 4386 ex
3161 4329 3334 4400 Lugd.
3386 4329 3529 4383 Βιιι.
3567 4328 3864 4398 plurimum

2271 4426 2565 4481 convenire
2604 4423 2953 4493 deprehendi.
3013 4420 3203 4478 Codex
3249 4434 3404 4474 meus
3444 4419 3496 4474 in
3530 4434 3857 4490 pergameno

2267 4519 2363 4591 per
2418 4518 2697 4573 columnas
2751 4516 3031 4586 scriptus,
3087 4530 3154 4570 ex
3213 4512 3541 4568 bibliotheca
3597 4511 3854 4567 llulsiana

2265 4609 2533 4682 quondam
2582 4615 2900 4678 coemptas,
2976 4606 3196 4676 optimm
3246 4613 3332 4660 est
3376 4615 3558 4671 notat,
3620 4603 3861 4675 mihique

2269 4702 2563 4772 plurimum
2606 4697 2826 4770 proluit.
2877 4697 3283 4768 Ultrajectinum
3341 4711 3533 4766 magna
3593 4695 3858 4752 industria

2267 4795 2497 4851 contulit
2550 4793 2674 4849 Otto
2729 4791 3091 4856 Arutzenius,
3147 4789 3362 4845 Scholre
3403 4788 3682 4844 Goudanze
3715 4800 3857 4843 nunc

2269 4886 2581 4941 moderator
2635 4882 2943 4937 indefessus
2975 4897 2988 4938 :
3019 4890 3104 4937 est
3141 4881 3358 4952 quidem
3407 4881 3452 4936 is
3483 4880 3653 4936 codex
3684 4894 3750 4935 ex
3784 4893 3867 4934 re-

2270 4953 2607 5033 centioribus
2635 4984 2691 5030 et
2737 4973 2892 5028 valde
2941 4973 3274 5040 mendosus,
3317 4973 3414 5030 sed
3470 4973 3631 5028 habet
3677 4983 3864 5028 tamen

2274 5072 2534 5126 lectiones
2563 5066 2820 5138 quasdam
2851 5067 2904 5121 in
2946 5067 3140 5136 quibus
3169 5080 3294 5121 cum
3314 5066 3538 5136 "optimis
3567 5065 3864 5134 conspirat.

2272 5166 2414 5220 luter
2430 5164 2666 5233 quinque
2691 5175 2819 5216 mss.
2838 5175 2972 5230 quos
2988 5159 3423 5228 academiae,qua:
3441 5157 3685 5229 Lugduni
3712 5157 3868 5212 Bata-

2278 5270 2472 5311 vorum
2501 5264 2583 5309 est
2611 5297 2625 5320 ,
2655 5253 2983 5308 bibliotheca
3017 5251 3410 5322 suppeditavit,
3441 5267 3578 5305 untts
3621 5260 3869 5304 servatur

2274 5352 2325 5406 in
2401 5350 2576 5416 legato
2626 5347 3014 5412 Perizoniauo,
3092 5345 3385 5415 inscriptus
3452 5344 3516 5396 de
3585 5343 3860 5396 Orchestra

2270 5442 2454 5496 mundi
2487 5485 2501 5508 ,
2531 5449 2584 5495 et
2632 5441 2865 5509 scriptus
2918 5440 2970 5492 in
3000 5437 3190 5494 charta
3219 5450 3363 5491 anno
3394 5434 3534 5490 1465
3559 5477 3574 5499 ,
3625 5435 3867 5503 adeoque

2271 5535 2427 5590 valde
2475 5547 2696 5597 recens,
2730 5532 2823 5587 sed
2871 5542 3049 5586 tamen
3081 5530 3445 5585 valde—bonus
3474 5539 3529 5584 et
3551 5527 3868 5598 antiquissi-

2273 5627 2374 5680 mis
2420 5623 2845 5696 coruparandns.
2907 5622 2988 5678 Ex
3027 5633 3260 5693 quatuor
3317 5621 3546 5692 reliquis
3595 5618 3869 5684 codicibus

2274 5717 2442 5791 Lugd.
2477 5719 2620 5773 Batt.
2656 5717 2885 5787 primum
2915 5715 3067 5772 soleo
3117 5717 3396 5772 nominare
3425 5729 3549 5772 eum
3573 5755 3589 5782 ,
3620 5712 3708 5785 qui
3740 5710 3869 5765 olim
