  <div class='ocr_page' id='page_1' title='image "/cluster/home/n/w/nwhite01/storage/ocr_20150623/31/hvd.32044096580543/326.png"; bbox 0 0 4122 6174; ppageno 0'>
   <div class='ocr_carea' id='block_1_1' title="bbox 425 242 524 298">
    <p class='ocr_par' dir='ltr' id='par_1_1' title="bbox 425 242 524 298">
     <span class='ocr_line' id='line_1_1' title="bbox 425 242 524 298; baseline 0.02 -2"><span class='ocrx_word' id='word_1_1' title='bbox 425 242 524 298; x_wconf 77' lang='lat' dir='ltr'><strong>6H</strong></span> 
     </span>
    </p>
   </div>
   <div class='ocr_carea' id='block_1_2' title="bbox 1499 203 2595 296">
    <p class='ocr_par' dir='ltr' id='par_1_2' title="bbox 1499 203 2595 296">
     <span class='ocr_line' id='line_1_2' title="bbox 1499 203 2595 296; baseline -0.001 0"><span class='ocrx_word' id='word_1_2' title='bbox 1499 203 1502 206; x_wconf 57' lang='grc'><em>’</em></span> <span class='ocrx_word' id='word_1_3' title='bbox 1539 237 1910 296; x_wconf 55' lang='grc' dir='ltr'><strong>Ρηωητιυ</strong></span> <span class='ocrx_word' id='word_1_4' title='bbox 1948 235 2080 296; x_wconf 76' lang='lat' dir='ltr'><strong>sm.</strong></span> <span class='ocrx_word' id='word_1_5' title='bbox 2126 236 2595 295; x_wconf 58' lang='lat' dir='ltr'><strong>usvsncitmrt.</strong></span> 
     </span>
    </p>
   </div>
   <div class='ocr_carea' id='block_1_3' title="bbox 3614 239 3721 298">
    <p class='ocr_par' dir='ltr' id='par_1_3' title="bbox 3614 239 3721 298">
     <span class='ocr_line' id='line_1_3' title="bbox 3614 239 3721 298; baseline -0.019 0"><span class='ocrx_word' id='word_1_6' title='bbox 3614 239 3721 298; x_wconf 65' lang='grc' dir='ltr'><strong>θη</strong></span> 
     </span>
    </p>
   </div>
   <div class='ocr_carea' id='block_1_4' title="bbox 421 349 3725 422">
    <p class='ocr_par' dir='ltr' id='par_1_4' title="bbox 421 349 3725 422">
     <span class='ocr_line' id='line_1_4' title="bbox 421 349 3725 422; baseline -0 -14"><span class='ocrx_word' id='word_1_7' title='bbox 421 352 630 408; x_wconf 81' lang='lat' dir='ltr'><strong>Nieolai</strong></span> <span class='ocrx_word' id='word_1_8' title='bbox 676 352 905 420; x_wconf 87' lang='lat' dir='ltr'><strong>lleinsii,</strong></span> <span class='ocrx_word' id='word_1_9' title='bbox 937 351 1140 410; x_wconf 88' lang='lat' dir='ltr'><strong>deinde</strong></span> <span class='ocrx_word' id='word_1_10' title='bbox 1173 349 1344 408; x_wconf 88' lang='lat' dir='ltr'><strong>lsaaci</strong></span> <span class='ocrx_word' id='word_1_11' title='bbox 1376 351 1552 408; x_wconf 83' lang='lat' dir='ltr'><strong>Vossii</strong></span> <span class='ocrx_word' id='word_1_12' title='bbox 1596 351 1730 418; x_wconf 81' lang='lat' dir='ltr'><strong>fuit,</strong></span> <span class='ocrx_word' id='word_1_13' title='bbox 1754 357 1914 422; x_wconf 90' lang='lat' dir='ltr'><strong>atque</strong></span> <span class='ocrx_word' id='word_1_14' title='bbox 1941 349 2036 406; x_wconf 84' lang='lat' dir='ltr'><strong>ad-</strong></span> <span class='ocrx_word' id='word_1_15' title='bbox 2060 353 2108 413; x_wconf 83' lang='grc' dir='ltr'>Λ</span> <span class='ocrx_word' id='word_1_16' title='bbox 2140 359 2207 414; x_wconf 81' lang='lat'><strong>&#39;57</strong></span> <span class='ocrx_word' id='word_1_17' title='bbox 2228 364 2281 412; x_wconf 78' lang='lat' dir='ltr'><strong>et</strong></span> <span class='ocrx_word' id='word_1_18' title='bbox 2315 353 2380 409; x_wconf 89' lang='lat' dir='ltr'><strong>ad</strong></span> <span class='ocrx_word' id='word_1_19' title='bbox 2409 351 2666 408; x_wconf 82' lang='lat' dir='ltr'><strong>saeculum</strong></span> <span class='ocrx_word' id='word_1_20' title='bbox 2692 349 2956 406; x_wconf 88' lang='lat' dir='ltr'><strong>decimum</strong></span> <span class='ocrx_word' id='word_1_21' title='bbox 2979 358 3230 421; x_wconf 87' lang='lat' dir='ltr'><strong>quartum</strong></span> <span class='ocrx_word' id='word_1_22' title='bbox 3255 349 3508 407; x_wconf 78' lang='lat' dir='ltr'><strong>refertur.</strong></span> <span class='ocrx_word' id='word_1_23' title='bbox 3538 350 3594 407; x_wconf 85' lang='lat' dir='ltr'><strong>in</strong></span> <span class='ocrx_word' id='word_1_24' title='bbox 3628 367 3725 422; x_wconf 67' lang='lat' dir='ltr'><strong>por</strong></span> 
     </span>
    </p>
   </div>
   <div class='ocr_carea' id='block_1_5' title="bbox 420 443 2023 514">
    <p class='ocr_par' dir='ltr' id='par_1_5' title="bbox 420 443 2023 514">
     <span class='ocr_line' id='line_1_5' title="bbox 420 443 2023 514; baseline -0.001 -16"><span class='ocrx_word' id='word_1_25' title='bbox 420 444 668 514; x_wconf 90' lang='lat' dir='ltr'><strong>junctum</strong></span> <span class='ocrx_word' id='word_1_26' title='bbox 709 445 811 499; x_wconf 86' lang='lat' dir='ltr'><strong>sibi</strong></span> <span class='ocrx_word' id='word_1_27' title='bbox 843 444 1114 500; x_wconf 81' lang='lat' dir='ltr'><strong>Justinum</strong></span> <span class='ocrx_word' id='word_1_28' title='bbox 1146 445 1326 501; x_wconf 83' lang='lat' dir='ltr'><strong>habet.</strong></span> <span class='ocrx_word' id='word_1_29' title='bbox 1375 445 1432 500; x_wconf 85' lang='lat' dir='ltr'><strong>lu</strong></span> <span class='ocrx_word' id='word_1_30' title='bbox 1463 444 1566 500; x_wconf 92' lang='lat' dir='ltr'><strong>hoc</strong></span> <span class='ocrx_word' id='word_1_31' title='bbox 1595 443 1733 498; x_wconf 90' lang='lat' dir='ltr'><strong>libro</strong></span> <span class='ocrx_word' id='word_1_32' title='bbox 1763 444 1814 498; x_wconf 93' lang='lat' dir='ltr'><strong>in</strong></span> <span class='ocrx_word' id='word_1_33' title='bbox 1853 459 2023 498; x_wconf 91' lang='lat' dir='ltr'><strong>mem-</strong></span> 
     </span>
    </p>
   </div>
   <div class='ocr_carea' id='block_1_6' title="bbox 437 536 2026 608">
    <p class='ocr_par' dir='ltr' id='par_1_6' title="bbox 437 536 2026 608">
     <span class='ocr_line' id='line_1_6' title="bbox 437 536 2026 608; baseline 0.001 -18"><span class='ocrx_word' id='word_1_34' title='bbox 437 536 627 591; x_wconf 87' lang='lat' dir='ltr'><strong>branis</strong></span> <span class='ocrx_word' id='word_1_35' title='bbox 677 537 908 607; x_wconf 89' lang='lat' dir='ltr'><strong>scripto,</strong></span> <span class='ocrx_word' id='word_1_36' title='bbox 935 540 1148 608; x_wconf 84' lang='lat' dir='ltr'><strong>quidam</strong></span> <span class='ocrx_word' id='word_1_37' title='bbox 1187 552 1381 594; x_wconf 89' lang='lat' dir='ltr'><strong>versus</strong></span> <span class='ocrx_word' id='word_1_38' title='bbox 1409 537 1846 608; x_wconf 67' lang='lat' dir='ltr'><strong>prmﬁgebantur,</strong></span> <span class='ocrx_word' id='word_1_39' title='bbox 1892 549 2026 605; x_wconf 89' lang='lat' dir='ltr'><strong>quos</strong></span> 
     </span>
    </p>
   </div>
   <div class='ocr_carea' id='block_1_7' title="bbox 430 625 2028 701">
    <p class='ocr_par' dir='ltr' id='par_1_7' title="bbox 430 625 2028 701">
     <span class='ocr_line' id='line_1_7' title="bbox 430 625 2028 701; baseline 0.001 -20"><span class='ocrx_word' id='word_1_40' title='bbox 430 625 674 698; x_wconf 87' lang='lat' dir='ltr'><strong>integros</strong></span> <span class='ocrx_word' id='word_1_41' title='bbox 703 627 960 685; x_wconf 83' lang='lat' dir='ltr'><strong>exhibere</strong></span> <span class='ocrx_word' id='word_1_42' title='bbox 989 645 1232 701; x_wconf 90' lang='lat' dir='ltr'><strong>nequeo,</strong></span> <span class='ocrx_word' id='word_1_43' title='bbox 1268 629 1410 700; x_wconf 90' lang='lat' dir='ltr'><strong>quod</strong></span> <span class='ocrx_word' id='word_1_44' title='bbox 1434 630 1672 685; x_wconf 78' lang='lat' dir='ltr'><strong>exterior</strong></span> <span class='ocrx_word' id='word_1_45' title='bbox 1699 627 2028 684; x_wconf 77' lang='lat' dir='ltr'><strong>membrana:</strong></span> 
     </span>
    </p>
   </div>
   <div class='ocr_carea' id='block_1_8' title="bbox 428 719 1757 794">
    <p class='ocr_par' dir='ltr' id='par_1_8' title="bbox 428 719 1757 794">
     <span class='ocr_line' id='line_1_8' title="bbox 428 719 1757 794; baseline 0.001 -20"><span class='ocrx_word' id='word_1_46' title='bbox 428 733 557 790; x_wconf 86' lang='lat' dir='ltr'><strong>pars</strong></span> <span class='ocrx_word' id='word_1_47' title='bbox 586 720 857 792; x_wconf 89' lang='lat' dir='ltr'><strong>discerpta</strong></span> <span class='ocrx_word' id='word_1_48' title='bbox 881 719 970 776; x_wconf 88' lang='lat' dir='ltr'><strong>sit.</strong></span> <span class='ocrx_word' id='word_1_49' title='bbox 997 721 1128 794; x_wconf 87' lang='lat' dir='ltr'><strong>Legi</strong></span> <span class='ocrx_word' id='word_1_50' title='bbox 1148 732 1326 778; x_wconf 89' lang='lat' dir='ltr'><strong>autem</strong></span> <span class='ocrx_word' id='word_1_51' title='bbox 1349 723 1400 777; x_wconf 93' lang='lat' dir='ltr'><strong>hi</strong></span> <span class='ocrx_word' id='word_1_52' title='bbox 1425 730 1713 794; x_wconf 84' lang='lat' dir='ltr'><strong>potuerunt</strong></span> <span class='ocrx_word' id='word_1_53' title='bbox 1744 737 1757 775; x_wconf 90' lang='lat'><strong>:</strong></span> 
     </span>
    </p>
   </div>
   <div class='ocr_carea' id='block_1_9' title="bbox 554 831 1776 908">
    <p class='ocr_par' dir='ltr' id='par_1_9' title="bbox 554 831 1776 908">
     <span class='ocr_line' id='line_1_9' title="bbox 554 831 1776 908; baseline 0.001 -27"><span class='ocrx_word' id='word_1_54' title='bbox 554 831 701 908; x_wconf 73' lang='lat' dir='ltr'><strong>Qrbis</strong></span> <span class='ocrx_word' id='word_1_55' title='bbox 724 842 988 908; x_wconf 73' lang='lat' dir='ltr'><strong>terrarum,</strong></span> <span class='ocrx_word' id='word_1_56' title='bbox 1015 836 1524 908; x_wconf 60' lang='lat' dir='ltr'><strong>metasque_sittisqtte</strong></span> <span class='ocrx_word' id='word_1_57' title='bbox 1544 835 1776 908; x_wconf 75' lang='lat' dir='ltr'><strong>locorum,</strong></span> 
     </span>
    </p>
   </div>
   <div class='ocr_carea' id='block_1_10' title="bbox 554 897 1734 957">
    <p class='ocr_par' dir='ltr' id='par_1_10' title="bbox 554 897 1734 957">
     <span class='ocr_line' id='line_1_10' title="bbox 554 897 1734 957; baseline 0.003 -16"><span class='ocrx_word' id='word_1_58' title='bbox 554 898 812 957; x_wconf 66' lang='lat' dir='ltr'><strong>_(‘.omputat</strong></span> <span class='ocrx_word' id='word_1_59' title='bbox 835 897 914 946; x_wconf 88' lang='lat' dir='ltr'><strong>hic</strong></span> <span class='ocrx_word' id='word_1_60' title='bbox 936 899 1063 948; x_wconf 82' lang='lat' dir='ltr'><strong>sacri</strong></span> <span class='ocrx_word' id='word_1_61' title='bbox 1088 897 1244 947; x_wconf 78' lang='lat' dir='ltr'><strong>codex</strong></span> <span class='ocrx_word' id='word_1_62' title='bbox 1275 897 1552 948; x_wconf 86' lang='lat' dir='ltr'><strong>luculenter</strong></span> <span class='ocrx_word' id='word_1_63' title='bbox 1577 898 1734 946; x_wconf 84' lang='lat' dir='ltr'><strong>Orosi.</strong></span> 
     </span>
    </p>
   </div>
   <div class='ocr_carea' id='block_1_11' title="bbox 551 955 1964 1034">
    <p class='ocr_par' dir='ltr' id='par_1_11' title="bbox 551 955 1964 1034">
     <span class='ocr_line' id='line_1_11' title="bbox 551 955 1964 1034; baseline 0.001 -29"><span class='ocrx_word' id='word_1_64' title='bbox 551 955 1134 1034; x_wconf 12' lang='lat' dir='ltr'><strong>litandumﬁpprstlactum,</strong></span> <span class='ocrx_word' id='word_1_65' title='bbox 1161 958 1423 1032; x_wconf 70' lang='lat' dir='ltr'><strong>formatum</strong></span> <span class='ocrx_word' id='word_1_66' title='bbox 1445 966 1552 1034; x_wconf 71' lang='lat' dir='ltr'><strong>post</strong></span> <span class='ocrx_word' id='word_1_67' title='bbox 1575 959 1926 1034; x_wconf 48' lang='lat' dir='ltr'><strong>p‘rotoplastum</strong></span> <span class='ocrx_word' id='word_1_68' title='bbox 1950 996 1964 1020; x_wconf 90' lang='lat'><strong>,</strong></span> 
     </span>
    </p>
   </div>
   <div class='ocr_carea' id='block_1_12' title="bbox 560 1017 1726 1082">
    <p class='ocr_par' dir='ltr' id='par_1_12' title="bbox 560 1017 1726 1082">
     <span class='ocr_line' id='line_1_12' title="bbox 560 1017 1726 1082; baseline 0.003 -15"><span class='ocrx_word' id='word_1_69' title='bbox 560 1017 758 1082; x_wconf 64' lang='lat' dir='ltr'><strong>Terram</strong></span> <span class='ocrx_word' id='word_1_70' title='bbox 777 1017 959 1070; x_wconf 84' lang='lat' dir='ltr'><strong>diluvio</strong></span> <span class='ocrx_word' id='word_1_71' title='bbox 983 1017 1136 1082; x_wconf 82' lang='lat' dir='ltr'><strong>super</strong></span> <span class='ocrx_word' id='word_1_72' title='bbox 1160 1034 1357 1070; x_wconf 91' lang='lat' dir='ltr'><strong>omnem</strong></span> <span class='ocrx_word' id='word_1_73' title='bbox 1382 1017 1726 1081; x_wconf 57' lang='lat' dir='ltr'><strong>vindiee&#39;fuso,</strong></span> 
     </span>
    </p>
   </div>
   <div class='ocr_carea' id='block_1_13' title="bbox 551 1080 1529 1144">
    <p class='ocr_par' dir='ltr' id='par_1_13' title="bbox 551 1080 1529 1144">
     <span class='ocr_line' id='line_1_13' title="bbox 551 1080 1529 1144; baseline 0.001 -15"><span class='ocrx_word' id='word_1_74' title='bbox 551 1080 676 1144; x_wconf 36' lang='lat' dir='ltr'><strong>{arca</strong></span> <span class='ocrx_word' id='word_1_75' title='bbox 698 1082 912 1144; x_wconf 73' lang='lat' dir='ltr'><strong>servatis</strong></span> <span class='ocrx_word' id='word_1_76' title='bbox 927 1080 1092 1131; x_wconf 84' lang='lat' dir='ltr'><strong>divino</strong></span> <span class='ocrx_word' id='word_1_77' title='bbox 1114 1096 1325 1132; x_wconf 89' lang='lat' dir='ltr'><strong>munere</strong></span> <span class='ocrx_word' id='word_1_78' title='bbox 1348 1084 1529 1144; x_wconf 81' lang='lat' dir='ltr'><strong>paucis.</strong></span> 
     </span>
    </p>
   </div>
   <div class='ocr_carea' id='block_1_14' title="bbox 549 1140 1876 1208">
    <p class='ocr_par' dir='ltr' id='par_1_14' title="bbox 549 1140 1876 1208">
     <span class='ocr_line' id='line_1_14' title="bbox 549 1140 1876 1208; baseline 0.004 -18"><span class='ocrx_word' id='word_1_79' title='bbox 549 1140 678 1208; x_wconf 47' lang='lat' dir='ltr'><strong>illuc</strong></span> <span class='ocrx_word' id='word_1_80' title='bbox 697 1143 823 1208; x_wconf 81' lang='lat' dir='ltr'><strong>mala</strong></span> <span class='ocrx_word' id='word_1_81' title='bbox 847 1144 996 1208; x_wconf 76' lang='lat' dir='ltr'><strong>bella,</strong></span> <span class='ocrx_word' id='word_1_82' title='bbox 1024 1157 1197 1208; x_wconf 85' lang='lat' dir='ltr'><strong>neces,</strong></span> <span class='ocrx_word' id='word_1_83' title='bbox 1225 1140 1496 1206; x_wconf 83' lang='lat' dir='ltr'><strong>conﬂictus,</strong></span> <span class='ocrx_word' id='word_1_84' title='bbox 1525 1142 1718 1208; x_wconf 75' lang='lat' dir='ltr'><strong>praelia,</strong></span> <span class='ocrx_word' id='word_1_85' title='bbox 1738 1143 1876 1208; x_wconf 92' lang='lat' dir='ltr'><strong>lites,</strong></span> 
     </span>
    </p>
   </div>
   <div class='ocr_carea' id='block_1_15' title="bbox 555 1203 1791 1277">
    <p class='ocr_par' dir='ltr' id='par_1_15' title="bbox 555 1203 1791 1277">
     <span class='ocr_line' id='line_1_15' title="bbox 555 1203 1791 1277; baseline 0.005 -26"><span class='ocrx_word' id='word_1_86' title='bbox 555 1203 763 1277; x_wconf 50' lang='lat' dir='ltr'><strong>lirobra,</strong></span> <span class='ocrx_word' id='word_1_87' title='bbox 788 1206 1080 1277; x_wconf 82' lang='lat' dir='ltr'><strong>simultates,</strong></span> <span class='ocrx_word' id='word_1_88' title='bbox 1110 1207 1346 1277; x_wconf 67' lang='lat' dir='ltr'><strong>incestus,</strong></span> <span class='ocrx_word' id='word_1_89' title='bbox 1370 1203 1791 1277; x_wconf 40' lang='lat' dir='ltr'><strong>jurgia&#39;,‘fraudes.</strong></span> 
     </span>
    </p>
   </div>
   <div class='ocr_carea' id='block_1_16' title="bbox 551 1263 1683 1332">
    <p class='ocr_par' dir='ltr' id='par_1_16' title="bbox 551 1263 1683 1332">
     <span class='ocr_line' id='line_1_16' title="bbox 551 1263 1683 1332; baseline 0.001 -17"><span class='ocrx_word' id='word_1_90' title='bbox 551 1263 783 1316; x_wconf 83' lang='lat' dir='ltr'><strong>Errorum</strong></span> <span class='ocrx_word' id='word_1_91' title='bbox 803 1279 980 1331; x_wconf 62' lang='lat' dir='ltr'><strong>sectae,</strong></span> <span class='ocrx_word' id='word_1_92' title='bbox 1004 1268 1274 1331; x_wconf 85' lang='lat' dir='ltr'><strong>patricidia,</strong></span> <span class='ocrx_word' id='word_1_93' title='bbox 1301 1263 1683 1332; x_wconf 45' lang='lat' dir='ltr'><strong>inﬁmi-apinae,</strong></span> 
     </span>
    </p>
   </div>
   <div class='ocr_carea' id='block_1_17' title="bbox 557 1550 1911 1571">
    <p class='ocr_par' dir='ltr' id='par_1_17' title="bbox 557 1550 1911 1571">
     <span class='ocr_line' id='line_1_17' title="bbox 557 1550 1911 1571; baseline 0.001 -5"><span class='ocrx_word' id='word_1_94' title='bbox 557 1552 570 1566; x_wconf 78' lang='grc' dir='ltr'><strong>ο</strong></span> <span class='ocrx_word' id='word_1_95' title='bbox 640 1553 654 1566; x_wconf 77' lang='grc' dir='ltr'><strong><em>ο</em></strong></span> <span class='ocrx_word' id='word_1_96' title='bbox 723 1552 736 1565; x_wconf 78' lang='grc' dir='ltr'><strong><em>ο</em></strong></span> <span class='ocrx_word' id='word_1_97' title='bbox 808 1553 821 1566; x_wconf 78' lang='grc' dir='ltr'><strong><em>ο</em></strong></span> <span class='ocrx_word' id='word_1_98' title='bbox 885 1550 904 1568; x_wconf 75' lang='grc' dir='ltr'><strong>ο</strong></span> <span class='ocrx_word' id='word_1_99' title='bbox 972 1554 987 1568; x_wconf 76' lang='grc' dir='ltr'><strong><em>ο</em></strong></span> <span class='ocrx_word' id='word_1_100' title='bbox 1057 1553 1072 1568; x_wconf 81' lang='grc' dir='ltr'><strong>ο</strong></span> <span class='ocrx_word' id='word_1_101' title='bbox 1141 1554 1156 1571; x_wconf 72' lang='grc' dir='ltr'><strong><em>ο</em></strong></span> <span class='ocrx_word' id='word_1_102' title='bbox 1227 1554 1241 1569; x_wconf 76' lang='grc' dir='ltr'>ι</span> <span class='ocrx_word' id='word_1_103' title='bbox 1315 1555 1327 1567; x_wconf 76' lang='grc' dir='ltr'>ι</span> <span class='ocrx_word' id='word_1_104' title='bbox 1402 1555 1414 1566; x_wconf 77' lang='grc' dir='ltr'><strong>ο</strong></span> <span class='ocrx_word' id='word_1_105' title='bbox 1484 1555 1497 1567; x_wconf 77' lang='grc' dir='ltr'><strong>ο</strong></span> <span class='ocrx_word' id='word_1_106' title='bbox 1567 1555 1579 1567; x_wconf 73' lang='grc' dir='ltr'><strong>ο</strong></span> <span class='ocrx_word' id='word_1_107' title='bbox 1652 1557 1664 1570; x_wconf 70' lang='grc' dir='ltr'><strong><em>ο</em></strong></span> <span class='ocrx_word' id='word_1_108' title='bbox 1733 1556 1745 1566; x_wconf 74' lang='grc' dir='ltr'>σ</span> <span class='ocrx_word' id='word_1_109' title='bbox 1817 1555 1827 1565; x_wconf 73' lang='grc' dir='ltr'><strong><em>ο</em></strong></span> <span class='ocrx_word' id='word_1_110' title='bbox 1897 1551 1911 1568; x_wconf 77' lang='grc' dir='ltr'><strong>ο</strong></span> 
     </span>
    </p>
   </div>
   <div class='ocr_carea' id='block_1_18' title="bbox 553 1620 1857 1685">
    <p class='ocr_par' dir='ltr' id='par_1_18' title="bbox 553 1620 1857 1685">
     <span class='ocr_line' id='line_1_18' title="bbox 553 1620 1857 1685; baseline -0.002 -15"><span class='ocrx_word' id='word_1_111' title='bbox 553 1620 798 1674; x_wconf 87' lang='lat' dir='ltr'><strong>Cerneret</strong></span> <span class='ocrx_word' id='word_1_112' title='bbox 817 1623 895 1672; x_wconf 81' lang='lat' dir='ltr'><strong>hic</strong></span> <span class='ocrx_word' id='word_1_113' title='bbox 919 1623 1095 1684; x_wconf 80' lang='lat' dir='ltr'><strong>oculis,</strong></span> <span class='ocrx_word' id='word_1_114' title='bbox 1123 1636 1221 1685; x_wconf 90' lang='lat' dir='ltr'><strong>quo</strong></span> <span class='ocrx_word' id='word_1_115' title='bbox 1241 1629 1410 1684; x_wconf 88' lang='lat' dir='ltr'><strong>posset</strong></span> <span class='ocrx_word' id='word_1_116' title='bbox 1434 1628 1650 1685; x_wconf 90' lang='lat' dir='ltr'><strong>uterque</strong></span> <span class='ocrx_word' id='word_1_117' title='bbox 1672 1620 1857 1685; x_wconf 81' lang='lat' dir='ltr'><strong>doceri.</strong></span> 
     </span>
    </p>
   </div>
   <div class='ocr_carea' id='block_1_19' title="bbox 554 1683 1820 1745">
    <p class='ocr_par' dir='ltr' id='par_1_19' title="bbox 554 1683 1820 1745">
     <span class='ocr_line' id='line_1_19' title="bbox 554 1683 1820 1745; baseline -0.002 -11"><span class='ocrx_word' id='word_1_118' title='bbox 554 1686 694 1744; x_wconf 84' lang='lat' dir='ltr'><strong>Quod</strong></span> <span class='ocrx_word' id='word_1_119' title='bbox 712 1687 800 1736; x_wconf 90' lang='lat' dir='ltr'><strong>tibi</strong></span> <span class='ocrx_word' id='word_1_120' title='bbox 825 1683 1091 1744; x_wconf 81' lang='lat' dir='ltr'><strong>transmisi,</strong></span> <span class='ocrx_word' id='word_1_121' title='bbox 1121 1683 1216 1733; x_wconf 80' lang='lat' dir='ltr'><strong>non</strong></span> <span class='ocrx_word' id='word_1_122' title='bbox 1237 1683 1291 1734; x_wconf 88' lang='lat' dir='ltr'><strong>ut</strong></span> <span class='ocrx_word' id='word_1_123' title='bbox 1315 1699 1424 1733; x_wconf 89' lang='lat' dir='ltr'><strong>mea</strong></span> <span class='ocrx_word' id='word_1_124' title='bbox 1448 1683 1641 1732; x_wconf 83' lang='lat' dir='ltr'><strong>discere</strong></span> <span class='ocrx_word' id='word_1_125' title='bbox 1661 1683 1820 1745; x_wconf 82' lang='lat' dir='ltr'><strong>possis</strong></span> 
     </span>
    </p>
   </div>
   <div class='ocr_carea' id='block_1_20' title="bbox 551 1746 1716 1811">
    <p class='ocr_par' dir='ltr' id='par_1_20' title="bbox 551 1746 1716 1811">
     <span class='ocr_line' id='line_1_20' title="bbox 551 1746 1716 1811; baseline -0.003 -15"><span class='ocrx_word' id='word_1_126' title='bbox 551 1748 808 1811; x_wconf 80' lang='lat' dir='ltr'><strong>Dogmata,</strong></span> <span class='ocrx_word' id='word_1_127' title='bbox 829 1748 916 1797; x_wconf 88' lang='lat' dir='ltr'><strong>sed</strong></span> <span class='ocrx_word' id='word_1_128' title='bbox 944 1746 1087 1796; x_wconf 75' lang='lat' dir='ltr'><strong>fieret</strong></span> <span class='ocrx_word' id='word_1_129' title='bbox 1106 1760 1253 1811; x_wconf 59' lang='lat' dir='ltr'><strong>veras</strong></span> <span class='ocrx_word' id='word_1_130' title='bbox 1281 1755 1335 1794; x_wconf 88' lang='lat' dir='ltr'><strong>ut</strong></span> <span class='ocrx_word' id='word_1_131' title='bbox 1353 1746 1528 1811; x_wconf 81' lang='lat' dir='ltr'><strong>judice</strong></span> <span class='ocrx_word' id='word_1_132' title='bbox 1544 1752 1716 1811; x_wconf 86' lang='lat' dir='ltr'><strong>temet.</strong></span> 
     </span>
    </p>
   </div>
   <div class='ocr_carea' id='block_1_21' title="bbox 569 1803 1854 1870">
    <p class='ocr_par' dir='ltr' id='par_1_21' title="bbox 569 1803 1854 1870">
     <span class='ocr_line' id='line_1_21' title="bbox 569 1803 1854 1870; baseline -0.004 -11"><span class='ocrx_word' id='word_1_133' title='bbox 569 1803 758 1859; x_wconf 58' lang='lat' dir='ltr'><strong>zEt&#39;nula</strong></span> <span class='ocrx_word' id='word_1_134' title='bbox 783 1803 994 1870; x_wconf 87' lang='lat' dir='ltr'><strong>namque</strong></span> <span class='ocrx_word' id='word_1_135' title='bbox 1017 1821 1186 1857; x_wconf 86' lang='lat' dir='ltr'><strong>manus</strong></span> <span class='ocrx_word' id='word_1_136' title='bbox 1208 1809 1280 1857; x_wconf 91' lang='lat' dir='ltr'><strong>sic</strong></span> <span class='ocrx_word' id='word_1_137' title='bbox 1303 1803 1481 1856; x_wconf 78' lang='lat' dir='ltr'><strong>rodere</strong></span> <span class='ocrx_word' id='word_1_138' title='bbox 1501 1807 1698 1856; x_wconf 86' lang='lat' dir='ltr'><strong>desinet</strong></span> <span class='ocrx_word' id='word_1_139' title='bbox 1714 1803 1854 1854; x_wconf 88' lang='lat' dir='ltr'><strong>illud.</strong></span> 
     </span>
    </p>
   </div>
   <div class='ocr_carea' id='block_1_22' title="bbox 509 1907 2026 1980">
    <p class='ocr_par' dir='ltr' id='par_1_22' title="bbox 509 1907 2026 1980">
     <span class='ocr_line' id='line_1_22' title="bbox 509 1907 2026 1980; baseline -0.006 -12"><span class='ocrx_word' id='word_1_140' title='bbox 509 1911 798 1969; x_wconf 87' lang='lat' dir='ltr'><strong>Secundus</strong></span> <span class='ocrx_word' id='word_1_141' title='bbox 854 1909 1035 1965; x_wconf 82' lang='lat' dir='ltr'><strong>Codex</strong></span> <span class='ocrx_word' id='word_1_142' title='bbox 1118 1909 1288 1980; x_wconf 84' lang='lat' dir='ltr'><strong>Lugd.</strong></span> <span class='ocrx_word' id='word_1_143' title='bbox 1364 1909 1485 1964; x_wconf 76' lang='lat' dir='ltr'><strong>Bat.</strong></span> <span class='ocrx_word' id='word_1_144' title='bbox 1543 1908 1596 1962; x_wconf 92' lang='lat' dir='ltr'><strong>in</strong></span> <span class='ocrx_word' id='word_1_145' title='bbox 1645 1907 1750 1961; x_wconf 89' lang='lat' dir='ltr'><strong>line</strong></span> <span class='ocrx_word' id='word_1_146' title='bbox 1809 1911 2026 1960; x_wconf 86' lang='lat' dir='ltr'><strong>notatur</strong></span> 
     </span>
    </p>
   </div>
   <div class='ocr_carea' id='block_1_23' title="bbox 430 1997 2026 2076">
    <p class='ocr_par' dir='ltr' id='par_1_23' title="bbox 430 1997 2026 2076">
     <span class='ocr_line' id='line_1_23' title="bbox 430 1997 2026 2076; baseline -0.008 -14"><span class='ocrx_word' id='word_1_147' title='bbox 430 2005 669 2076; x_wconf 89' lang='lat' dir='ltr'><strong>scriptus</strong></span> <span class='ocrx_word' id='word_1_148' title='bbox 701 2019 862 2059; x_wconf 88' lang='lat' dir='ltr'><strong>tnanu</strong></span> <span class='ocrx_word' id='word_1_149' title='bbox 891 2003 1071 2072; x_wconf 81' lang='lat' dir='ltr'><strong>fratris</strong></span> <span class='ocrx_word' id='word_1_150' title='bbox 1102 2000 1358 2056; x_wconf 80' lang='lat' dir='ltr'><strong>Ererardi</strong></span> <span class='ocrx_word' id='word_1_151' title='bbox 1405 2001 1468 2054; x_wconf 83' lang='lat' dir='ltr'><strong>de</strong></span> <span class='ocrx_word' id='word_1_152' title='bbox 1494 1997 1790 2070; x_wconf 79' lang='lat' dir='ltr'><strong>Noeongio.</strong></span> <span class='ocrx_word' id='word_1_153' title='bbox 1830 1997 2026 2052; x_wconf 56' lang='lat' dir='ltr'><strong>inseri.</strong></span> 
     </span>
    </p>
   </div>
   <div class='ocr_carea' id='block_1_24' title="bbox 434 2089 2029 2156">
    <p class='ocr_par' dir='ltr' id='par_1_24' title="bbox 434 2089 2029 2156">
     <span class='ocr_line' id='line_1_24' title="bbox 434 2089 2029 2156; baseline -0.006 -4"><span class='ocrx_word' id='word_1_154' title='bbox 434 2098 581 2153; x_wconf 75' lang='lat' dir='ltr'><strong>bitur</strong></span> <span class='ocrx_word' id='word_1_155' title='bbox 597 2105 776 2151; x_wconf 87' lang='lat' dir='ltr'><strong>autem</strong></span> <span class='ocrx_word' id='word_1_156' title='bbox 802 2095 852 2148; x_wconf 91' lang='lat' dir='ltr'><strong>in</strong></span> <span class='ocrx_word' id='word_1_157' title='bbox 877 2091 1029 2148; x_wconf 90' lang='lat' dir='ltr'><strong>initio</strong></span> <span class='ocrx_word' id='word_1_158' title='bbox 1053 2095 1123 2147; x_wconf 89' lang='lat' dir='ltr'><strong>ita</strong></span> <span class='ocrx_word' id='word_1_159' title='bbox 1141 2134 1153 2156; x_wconf 92' lang='lat'><strong>,</strong></span> <span class='ocrx_word' id='word_1_160' title='bbox 1177 2091 1350 2146; x_wconf 71' lang='lat' dir='ltr'><strong>Orosii</strong></span> <span class='ocrx_word' id='word_1_161' title='bbox 1377 2093 1439 2146; x_wconf 84' lang='lat' dir='ltr'><strong>de</strong></span> <span class='ocrx_word' id='word_1_162' title='bbox 1461 2090 1704 2146; x_wconf 79' lang='lat' dir='ltr'><strong>Cladibus</strong></span> <span class='ocrx_word' id='word_1_163' title='bbox 1725 2099 1771 2145; x_wconf 87' lang='lat' dir='ltr'><strong>et</strong></span> <span class='ocrx_word' id='word_1_164' title='bbox 1800 2089 2029 2144; x_wconf 75' lang='lat' dir='ltr'><strong>Miseriis</strong></span> 
     </span>
    </p>
   </div>
   <div class='ocr_carea' id='block_1_25' title="bbox 433 2182 2033 2259">
    <p class='ocr_par' dir='ltr' id='par_1_25' title="bbox 433 2182 2033 2259">
     <span class='ocr_line' id='line_1_25' title="bbox 433 2182 2033 2259; baseline -0.004 -16"><span class='ocrx_word' id='word_1_165' title='bbox 433 2189 777 2259; x_wconf 77' lang='lat' dir='ltr'><strong>Antiquorum</strong></span> <span class='ocrx_word' id='word_1_166' title='bbox 819 2185 938 2241; x_wconf 82' lang='lat' dir='ltr'><strong>libri</strong></span> <span class='ocrx_word' id='word_1_167' title='bbox 978 2196 1193 2255; x_wconf 74' lang='lat' dir='ltr'><strong>septem.</strong></span> <span class='ocrx_word' id='word_1_168' title='bbox 1229 2185 1284 2239; x_wconf 92' lang='lat' dir='ltr'><strong>In</strong></span> <span class='ocrx_word' id='word_1_169' title='bbox 1326 2184 1434 2240; x_wconf 89' lang='lat' dir='ltr'><strong>line</strong></span> <span class='ocrx_word' id='word_1_170' title='bbox 1482 2194 1664 2239; x_wconf 88' lang='lat' dir='ltr'><strong>autem</strong></span> <span class='ocrx_word' id='word_1_171' title='bbox 1699 2182 1815 2238; x_wconf 63' lang='lat' dir='ltr'><strong>haec</strong></span> <span class='ocrx_word' id='word_1_172' title='bbox 1847 2183 2033 2253; x_wconf 85' lang='lat' dir='ltr'><strong>legun-</strong></span> 
     </span>
    </p>
   </div>
   <div class='ocr_carea' id='block_1_26' title="bbox 437 2276 2034 2351">
    <p class='ocr_par' dir='ltr' id='par_1_26' title="bbox 437 2276 2034 2351">
     <span class='ocr_line' id='line_1_26' title="bbox 437 2276 2034 2351; baseline -0.006 -14"><span class='ocrx_word' id='word_1_173' title='bbox 437 2292 566 2338; x_wconf 88' lang='lat' dir='ltr'><strong>tur:</strong></span> <span class='ocrx_word' id='word_1_174' title='bbox 616 2281 760 2336; x_wconf 85' lang='lat' dir='ltr'><strong>Libri</strong></span> <span class='ocrx_word' id='word_1_175' title='bbox 792 2282 965 2335; x_wconf 73' lang='lat' dir='ltr'><strong>Urosii</strong></span> <span class='ocrx_word' id='word_1_176' title='bbox 1014 2280 1299 2351; x_wconf 84' lang='lat' dir='ltr'><strong>presbyteri</strong></span> <span class='ocrx_word' id='word_1_177' title='bbox 1349 2281 1412 2332; x_wconf 83' lang='lat' dir='ltr'><strong>tle</strong></span> <span class='ocrx_word' id='word_1_178' title='bbox 1443 2276 1690 2332; x_wconf 85' lang='lat' dir='ltr'><strong>Cladibus</strong></span> <span class='ocrx_word' id='word_1_179' title='bbox 1738 2287 1784 2331; x_wconf 84' lang='lat' dir='ltr'><strong>et</strong></span> <span class='ocrx_word' id='word_1_180' title='bbox 1812 2276 2034 2346; x_wconf 85' lang='lat' dir='ltr'><strong>antiquis</strong></span> 
     </span>
    </p>
   </div>
   <div class='ocr_carea' id='block_1_27' title="bbox 441 2366 2039 2442">
    <p class='ocr_par' dir='ltr' id='par_1_27' title="bbox 441 2366 2039 2442">
     <span class='ocr_line' id='line_1_27' title="bbox 441 2366 2039 2442; baseline -0.005 -14"><span class='ocrx_word' id='word_1_181' title='bbox 441 2373 669 2428; x_wconf 77' lang='lat' dir='ltr'><strong>Miseriis</strong></span> <span class='ocrx_word' id='word_1_182' title='bbox 698 2373 876 2426; x_wconf 83' lang='lat' dir='ltr'><strong>mundi</strong></span> <span class='ocrx_word' id='word_1_183' title='bbox 909 2388 999 2442; x_wconf 83' lang='lat' dir='ltr'><strong>per</strong></span> <span class='ocrx_word' id='word_1_184' title='bbox 1038 2387 1222 2424; x_wconf 86' lang='lat' dir='ltr'><strong>manus</strong></span> <span class='ocrx_word' id='word_1_185' title='bbox 1253 2369 1434 2441; x_wconf 83' lang='lat' dir='ltr'><strong>scripti</strong></span> <span class='ocrx_word' id='word_1_186' title='bbox 1481 2369 1658 2440; x_wconf 78' lang='lat' dir='ltr'><strong>fratris</strong></span> <span class='ocrx_word' id='word_1_187' title='bbox 1692 2366 1944 2422; x_wconf 73' lang='lat' dir='ltr'><strong>Everardi</strong></span> <span class='ocrx_word' id='word_1_188' title='bbox 1975 2366 2039 2420; x_wconf 80' lang='lat' dir='ltr'><strong>de</strong></span> 
     </span>
    </p>
   </div>
   <div class='ocr_carea' id='block_1_28' title="bbox 440 2457 2037 2537">
    <p class='ocr_par' dir='ltr' id='par_1_28' title="bbox 440 2457 2037 2537">
     <span class='ocr_line' id='line_1_28' title="bbox 440 2457 2037 2537; baseline -0.004 -18"><span class='ocrx_word' id='word_1_189' title='bbox 440 2464 734 2537; x_wconf 82' lang='lat' dir='ltr'><strong>Narongio.</strong></span> <span class='ocrx_word' id='word_1_190' title='bbox 755 2463 972 2519; x_wconf 81' lang='lat' dir='ltr'><strong>Tertius</strong></span> <span class='ocrx_word' id='word_1_191' title='bbox 992 2462 1149 2518; x_wconf 89' lang='lat' dir='ltr'><strong>nobis</strong></span> <span class='ocrx_word' id='word_1_192' title='bbox 1168 2463 1311 2518; x_wconf 85' lang='lat' dir='ltr'><strong>audit</strong></span> <span class='ocrx_word' id='word_1_193' title='bbox 1329 2461 1502 2517; x_wconf 80' lang='lat' dir='ltr'><strong>Orosii</strong></span> <span class='ocrx_word' id='word_1_194' title='bbox 1517 2458 1709 2526; x_wconf 86' lang='lat' dir='ltr'><strong>codex,</strong></span> <span class='ocrx_word' id='word_1_195' title='bbox 1730 2461 1818 2530; x_wconf 90' lang='lat' dir='ltr'><strong>qui</strong></span> <span class='ocrx_word' id='word_1_196' title='bbox 1838 2457 2037 2514; x_wconf 85' lang='lat' dir='ltr'><strong>Justini</strong></span> 
     </span>
    </p>
   </div>
   <div class='ocr_carea' id='block_1_29' title="bbox 435 2550 2037 2628">
    <p class='ocr_par' dir='ltr' id='par_1_29' title="bbox 435 2550 2037 2628">
     <span class='ocr_line' id='line_1_29' title="bbox 435 2550 2037 2628; baseline -0.007 -15"><span class='ocrx_word' id='word_1_197' title='bbox 435 2573 648 2628; x_wconf 86' lang='lat' dir='ltr'><strong>quoque</strong></span> <span class='ocrx_word' id='word_1_198' title='bbox 697 2557 863 2612; x_wconf 91' lang='lat' dir='ltr'><strong>libros</strong></span> <span class='ocrx_word' id='word_1_199' title='bbox 913 2555 1185 2621; x_wconf 87' lang='lat' dir='ltr'><strong>continet,</strong></span> <span class='ocrx_word' id='word_1_200' title='bbox 1217 2565 1271 2611; x_wconf 93' lang='lat' dir='ltr'><strong>et</strong></span> <span class='ocrx_word' id='word_1_201' title='bbox 1314 2552 1648 2622; x_wconf 84' lang='lat' dir='ltr'><strong>inscribitur,</strong></span> <span class='ocrx_word' id='word_1_202' title='bbox 1685 2551 1855 2605; x_wconf 83' lang='lat' dir='ltr'><strong>Orosii</strong></span> <span class='ocrx_word' id='word_1_203' title='bbox 1908 2550 2037 2606; x_wconf 87' lang='lat' dir='ltr'><strong>liber</strong></span> 
     </span>
    </p>
   </div>
   <div class='ocr_carea' id='block_1_30' title="bbox 438 2642 2038 2712">
    <p class='ocr_par' dir='ltr' id='par_1_30' title="bbox 438 2642 2038 2712">
     <span class='ocr_line' id='line_1_30' title="bbox 438 2642 2038 2712; baseline -0.006 -7"><span class='ocrx_word' id='word_1_204' title='bbox 438 2649 792 2705; x_wconf 76' lang='lat' dir='ltr'><strong>Historiarum</strong></span> <span class='ocrx_word' id='word_1_205' title='bbox 821 2649 885 2703; x_wconf 84' lang='lat' dir='ltr'><strong>de</strong></span> <span class='ocrx_word' id='word_1_206' title='bbox 906 2647 1144 2704; x_wconf 83' lang='lat' dir='ltr'><strong>Ormesta</strong></span> <span class='ocrx_word' id='word_1_207' title='bbox 1173 2647 1372 2701; x_wconf 82' lang='lat' dir='ltr'><strong>mundi.</strong></span> <span class='ocrx_word' id='word_1_208' title='bbox 1395 2645 1474 2701; x_wconf 82' lang='lat' dir='ltr'><strong>Ad</strong></span> <span class='ocrx_word' id='word_1_209' title='bbox 1492 2645 1654 2700; x_wconf 85' lang='lat' dir='ltr'><strong>linem</strong></span> <span class='ocrx_word' id='word_1_210' title='bbox 1684 2643 1803 2699; x_wconf 84' lang='lat' dir='ltr'><strong>libri</strong></span> <span class='ocrx_word' id='word_1_211' title='bbox 1820 2642 2038 2712; x_wconf 85' lang='lat' dir='ltr'><strong>septimi</strong></span> 
     </span>
    </p>
   </div>
   <div class='ocr_carea' id='block_1_31' title="bbox 436 2733 2036 2810">
    <p class='ocr_par' dir='ltr' id='par_1_31' title="bbox 436 2733 2036 2810">
     <span class='ocr_line' id='line_1_31' title="bbox 436 2733 2036 2810; baseline -0.003 -13"><span class='ocrx_word' id='word_1_212' title='bbox 436 2741 799 2798; x_wconf 82' lang='lat' dir='ltr'><strong>subscribitur</strong></span> <span class='ocrx_word' id='word_1_213' title='bbox 814 2753 1023 2806; x_wconf 90' lang='lat' dir='ltr'><strong>versus,</strong></span> <span class='ocrx_word' id='word_1_214' title='bbox 1040 2741 1195 2810; x_wconf 92' lang='lat' dir='ltr'><strong>quiin</strong></span> <span class='ocrx_word' id='word_1_215' title='bbox 1213 2741 1386 2809; x_wconf 89' lang='lat' dir='ltr'><strong>primo</strong></span> <span class='ocrx_word' id='word_1_216' title='bbox 1400 2751 1614 2808; x_wconf 87' lang='lat' dir='ltr'><strong>quoque</strong></span> <span class='ocrx_word' id='word_1_217' title='bbox 1630 2733 2036 2806; x_wconf 48' lang='lat' dir='ltr'><strong>codicebxsmt:</strong></span> 
     </span>
    </p>
   </div>
   <div class='ocr_carea' id='block_1_32' title="bbox 632 2847 1667 2916">
    <p class='ocr_par' dir='ltr' id='par_1_32' title="bbox 632 2847 1667 2916">
     <span class='ocr_line' id='line_1_32' title="bbox 632 2847 1667 2916; baseline -0.007 -12"><span class='ocrx_word' id='word_1_218' title='bbox 632 2852 921 2916; x_wconf 69' lang='lat' dir='ltr'><strong>Presbyteri</strong></span> <span class='ocrx_word' id='word_1_219' title='bbox 946 2851 1072 2902; x_wconf 87' lang='lat' dir='ltr'><strong>sacri</strong></span> <span class='ocrx_word' id='word_1_220' title='bbox 1097 2851 1255 2902; x_wconf 82' lang='lat' dir='ltr'><strong>codex</strong></span> <span class='ocrx_word' id='word_1_221' title='bbox 1279 2850 1357 2901; x_wconf 92' lang='lat' dir='ltr'><strong>hic</strong></span> <span class='ocrx_word' id='word_1_222' title='bbox 1379 2847 1487 2899; x_wconf 85' lang='lat' dir='ltr'><strong>ﬁnit</strong></span> <span class='ocrx_word' id='word_1_223' title='bbox 1506 2847 1667 2899; x_wconf 87' lang='lat' dir='ltr'><strong>Orost.</strong></span> 
     </span>
    </p>
   </div>
   <div class='ocr_carea' id='block_1_33' title="bbox 437 2954 2043 3030">
    <p class='ocr_par' dir='ltr' id='par_1_33' title="bbox 437 2954 2043 3030">
     <span class='ocr_line' id='line_1_33' title="bbox 437 2954 2043 3030; baseline -0.004 -14"><span class='ocrx_word' id='word_1_224' title='bbox 437 2961 682 3029; x_wconf 77' lang='lat' dir='ltr'><strong>Quartus</strong></span> <span class='ocrx_word' id='word_1_225' title='bbox 736 2959 970 3030; x_wconf 90' lang='lat' dir='ltr'><strong>denique</strong></span> <span class='ocrx_word' id='word_1_226' title='bbox 1000 3004 1014 3028; x_wconf 94' lang='lat'><strong>,</strong></span> <span class='ocrx_word' id='word_1_227' title='bbox 1073 2957 1552 3025; x_wconf 88' lang='lat' dir='ltr'><strong>membranaceus,</strong></span> <span class='ocrx_word' id='word_1_228' title='bbox 1604 2955 1730 3012; x_wconf 92' lang='lat' dir='ltr'><strong>olim</strong></span> <span class='ocrx_word' id='word_1_229' title='bbox 1785 2954 1851 3011; x_wconf 93' lang='lat' dir='ltr'><strong>ad</strong></span> <span class='ocrx_word' id='word_1_230' title='bbox 1899 2955 2043 3011; x_wconf 86' lang='lat' dir='ltr'><strong>Isaa-</strong></span> 
     </span>
    </p>
   </div>
   <div class='ocr_carea' id='block_1_34' title="bbox 447 3046 2042 3121">
    <p class='ocr_par' dir='ltr' id='par_1_34' title="bbox 447 3046 2042 3121">
     <span class='ocr_line' id='line_1_34' title="bbox 447 3046 2042 3121; baseline -0.004 -13"><span class='ocrx_word' id='word_1_231' title='bbox 447 3067 572 3108; x_wconf 91' lang='lat' dir='ltr'><strong>cum</strong></span> <span class='ocrx_word' id='word_1_232' title='bbox 592 3052 838 3108; x_wconf 81' lang='lat' dir='ltr'><strong>Vossium</strong></span> <span class='ocrx_word' id='word_1_233' title='bbox 870 3050 1129 3121; x_wconf 83' lang='lat' dir='ltr'><strong>pertinuit</strong></span> <span class='ocrx_word' id='word_1_234' title='bbox 1148 3061 1204 3106; x_wconf 92' lang='lat' dir='ltr'><strong>et</strong></span> <span class='ocrx_word' id='word_1_235' title='bbox 1227 3065 1349 3106; x_wconf 92' lang='lat' dir='ltr'><strong>cum</strong></span> <span class='ocrx_word' id='word_1_236' title='bbox 1378 3048 1605 3120; x_wconf 84' lang='lat' dir='ltr'><strong>reliquis</strong></span> <span class='ocrx_word' id='word_1_237' title='bbox 1619 3046 1736 3117; x_wconf 88' lang='lat' dir='ltr'><strong>ejus</strong></span> <span class='ocrx_word' id='word_1_238' title='bbox 1758 3061 1889 3102; x_wconf 85' lang='lat' dir='ltr'><strong>mss.</strong></span> <span class='ocrx_word' id='word_1_239' title='bbox 1928 3061 2042 3102; x_wconf 90' lang='lat' dir='ltr'><strong>em-</strong></span> 
     </span>
    </p>
   </div>
   <div class='ocr_carea' id='block_1_35' title="bbox 445 3141 1522 3218">
    <p class='ocr_par' dir='ltr' id='par_1_35' title="bbox 445 3141 1522 3218">
     <span class='ocr_line' id='line_1_35' title="bbox 445 3141 1522 3218; baseline -0.006 -16"><span class='ocrx_word' id='word_1_240' title='bbox 445 3147 636 3218; x_wconf 89' lang='lat' dir='ltr'><strong>ptione</strong></span> <span class='ocrx_word' id='word_1_241' title='bbox 662 3146 717 3202; x_wconf 92' lang='lat' dir='ltr'><strong>in</strong></span> <span class='ocrx_word' id='word_1_242' title='bbox 760 3145 895 3202; x_wconf 90' lang='lat' dir='ltr'><strong>bibl.</strong></span> <span class='ocrx_word' id='word_1_243' title='bbox 924 3144 1098 3217; x_wconf 89' lang='lat' dir='ltr'><strong>Lugd.</strong></span> <span class='ocrx_word' id='word_1_244' title='bbox 1131 3147 1253 3200; x_wconf 88' lang='lat' dir='ltr'><strong>Bat.</strong></span> <span class='ocrx_word' id='word_1_245' title='bbox 1289 3141 1522 3199; x_wconf 85' lang='lat' dir='ltr'><strong>transiit.</strong></span> 
     </span>
    </p>
   </div>
   <div class='ocr_carea' id='block_1_36' title="bbox 516 3230 2042 3309">
    <p class='ocr_par' dir='ltr' id='par_1_36' title="bbox 516 3230 2042 3309">
     <span class='ocr_line' id='line_1_36' title="bbox 516 3230 2042 3309; baseline -0.005 -17"><span class='ocrx_word' id='word_1_246' title='bbox 516 3239 586 3293; x_wconf 88' lang='lat' dir='ltr'><strong>Et</strong></span> <span class='ocrx_word' id='word_1_247' title='bbox 613 3237 729 3293; x_wconf 83' lang='lat' dir='ltr'><strong>haec</strong></span> <span class='ocrx_word' id='word_1_248' title='bbox 768 3237 986 3309; x_wconf 90' lang='lat' dir='ltr'><strong>quidem</strong></span> <span class='ocrx_word' id='word_1_249' title='bbox 1031 3236 1109 3307; x_wconf 38' lang='lat' dir='ltr'><strong>in,</strong></span> <span class='ocrx_word' id='word_1_250' title='bbox 1137 3237 1307 3306; x_wconf 90' lang='lat' dir='ltr'><strong>patria</strong></span> <span class='ocrx_word' id='word_1_251' title='bbox 1345 3245 1535 3290; x_wconf 89' lang='lat' dir='ltr'><strong>nactus</strong></span> <span class='ocrx_word' id='word_1_252' title='bbox 1594 3230 1842 3287; x_wconf 90' lang='lat' dir='ltr'><strong>subsidia</strong></span> <span class='ocrx_word' id='word_1_253' title='bbox 1874 3244 1991 3286; x_wconf 90' lang='lat' dir='ltr'><strong>sum</strong></span> <span class='ocrx_word' id='word_1_254' title='bbox 2026 3272 2042 3300; x_wconf 89' lang='lat'><strong>,</strong></span> 
     </span>
    </p>
   </div>
   <div class='ocr_carea' id='block_1_37' title="bbox 442 3322 2044 3400">
    <p class='ocr_par' dir='ltr' id='par_1_37' title="bbox 442 3322 2044 3400">
     <span class='ocr_line' id='line_1_37' title="bbox 442 3322 2044 3400; baseline -0.006 -15"><span class='ocrx_word' id='word_1_255' title='bbox 442 3344 555 3385; x_wconf 93' lang='lat' dir='ltr'><strong>non</strong></span> <span class='ocrx_word' id='word_1_256' title='bbox 612 3335 798 3385; x_wconf 91' lang='lat' dir='ltr'><strong>tamen</strong></span> <span class='ocrx_word' id='word_1_257' title='bbox 857 3330 1037 3400; x_wconf 89' lang='lat' dir='ltr'><strong>putavi</strong></span> <span class='ocrx_word' id='word_1_258' title='bbox 1097 3329 1168 3383; x_wconf 90' lang='lat' dir='ltr'><strong>iis</strong></span> <span class='ocrx_word' id='word_1_259' title='bbox 1213 3323 1701 3398; x_wconf 87' lang='lat' dir='ltr'><strong>acquiescendum,</strong></span> <span class='ocrx_word' id='word_1_260' title='bbox 1752 3322 1880 3393; x_wconf 87' lang='lat' dir='ltr'><strong>sed,</strong></span> <span class='ocrx_word' id='word_1_261' title='bbox 1920 3337 2044 3378; x_wconf 92' lang='lat' dir='ltr'><strong>cum</strong></span> 
     </span>
    </p>
   </div>
   <div class='ocr_carea' id='block_1_38' title="bbox 442 3413 2046 3478">
    <p class='ocr_par' dir='ltr' id='par_1_38' title="bbox 442 3413 2046 3478">
     <span class='ocr_line' id='line_1_38' title="bbox 442 3413 2046 3478; baseline -0.005 -1"><span class='ocrx_word' id='word_1_262' title='bbox 442 3421 643 3478; x_wconf 90' lang='lat' dir='ltr'><strong>scirem</strong></span> <span class='ocrx_word' id='word_1_263' title='bbox 683 3419 974 3477; x_wconf 69' lang='lat' dir='ltr'><strong>Florentiae</strong></span> <span class='ocrx_word' id='word_1_264' title='bbox 996 3419 1051 3475; x_wconf 91' lang='lat' dir='ltr'><strong>in</strong></span> <span class='ocrx_word' id='word_1_265' title='bbox 1076 3417 1399 3475; x_wconf 89' lang='lat' dir='ltr'><strong>bibli0theca</strong></span> <span class='ocrx_word' id='word_1_266' title='bbox 1421 3416 1781 3472; x_wconf 89' lang='lat' dir='ltr'><strong>Laurentiana</strong></span> <span class='ocrx_word' id='word_1_267' title='bbox 1801 3413 2046 3471; x_wconf 87' lang='lat' dir='ltr'><strong>studiose</strong></span> 
     </span>
    </p>
   </div>
   <div class='ocr_carea' id='block_1_39' title="bbox 443 3505 2044 3580">
    <p class='ocr_par' dir='ltr' id='par_1_39' title="bbox 443 3505 2044 3580">
     <span class='ocr_line' id='line_1_39' title="bbox 443 3505 2044 3580; baseline -0.004 -14"><span class='ocrx_word' id='word_1_268' title='bbox 443 3511 713 3568; x_wconf 77' lang='lat' dir='ltr'><strong>asservari</strong></span> <span class='ocrx_word' id='word_1_269' title='bbox 732 3509 972 3567; x_wconf 87' lang='lat' dir='ltr'><strong>omnium</strong></span> <span class='ocrx_word' id='word_1_270' title='bbox 989 3510 1456 3580; x_wconf 89' lang='lat' dir='ltr'><strong>0rosii,quotquot</strong></span> <span class='ocrx_word' id='word_1_271' title='bbox 1475 3515 1620 3574; x_wconf 89' lang='lat' dir='ltr'><strong>sunt,</strong></span> <span class='ocrx_word' id='word_1_272' title='bbox 1642 3520 1774 3562; x_wconf 91' lang='lat' dir='ltr'><strong>mss.</strong></span> <span class='ocrx_word' id='word_1_273' title='bbox 1798 3505 2044 3562; x_wconf 88' lang='lat' dir='ltr'><strong>codicum</strong></span> 
     </span>
    </p>
   </div>
   <div class='ocr_carea' id='block_1_40' title="bbox 448 3598 2046 3677">
    <p class='ocr_par' dir='ltr' id='par_1_40' title="bbox 448 3598 2046 3677">
     <span class='ocr_line' id='line_1_40' title="bbox 448 3598 2046 3677; baseline -0.004 -17"><span class='ocrx_word' id='word_1_274' title='bbox 448 3605 612 3677; x_wconf 89' lang='lat' dir='ltr'><strong>longe</strong></span> <span class='ocrx_word' id='word_1_275' title='bbox 653 3605 1123 3676; x_wconf 88' lang='lat' dir='ltr'><strong>antiquissimum,</strong></span> <span class='ocrx_word' id='word_1_276' title='bbox 1155 3601 1581 3674; x_wconf 87' lang='lat' dir='ltr'><strong>Longohardicis</strong></span> <span class='ocrx_word' id='word_1_277' title='bbox 1613 3599 1806 3656; x_wconf 84' lang='lat' dir='ltr'><strong>litteris</strong></span> <span class='ocrx_word' id='word_1_278' title='bbox 1831 3598 2046 3669; x_wconf 82' lang='lat' dir='ltr'><strong>egregie</strong></span> 
     </span>
    </p>
   </div>
   <div class='ocr_carea' id='block_1_41' title="bbox 446 3688 2044 3766">
    <p class='ocr_par' dir='ltr' id='par_1_41' title="bbox 446 3688 2044 3766">
     <span class='ocr_line' id='line_1_41' title="bbox 446 3688 2044 3766; baseline -0.006 -13"><span class='ocrx_word' id='word_1_279' title='bbox 446 3707 762 3762; x_wconf 80' lang='lat' dir='ltr'><strong>exaratum,</strong></span> <span class='ocrx_word' id='word_1_280' title='bbox 811 3711 922 3751; x_wconf 89' lang='lat' dir='ltr'><strong>non</strong></span> <span class='ocrx_word' id='word_1_281' title='bbox 966 3697 1143 3766; x_wconf 79' lang='lat' dir='ltr'><strong>quievi</strong></span> <span class='ocrx_word' id='word_1_282' title='bbox 1195 3701 1484 3764; x_wconf 90' lang='lat' dir='ltr'><strong>antequam</strong></span> <span class='ocrx_word' id='word_1_283' title='bbox 1539 3690 1746 3761; x_wconf 78' lang='lat' dir='ltr'><strong>frugem</strong></span> <span class='ocrx_word' id='word_1_284' title='bbox 1805 3689 1932 3745; x_wconf 91' lang='lat' dir='ltr'><strong>inde</strong></span> <span class='ocrx_word' id='word_1_285' title='bbox 1989 3688 2044 3743; x_wconf 91' lang='lat' dir='ltr'><strong>in</strong></span> 
     </span>
    </p>
   </div>
   <div class='ocr_carea' id='block_1_42' title="bbox 461 3779 2044 3857">
    <p class='ocr_par' dir='ltr' id='par_1_42' title="bbox 461 3779 2044 3857">
     <span class='ocr_line' id='line_1_42' title="bbox 461 3779 2044 3857; baseline -0.006 -14"><span class='ocrx_word' id='word_1_286' title='bbox 461 3788 601 3844; x_wconf 90' lang='lat' dir='ltr'><strong>hanc</strong></span> <span class='ocrx_word' id='word_1_287' title='bbox 637 3801 874 3844; x_wconf 88' lang='lat' dir='ltr'><strong>messem</strong></span> <span class='ocrx_word' id='word_1_288' title='bbox 925 3795 1371 3857; x_wconf 86' lang='lat' dir='ltr'><strong>transportarcm.</strong></span> <span class='ocrx_word' id='word_1_289' title='bbox 1405 3782 1674 3840; x_wconf 74' lang='lat' dir='ltr'><strong>Eximium</strong></span> <span class='ocrx_word' id='word_1_290' title='bbox 1707 3781 1850 3837; x_wconf 91' lang='lat' dir='ltr'><strong>hunc</strong></span> <span class='ocrx_word' id='word_1_291' title='bbox 1888 3779 2044 3836; x_wconf 86' lang='lat' dir='ltr'><strong>codi-</strong></span> 
     </span>
    </p>
   </div>
   <div class='ocr_carea' id='block_1_43' title="bbox 459 3871 2046 3949">
    <p class='ocr_par' dir='ltr' id='par_1_43' title="bbox 459 3871 2046 3949">
     <span class='ocr_line' id='line_1_43' title="bbox 459 3871 2046 3949; baseline -0.003 -16"><span class='ocrx_word' id='word_1_292' title='bbox 459 3893 580 3933; x_wconf 91' lang='lat' dir='ltr'><strong>cem</strong></span> <span class='ocrx_word' id='word_1_293' title='bbox 633 3878 1039 3949; x_wconf 83' lang='lat' dir='ltr'><strong>religiosissima</strong></span> <span class='ocrx_word' id='word_1_294' title='bbox 1085 3875 1483 3943; x_wconf 86' lang='lat' dir='ltr'><strong>sollicitudine,</strong></span> <span class='ocrx_word' id='word_1_295' title='bbox 1541 3883 1866 3944; x_wconf 80' lang='lat' dir='ltr'><strong>procurante</strong></span> <span class='ocrx_word' id='word_1_296' title='bbox 1913 3871 2046 3928; x_wconf 92' lang='lat' dir='ltr'><strong>mihi</strong></span> 
     </span>
    </p>
   </div>
   <div class='ocr_carea' id='block_1_44' title="bbox 459 3963 2045 4031">
    <p class='ocr_par' dir='ltr' id='par_1_44' title="bbox 459 3963 2045 4031">
     <span class='ocr_line' id='line_1_44' title="bbox 459 3963 2045 4031; baseline -0.004 -7"><span class='ocrx_word' id='word_1_297' title='bbox 459 3967 566 4026; x_wconf 88' lang='lat' dir='ltr'><strong>hoc</strong></span> <span class='ocrx_word' id='word_1_298' title='bbox 611 3968 932 4026; x_wconf 79' lang='lat' dir='ltr'><strong>beneﬁcium</strong></span> <span class='ocrx_word' id='word_1_299' title='bbox 990 3969 1147 4025; x_wconf 87' lang='lat' dir='ltr'><strong>Dom.</strong></span> <span class='ocrx_word' id='word_1_300' title='bbox 1196 3968 1420 4024; x_wconf 86' lang='lat' dir='ltr'><strong>Alberto</strong></span> <span class='ocrx_word' id='word_1_301' title='bbox 1457 3965 1765 4022; x_wconf 81' lang='lat' dir='ltr'><strong>Mazzoleno</strong></span> <span class='ocrx_word' id='word_1_302' title='bbox 1793 4001 1811 4031; x_wconf 90' lang='lat'><strong>,</strong></span> <span class='ocrx_word' id='word_1_303' title='bbox 1872 3963 2045 4020; x_wconf 90' lang='lat' dir='ltr'><strong>veteri</strong></span> 
     </span>
    </p>
   </div>
   <div class='ocr_carea' id='block_1_45' title="bbox 461 4057 2043 4134">
    <p class='ocr_par' dir='ltr' id='par_1_45' title="bbox 461 4057 2043 4134">
     <span class='ocr_line' id='line_1_45' title="bbox 461 4057 2043 4134; baseline -0.004 -15"><span class='ocrx_word' id='word_1_304' title='bbox 461 4064 640 4121; x_wconf 88' lang='lat' dir='ltr'><strong>amico</strong></span> <span class='ocrx_word' id='word_1_305' title='bbox 668 4106 684 4132; x_wconf 94' lang='lat'><strong>,</strong></span> <span class='ocrx_word' id='word_1_306' title='bbox 722 4079 818 4120; x_wconf 88' lang='lat' dir='ltr'><strong>sua</strong></span> <span class='ocrx_word' id='word_1_307' title='bbox 872 4078 1035 4118; x_wconf 89' lang='lat' dir='ltr'><strong>manu</strong></span> <span class='ocrx_word' id='word_1_308' title='bbox 1065 4063 1283 4134; x_wconf 89' lang='lat' dir='ltr'><strong>suisque</strong></span> <span class='ocrx_word' id='word_1_309' title='bbox 1312 4061 1483 4117; x_wconf 88' lang='lat' dir='ltr'><strong>oculis</strong></span> <span class='ocrx_word' id='word_1_310' title='bbox 1531 4058 1759 4114; x_wconf 88' lang='lat' dir='ltr'><strong>contulit</strong></span> <span class='ocrx_word' id='word_1_311' title='bbox 1801 4057 2043 4113; x_wconf 79' lang='lat' dir='ltr'><strong>Lauren-</strong></span> 
     </span>
    </p>
   </div>
   <div class='ocr_carea' id='block_1_46' title="bbox 448 4150 2048 4226">
    <p class='ocr_par' dir='ltr' id='par_1_46' title="bbox 448 4150 2048 4226">
     <span class='ocr_line' id='line_1_46' title="bbox 448 4150 2048 4226; baseline -0.003 -15"><span class='ocrx_word' id='word_1_312' title='bbox 448 4157 614 4212; x_wconf 68' lang='lat' dir='ltr'><strong>tiante</strong></span> <span class='ocrx_word' id='word_1_313' title='bbox 643 4154 991 4213; x_wconf 80' lang='lat' dir='ltr'><strong>bibliotheca:</strong></span> <span class='ocrx_word' id='word_1_314' title='bbox 1025 4155 1308 4226; x_wconf 82' lang='lat' dir='ltr'><strong>pra-fectus</strong></span> <span class='ocrx_word' id='word_1_315' title='bbox 1356 4153 1624 4209; x_wconf 79' lang='lat' dir='ltr'><strong>Antonius</strong></span> <span class='ocrx_word' id='word_1_316' title='bbox 1652 4150 1816 4206; x_wconf 79' lang='lat' dir='ltr'><strong>Maria</strong></span> <span class='ocrx_word' id='word_1_317' title='bbox 1840 4150 2048 4206; x_wconf 82' lang='lat' dir='ltr'><strong>Biseio-</strong></span> 
     </span>
    </p>
   </div>
   <div class='ocr_carea' id='block_1_47' title="bbox 452 4243 2033 4320">
    <p class='ocr_par' dir='ltr' id='par_1_47' title="bbox 452 4243 2033 4320">
     <span class='ocr_line' id='line_1_47' title="bbox 452 4243 2033 4320; baseline -0.004 -15"><span class='ocrx_word' id='word_1_318' title='bbox 452 4250 610 4317; x_wconf 88' lang='lat' dir='ltr'><strong>nius,</strong></span> <span class='ocrx_word' id='word_1_319' title='bbox 663 4263 809 4306; x_wconf 90' lang='lat' dir='ltr'><strong>anno</strong></span> <span class='ocrx_word' id='word_1_320' title='bbox 863 4248 1022 4305; x_wconf 72' lang='lat'><strong>1729.</strong></span> <span class='ocrx_word' id='word_1_321' title='bbox 1067 4247 1520 4320; x_wconf 81' lang='lat' dir='ltr'><strong>Antiquissimum</strong></span> <span class='ocrx_word' id='word_1_322' title='bbox 1576 4243 1720 4301; x_wconf 92' lang='lat' dir='ltr'><strong>hunc</strong></span> <span class='ocrx_word' id='word_1_323' title='bbox 1767 4243 2033 4310; x_wconf 87' lang='lat' dir='ltr'><strong>codicem,</strong></span> 
     </span>
    </p>
   </div>
   <div class='ocr_carea' id='block_1_48' title="bbox 455 4335 2048 4414">
    <p class='ocr_par' dir='ltr' id='par_1_48' title="bbox 455 4335 2048 4414">
     <span class='ocr_line' id='line_1_48' title="bbox 455 4335 2048 4414; baseline -0.004 -18"><span class='ocrx_word' id='word_1_324' title='bbox 455 4352 620 4414; x_wconf 87' lang='lat' dir='ltr'><strong>atque</strong></span> <span class='ocrx_word' id='word_1_325' title='bbox 662 4343 716 4398; x_wconf 90' lang='lat' dir='ltr'><strong>in</strong></span> <span class='ocrx_word' id='word_1_326' title='bbox 756 4341 981 4413; x_wconf 80' lang='lat' dir='ltr'><strong>majoris</strong></span> <span class='ocrx_word' id='word_1_327' title='bbox 1008 4342 1183 4413; x_wconf 87' lang='lat' dir='ltr'><strong>quarti</strong></span> <span class='ocrx_word' id='word_1_328' title='bbox 1229 4341 1401 4397; x_wconf 89' lang='lat' dir='ltr'><strong>lorma</strong></span> <span class='ocrx_word' id='word_1_329' title='bbox 1431 4337 1722 4408; x_wconf 88' lang='lat' dir='ltr'><strong>scriptum,</strong></span> <span class='ocrx_word' id='word_1_330' title='bbox 1757 4335 1871 4392; x_wconf 80' lang='lat' dir='ltr'><strong>fere</strong></span> <span class='ocrx_word' id='word_1_331' title='bbox 1896 4335 2048 4390; x_wconf 91' lang='lat' dir='ltr'><strong>mille</strong></span> 
     </span>
    </p>
   </div>
   <div class='ocr_carea' id='block_1_49' title="bbox 450 4427 2047 4504">
    <p class='ocr_par' dir='ltr' id='par_1_49' title="bbox 450 4427 2047 4504">
     <span class='ocr_line' id='line_1_49' title="bbox 450 4427 2047 4504; baseline -0.004 -16"><span class='ocrx_word' id='word_1_332' title='bbox 450 4450 714 4491; x_wconf 84' lang='lat' dir='ltr'><strong>annorum</strong></span> <span class='ocrx_word' id='word_1_333' title='bbox 742 4444 954 4491; x_wconf 70' lang='lat' dir='ltr'><strong>aetatem</strong></span> <span class='ocrx_word' id='word_1_334' title='bbox 979 4450 1092 4504; x_wconf 71' lang='lat' dir='ltr'><strong>pra:</strong></span> <span class='ocrx_word' id='word_1_335' title='bbox 1116 4449 1178 4490; x_wconf 90' lang='lat' dir='ltr'><strong>se</strong></span> <span class='ocrx_word' id='word_1_336' title='bbox 1205 4433 1348 4488; x_wconf 88' lang='lat' dir='ltr'><strong>l‘erre</strong></span> <span class='ocrx_word' id='word_1_337' title='bbox 1375 4429 1579 4487; x_wconf 88' lang='lat' dir='ltr'><strong>notavit</strong></span> <span class='ocrx_word' id='word_1_338' title='bbox 1598 4427 2047 4500; x_wconf 75' lang='lat' dir='ltr'><strong>diligentissimus</strong></span> 
     </span>
    </p>
   </div>
   <div class='ocr_carea' id='block_1_50' title="bbox 455 4520 2046 4598">
    <p class='ocr_par' dir='ltr' id='par_1_50' title="bbox 455 4520 2046 4598">
     <span class='ocr_line' id='line_1_50' title="bbox 455 4520 2046 4598; baseline -0.006 -16"><span class='ocrx_word' id='word_1_339' title='bbox 455 4528 549 4584; x_wconf 91' lang='lat' dir='ltr'><strong>ille</strong></span> <span class='ocrx_word' id='word_1_340' title='bbox 584 4529 939 4595; x_wconf 75' lang='lat' dir='ltr'><strong>examinator,</strong></span> <span class='ocrx_word' id='word_1_341' title='bbox 965 4536 1125 4598; x_wconf 90' lang='lat' dir='ltr'><strong>atque</strong></span> <span class='ocrx_word' id='word_1_342' title='bbox 1146 4526 1365 4595; x_wconf 88' lang='lat' dir='ltr'><strong>insuper</strong></span> <span class='ocrx_word' id='word_1_343' title='bbox 1388 4522 1689 4594; x_wconf 82' lang='lat' dir='ltr'><strong>transmisit</strong></span> <span class='ocrx_word' id='word_1_344' title='bbox 1721 4521 1790 4577; x_wconf 86' lang='lat' dir='ltr'><strong>ad</strong></span> <span class='ocrx_word' id='word_1_345' title='bbox 1823 4536 1910 4598; x_wconf 89' lang='lat' dir='ltr'><strong>me</strong></span> <span class='ocrx_word' id='word_1_346' title='bbox 1932 4520 2046 4590; x_wconf 85' lang='lat' dir='ltr'><strong>pic-</strong></span> 
     </span>
    </p>
   </div>
   <div class='ocr_carea' id='block_1_51' title="bbox 455 4611 2046 4688">
    <p class='ocr_par' dir='ltr' id='par_1_51' title="bbox 455 4611 2046 4688">
     <span class='ocr_line' id='line_1_51' title="bbox 455 4611 2046 4688; baseline -0.006 -13"><span class='ocrx_word' id='word_1_347' title='bbox 455 4628 631 4675; x_wconf 84' lang='lat' dir='ltr'><strong>turam</strong></span> <span class='ocrx_word' id='word_1_348' title='bbox 684 4619 1024 4688; x_wconf 79' lang='lat' dir='ltr'><strong>litterarum,</strong></span> <span class='ocrx_word' id='word_1_349' title='bbox 1070 4619 1167 4674; x_wconf 69' lang='lat' dir='ltr'><strong>teri</strong></span> <span class='ocrx_word' id='word_1_350' title='bbox 1200 4615 1582 4682; x_wconf 89' lang='lat' dir='ltr'><strong>incidendam,</strong></span> <span class='ocrx_word' id='word_1_351' title='bbox 1611 4629 1772 4684; x_wconf 90' lang='lat' dir='ltr'><strong>quam</strong></span> <span class='ocrx_word' id='word_1_352' title='bbox 1803 4611 2046 4667; x_wconf 88' lang='lat' dir='ltr'><strong>invenies</strong></span> 
     </span>
    </p>
   </div>
   <div class='ocr_carea' id='block_1_52' title="bbox 473 4704 2052 4784">
    <p class='ocr_par' dir='ltr' id='par_1_52' title="bbox 473 4704 2052 4784">
     <span class='ocr_line' id='line_1_52' title="bbox 473 4704 2052 4784; baseline -0.005 -18"><span class='ocrx_word' id='word_1_353' title='bbox 473 4727 594 4784; x_wconf 83' lang='lat' dir='ltr'><strong>pag.</strong></span> <span class='ocrx_word' id='word_1_354' title='bbox 621 4713 713 4779; x_wconf 80' lang='lat'><strong>70,</strong></span> <span class='ocrx_word' id='word_1_355' title='bbox 738 4713 828 4767; x_wconf 91' lang='lat' dir='ltr'><strong>ubi</strong></span> <span class='ocrx_word' id='word_1_356' title='bbox 855 4712 1024 4768; x_wconf 81' lang='lat' dir='ltr'><strong>codex</strong></span> <span class='ocrx_word' id='word_1_357' title='bbox 1053 4713 1142 4767; x_wconf 89' lang='lat' dir='ltr'><strong>ille</strong></span> <span class='ocrx_word' id='word_1_358' title='bbox 1164 4707 1604 4781; x_wconf 88' lang='lat' dir='ltr'><strong>Longobardieus</strong></span> <span class='ocrx_word' id='word_1_359' title='bbox 1625 4749 1639 4775; x_wconf 93' lang='lat'><strong>,</strong></span> <span class='ocrx_word' id='word_1_360' title='bbox 1664 4707 1817 4774; x_wconf 85' lang='lat' dir='ltr'><strong>cujus</strong></span> <span class='ocrx_word' id='word_1_361' title='bbox 1847 4704 2052 4761; x_wconf 89' lang='lat' dir='ltr'><strong>mentio</strong></span> 
     </span>
    </p>
   </div>
   <div class='ocr_carea' id='block_1_53' title="bbox 475 4798 2052 4877">
    <p class='ocr_par' dir='ltr' id='par_1_53' title="bbox 475 4798 2052 4877">
     <span class='ocr_line' id='line_1_53' title="bbox 475 4798 2052 4877; baseline -0.006 -17"><span class='ocrx_word' id='word_1_362' title='bbox 475 4821 691 4877; x_wconf 88' lang='lat' dir='ltr'><strong>quoque</strong></span> <span class='ocrx_word' id='word_1_363' title='bbox 715 4813 894 4862; x_wconf 80' lang='lat' dir='ltr'><strong>exstat</strong></span> <span class='ocrx_word' id='word_1_364' title='bbox 921 4805 1063 4876; x_wconf 89' lang='lat' dir='ltr'><strong>apud</strong></span> <span class='ocrx_word' id='word_1_365' title='bbox 1093 4803 1467 4860; x_wconf 82' lang='lat' dir='ltr'><strong>Mahillonium</strong></span> <span class='ocrx_word' id='word_1_366' title='bbox 1494 4801 1561 4856; x_wconf 92' lang='lat' dir='ltr'><strong>de</strong></span> <span class='ocrx_word' id='word_1_367' title='bbox 1591 4799 1670 4854; x_wconf 81' lang='lat' dir='ltr'><strong>Re</strong></span> <span class='ocrx_word' id='word_1_368' title='bbox 1701 4798 2052 4870; x_wconf 88' lang='lat' dir='ltr'><strong>Diplomatiea</strong></span> 
     </span>
    </p>
   </div>
   <div class='ocr_carea' id='block_1_54' title="bbox 474 4887 2057 4968">
    <p class='ocr_par' dir='ltr' id='par_1_54' title="bbox 474 4887 2057 4968">
     <span class='ocr_line' id='line_1_54' title="bbox 474 4887 2057 4968; baseline -0.006 -16"><span class='ocrx_word' id='word_1_369' title='bbox 474 4898 569 4954; x_wconf 90' lang='lat' dir='ltr'><strong>lib.</strong></span> <span class='ocrx_word' id='word_1_370' title='bbox 597 4914 649 4964; x_wconf 90' lang='lat' dir='ltr'><strong>v,</strong></span> <span class='ocrx_word' id='word_1_371' title='bbox 676 4912 731 4967; x_wconf 94' lang='lat' dir='ltr'><strong>p.</strong></span> <span class='ocrx_word' id='word_1_372' title='bbox 755 4897 884 4966; x_wconf 68' lang='grc'><strong>554,</strong></span> <span class='ocrx_word' id='word_1_373' title='bbox 920 4897 1142 4968; x_wconf 89' lang='lat' dir='ltr'><strong>incipit,</strong></span> <span class='ocrx_word' id='word_1_374' title='bbox 1175 4907 1259 4954; x_wconf 89' lang='lat' dir='ltr'><strong>est</strong></span> <span class='ocrx_word' id='word_1_375' title='bbox 1301 4896 1444 4951; x_wconf 90' lang='lat' dir='ltr'><strong>enim</strong></span> <span class='ocrx_word' id='word_1_376' title='bbox 1477 4895 1528 4948; x_wconf 91' lang='lat' dir='ltr'><strong>in</strong></span> <span class='ocrx_word' id='word_1_377' title='bbox 1560 4891 1716 4946; x_wconf 88' lang='lat' dir='ltr'><strong>initio</strong></span> <span class='ocrx_word' id='word_1_378' title='bbox 1743 4890 1868 4944; x_wconf 89' lang='lat' dir='ltr'><strong>libri</strong></span> <span class='ocrx_word' id='word_1_379' title='bbox 1897 4887 2057 4957; x_wconf 91' lang='lat' dir='ltr'><strong>primi</strong></span> 
     </span>
    </p>
   </div>
   <div class='ocr_carea' id='block_1_55' title="bbox 477 4977 2059 5060">
    <p class='ocr_par' dir='ltr' id='par_1_55' title="bbox 477 4977 2059 5060">
     <span class='ocr_line' id='line_1_55' title="bbox 477 4977 2059 5060; baseline -0.008 -16"><span class='ocrx_word' id='word_1_380' title='bbox 477 4989 735 5056; x_wconf 90' lang='lat' dir='ltr'><strong>mutilus,</strong></span> <span class='ocrx_word' id='word_1_381' title='bbox 764 4990 927 5060; x_wconf 89' lang='lat' dir='ltr'><strong>inque</strong></span> <span class='ocrx_word' id='word_1_382' title='bbox 957 4989 1146 5044; x_wconf 91' lang='lat' dir='ltr'><strong>eodem</strong></span> <span class='ocrx_word' id='word_1_383' title='bbox 1200 4995 1343 5043; x_wconf 92' lang='lat' dir='ltr'><strong>totus</strong></span> <span class='ocrx_word' id='word_1_384' title='bbox 1380 4985 1516 5041; x_wconf 90' lang='lat' dir='ltr'><strong>liber</strong></span> <span class='ocrx_word' id='word_1_385' title='bbox 1558 4984 1819 5052; x_wconf 84' lang='lat' dir='ltr'><strong>septimus</strong></span> <span class='ocrx_word' id='word_1_386' title='bbox 1844 4977 2059 5034; x_wconf 87' lang='lat' dir='ltr'><strong>deside-</strong></span> 
     </span>
    </p>
   </div>
   <div class='ocr_carea' id='block_1_56' title="bbox 469 5068 2054 5150">
    <p class='ocr_par' dir='ltr' id='par_1_56' title="bbox 469 5068 2054 5150">
     <span class='ocr_line' id='line_1_56' title="bbox 469 5068 2054 5150; baseline -0.009 -15"><span class='ocrx_word' id='word_1_387' title='bbox 469 5089 641 5136; x_wconf 80' lang='lat' dir='ltr'><strong>iatur.</strong></span> <span class='ocrx_word' id='word_1_388' title='bbox 692 5079 882 5150; x_wconf 78' lang='lat' dir='ltr'><strong>Neque</strong></span> <span class='ocrx_word' id='word_1_389' title='bbox 929 5079 1091 5136; x_wconf 91' lang='lat' dir='ltr'><strong>modo</strong></span> <span class='ocrx_word' id='word_1_390' title='bbox 1139 5079 1376 5134; x_wconf 85' lang='lat' dir='ltr'><strong>ollicium</strong></span> <span class='ocrx_word' id='word_1_391' title='bbox 1421 5071 1816 5130; x_wconf 83' lang='lat' dir='ltr'><strong>humanissimi</strong></span> <span class='ocrx_word' id='word_1_392' title='bbox 1850 5068 1951 5123; x_wconf 90' lang='lat' dir='ltr'><strong>viri</strong></span> <span class='ocrx_word' id='word_1_393' title='bbox 2002 5068 2054 5120; x_wconf 91' lang='lat' dir='ltr'><strong>in</strong></span> 
     </span>
    </p>
   </div>
   <div class='ocr_carea' id='block_1_57' title="bbox 475 5159 2060 5243">
    <p class='ocr_par' dir='ltr' id='par_1_57' title="bbox 475 5159 2060 5243">
     <span class='ocr_line' id='line_1_57' title="bbox 475 5159 2060 5243; baseline -0.009 -15"><span class='ocrx_word' id='word_1_394' title='bbox 475 5171 770 5229; x_wconf 91' lang='lat' dir='ltr'><strong>collatione</strong></span> <span class='ocrx_word' id='word_1_395' title='bbox 801 5171 1007 5228; x_wconf 90' lang='lat' dir='ltr'><strong>codicis</strong></span> <span class='ocrx_word' id='word_1_396' title='bbox 1039 5171 1196 5243; x_wconf 75' lang='lat' dir='ltr'><strong>huius</strong></span> <span class='ocrx_word' id='word_1_397' title='bbox 1223 5209 1238 5236; x_wconf 91' lang='lat'><strong>,</strong></span> <span class='ocrx_word' id='word_1_398' title='bbox 1269 5168 1358 5241; x_wconf 88' lang='lat' dir='ltr'><strong>qui</strong></span> <span class='ocrx_word' id='word_1_399' title='bbox 1385 5175 1633 5224; x_wconf 81' lang='lat' dir='ltr'><strong>servatur</strong></span> <span class='ocrx_word' id='word_1_400' title='bbox 1662 5166 1715 5220; x_wconf 91' lang='lat' dir='ltr'><strong>in</strong></span> <span class='ocrx_word' id='word_1_401' title='bbox 1742 5163 1843 5218; x_wconf 88' lang='lat' dir='ltr'><strong>ista</strong></span> <span class='ocrx_word' id='word_1_402' title='bbox 1868 5159 2060 5216; x_wconf 90' lang='lat' dir='ltr'><strong>biblio-</strong></span> 
     </span>
    </p>
   </div>
   <div class='ocr_carea' id='block_1_58' title="bbox 475 5258 2062 5337">
    <p class='ocr_par' dir='ltr' id='par_1_58' title="bbox 475 5258 2062 5337">
     <span class='ocr_line' id='line_1_58' title="bbox 475 5258 2062 5337; baseline -0.008 -18"><span class='ocrx_word' id='word_1_403' title='bbox 475 5264 630 5322; x_wconf 88' lang='lat' dir='ltr'><strong>theca</strong></span> <span class='ocrx_word' id='word_1_404' title='bbox 659 5266 844 5337; x_wconf 89' lang='lat' dir='ltr'><strong>pluteo</strong></span> <span class='ocrx_word' id='word_1_405' title='bbox 872 5265 964 5335; x_wconf 81' lang='lat'><strong>65,</strong></span> <span class='ocrx_word' id='word_1_406' title='bbox 995 5281 1143 5321; x_wconf 89' lang='lat' dir='ltr'><strong>num.</strong></span> <span class='ocrx_word' id='word_1_407' title='bbox 1171 5279 1208 5330; x_wconf 82' lang='grc' dir='ltr'><strong>ι,</strong></span> <span class='ocrx_word' id='word_1_408' title='bbox 1237 5261 1498 5328; x_wconf 78' lang='lat' dir='ltr'><strong>SttbStilit,</strong></span> <span class='ocrx_word' id='word_1_409' title='bbox 1518 5258 1614 5315; x_wconf 89' lang='lat' dir='ltr'><strong>sed</strong></span> <span class='ocrx_word' id='word_1_410' title='bbox 1643 5267 1700 5313; x_wconf 92' lang='lat' dir='ltr'><strong>et</strong></span> <span class='ocrx_word' id='word_1_411' title='bbox 1721 5270 1873 5327; x_wconf 71' lang='lat' dir='ltr'><strong>arque</strong></span> <span class='ocrx_word' id='word_1_412' title='bbox 1901 5267 2062 5310; x_wconf 86' lang='lat' dir='ltr'><strong>accu—</strong></span> 
     </span>
    </p>
   </div>
   <div class='ocr_carea' id='block_1_59' title="bbox 469 5347 2055 5417">
    <p class='ocr_par' dir='ltr' id='par_1_59' title="bbox 469 5347 2055 5417">
     <span class='ocr_line' id='line_1_59' title="bbox 469 5347 2055 5417; baseline -0.01 -2"><span class='ocrx_word' id='word_1_413' title='bbox 469 5367 644 5415; x_wconf 85' lang='lat' dir='ltr'><strong>ratam</strong></span> <span class='ocrx_word' id='word_1_414' title='bbox 697 5360 932 5417; x_wconf 87' lang='lat' dir='ltr'><strong>duorum</strong></span> <span class='ocrx_word' id='word_1_415' title='bbox 978 5360 1204 5414; x_wconf 88' lang='lat' dir='ltr'><strong>aliorum</strong></span> <span class='ocrx_word' id='word_1_416' title='bbox 1249 5356 1497 5412; x_wconf 90' lang='lat' dir='ltr'><strong>codicum</strong></span> <span class='ocrx_word' id='word_1_417' title='bbox 1547 5351 1846 5407; x_wconf 84' lang='lat' dir='ltr'><strong>transmisit</strong></span> <span class='ocrx_word' id='word_1_418' title='bbox 1884 5347 2055 5404; x_wconf 90' lang='lat' dir='ltr'><strong>colla-</strong></span> 
     </span>
    </p>
   </div>
   <div class='ocr_carea' id='block_1_60' title="bbox 471 5437 2060 5519">
    <p class='ocr_par' dir='ltr' id='par_1_60' title="bbox 471 5437 2060 5519">
     <span class='ocr_line' id='line_1_60' title="bbox 471 5437 2060 5519; baseline -0.009 -13"><span class='ocrx_word' id='word_1_419' title='bbox 471 5453 697 5508; x_wconf 90' lang='lat' dir='ltr'><strong>tionem.</strong></span> <span class='ocrx_word' id='word_1_420' title='bbox 717 5454 868 5510; x_wconf 79' lang='lat' dir='ltr'><strong>Alter</strong></span> <span class='ocrx_word' id='word_1_421' title='bbox 889 5469 956 5510; x_wconf 82' lang='lat' dir='ltr'><strong>ex</strong></span> <span class='ocrx_word' id='word_1_422' title='bbox 985 5453 1069 5508; x_wconf 90' lang='lat' dir='ltr'><strong>his</strong></span> <span class='ocrx_word' id='word_1_423' title='bbox 1097 5459 1346 5507; x_wconf 91' lang='lat' dir='ltr'><strong>servatur</strong></span> <span class='ocrx_word' id='word_1_424' title='bbox 1361 5448 1544 5519; x_wconf 89' lang='lat' dir='ltr'><strong>pluteo</strong></span> <span class='ocrx_word' id='word_1_425' title='bbox 1559 5445 1652 5511; x_wconf 77' lang='lat'><strong>65,</strong></span> <span class='ocrx_word' id='word_1_426' title='bbox 1675 5458 1822 5498; x_wconf 91' lang='lat' dir='ltr'><strong>num.</strong></span> <span class='ocrx_word' id='word_1_427' title='bbox 1853 5440 1947 5507; x_wconf 81' lang='lat'><strong>55,</strong></span> <span class='ocrx_word' id='word_1_428' title='bbox 1969 5437 2060 5510; x_wconf 93' lang='lat' dir='ltr'><strong>qui</strong></span> 
     </span>
    </p>
   </div>
   <div class='ocr_carea' id='block_1_61' title="bbox 477 5533 2056 5607">
    <p class='ocr_par' dir='ltr' id='par_1_61' title="bbox 477 5533 2056 5607">
     <span class='ocr_line' id='line_1_61' title="bbox 477 5533 2056 5607; baseline -0.01 -6"><span class='ocrx_word' id='word_1_429' title='bbox 477 5554 736 5602; x_wconf 89' lang='lat' dir='ltr'><strong>censetur</strong></span> <span class='ocrx_word' id='word_1_430' title='bbox 757 5561 880 5602; x_wconf 85' lang='lat' dir='ltr'><strong>esse</strong></span> <span class='ocrx_word' id='word_1_431' title='bbox 914 5543 1098 5600; x_wconf 77' lang='lat' dir='ltr'><strong>sazculi</strong></span> <span class='ocrx_word' id='word_1_432' title='bbox 1141 5539 1498 5607; x_wconf 89' lang='lat' dir='ltr'><strong>dccimitertii,</strong></span> <span class='ocrx_word' id='word_1_433' title='bbox 1524 5537 1661 5594; x_wconf 86' lang='lat' dir='ltr'><strong>alter</strong></span> <span class='ocrx_word' id='word_1_434' title='bbox 1684 5533 1882 5592; x_wconf 88' lang='lat' dir='ltr'><strong>ibidem</strong></span> <span class='ocrx_word' id='word_1_435' title='bbox 1906 5545 2056 5586; x_wconf 91' lang='lat' dir='ltr'><strong>num.</strong></span> 
     </span>
    </p>
   </div>
   <div class='ocr_carea' id='block_1_62' title="bbox 2130 441 3726 514">
    <p class='ocr_par' dir='ltr' id='par_1_62' title="bbox 2130 441 3726 514">
     <span class='ocr_line' id='line_1_62' title="bbox 2130 441 3726 514; baseline -0.006 -8"><span class='ocrx_word' id='word_1_436' title='bbox 2130 450 2360 506; x_wconf 87' lang='lat' dir='ltr'><strong>steriore</strong></span> <span class='ocrx_word' id='word_1_437' title='bbox 2387 461 2450 502; x_wconf 85' lang='lat' dir='ltr'><strong>ex</strong></span> <span class='ocrx_word' id='word_1_438' title='bbox 2477 445 2657 512; x_wconf 85' lang='lat' dir='ltr'><strong>hisce,</strong></span> <span class='ocrx_word' id='word_1_439' title='bbox 2689 459 2809 497; x_wconf 91' lang='lat' dir='ltr'><strong>nam</strong></span> <span class='ocrx_word' id='word_1_440' title='bbox 2843 441 2992 512; x_wconf 88' lang='lat' dir='ltr'><strong>prior</strong></span> <span class='ocrx_word' id='word_1_441' title='bbox 3018 442 3070 496; x_wconf 92' lang='lat' dir='ltr'><strong>in</strong></span> <span class='ocrx_word' id='word_1_442' title='bbox 3097 442 3363 512; x_wconf 89' lang='lat' dir='ltr'><strong>principio</strong></span> <span class='ocrx_word' id='word_1_443' title='bbox 3385 457 3602 514; x_wconf 88' lang='lat' dir='ltr'><strong>quoque</strong></span> <span class='ocrx_word' id='word_1_444' title='bbox 3631 442 3726 497; x_wconf 80' lang='lat' dir='ltr'><strong>la:-</strong></span> 
     </span>
    </p>
   </div>
   <div class='ocr_carea' id='block_1_63' title="bbox 2128 533 3723 604">
    <p class='ocr_par' dir='ltr' id='par_1_63' title="bbox 2128 533 3723 604">
     <span class='ocr_line' id='line_1_63' title="bbox 2128 533 3723 604; baseline -0.005 -9"><span class='ocrx_word' id='word_1_445' title='bbox 2128 555 2222 596; x_wconf 91' lang='lat' dir='ltr'><strong>sus</strong></span> <span class='ocrx_word' id='word_1_446' title='bbox 2251 547 2334 594; x_wconf 87' lang='lat' dir='ltr'><strong>est</strong></span> <span class='ocrx_word' id='word_1_447' title='bbox 2359 579 2374 604; x_wconf 93' lang='lat'><strong>,</strong></span> <span class='ocrx_word' id='word_1_448' title='bbox 2404 535 2588 592; x_wconf 84' lang='lat' dir='ltr'><strong>titulus</strong></span> <span class='ocrx_word' id='word_1_449' title='bbox 2621 535 2744 590; x_wconf 89' lang='lat' dir='ltr'><strong>libri</strong></span> <span class='ocrx_word' id='word_1_450' title='bbox 2779 535 2864 589; x_wconf 90' lang='lat' dir='ltr'><strong>hic</strong></span> <span class='ocrx_word' id='word_1_451' title='bbox 2908 543 2988 590; x_wconf 90' lang='lat' dir='ltr'><strong>est</strong></span> <span class='ocrx_word' id='word_1_452' title='bbox 3026 549 3040 586; x_wconf 87' lang='lat'><strong>:</strong></span> <span class='ocrx_word' id='word_1_453' title='bbox 3079 533 3236 588; x_wconf 79' lang='lat' dir='ltr'><strong>Pauli</strong></span> <span class='ocrx_word' id='word_1_454' title='bbox 3265 533 3474 600; x_wconf 78' lang='lat' dir='ltr'><strong>Orosii,</strong></span> <span class='ocrx_word' id='word_1_455' title='bbox 3507 533 3723 604; x_wconf 73' lang='lat' dir='ltr'><strong>presby-</strong></span> 
     </span>
    </p>
   </div>
   <div class='ocr_carea' id='block_1_64' title="bbox 2130 625 3724 702">
    <p class='ocr_par' dir='ltr' id='par_1_64' title="bbox 2130 625 3724 702">
     <span class='ocr_line' id='line_1_64' title="bbox 2130 625 3724 702; baseline -0.005 -15"><span class='ocrx_word' id='word_1_456' title='bbox 2130 633 2226 688; x_wconf 86' lang='lat' dir='ltr'><strong>teri</strong></span> <span class='ocrx_word' id='word_1_457' title='bbox 2283 631 2544 702; x_wconf 77' lang='lat' dir='ltr'><strong>Hispani,</strong></span> <span class='ocrx_word' id='word_1_458' title='bbox 2597 627 2659 681; x_wconf 85' lang='lat' dir='ltr'><strong>de</strong></span> <span class='ocrx_word' id='word_1_459' title='bbox 2711 628 2868 682; x_wconf 81' lang='lat' dir='ltr'><strong>totius</strong></span> <span class='ocrx_word' id='word_1_460' title='bbox 2923 627 3104 680; x_wconf 84' lang='lat' dir='ltr'><strong>mundi</strong></span> <span class='ocrx_word' id='word_1_461' title='bbox 3157 625 3537 680; x_wconf 76' lang='lat' dir='ltr'><strong>calamitatibus</strong></span> <span class='ocrx_word' id='word_1_462' title='bbox 3596 625 3724 680; x_wconf 85' lang='lat' dir='ltr'><strong>liber</strong></span> 
     </span>
    </p>
   </div>
   <div class='ocr_carea' id='block_1_65' title="bbox 2130 714 3722 792">
    <p class='ocr_par' dir='ltr' id='par_1_65' title="bbox 2130 714 3722 792">
     <span class='ocr_line' id='line_1_65' title="bbox 2130 714 3722 792; baseline -0.003 -17"><span class='ocrx_word' id='word_1_463' title='bbox 2130 723 2350 792; x_wconf 79' lang='lat' dir='ltr'><strong>primus.</strong></span> <span class='ocrx_word' id='word_1_464' title='bbox 2395 717 2808 789; x_wconf 78' lang='lat' dir='ltr'><strong>Orthographia:</strong></span> <span class='ocrx_word' id='word_1_465' title='bbox 2849 716 3083 787; x_wconf 88' lang='lat' dir='ltr'><strong>denique</strong></span> <span class='ocrx_word' id='word_1_466' title='bbox 3126 717 3423 780; x_wconf 90' lang='lat' dir='ltr'><strong>rationem,</strong></span> <span class='ocrx_word' id='word_1_467' title='bbox 3457 731 3617 785; x_wconf 87' lang='lat' dir='ltr'><strong>quam</strong></span> <span class='ocrx_word' id='word_1_468' title='bbox 3666 714 3722 770; x_wconf 90' lang='lat' dir='ltr'><strong>in</strong></span> 
     </span>
    </p>
   </div>
   <div class='ocr_carea' id='block_1_66' title="bbox 2131 806 3720 884">
    <p class='ocr_par' dir='ltr' id='par_1_66' title="bbox 2131 806 3720 884">
     <span class='ocr_line' id='line_1_66' title="bbox 2131 806 3720 884; baseline -0.005 -16"><span class='ocrx_word' id='word_1_469' title='bbox 2131 811 2516 884; x_wconf 87' lang='lat' dir='ltr'><strong>antiquissimo</strong></span> <span class='ocrx_word' id='word_1_470' title='bbox 2559 809 2863 880; x_wconf 67' lang='lat' dir='ltr'><strong>praesertim</strong></span> <span class='ocrx_word' id='word_1_471' title='bbox 2896 808 2988 862; x_wconf 92' lang='lat' dir='ltr'><strong>illo</strong></span> <span class='ocrx_word' id='word_1_472' title='bbox 3024 807 3212 862; x_wconf 85' lang='lat' dir='ltr'><strong>codice</strong></span> <span class='ocrx_word' id='word_1_473' title='bbox 3237 807 3536 863; x_wconf 88' lang='lat' dir='ltr'><strong>observare</strong></span> <span class='ocrx_word' id='word_1_474' title='bbox 3563 806 3720 873; x_wconf 88' lang='lat' dir='ltr'><strong>licet,</strong></span> 
     </span>
    </p>
   </div>
   <div class='ocr_carea' id='block_1_67' title="bbox 2134 897 3722 972">
    <p class='ocr_par' dir='ltr' id='par_1_67' title="bbox 2134 897 3722 972">
     <span class='ocr_line' id='line_1_67' title="bbox 2134 897 3722 972; baseline -0.006 -11"><span class='ocrx_word' id='word_1_475' title='bbox 2134 905 2317 961; x_wconf 87' lang='lat' dir='ltr'><strong>itidem</strong></span> <span class='ocrx_word' id='word_1_476' title='bbox 2346 911 2662 972; x_wconf 77' lang='lat' dir='ltr'><strong>excerptam</strong></span> <span class='ocrx_word' id='word_1_477' title='bbox 2683 913 2734 956; x_wconf 93' lang='lat' dir='ltr'><strong>et</strong></span> <span class='ocrx_word' id='word_1_478' title='bbox 2769 899 3162 963; x_wconf 82' lang='lat' dir='ltr'><strong>transmissam,</strong></span> <span class='ocrx_word' id='word_1_479' title='bbox 3189 897 3325 953; x_wconf 79' lang='lat' dir='ltr'><strong>infra</strong></span> <span class='ocrx_word' id='word_1_480' title='bbox 3351 907 3475 971; x_wconf 83' lang='lat' dir='ltr'><strong>post</strong></span> <span class='ocrx_word' id='word_1_481' title='bbox 3500 897 3722 954; x_wconf 89' lang='lat' dir='ltr'><strong>dedica-</strong></span> 
     </span>
    </p>
   </div>
   <div class='ocr_carea' id='block_1_68' title="bbox 2135 991 3067 1068">
    <p class='ocr_par' dir='ltr' id='par_1_68' title="bbox 2135 991 3067 1068">
     <span class='ocr_line' id='line_1_68' title="bbox 2135 991 3067 1068; baseline -0.012 -12"><span class='ocrx_word' id='word_1_482' title='bbox 2135 1000 2312 1056; x_wconf 92' lang='lat' dir='ltr'><strong>tiones</strong></span> <span class='ocrx_word' id='word_1_483' title='bbox 2343 1007 2399 1054; x_wconf 90' lang='lat' dir='ltr'><strong>et</strong></span> <span class='ocrx_word' id='word_1_484' title='bbox 2428 995 2774 1068; x_wconf 64' lang='lat' dir='ltr'><strong>praefationes</strong></span> <span class='ocrx_word' id='word_1_485' title='bbox 2800 991 3067 1049; x_wconf 88' lang='lat' dir='ltr'><strong>invenies.</strong></span> 
     </span>
    </p>
   </div>
   <div class='ocr_carea' id='block_1_69' title="bbox 2203 1082 3731 1158">
    <p class='ocr_par' dir='ltr' id='par_1_69' title="bbox 2203 1082 3731 1158">
     <span class='ocr_line' id='line_1_69' title="bbox 2203 1082 3731 1158; baseline -0.004 -13"><span class='ocrx_word' id='word_1_486' title='bbox 2203 1090 2284 1146; x_wconf 82' lang='lat' dir='ltr'><strong>Ad</strong></span> <span class='ocrx_word' id='word_1_487' title='bbox 2319 1091 2419 1145; x_wconf 91' lang='lat' dir='ltr'><strong>hos</strong></span> <span class='ocrx_word' id='word_1_488' title='bbox 2466 1089 2628 1158; x_wconf 88' lang='lat' dir='ltr'><strong>igitur</strong></span> <span class='ocrx_word' id='word_1_489' title='bbox 2658 1085 2875 1142; x_wconf 86' lang='lat' dir='ltr'><strong>codices</strong></span> <span class='ocrx_word' id='word_1_490' title='bbox 2916 1099 3047 1140; x_wconf 90' lang='lat' dir='ltr'><strong>mss.</strong></span> <span class='ocrx_word' id='word_1_491' title='bbox 3097 1093 3416 1154; x_wconf 82' lang='lat' dir='ltr'><strong>veteresque</strong></span> <span class='ocrx_word' id='word_1_492' title='bbox 3465 1082 3731 1144; x_wconf 85' lang='lat' dir='ltr'><strong>editiones</strong></span> 
     </span>
    </p>
   </div>
   <div class='ocr_carea' id='block_1_70' title="bbox 2134 1176 3734 1247">
    <p class='ocr_par' dir='ltr' id='par_1_70' title="bbox 2134 1176 3734 1247">
     <span class='ocr_line' id='line_1_70' title="bbox 2134 1176 3734 1247; baseline -0.009 -4"><span class='ocrx_word' id='word_1_493' title='bbox 2134 1199 2330 1243; x_wconf 88' lang='lat' dir='ltr'><strong>omnes</strong></span> <span class='ocrx_word' id='word_1_494' title='bbox 2356 1199 2418 1239; x_wconf 85' lang='lat' dir='ltr'><strong>ea</strong></span> <span class='ocrx_word' id='word_1_495' title='bbox 2447 1198 2574 1238; x_wconf 78' lang='lat' dir='ltr'><strong>tura</strong></span> <span class='ocrx_word' id='word_1_496' title='bbox 2604 1180 2851 1238; x_wconf 87' lang='lat' dir='ltr'><strong>recensui</strong></span> <span class='ocrx_word' id='word_1_497' title='bbox 2885 1176 3134 1233; x_wconf 65' lang='lat' dir='ltr'><strong>Orosium</strong></span> <span class='ocrx_word' id='word_1_498' title='bbox 3167 1223 3181 1244; x_wconf 85' lang='lat'><strong>,</strong></span> <span class='ocrx_word' id='word_1_499' title='bbox 3216 1193 3376 1247; x_wconf 90' lang='lat' dir='ltr'><strong>quam</strong></span> <span class='ocrx_word' id='word_1_500' title='bbox 3423 1176 3621 1232; x_wconf 88' lang='lat' dir='ltr'><strong>mereri</strong></span> <span class='ocrx_word' id='word_1_501' title='bbox 3652 1177 3734 1230; x_wconf 89' lang='lat' dir='ltr'><strong>vi-</strong></span> 
     </span>
    </p>
   </div>
   <div class='ocr_carea' id='block_1_71' title="bbox 2134 1268 3732 1345">
    <p class='ocr_par' dir='ltr' id='par_1_71' title="bbox 2134 1268 3732 1345">
     <span class='ocr_line' id='line_1_71' title="bbox 2134 1268 3732 1345; baseline -0.006 -11"><span class='ocrx_word' id='word_1_502' title='bbox 2134 1278 2362 1334; x_wconf 90' lang='lat' dir='ltr'><strong>debatur</strong></span> <span class='ocrx_word' id='word_1_503' title='bbox 2408 1276 2672 1345; x_wconf 88' lang='lat' dir='ltr'><strong>Scriptor,</strong></span> <span class='ocrx_word' id='word_1_504' title='bbox 2721 1273 2806 1328; x_wconf 92' lang='lat' dir='ltr'><strong>cui</strong></span> <span class='ocrx_word' id='word_1_505' title='bbox 2857 1269 3182 1342; x_wconf 78' lang='lat' dir='ltr'><strong>expellendo</strong></span> <span class='ocrx_word' id='word_1_506' title='bbox 3238 1281 3457 1326; x_wconf 87' lang='lat' dir='ltr'><strong>centum</strong></span> <span class='ocrx_word' id='word_1_507' title='bbox 3501 1268 3732 1340; x_wconf 88' lang='lat' dir='ltr'><strong>amplius</strong></span> 
     </span>
    </p>
   </div>
   <div class='ocr_carea' id='block_1_72' title="bbox 2136 1363 3728 1436">
    <p class='ocr_par' dir='ltr' id='par_1_72' title="bbox 2136 1363 3728 1436">
     <span class='ocr_line' id='line_1_72' title="bbox 2136 1363 3728 1436; baseline -0.005 -10"><span class='ocrx_word' id='word_1_508' title='bbox 2136 1369 2294 1426; x_wconf 90' lang='lat' dir='ltr'><strong>annis</strong></span> <span class='ocrx_word' id='word_1_509' title='bbox 2306 1369 2543 1425; x_wconf 89' lang='lat' dir='ltr'><strong>defuisse</strong></span> <span class='ocrx_word' id='word_1_510' title='bbox 2561 1369 2797 1422; x_wconf 80' lang='lat' dir='ltr'><strong>fautores</strong></span> <span class='ocrx_word' id='word_1_511' title='bbox 2809 1365 3170 1436; x_wconf 71' lang='lat' dir='ltr'><strong>agnoscimus,</strong></span> <span class='ocrx_word' id='word_1_512' title='bbox 3187 1363 3464 1434; x_wconf 70' lang='lat' dir='ltr'><strong>quamnim</strong></span> <span class='ocrx_word' id='word_1_513' title='bbox 3483 1379 3728 1434; x_wconf 88' lang='lat' dir='ltr'><strong>sparsum</strong></span> 
     </span>
    </p>
   </div>
   <div class='ocr_carea' id='block_1_73' title="bbox 2137 1456 3726 1528">
    <p class='ocr_par' dir='ltr' id='par_1_73' title="bbox 2137 1456 3726 1528">
     <span class='ocr_line' id='line_1_73' title="bbox 2137 1456 3726 1528; baseline -0.006 -8"><span class='ocrx_word' id='word_1_514' title='bbox 2137 1465 2203 1520; x_wconf 89' lang='lat' dir='ltr'><strong>ad</strong></span> <span class='ocrx_word' id='word_1_515' title='bbox 2236 1465 2384 1519; x_wconf 70' lang='lat' dir='ltr'><strong>illum</strong></span> <span class='ocrx_word' id='word_1_516' title='bbox 2408 1462 2509 1517; x_wconf 89' lang='lat' dir='ltr'><strong>viri</strong></span> <span class='ocrx_word' id='word_1_517' title='bbox 2547 1460 2694 1517; x_wconf 91' lang='lat' dir='ltr'><strong>docti</strong></span> <span class='ocrx_word' id='word_1_518' title='bbox 2728 1469 2976 1514; x_wconf 89' lang='lat' dir='ltr'><strong>notarunt</strong></span> <span class='ocrx_word' id='word_1_519' title='bbox 2998 1473 3193 1528; x_wconf 88' lang='lat' dir='ltr'><strong>,parca</strong></span> <span class='ocrx_word' id='word_1_520' title='bbox 3240 1456 3529 1512; x_wconf 90' lang='lat' dir='ltr'><strong>admodum</strong></span> <span class='ocrx_word' id='word_1_521' title='bbox 3564 1470 3726 1510; x_wconf 90' lang='lat' dir='ltr'><strong>manu</strong></span> 
     </span>
    </p>
   </div>
   <div class='ocr_carea' id='block_1_74' title="bbox 2141 1546 3728 1628">
    <p class='ocr_par' dir='ltr' id='par_1_74' title="bbox 2141 1546 3728 1628">
     <span class='ocr_line' id='line_1_74' title="bbox 2141 1546 3728 1628; baseline -0.004 -18"><span class='ocrx_word' id='word_1_522' title='bbox 2141 1556 2354 1628; x_wconf 86' lang='lat' dir='ltr'><strong>[collata</strong></span> <span class='ocrx_word' id='word_1_523' title='bbox 2383 1566 2509 1609; x_wconf 89' lang='lat' dir='ltr'><strong>sunt</strong></span> <span class='ocrx_word' id='word_1_524' title='bbox 2537 1601 2550 1622; x_wconf 87' lang='lat'><strong>,</strong></span> <span class='ocrx_word' id='word_1_525' title='bbox 2574 1561 2629 1608; x_wconf 90' lang='lat' dir='ltr'><strong>et</strong></span> <span class='ocrx_word' id='word_1_526' title='bbox 2655 1549 2954 1608; x_wconf 78' lang='lat' dir='ltr'><strong>conl‘erenti</strong></span> <span class='ocrx_word' id='word_1_527' title='bbox 2984 1549 3183 1620; x_wconf 88' lang='lat' dir='ltr'><strong>patebit</strong></span> <span class='ocrx_word' id='word_1_528' title='bbox 3209 1557 3468 1619; x_wconf 89' lang='lat' dir='ltr'><strong>quantum</strong></span> <span class='ocrx_word' id='word_1_529' title='bbox 3502 1546 3728 1604; x_wconf 75' lang='lat' dir='ltr'><strong>medela:</strong></span> 
     </span>
    </p>
   </div>
   <div class='ocr_carea' id='block_1_75' title="bbox 2139 1638 3735 1714">
    <p class='ocr_par' dir='ltr' id='par_1_75' title="bbox 2139 1638 3735 1714">
     <span class='ocr_line' id='line_1_75' title="bbox 2139 1638 3735 1714; baseline -0.005 -12"><span class='ocrx_word' id='word_1_530' title='bbox 2139 1662 2204 1702; x_wconf 75' lang='lat' dir='ltr'><strong>ex</strong></span> <span class='ocrx_word' id='word_1_531' title='bbox 2229 1662 2362 1702; x_wconf 91' lang='lat' dir='ltr'><strong>mss.</strong></span> <span class='ocrx_word' id='word_1_532' title='bbox 2387 1661 2682 1714; x_wconf 89' lang='lat' dir='ltr'><strong>eorumque</strong></span> <span class='ocrx_word' id='word_1_533' title='bbox 2707 1643 3059 1704; x_wconf 88' lang='lat' dir='ltr'><strong>accuratiore.</strong></span> <span class='ocrx_word' id='word_1_534' title='bbox 3087 1657 3248 1712; x_wconf 86' lang='lat' dir='ltr'><strong>quam</strong></span> <span class='ocrx_word' id='word_1_535' title='bbox 3279 1657 3306 1694; x_wconf 89' lang='lat' dir='ltr'><strong>a</strong></span> <span class='ocrx_word' id='word_1_536' title='bbox 3331 1640 3602 1710; x_wconf 87' lang='lat' dir='ltr'><strong>prioribus</strong></span> <span class='ocrx_word' id='word_1_537' title='bbox 3625 1638 3735 1694; x_wconf 80' lang='lat' dir='ltr'><strong>fac-</strong></span> 
     </span>
    </p>
   </div>
   <div class='ocr_carea' id='block_1_76' title="bbox 2063 1729 3730 1806">
    <p class='ocr_par' dir='ltr' id='par_1_76' title="bbox 2063 1729 3730 1806">
     <span class='ocr_line' id='line_1_76' title="bbox 2063 1729 3730 1806; baseline -0.002 -16"><span class='ocrx_word' id='word_1_538' title='bbox 2063 1729 2111 1790; x_wconf 88' lang='lat' dir='ltr'><strong>B</strong></span> <span class='ocrx_word' id='word_1_539' title='bbox 2143 1751 2252 1794; x_wconf 91' lang='lat' dir='ltr'><strong>tum</strong></span> <span class='ocrx_word' id='word_1_540' title='bbox 2276 1738 2375 1794; x_wconf 80' lang='lat' dir='ltr'><strong>fuit</strong></span> <span class='ocrx_word' id='word_1_541' title='bbox 2403 1738 2731 1803; x_wconf 87' lang='lat' dir='ltr'><strong>editoribus,</strong></span> <span class='ocrx_word' id='word_1_542' title='bbox 2770 1737 3134 1806; x_wconf 88' lang='lat' dir='ltr'><strong>inspectione,</strong></span> <span class='ocrx_word' id='word_1_543' title='bbox 3177 1731 3730 1796; x_wconf 75' lang='lat' dir='ltr'><strong>accesseritOrOsio;</strong></span> 
     </span>
    </p>
   </div>
   <div class='ocr_carea' id='block_1_77' title="bbox 2131 1830 3734 1902">
    <p class='ocr_par' dir='ltr' id='par_1_77' title="bbox 2131 1830 3734 1902">
     <span class='ocr_line' id='line_1_77' title="bbox 2131 1830 3734 1902; baseline -0.005 -16"><span class='ocrx_word' id='word_1_544' title='bbox 2131 1835 2223 1902; x_wconf 90' lang='lat' dir='ltr'><strong>qui</strong></span> <span class='ocrx_word' id='word_1_545' title='bbox 2275 1832 2540 1902; x_wconf 85' lang='lat' dir='ltr'><strong>Scriptor.</strong></span> <span class='ocrx_word' id='word_1_546' title='bbox 2581 1830 2830 1901; x_wconf 87' lang='lat' dir='ltr'><strong>quamvis</strong></span> <span class='ocrx_word' id='word_1_547' title='bbox 2859 1844 3034 1900; x_wconf 88' lang='lat' dir='ltr'><strong>neque</strong></span> <span class='ocrx_word' id='word_1_548' title='bbox 3059 1842 3219 1882; x_wconf 84' lang='lat' dir='ltr'><strong>aurea</strong></span> <span class='ocrx_word' id='word_1_549' title='bbox 3271 1840 3446 1896; x_wconf 92' lang='lat' dir='ltr'><strong>neque</strong></span> <span class='ocrx_word' id='word_1_550' title='bbox 3478 1832 3734 1894; x_wconf 84' lang='lat' dir='ltr'><strong>argentea</strong></span> 
     </span>
    </p>
   </div>
   <div class='ocr_carea' id='block_1_78' title="bbox 2131 1914 3736 1988">
    <p class='ocr_par' dir='ltr' id='par_1_78' title="bbox 2131 1914 3736 1988">
     <span class='ocr_line' id='line_1_78' title="bbox 2131 1914 3736 1988; baseline -0.008 -6"><span class='ocrx_word' id='word_1_551' title='bbox 2131 1925 2438 1982; x_wconf 90' lang='lat' dir='ltr'><strong>Latinitatis</strong></span> <span class='ocrx_word' id='word_1_552' title='bbox 2456 1933 2614 1978; x_wconf 77' lang='lat' dir='ltr'><strong>:etate</strong></span> <span class='ocrx_word' id='word_1_553' title='bbox 2637 1920 3005 1986; x_wconf 74' lang='lat' dir='ltr'><strong>lloruit,etvix</strong></span> <span class='ocrx_word' id='word_1_554' title='bbox 3032 1918 3084 1974; x_wconf 91' lang='lat' dir='ltr'><strong>in</strong></span> <span class='ocrx_word' id='word_1_555' title='bbox 3109 1934 3250 1974; x_wconf 68' lang='grc' dir='ltr'><strong>πει-θα</strong></span> <span class='ocrx_word' id='word_1_556' title='bbox 3275 1916 3375 1972; x_wconf 92' lang='lat' dir='ltr'><strong>sibi</strong></span> <span class='ocrx_word' id='word_1_557' title='bbox 3398 1916 3574 1971; x_wconf 92' lang='lat' dir='ltr'><strong>locum</strong></span> <span class='ocrx_word' id='word_1_558' title='bbox 3606 1914 3736 1988; x_wconf 75' lang='lat' dir='ltr'><strong>reti-</strong></span> 
     </span>
    </p>
   </div>
   <div class='ocr_carea' id='block_1_79' title="bbox 2132 2011 3734 2088">
    <p class='ocr_par' dir='ltr' id='par_1_79' title="bbox 2132 2011 3734 2088">
     <span class='ocr_line' id='line_1_79' title="bbox 2132 2011 3734 2088; baseline -0.009 -11"><span class='ocrx_word' id='word_1_559' title='bbox 2132 2028 2288 2086; x_wconf 86' lang='lat' dir='ltr'><strong>neat,</strong></span> <span class='ocrx_word' id='word_1_560' title='bbox 2322 2032 2719 2088; x_wconf 90' lang='lat' dir='ltr'><strong>nonnumquam</strong></span> <span class='ocrx_word' id='word_1_561' title='bbox 2755 2029 2992 2086; x_wconf 89' lang='lat' dir='ltr'><strong>quoque,</strong></span> <span class='ocrx_word' id='word_1_562' title='bbox 3040 2029 3137 2084; x_wconf 92' lang='lat' dir='ltr'><strong>pro</strong></span> <span class='ocrx_word' id='word_1_563' title='bbox 3175 2011 3357 2068; x_wconf 63' lang='lat' dir='ltr'><strong>saeculi</strong></span> <span class='ocrx_word' id='word_1_564' title='bbox 3379 2011 3490 2081; x_wconf 72' lang='lat' dir='ltr'><strong>[sui</strong></span> <span class='ocrx_word' id='word_1_565' title='bbox 3533 2019 3690 2078; x_wconf 92' lang='lat' dir='ltr'><strong>captu</strong></span> <span class='ocrx_word' id='word_1_566' title='bbox 3715 2048 3734 2077; x_wconf 92' lang='lat'><strong>,</strong></span> 
     </span>
    </p>
   </div>
   <div class='ocr_carea' id='block_1_80' title="bbox 2133 2102 3736 2178">
    <p class='ocr_par' dir='ltr' id='par_1_80' title="bbox 2133 2102 3736 2178">
     <span class='ocr_line' id='line_1_80' title="bbox 2133 2102 3736 2178; baseline -0.005 -12"><span class='ocrx_word' id='word_1_567' title='bbox 2133 2111 2368 2168; x_wconf 90' lang='lat' dir='ltr'><strong>anilibus</strong></span> <span class='ocrx_word' id='word_1_568' title='bbox 2412 2110 2605 2166; x_wconf 82' lang='lat' dir='ltr'><strong>fabulis</strong></span> <span class='ocrx_word' id='word_1_569' title='bbox 2627 2154 2642 2178; x_wconf 91' lang='lat'><strong>,</strong></span> <span class='ocrx_word' id='word_1_570' title='bbox 2671 2119 2728 2162; x_wconf 92' lang='lat' dir='ltr'><strong>ut</strong></span> <span class='ocrx_word' id='word_1_571' title='bbox 2755 2108 2824 2164; x_wconf 92' lang='lat' dir='ltr'><strong>de</strong></span> <span class='ocrx_word' id='word_1_572' title='bbox 2865 2106 3104 2173; x_wconf 77' lang='lat' dir='ltr'><strong>vestigiis</strong></span> <span class='ocrx_word' id='word_1_573' title='bbox 3132 2117 3400 2172; x_wconf 87' lang='lat' dir='ltr'><strong>rotarum,</strong></span> <span class='ocrx_word' id='word_1_574' title='bbox 3433 2120 3554 2174; x_wconf 83' lang='lat' dir='ltr'><strong>qua:</strong></span> <span class='ocrx_word' id='word_1_575' title='bbox 3608 2102 3736 2158; x_wconf 87' lang='lat' dir='ltr'><strong>rcli-</strong></span> 
     </span>
    </p>
   </div>
   <div class='ocr_carea' id='block_1_81' title="bbox 2135 2197 3738 2275">
    <p class='ocr_par' dir='ltr' id='par_1_81' title="bbox 2135 2197 3738 2275">
     <span class='ocr_line' id='line_1_81' title="bbox 2135 2197 3738 2275; baseline -0.004 -19"><span class='ocrx_word' id='word_1_576' title='bbox 2135 2203 2355 2275; x_wconf 87' lang='lat' dir='ltr'><strong>querint</strong></span> <span class='ocrx_word' id='word_1_577' title='bbox 2391 2199 2774 2271; x_wconf 81' lang='lat' dir='ltr'><strong>conspicienda</strong></span> <span class='ocrx_word' id='word_1_578' title='bbox 2801 2199 2977 2254; x_wconf 86' lang='lat' dir='ltr'><strong>adhuc</strong></span> <span class='ocrx_word' id='word_1_579' title='bbox 3003 2197 3381 2268; x_wconf 59' lang='lat' dir='ltr'><strong>IEgyptiorum</strong></span> <span class='ocrx_word' id='word_1_580' title='bbox 3404 2210 3738 2266; x_wconf 87' lang='lat' dir='ltr'><strong>persequen-</strong></span> 
     </span>
    </p>
   </div>
   <div class='ocr_carea' id='block_1_82' title="bbox 2140 2287 3730 2360">
    <p class='ocr_par' dir='ltr' id='par_1_82' title="bbox 2140 2287 3730 2360">
     <span class='ocr_line' id='line_1_82' title="bbox 2140 2287 3730 2360; baseline -0.004 -11"><span class='ocrx_word' id='word_1_581' title='bbox 2140 2297 2271 2350; x_wconf 88' lang='lat' dir='ltr'><strong>tium</strong></span> <span class='ocrx_word' id='word_1_582' title='bbox 2296 2307 2508 2356; x_wconf 88' lang='lat' dir='ltr'><strong>currus,</strong></span> <span class='ocrx_word' id='word_1_583' title='bbox 2538 2291 2863 2360; x_wconf 87' lang='lat' dir='ltr'><strong>abripiatur:</strong></span> <span class='ocrx_word' id='word_1_584' title='bbox 2892 2298 3068 2344; x_wconf 90' lang='lat' dir='ltr'><strong>tamen</strong></span> <span class='ocrx_word' id='word_1_585' title='bbox 3086 2303 3228 2353; x_wconf 89' lang='lat' dir='ltr'><strong>,cum</strong></span> <span class='ocrx_word' id='word_1_586' title='bbox 3255 2288 3325 2342; x_wconf 92' lang='lat' dir='ltr'><strong>ob</strong></span> <span class='ocrx_word' id='word_1_587' title='bbox 3355 2289 3522 2357; x_wconf 88' lang='lat' dir='ltr'><strong>ipsius</strong></span> <span class='ocrx_word' id='word_1_588' title='bbox 3548 2287 3730 2354; x_wconf 86' lang='lat' dir='ltr'><strong>operis</strong></span> 
     </span>
    </p>
   </div>
   <div class='ocr_carea' id='block_1_83' title="bbox 2140 2381 3728 2459">
    <p class='ocr_par' dir='ltr' id='par_1_83' title="bbox 2140 2381 3728 2459">
     <span class='ocr_line' id='line_1_83' title="bbox 2140 2381 3728 2459; baseline -0.007 -15"><span class='ocrx_word' id='word_1_589' title='bbox 2140 2389 2472 2459; x_wconf 88' lang='lat' dir='ltr'><strong>multijugem</strong></span> <span class='ocrx_word' id='word_1_590' title='bbox 2521 2384 2842 2450; x_wconf 80' lang='lat' dir='ltr'><strong>Historiam,</strong></span> <span class='ocrx_word' id='word_1_591' title='bbox 2874 2398 2980 2437; x_wconf 91' lang='lat' dir='ltr'><strong>non</strong></span> <span class='ocrx_word' id='word_1_592' title='bbox 3013 2382 3188 2438; x_wconf 90' lang='lat' dir='ltr'><strong>inutili</strong></span> <span class='ocrx_word' id='word_1_593' title='bbox 3214 2381 3478 2437; x_wconf 85' lang='lat' dir='ltr'><strong>brevitate</strong></span> <span class='ocrx_word' id='word_1_594' title='bbox 3501 2396 3728 2451; x_wconf 82' lang='lat' dir='ltr'><strong>conges-</strong></span> 
     </span>
    </p>
   </div>
   <div class='ocr_carea' id='block_1_84' title="bbox 2144 2473 3733 2551">
    <p class='ocr_par' dir='ltr' id='par_1_84' title="bbox 2144 2473 3733 2551">
     <span class='ocr_line' id='line_1_84' title="bbox 2144 2473 3733 2551; baseline -0.006 -14"><span class='ocrx_word' id='word_1_595' title='bbox 2144 2492 2343 2551; x_wconf 87' lang='lat' dir='ltr'><strong>tam,et</strong></span> <span class='ocrx_word' id='word_1_596' title='bbox 2360 2480 2425 2536; x_wconf 89' lang='lat' dir='ltr'><strong>ad</strong></span> <span class='ocrx_word' id='word_1_597' title='bbox 2458 2490 2756 2549; x_wconf 90' lang='lat' dir='ltr'><strong>temporum</strong></span> <span class='ocrx_word' id='word_1_598' title='bbox 2791 2475 3052 2532; x_wconf 89' lang='lat' dir='ltr'><strong>rationem</strong></span> <span class='ocrx_word' id='word_1_599' title='bbox 3075 2475 3431 2544; x_wconf 84' lang='lat' dir='ltr'><strong>consulesque</strong></span> <span class='ocrx_word' id='word_1_600' title='bbox 3458 2473 3733 2528; x_wconf 75' lang='lat' dir='ltr'><strong>Romanos</strong></span> 
     </span>
    </p>
   </div>
   <div class='ocr_carea' id='block_1_85' title="bbox 2142 2565 3738 2644">
    <p class='ocr_par' dir='ltr' id='par_1_85' title="bbox 2142 2565 3738 2644">
     <span class='ocr_line' id='line_1_85' title="bbox 2142 2565 3738 2644; baseline -0.008 -13"><span class='ocrx_word' id='word_1_601' title='bbox 2142 2575 2378 2632; x_wconf 89' lang='lat' dir='ltr'><strong>sollicite</strong></span> <span class='ocrx_word' id='word_1_602' title='bbox 2401 2574 2684 2644; x_wconf 84' lang='lat' dir='ltr'><strong>digestam,</strong></span> <span class='ocrx_word' id='word_1_603' title='bbox 2713 2580 2821 2625; x_wconf 90' lang='lat' dir='ltr'><strong>tum</strong></span> <span class='ocrx_word' id='word_1_604' title='bbox 2849 2577 3131 2639; x_wconf 88' lang='lat' dir='ltr'><strong>propterea</strong></span> <span class='ocrx_word' id='word_1_605' title='bbox 3157 2565 3297 2636; x_wconf 90' lang='lat' dir='ltr'><strong>quod</strong></span> <span class='ocrx_word' id='word_1_606' title='bbox 3328 2566 3573 2636; x_wconf 85' lang='lat' dir='ltr'><strong>integris,</strong></span> <span class='ocrx_word' id='word_1_607' title='bbox 3602 2580 3738 2634; x_wconf 88' lang='lat' dir='ltr'><strong>quos</strong></span> 
     </span>
    </p>
   </div>
   <div class='ocr_carea' id='block_1_86' title="bbox 2145 2653 3735 2736">
    <p class='ocr_par' dir='ltr' id='par_1_86' title="bbox 2145 2653 3735 2736">
     <span class='ocr_line' id='line_1_86' title="bbox 2145 2653 3735 2736; baseline -0.008 -14"><span class='ocrx_word' id='word_1_608' title='bbox 2145 2666 2336 2722; x_wconf 79' lang='lat' dir='ltr'><strong>frustra</strong></span> <span class='ocrx_word' id='word_1_609' title='bbox 2352 2665 2460 2736; x_wconf 83' lang='lat' dir='ltr'><strong>jam</strong></span> <span class='ocrx_word' id='word_1_610' title='bbox 2479 2664 2794 2734; x_wconf 78' lang='lat' dir='ltr'><strong>qtnerimus,</strong></span> <span class='ocrx_word' id='word_1_611' title='bbox 2810 2659 3016 2730; x_wconf 86' lang='lat' dir='ltr'><strong>magnis</strong></span> <span class='ocrx_word' id='word_1_612' title='bbox 3031 2656 3377 2712; x_wconf 88' lang='lat' dir='ltr'><strong>historiarum</strong></span> <span class='ocrx_word' id='word_1_613' title='bbox 3394 2665 3446 2736; x_wconf 83' lang='lat' dir='ltr'><strong>et</strong></span> <span class='ocrx_word' id='word_1_614' title='bbox 3460 2653 3735 2710; x_wconf 89' lang='lat' dir='ltr'><strong>annalium</strong></span> 
     </span>
    </p>
   </div>
   <div class='ocr_carea' id='block_1_87' title="bbox 2143 2748 3734 2828">
    <p class='ocr_par' dir='ltr' id='par_1_87' title="bbox 2143 2748 3734 2828">
     <span class='ocr_line' id='line_1_87' title="bbox 2143 2748 3734 2828; baseline -0.008 -15"><span class='ocrx_word' id='word_1_615' title='bbox 2143 2757 2496 2828; x_wconf 83' lang='lat' dir='ltr'><strong>scriptoribus</strong></span> <span class='ocrx_word' id='word_1_616' title='bbox 2518 2795 2534 2821; x_wconf 93' lang='lat'><strong>,</strong></span> <span class='ocrx_word' id='word_1_617' title='bbox 2561 2763 2721 2824; x_wconf 88' lang='lat' dir='ltr'><strong>atque</strong></span> <span class='ocrx_word' id='word_1_618' title='bbox 2753 2753 2808 2806; x_wconf 90' lang='lat' dir='ltr'><strong>in</strong></span> <span class='ocrx_word' id='word_1_619' title='bbox 2833 2766 2898 2806; x_wconf 89' lang='lat' dir='ltr'><strong>co</strong></span> <span class='ocrx_word' id='word_1_620' title='bbox 2918 2765 3120 2821; x_wconf 85' lang='lat' dir='ltr'><strong>genere</strong></span> <span class='ocrx_word' id='word_1_621' title='bbox 3149 2748 3510 2820; x_wconf 88' lang='lat' dir='ltr'><strong>principatum</strong></span> <span class='ocrx_word' id='word_1_622' title='bbox 3546 2755 3734 2802; x_wconf 79' lang='lat' dir='ltr'><strong>tencn~</strong></span> 
     </span>
    </p>
   </div>
   <div class='ocr_carea' id='block_1_88' title="bbox 2146 2837 3732 2917">
    <p class='ocr_par' dir='ltr' id='par_1_88' title="bbox 2146 2837 3732 2917">
     <span class='ocr_line' id='line_1_88' title="bbox 2146 2837 3732 2917; baseline -0.007 -13"><span class='ocrx_word' id='word_1_623' title='bbox 2146 2851 2320 2917; x_wconf 82' lang='lat' dir='ltr'><strong>tibus,</strong></span> <span class='ocrx_word' id='word_1_624' title='bbox 2349 2849 2421 2904; x_wconf 90' lang='lat' dir='ltr'><strong>sit</strong></span> <span class='ocrx_word' id='word_1_625' title='bbox 2447 2863 2607 2916; x_wconf 91' lang='lat' dir='ltr'><strong>usus,</strong></span> <span class='ocrx_word' id='word_1_626' title='bbox 2640 2843 2855 2917; x_wconf 90' lang='lat' dir='ltr'><strong>plurimi</strong></span> <span class='ocrx_word' id='word_1_627' title='bbox 2888 2841 3029 2913; x_wconf 92' lang='lat' dir='ltr'><strong>apud</strong></span> <span class='ocrx_word' id='word_1_628' title='bbox 3060 2856 3252 2898; x_wconf 91' lang='lat' dir='ltr'><strong>omnes</strong></span> <span class='ocrx_word' id='word_1_629' title='bbox 3281 2839 3522 2897; x_wconf 88' lang='lat' dir='ltr'><strong>eruditos</strong></span> <span class='ocrx_word' id='word_1_630' title='bbox 3544 2837 3732 2894; x_wconf 87' lang='lat' dir='ltr'><strong>haberi</strong></span> 
     </span>
    </p>
   </div>
   <div class='ocr_carea' id='block_1_89' title="bbox 2145 2945 3734 3096">
    <p class='ocr_par' dir='ltr' id='par_1_89' title="bbox 2145 2945 3734 3096">
     <span class='ocr_line' id='line_1_89' title="bbox 2145 2945 3734 3096; baseline -0.01 -5"><span class='ocrx_word' id='word_1_631' title='bbox 2145 2945 2306 3090; x_wconf 50' lang='lat' dir='ltr'><strong>smilis.</strong></span> <span class='ocrx_word' id='word_1_632' title='bbox 2322 3031 2584 3089; x_wconf 86' lang='lat' dir='ltr'><strong>vocabulo</strong></span> <span class='ocrx_word' id='word_1_633' title='bbox 2608 3030 2912 3094; x_wconf 79' lang='lat' dir='ltr'><strong>Hormcsta,</strong></span> <span class='ocrx_word' id='word_1_634' title='bbox 2925 3023 3067 3096; x_wconf 90' lang='lat' dir='ltr'><strong>quod</strong></span> <span class='ocrx_word' id='word_1_635' title='bbox 3081 3021 3296 3082; x_wconf 79' lang='lat' dir='ltr'><strong>codices</strong></span> <span class='ocrx_word' id='word_1_636' title='bbox 3318 3020 3534 3092; x_wconf 89' lang='lat' dir='ltr'><strong>quidam</strong></span> <span class='ocrx_word' id='word_1_637' title='bbox 3553 3019 3734 3076; x_wconf 86' lang='lat' dir='ltr'><strong>Orosii</strong></span> 
     </span>
    </p>
   </div>
   <div class='ocr_carea' id='block_1_90' title="bbox 2070 3099 3738 3192">
    <p class='ocr_par' dir='ltr' id='par_1_90' title="bbox 2070 3099 3738 3192">
     <span class='ocr_line' id='line_1_90' title="bbox 2070 3099 3738 3192; baseline -0.011 -8"><span class='ocrx_word' id='word_1_638' title='bbox 2070 3099 2116 3163; x_wconf 55' lang='grc' dir='ltr'><strong>(ἶ</strong></span> <span class='ocrx_word' id='word_1_639' title='bbox 2152 3127 2294 3184; x_wconf 92' lang='lat' dir='ltr'><strong>libro</strong></span> <span class='ocrx_word' id='word_1_640' title='bbox 2320 3127 2482 3189; x_wconf 82' lang='lat' dir='ltr'><strong>dant,</strong></span> <span class='ocrx_word' id='word_1_641' title='bbox 2513 3139 2612 3192; x_wconf 89' lang='lat' dir='ltr'><strong>pro</strong></span> <span class='ocrx_word' id='word_1_642' title='bbox 2637 3137 2744 3192; x_wconf 90' lang='lat' dir='ltr'><strong>quo</strong></span> <span class='ocrx_word' id='word_1_643' title='bbox 2771 3117 3105 3174; x_wconf 82' lang='lat' dir='ltr'><strong>Orchestram</strong></span> <span class='ocrx_word' id='word_1_644' title='bbox 3154 3115 3244 3169; x_wconf 91' lang='lat' dir='ltr'><strong>alii</strong></span> <span class='ocrx_word' id='word_1_645' title='bbox 3284 3114 3475 3183; x_wconf 91' lang='lat' dir='ltr'><strong>reponi</strong></span> <span class='ocrx_word' id='word_1_646' title='bbox 3510 3113 3738 3178; x_wconf 90' lang='lat' dir='ltr'><strong>volunt,</strong></span> 
     </span>
    </p>
   </div>
   <div class='ocr_carea' id='block_1_91' title="bbox 2153 3202 3739 3290">
    <p class='ocr_par' dir='ltr' id='par_1_91' title="bbox 2153 3202 3739 3290">
     <span class='ocr_line' id='line_1_91' title="bbox 2153 3202 3739 3290; baseline -0.012 -14"><span class='ocrx_word' id='word_1_647' title='bbox 2153 3220 2346 3290; x_wconf 89' lang='lat' dir='ltr'><strong>inspici</strong></span> <span class='ocrx_word' id='word_1_648' title='bbox 2407 3224 2587 3288; x_wconf 90' lang='lat' dir='ltr'><strong>potest</strong></span> <span class='ocrx_word' id='word_1_649' title='bbox 2651 3213 2738 3269; x_wconf 85' lang='lat' dir='ltr'><strong>Jo.</strong></span> <span class='ocrx_word' id='word_1_650' title='bbox 2793 3211 3044 3267; x_wconf 85' lang='lat' dir='ltr'><strong>Alhcrtus</strong></span> <span class='ocrx_word' id='word_1_651' title='bbox 3100 3205 3381 3263; x_wconf 88' lang='lat' dir='ltr'><strong>Fabricius</strong></span> <span class='ocrx_word' id='word_1_652' title='bbox 3421 3204 3561 3260; x_wconf 87' lang='lat' dir='ltr'><strong>Bibl.</strong></span> <span class='ocrx_word' id='word_1_653' title='bbox 3618 3202 3739 3258; x_wconf 89' lang='lat' dir='ltr'><strong>Lat.</strong></span> 
     </span>
    </p>
   </div>
   <div class='ocr_carea' id='block_1_92' title="bbox 2153 3295 3740 3378">
    <p class='ocr_par' dir='ltr' id='par_1_92' title="bbox 2153 3295 3740 3378">
     <span class='ocr_line' id='line_1_92' title="bbox 2153 3295 3740 3378; baseline -0.011 -10"><span class='ocrx_word' id='word_1_654' title='bbox 2153 3311 2254 3368; x_wconf 91' lang='lat' dir='ltr'><strong>lib.</strong></span> <span class='ocrx_word' id='word_1_655' title='bbox 2297 3326 2370 3374; x_wconf 84' lang='lat' dir='ltr'><strong>tv,</strong></span> <span class='ocrx_word' id='word_1_656' title='bbox 2401 3323 2520 3378; x_wconf 84' lang='lat' dir='ltr'><strong>cap.</strong></span> <span class='ocrx_word' id='word_1_657' title='bbox 2555 3308 2618 3372; x_wconf 81' lang='grc'><strong>5,</strong></span> <span class='ocrx_word' id='word_1_658' title='bbox 2649 3306 2763 3360; x_wconf 85' lang='lat' dir='ltr'><strong>sive</strong></span> <span class='ocrx_word' id='word_1_659' title='bbox 2790 3313 2942 3358; x_wconf 92' lang='lat' dir='ltr'><strong>tomo</strong></span> <span class='ocrx_word' id='word_1_660' title='bbox 2969 3299 3068 3368; x_wconf 89' lang='lat' dir='ltr'><strong>Ill,</strong></span> <span class='ocrx_word' id='word_1_661' title='bbox 3111 3313 3231 3370; x_wconf 85' lang='lat' dir='ltr'><strong>pag.</strong></span> <span class='ocrx_word' id='word_1_662' title='bbox 3262 3297 3387 3362; x_wconf 71' lang='lat'><strong>557,</strong></span> <span class='ocrx_word' id='word_1_663' title='bbox 3415 3297 3505 3368; x_wconf 91' lang='lat' dir='ltr'><strong>qui</strong></span> <span class='ocrx_word' id='word_1_664' title='bbox 3558 3295 3740 3366; x_wconf 88' lang='lat' dir='ltr'><strong>plures</strong></span> 
     </span>
    </p>
   </div>
   <div class='ocr_carea' id='block_1_93' title="bbox 2149 3389 3739 3466">
    <p class='ocr_par' dir='ltr' id='par_1_93' title="bbox 2149 3389 3739 3466">
     <span class='ocr_line' id='line_1_93' title="bbox 2149 3389 3739 3466; baseline -0.009 -4"><span class='ocrx_word' id='word_1_665' title='bbox 2149 3403 2348 3462; x_wconf 90' lang='lat' dir='ltr'><strong>ibidem</strong></span> <span class='ocrx_word' id='word_1_666' title='bbox 2379 3402 2512 3460; x_wconf 90' lang='lat' dir='ltr'><strong>citat</strong></span> <span class='ocrx_word' id='word_1_667' title='bbox 2558 3401 2706 3456; x_wconf 90' lang='lat' dir='ltr'><strong>viros</strong></span> <span class='ocrx_word' id='word_1_668' title='bbox 2738 3397 2952 3462; x_wconf 86' lang='lat' dir='ltr'><strong>doctos,</strong></span> <span class='ocrx_word' id='word_1_669' title='bbox 2977 3394 3066 3466; x_wconf 85' lang='lat' dir='ltr'><strong>qui</strong></span> <span class='ocrx_word' id='word_1_670' title='bbox 3102 3393 3168 3450; x_wconf 92' lang='lat' dir='ltr'><strong>de</strong></span> <span class='ocrx_word' id='word_1_671' title='bbox 3195 3408 3260 3449; x_wconf 90' lang='lat' dir='ltr'><strong>eo</strong></span> <span class='ocrx_word' id='word_1_672' title='bbox 3288 3389 3739 3449; x_wconf 85' lang='lat' dir='ltr'><strong>vocabulodissc-</strong></span> 
     </span>
    </p>
   </div>
   <div class='ocr_carea' id='block_1_94' title="bbox 2148 3488 3740 3561">
    <p class='ocr_par' dir='ltr' id='par_1_94' title="bbox 2148 3488 3740 3561">
     <span class='ocr_line' id='line_1_94' title="bbox 2148 3488 3740 3561; baseline -0.009 -2"><span class='ocrx_word' id='word_1_673' title='bbox 2148 3508 2398 3558; x_wconf 90' lang='lat' dir='ltr'><strong>ruerunt.</strong></span> <span class='ocrx_word' id='word_1_674' title='bbox 2445 3496 2572 3555; x_wconf 86' lang='lat' dir='ltr'><strong>lllihi</strong></span> <span class='ocrx_word' id='word_1_675' title='bbox 2610 3511 2739 3552; x_wconf 90' lang='lat' dir='ltr'><strong>vero</strong></span> <span class='ocrx_word' id='word_1_676' title='bbox 2795 3492 3035 3548; x_wconf 90' lang='lat' dir='ltr'><strong>omnium</strong></span> <span class='ocrx_word' id='word_1_677' title='bbox 3080 3491 3318 3546; x_wconf 90' lang='lat' dir='ltr'><strong>rationes</strong></span> <span class='ocrx_word' id='word_1_678' title='bbox 3348 3488 3740 3561; x_wconf 90' lang='lat' dir='ltr'><strong>perpendenti,</strong></span> 
     </span>
    </p>
   </div>
   <div class='ocr_carea' id='block_1_95' title="bbox 2148 3581 3735 3658">
    <p class='ocr_par' dir='ltr' id='par_1_95' title="bbox 2148 3581 3735 3658">
     <span class='ocr_line' id='line_1_95' title="bbox 2148 3581 3735 3658; baseline -0.011 -7"><span class='ocrx_word' id='word_1_679' title='bbox 2148 3607 2399 3652; x_wconf 91' lang='lat' dir='ltr'><strong>neutrum</strong></span> <span class='ocrx_word' id='word_1_680' title='bbox 2442 3607 2507 3647; x_wconf 78' lang='lat' dir='ltr'><strong>ex</strong></span> <span class='ocrx_word' id='word_1_681' title='bbox 2548 3590 2696 3646; x_wconf 77' lang='lat' dir='ltr'><strong>hisce</strong></span> <span class='ocrx_word' id='word_1_682' title='bbox 2731 3587 3024 3658; x_wconf 90' lang='lat' dir='ltr'><strong>genuinum</strong></span> <span class='ocrx_word' id='word_1_683' title='bbox 3057 3583 3291 3640; x_wconf 89' lang='lat' dir='ltr'><strong>videtur.</strong></span> <span class='ocrx_word' id='word_1_684' title='bbox 3319 3581 3451 3637; x_wconf 90' lang='lat' dir='ltr'><strong>Cum</strong></span> <span class='ocrx_word' id='word_1_685' title='bbox 3493 3581 3636 3637; x_wconf 93' lang='lat' dir='ltr'><strong>enim</strong></span> <span class='ocrx_word' id='word_1_686' title='bbox 3681 3581 3735 3635; x_wconf 88' lang='lat' dir='ltr'><strong>in</strong></span> 
     </span>
    </p>
   </div>
   <div class='ocr_carea' id='block_1_96' title="bbox 2149 3672 3736 3758">
    <p class='ocr_par' dir='ltr' id='par_1_96' title="bbox 2149 3672 3736 3758">
     <span class='ocr_line' id='line_1_96' title="bbox 2149 3672 3736 3758; baseline -0.013 -14"><span class='ocrx_word' id='word_1_687' title='bbox 2149 3687 2472 3758; x_wconf 82' lang='lat' dir='ltr'><strong>quibusdam</strong></span> <span class='ocrx_word' id='word_1_688' title='bbox 2503 3683 2910 3752; x_wconf 77' lang='lat' dir='ltr'><strong>exemplaribus</strong></span> <span class='ocrx_word' id='word_1_689' title='bbox 2933 3680 2997 3733; x_wconf 81' lang='lat' dir='ltr'><strong>tle</strong></span> <span class='ocrx_word' id='word_1_690' title='bbox 3025 3676 3248 3732; x_wconf 86' lang='lat' dir='ltr'><strong>ormesia</strong></span> <span class='ocrx_word' id='word_1_691' title='bbox 3273 3673 3452 3729; x_wconf 79' lang='lat' dir='ltr'><strong>mundi</strong></span> <span class='ocrx_word' id='word_1_692' title='bbox 3473 3672 3578 3726; x_wconf 87' lang='lat' dir='ltr'><strong>seri</strong></span> <span class='ocrx_word' id='word_1_693' title='bbox 3589 3681 3736 3741; x_wconf 87' lang='lat' dir='ltr'><strong>pttnn</strong></span> 
     </span>
    </p>
   </div>
   <div class='ocr_carea' id='block_1_97' title="bbox 2161 3767 3742 3842">
    <p class='ocr_par' dir='ltr' id='par_1_97' title="bbox 2161 3767 3742 3842">
     <span class='ocr_line' id='line_1_97' title="bbox 2161 3767 3742 3842; baseline -0.013 -6"><span class='ocrx_word' id='word_1_694' title='bbox 2161 3778 2491 3842; x_wconf 89' lang='lat' dir='ltr'><strong>inveniatur,</strong></span> <span class='ocrx_word' id='word_1_695' title='bbox 2547 3775 2599 3830; x_wconf 89' lang='lat' dir='ltr'><strong>id</strong></span> <span class='ocrx_word' id='word_1_696' title='bbox 2633 3772 2765 3828; x_wconf 73' lang='lat' dir='ltr'><strong>nihil</strong></span> <span class='ocrx_word' id='word_1_697' title='bbox 2802 3771 2946 3824; x_wconf 86' lang='lat' dir='ltr'><strong>aliud</strong></span> <span class='ocrx_word' id='word_1_698' title='bbox 2975 3784 3094 3824; x_wconf 86' lang='lat' dir='ltr'><strong>esse</strong></span> <span class='ocrx_word' id='word_1_699' title='bbox 3122 3767 3372 3822; x_wconf 78' lang='lat' dir='ltr'><strong>existimo</strong></span> <span class='ocrx_word' id='word_1_700' title='bbox 3407 3777 3566 3833; x_wconf 88' lang='lat' dir='ltr'><strong>quam</strong></span> <span class='ocrx_word' id='word_1_701' title='bbox 3614 3776 3742 3816; x_wconf 80' lang='lat' dir='ltr'><strong>cor-</strong></span> 
     </span>
    </p>
   </div>
   <div class='ocr_carea' id='block_1_98' title="bbox 2153 3854 3738 3942">
    <p class='ocr_par' dir='ltr' id='par_1_98' title="bbox 2153 3854 3738 3942">
     <span class='ocr_line' id='line_1_98' title="bbox 2153 3854 3738 3942; baseline -0.013 -15"><span class='ocrx_word' id='word_1_702' title='bbox 2153 3878 2366 3942; x_wconf 89' lang='lat' dir='ltr'><strong>ruptum</strong></span> <span class='ocrx_word' id='word_1_703' title='bbox 2391 3913 2404 3937; x_wconf 92' lang='lat'><strong>,</strong></span> <span class='ocrx_word' id='word_1_704' title='bbox 2433 3883 2501 3923; x_wconf 78' lang='lat' dir='ltr'><strong>ex</strong></span> <span class='ocrx_word' id='word_1_705' title='bbox 2529 3865 2710 3922; x_wconf 88' lang='lat' dir='ltr'><strong>verbis</strong></span> <span class='ocrx_word' id='word_1_706' title='bbox 2733 3863 2794 3918; x_wconf 81' lang='lat' dir='ltr'><strong>de</strong></span> <span class='ocrx_word' id='word_1_707' title='bbox 2819 3861 3025 3915; x_wconf 75' lang='lat' dir='ltr'><strong>miseria</strong></span> <span class='ocrx_word' id='word_1_708' title='bbox 3057 3858 3238 3912; x_wconf 83' lang='lat' dir='ltr'><strong>mundi</strong></span> <span class='ocrx_word' id='word_1_709' title='bbox 3255 3897 3270 3924; x_wconf 88' lang='lat'><strong>,</strong></span> <span class='ocrx_word' id='word_1_710' title='bbox 3303 3866 3355 3912; x_wconf 93' lang='lat' dir='ltr'><strong>et</strong></span> <span class='ocrx_word' id='word_1_711' title='bbox 3386 3854 3529 3911; x_wconf 92' lang='lat' dir='ltr'><strong>hunc</strong></span> <span class='ocrx_word' id='word_1_712' title='bbox 3551 3868 3738 3909; x_wconf 88' lang='lat' dir='ltr'><strong>verum</strong></span> 
     </span>
    </p>
   </div>
   <div class='ocr_carea' id='block_1_99' title="bbox 2149 3945 3736 4029">
    <p class='ocr_par' dir='ltr' id='par_1_99' title="bbox 2149 3945 3736 4029">
     <span class='ocr_line' id='line_1_99' title="bbox 2149 3945 3736 4029; baseline -0.013 -8"><span class='ocrx_word' id='word_1_713' title='bbox 2149 3978 2276 4021; x_wconf 91' lang='lat' dir='ltr'><strong>esse</strong></span> <span class='ocrx_word' id='word_1_714' title='bbox 2303 3960 2518 4016; x_wconf 88' lang='lat' dir='ltr'><strong>titulum</strong></span> <span class='ocrx_word' id='word_1_715' title='bbox 2545 3975 2560 4022; x_wconf 85' lang='lat'><strong>;</strong></span> <span class='ocrx_word' id='word_1_716' title='bbox 2591 3956 2847 4029; x_wconf 90' lang='lat' dir='ltr'><strong>quoniam</strong></span> <span class='ocrx_word' id='word_1_717' title='bbox 2875 3952 2941 4008; x_wconf 90' lang='lat' dir='ltr'><strong>ad</strong></span> <span class='ocrx_word' id='word_1_718' title='bbox 2973 3951 3126 4008; x_wconf 90' lang='lat' dir='ltr'><strong>illum</strong></span> <span class='ocrx_word' id='word_1_719' title='bbox 3156 3961 3267 4005; x_wconf 92' lang='lat' dir='ltr'><strong>toto</strong></span> <span class='ocrx_word' id='word_1_720' title='bbox 3289 3963 3387 4004; x_wconf 90' lang='lat' dir='ltr'><strong>suo</strong></span> <span class='ocrx_word' id='word_1_721' title='bbox 3411 3963 3575 4018; x_wconf 87' lang='lat' dir='ltr'><strong>opere</strong></span> <span class='ocrx_word' id='word_1_722' title='bbox 3599 3945 3736 4001; x_wconf 85' lang='lat' dir='ltr'><strong>allu-</strong></span> 
     </span>
    </p>
   </div>
   <div class='ocr_carea' id='block_1_100' title="bbox 2151 4039 3738 4124">
    <p class='ocr_par' dir='ltr' id='par_1_100' title="bbox 2151 4039 3738 4124">
     <span class='ocr_line' id='line_1_100' title="bbox 2151 4039 3738 4124; baseline -0.011 -12"><span class='ocrx_word' id='word_1_723' title='bbox 2151 4057 2227 4112; x_wconf 92' lang='lat' dir='ltr'><strong>dit</strong></span> <span class='ocrx_word' id='word_1_724' title='bbox 2257 4061 2468 4124; x_wconf 87' lang='lat' dir='ltr'><strong>auctor,</strong></span> <span class='ocrx_word' id='word_1_725' title='bbox 2492 4051 2581 4124; x_wconf 91' lang='lat' dir='ltr'><strong>qui</strong></span> <span class='ocrx_word' id='word_1_726' title='bbox 2623 4049 2824 4106; x_wconf 88' lang='lat' dir='ltr'><strong>nullam</strong></span> <span class='ocrx_word' id='word_1_727' title='bbox 2850 4046 3011 4101; x_wconf 88' lang='lat' dir='ltr'><strong>aliam</strong></span> <span class='ocrx_word' id='word_1_728' title='bbox 3041 4045 3112 4100; x_wconf 91' lang='lat' dir='ltr'><strong>ob</strong></span> <span class='ocrx_word' id='word_1_729' title='bbox 3141 4058 3357 4099; x_wconf 89' lang='lat' dir='ltr'><strong>causam</strong></span> <span class='ocrx_word' id='word_1_730' title='bbox 3403 4050 3608 4111; x_wconf 89' lang='lat' dir='ltr'><strong>septem</strong></span> <span class='ocrx_word' id='word_1_731' title='bbox 3639 4039 3738 4097; x_wconf 84' lang='lat' dir='ltr'><strong>hos</strong></span> 
     </span>
    </p>
   </div>
   <div class='ocr_carea' id='block_1_101' title="bbox 2151 4131 3742 4218">
    <p class='ocr_par' dir='ltr' id='par_1_101' title="bbox 2151 4131 3742 4218">
     <span class='ocr_line' id='line_1_101' title="bbox 2151 4131 3742 4218; baseline -0.014 -10"><span class='ocrx_word' id='word_1_732' title='bbox 2151 4151 2358 4218; x_wconf 87' lang='lat' dir='ltr'><strong>libros,</strong></span> <span class='ocrx_word' id='word_1_733' title='bbox 2420 4149 2636 4203; x_wconf 76' lang='lat' dir='ltr'><strong>hortatu</strong></span> <span class='ocrx_word' id='word_1_734' title='bbox 2709 4138 2992 4212; x_wconf 85' lang='lat' dir='ltr'><strong>Augustini</strong></span> <span class='ocrx_word' id='word_1_735' title='bbox 3027 4179 3044 4202; x_wconf 85' lang='lat'><strong>,</strong></span> <span class='ocrx_word' id='word_1_736' title='bbox 3112 4135 3466 4206; x_wconf 87' lang='lat' dir='ltr'><strong>conscripsit,</strong></span> <span class='ocrx_word' id='word_1_737' title='bbox 3523 4131 3627 4188; x_wconf 90' lang='lat' dir='ltr'><strong>nisi</strong></span> <span class='ocrx_word' id='word_1_738' title='bbox 3683 4140 3742 4186; x_wconf 88' lang='lat' dir='ltr'><strong>nt</strong></span> 
     </span>
    </p>
   </div>
   <div class='ocr_carea' id='block_1_102' title="bbox 2148 4229 3745 4310">
    <p class='ocr_par' dir='ltr' id='par_1_102' title="bbox 2148 4229 3745 4310">
     <span class='ocr_line' id='line_1_102' title="bbox 2148 4229 3745 4310; baseline -0.016 -8"><span class='ocrx_word' id='word_1_739' title='bbox 2148 4244 2460 4302; x_wconf 89' lang='lat' dir='ltr'><strong>ostenderet</strong></span> <span class='ocrx_word' id='word_1_740' title='bbox 2487 4238 2589 4310; x_wconf 88' lang='lat' dir='ltr'><strong>(a).</strong></span> <span class='ocrx_word' id='word_1_741' title='bbox 2642 4233 2914 4292; x_wconf 88' lang='lat' dir='ltr'><strong>Miseriam</strong></span> <span class='ocrx_word' id='word_1_742' title='bbox 2976 4229 3161 4285; x_wconf 89' lang='lat' dir='ltr'><strong>mundi</strong></span> <span class='ocrx_word' id='word_1_743' title='bbox 3208 4243 3311 4282; x_wconf 88' lang='lat' dir='ltr'><strong>una</strong></span> <span class='ocrx_word' id='word_1_744' title='bbox 3343 4241 3466 4282; x_wconf 84' lang='lat' dir='ltr'><strong>eum</strong></span> <span class='ocrx_word' id='word_1_745' title='bbox 3522 4232 3745 4293; x_wconf 87' lang='lat' dir='ltr'><strong>peccato</strong></span> 
     </span>
    </p>
   </div>
   <div class='ocr_carea' id='block_1_103' title="bbox 2149 4314 3745 4400">
    <p class='ocr_par' dir='ltr' id='par_1_103' title="bbox 2149 4314 3745 4400">
     <span class='ocr_line' id='line_1_103' title="bbox 2149 4314 3745 4400; baseline -0.018 -5"><span class='ocrx_word' id='word_1_746' title='bbox 2149 4352 2271 4395; x_wconf 88' lang='lat' dir='ltr'><strong>esse</strong></span> <span class='ocrx_word' id='word_1_747' title='bbox 2301 4345 2512 4399; x_wconf 87' lang='lat' dir='ltr'><strong>natam,</strong></span> <span class='ocrx_word' id='word_1_748' title='bbox 2545 4343 2721 4400; x_wconf 90' lang='lat' dir='ltr'><strong>neque</strong></span> <span class='ocrx_word' id='word_1_749' title='bbox 2745 4341 2865 4382; x_wconf 92' lang='lat' dir='ltr'><strong>cum</strong></span> <span class='ocrx_word' id='word_1_750' title='bbox 2896 4319 3222 4378; x_wconf 87' lang='lat' dir='ltr'><strong>Christiania</strong></span> <span class='ocrx_word' id='word_1_751' title='bbox 3259 4317 3517 4387; x_wconf 73' lang='lat' dir='ltr'><strong>religione</strong></span> <span class='ocrx_word' id='word_1_752' title='bbox 3557 4315 3611 4370; x_wconf 89' lang='lat' dir='ltr'><strong>in</strong></span> <span class='ocrx_word' id='word_1_753' title='bbox 3643 4314 3745 4368; x_wconf 85' lang='lat' dir='ltr'><strong>im-</strong></span> 
     </span>
    </p>
   </div>
   <div class='ocr_carea' id='block_1_104' title="bbox 2157 4403 3742 4500">
    <p class='ocr_par' dir='ltr' id='par_1_104' title="bbox 2157 4403 3742 4500">
     <span class='ocr_line' id='line_1_104' title="bbox 2157 4403 3742 4500; baseline -0.018 -14"><span class='ocrx_word' id='word_1_754' title='bbox 2157 4429 2366 4500; x_wconf 91' lang='lat' dir='ltr'><strong>perium</strong></span> <span class='ocrx_word' id='word_1_755' title='bbox 2400 4425 2700 4480; x_wconf 78' lang='lat' dir='ltr'><strong>Romanum</strong></span> <span class='ocrx_word' id='word_1_756' title='bbox 2744 4415 3056 4479; x_wconf 85' lang='lat' dir='ltr'><strong>introiisse,</strong></span> <span class='ocrx_word' id='word_1_757' title='bbox 3097 4410 3194 4468; x_wconf 87' lang='lat' dir='ltr'><strong>sed</strong></span> <span class='ocrx_word' id='word_1_758' title='bbox 3239 4409 3306 4464; x_wconf 91' lang='lat' dir='ltr'><strong>ah</strong></span> <span class='ocrx_word' id='word_1_759' title='bbox 3355 4403 3742 4476; x_wconf 90' lang='lat' dir='ltr'><strong>antiquissimis</strong></span> 
     </span>
    </p>
   </div>
   <div class='ocr_carea' id='block_1_105' title="bbox 2153 4496 3742 4589">
    <p class='ocr_par' dir='ltr' id='par_1_105' title="bbox 2153 4496 3742 4589">
     <span class='ocr_line' id='line_1_105' title="bbox 2153 4496 3742 4589; baseline -0.017 -13"><span class='ocrx_word' id='word_1_760' title='bbox 2153 4496 2505 4589; x_wconf 82' lang='lat' dir='ltr'><strong>temporibus,</strong></span> <span class='ocrx_word' id='word_1_761' title='bbox 2536 4530 2632 4583; x_wconf 90' lang='lat' dir='ltr'><strong>per</strong></span> <span class='ocrx_word' id='word_1_762' title='bbox 2655 4513 2960 4566; x_wconf 91' lang='lat' dir='ltr'><strong>universum</strong></span> <span class='ocrx_word' id='word_1_763' title='bbox 2986 4515 3248 4561; x_wconf 86' lang='lat' dir='ltr'><strong>terrarum</strong></span> <span class='ocrx_word' id='word_1_764' title='bbox 3272 4501 3460 4558; x_wconf 89' lang='lat' dir='ltr'><strong>orbem</strong></span> <span class='ocrx_word' id='word_1_765' title='bbox 3485 4496 3742 4567; x_wconf 83' lang='lat' dir='ltr'><strong>viguisse,</strong></span> 
     </span>
    </p>
   </div>
   <div class='ocr_carea' id='block_1_106' title="bbox 2153 4585 3741 4680">
    <p class='ocr_par' dir='ltr' id='par_1_106' title="bbox 2153 4585 3741 4680">
     <span class='ocr_line' id='line_1_106' title="bbox 2153 4585 3741 4680; baseline -0.017 -14"><span class='ocrx_word' id='word_1_766' title='bbox 2153 4585 2330 4680; x_wconf 84' lang='lat' dir='ltr'><strong>neque</strong></span> <span class='ocrx_word' id='word_1_767' title='bbox 2351 4619 2606 4676; x_wconf 84' lang='lat' dir='ltr'><strong>umquam</strong></span> <span class='ocrx_word' id='word_1_768' title='bbox 2635 4603 2687 4656; x_wconf 93' lang='lat' dir='ltr'><strong>in</strong></span> <span class='ocrx_word' id='word_1_769' title='bbox 2718 4597 2947 4670; x_wconf 89' lang='lat' dir='ltr'><strong>imperio</strong></span> <span class='ocrx_word' id='word_1_770' title='bbox 2969 4595 3233 4658; x_wconf 76' lang='lat' dir='ltr'><strong>Romano,</strong></span> <span class='ocrx_word' id='word_1_771' title='bbox 3252 4606 3374 4647; x_wconf 91' lang='lat' dir='ltr'><strong>cum</strong></span> <span class='ocrx_word' id='word_1_772' title='bbox 3399 4589 3480 4644; x_wconf 93' lang='lat' dir='ltr'><strong>vel</strong></span> <span class='ocrx_word' id='word_1_773' title='bbox 3505 4585 3741 4643; x_wconf 72' lang='lat' dir='ltr'><strong>maxime</strong></span> 
     </span>
    </p>
   </div>
   <div class='ocr_carea' id='block_1_107' title="bbox 2154 4695 2696 4767">
    <p class='ocr_par' dir='ltr' id='par_1_107' title="bbox 2154 4695 2696 4767">
     <span class='ocr_line' id='line_1_107' title="bbox 2154 4695 2696 4767; baseline -0.018 -10"><span class='ocrx_word' id='word_1_774' title='bbox 2154 4703 2408 4767; x_wconf 87' lang='lat' dir='ltr'><strong>ﬂoreret,</strong></span> <span class='ocrx_word' id='word_1_775' title='bbox 2441 4695 2696 4752; x_wconf 82' lang='lat' dir='ltr'><strong>defuisse.</strong></span> 
     </span>
    </p>
   </div>
   <div class='ocr_carea' id='block_1_108' title="bbox 2227 4769 3748 4855">
    <p class='ocr_par' dir='ltr' id='par_1_108' title="bbox 2227 4769 3748 4855">
     <span class='ocr_line' id='line_1_108' title="bbox 2227 4769 3748 4855; baseline -0.014 -7"><span class='ocrx_word' id='word_1_776' title='bbox 2227 4791 2469 4848; x_wconf 90' lang='lat' dir='ltr'><strong>Libellus</strong></span> <span class='ocrx_word' id='word_1_777' title='bbox 2500 4786 2675 4843; x_wconf 86' lang='lat' dir='ltr'><strong>Orosii</strong></span> <span class='ocrx_word' id='word_1_778' title='bbox 2699 4827 2712 4852; x_wconf 94' lang='lat'><strong>,</strong></span> <span class='ocrx_word' id='word_1_779' title='bbox 2748 4781 2836 4855; x_wconf 89' lang='lat' dir='ltr'><strong>qui</strong></span> <span class='ocrx_word' id='word_1_780' title='bbox 2870 4778 3182 4836; x_wconf 89' lang='lat' dir='ltr'><strong>inscribitur</strong></span> <span class='ocrx_word' id='word_1_781' title='bbox 3210 4773 3469 4847; x_wconf 81' lang='lat' dir='ltr'><strong>Apologia</strong></span> <span class='ocrx_word' id='word_1_782' title='bbox 3492 4815 3507 4839; x_wconf 92' lang='lat'><strong>,</strong></span> <span class='ocrx_word' id='word_1_783' title='bbox 3538 4770 3652 4826; x_wconf 83' lang='lat' dir='ltr'><strong>sive</strong></span> <span class='ocrx_word' id='word_1_784' title='bbox 3679 4769 3748 4826; x_wconf 88' lang='lat' dir='ltr'><strong>dc</strong></span> 
     </span>
    </p>
   </div>
   <div class='ocr_carea' id='block_1_109' title="bbox 2158 4859 3746 4942">
    <p class='ocr_par' dir='ltr' id='par_1_109' title="bbox 2158 4859 3746 4942">
     <span class='ocr_line' id='line_1_109' title="bbox 2158 4859 3746 4942; baseline -0.017 0"><span class='ocrx_word' id='word_1_785' title='bbox 2158 4883 2387 4942; x_wconf 82' lang='lat' dir='ltr'><strong>Arhitrii</strong></span> <span class='ocrx_word' id='word_1_786' title='bbox 2442 4880 2719 4937; x_wconf 88' lang='lat' dir='ltr'><strong>Libertate</strong></span> <span class='ocrx_word' id='word_1_787' title='bbox 2769 4882 2953 4930; x_wconf 75' lang='lat' dir='ltr'><strong>contra</strong></span> <span class='ocrx_word' id='word_1_788' title='bbox 2999 4869 3315 4940; x_wconf 88' lang='lat' dir='ltr'><strong>Pelagianos</strong></span> <span class='ocrx_word' id='word_1_789' title='bbox 3349 4908 3363 4934; x_wconf 91' lang='lat'><strong>,</strong></span> <span class='ocrx_word' id='word_1_790' title='bbox 3409 4863 3624 4935; x_wconf 90' lang='lat' dir='ltr'><strong>proprie</strong></span> <span class='ocrx_word' id='word_1_791' title='bbox 3677 4859 3746 4916; x_wconf 88' lang='lat' dir='ltr'><strong>ad</strong></span> 
     </span>
    </p>
   </div>
   <div class='ocr_carea' id='block_1_110' title="bbox 2160 4954 3747 5042">
    <p class='ocr_par' dir='ltr' id='par_1_110' title="bbox 2160 4954 3747 5042">
     <span class='ocr_line' id='line_1_110' title="bbox 2160 4954 3747 5042; baseline -0.016 -10"><span class='ocrx_word' id='word_1_792' title='bbox 2160 4974 2432 5032; x_wconf 86' lang='lat' dir='ltr'><strong>Historias</strong></span> <span class='ocrx_word' id='word_1_793' title='bbox 2457 4972 2572 5042; x_wconf 84' lang='lat' dir='ltr'><strong>ejus</strong></span> <span class='ocrx_word' id='word_1_794' title='bbox 2604 4983 2710 5025; x_wconf 92' lang='lat' dir='ltr'><strong>non</strong></span> <span class='ocrx_word' id='word_1_795' title='bbox 2743 4965 3006 5037; x_wconf 90' lang='lat' dir='ltr'><strong>pertinet,</strong></span> <span class='ocrx_word' id='word_1_796' title='bbox 3041 4961 3134 5016; x_wconf 87' lang='lat' dir='ltr'><strong>sed</strong></span> <span class='ocrx_word' id='word_1_797' title='bbox 3163 4976 3193 5014; x_wconf 93' lang='lat' dir='ltr'><strong>a</strong></span> <span class='ocrx_word' id='word_1_798' title='bbox 3228 4956 3474 5014; x_wconf 79' lang='lat' dir='ltr'><strong>Fabricio</strong></span> <span class='ocrx_word' id='word_1_799' title='bbox 3500 4956 3551 5009; x_wconf 91' lang='lat' dir='ltr'><strong>in</strong></span> <span class='ocrx_word' id='word_1_800' title='bbox 3575 4954 3747 5009; x_wconf 89' lang='lat' dir='ltr'><strong>altera</strong></span> 
     </span>
    </p>
   </div>
   <div class='ocr_carea' id='block_1_111' title="bbox 2167 5044 3749 5140">
    <p class='ocr_par' dir='ltr' id='par_1_111' title="bbox 2167 5044 3749 5140">
     <span class='ocr_line' id='line_1_111' title="bbox 2167 5044 3749 5140; baseline -0.016 -16"><span class='ocrx_word' id='word_1_801' title='bbox 2167 5083 2328 5140; x_wconf 90' lang='lat' dir='ltr'><strong>quam</strong></span> <span class='ocrx_word' id='word_1_802' title='bbox 2381 5062 2668 5120; x_wconf 87' lang='lat' dir='ltr'><strong>adornavit</strong></span> <span class='ocrx_word' id='word_1_803' title='bbox 2720 5059 2990 5119; x_wconf 82' lang='lat' dir='ltr'><strong>editione,</strong></span> <span class='ocrx_word' id='word_1_804' title='bbox 3045 5051 3322 5122; x_wconf 86' lang='lat' dir='ltr'><strong>adjectus,</strong></span> <span class='ocrx_word' id='word_1_805' title='bbox 3373 5047 3629 5116; x_wconf 90' lang='lat' dir='ltr'><strong>deinceps</strong></span> <span class='ocrx_word' id='word_1_806' title='bbox 3697 5044 3749 5098; x_wconf 91' lang='lat' dir='ltr'><strong>in</strong></span> 
     </span>
    </p>
   </div>
   <div class='ocr_carea' id='block_1_112' title="bbox 2168 5140 3751 5232">
    <p class='ocr_par' dir='ltr' id='par_1_112' title="bbox 2168 5140 3751 5232">
     <span class='ocr_line' id='line_1_112' title="bbox 2168 5140 3751 5232; baseline -0.017 -16"><span class='ocrx_word' id='word_1_807' title='bbox 2168 5159 2390 5230; x_wconf 89' lang='lat' dir='ltr'><strong>reliquis</strong></span> <span class='ocrx_word' id='word_1_808' title='bbox 2422 5170 2562 5226; x_wconf 91' lang='lat' dir='ltr'><strong>quoq</strong></span> <span class='ocrx_word' id='word_1_809' title='bbox 2578 5167 2644 5208; x_wconf 90' lang='lat' dir='ltr'><strong>ue</strong></span> <span class='ocrx_word' id='word_1_810' title='bbox 2672 5148 2938 5221; x_wconf 87' lang='lat' dir='ltr'><strong>apparuit.</strong></span> <span class='ocrx_word' id='word_1_811' title='bbox 2972 5146 3149 5232; x_wconf 81' lang='lat' dir='ltr'><strong>Quare</strong></span> <span class='ocrx_word' id='word_1_812' title='bbox 3177 5140 3451 5198; x_wconf 88' lang='lat' dir='ltr'><strong>noluimus</strong></span> <span class='ocrx_word' id='word_1_813' title='bbox 3472 5147 3527 5194; x_wconf 91' lang='lat' dir='ltr'><strong>ut</strong></span> <span class='ocrx_word' id='word_1_814' title='bbox 3557 5154 3586 5192; x_wconf 92' lang='lat' dir='ltr'><strong>a</strong></span> <span class='ocrx_word' id='word_1_815' title='bbox 3612 5150 3751 5192; x_wconf 90' lang='lat' dir='ltr'><strong>nova</strong></span> 
     </span>
    </p>
   </div>
   <div class='ocr_carea' id='block_1_113' title="bbox 2168 5227 3751 5316">
    <p class='ocr_par' dir='ltr' id='par_1_113' title="bbox 2168 5227 3751 5316">
     <span class='ocr_line' id='line_1_113' title="bbox 2168 5227 3751 5316; baseline -0.018 -7"><span class='ocrx_word' id='word_1_816' title='bbox 2168 5227 2568 5312; x_wconf 30' lang='lat' dir='ltr'><strong>hac&#39;abessct,</strong></span> <span class='ocrx_word' id='word_1_817' title='bbox 2615 5241 2914 5316; x_wconf 70' lang='lat' dir='ltr'><strong>praesertim</strong></span> <span class='ocrx_word' id='word_1_818' title='bbox 2947 5227 3068 5295; x_wconf 87' lang='lat' dir='ltr'><strong>cum</strong></span> <span class='ocrx_word' id='word_1_819' title='bbox 3100 5236 3308 5306; x_wconf 86' lang='lat' dir='ltr'><strong>insigne</strong></span> <span class='ocrx_word' id='word_1_820' title='bbox 3345 5233 3460 5304; x_wconf 84' lang='lat' dir='ltr'><strong>ejus</strong></span> <span class='ocrx_word' id='word_1_821' title='bbox 3497 5227 3751 5299; x_wconf 88' lang='lat' dir='ltr'><strong>temporis</strong></span> 
     </span>
    </p>
   </div>
   <div class='ocr_carea' id='block_1_114' title="bbox 2165 5325 3748 5405">
    <p class='ocr_par' dir='ltr' id='par_1_114' title="bbox 2165 5325 3748 5405">
     <span class='ocr_line' id='line_1_114' title="bbox 2165 5325 3748 5405; baseline -0.018 -4"><span class='ocrx_word' id='word_1_822' title='bbox 2165 5347 2236 5401; x_wconf 89' lang='lat' dir='ltr'><strong>sit</strong></span> <span class='ocrx_word' id='word_1_823' title='bbox 2277 5347 2714 5405; x_wconf 90' lang='lat' dir='ltr'><strong>monumentum,</strong></span> <span class='ocrx_word' id='word_1_824' title='bbox 2760 5344 2816 5392; x_wconf 89' lang='lat' dir='ltr'><strong>et</strong></span> <span class='ocrx_word' id='word_1_825' title='bbox 2869 5349 2936 5390; x_wconf 82' lang='lat' dir='ltr'><strong>ex</strong></span> <span class='ocrx_word' id='word_1_826' title='bbox 2996 5330 3237 5402; x_wconf 88' lang='lat' dir='ltr'><strong>Pelagii,</strong></span> <span class='ocrx_word' id='word_1_827' title='bbox 3273 5345 3392 5400; x_wconf 73' lang='lat' dir='ltr'><strong>qua:</strong></span> <span class='ocrx_word' id='word_1_828' title='bbox 3444 5325 3748 5396; x_wconf 78' lang='lat' dir='ltr'><strong>perierunt,</strong></span> 
     </span>
    </p>
   </div>
   <div class='ocr_carea' id='block_1_115' title="bbox 2165 5410 3752 5508">
    <p class='ocr_par' dir='ltr' id='par_1_115' title="bbox 2165 5410 3752 5508">
     <span class='ocr_line' id='line_1_115' title="bbox 2165 5410 3752 5508; baseline -0.019 -15"><span class='ocrx_word' id='word_1_829' title='bbox 2165 5436 2408 5508; x_wconf 91' lang='lat' dir='ltr'><strong>scriptis,</strong></span> <span class='ocrx_word' id='word_1_830' title='bbox 2465 5439 2746 5502; x_wconf 79' lang='lat' dir='ltr'><strong>excerptas</strong></span> <span class='ocrx_word' id='word_1_831' title='bbox 2809 5427 3006 5484; x_wconf 88' lang='lat' dir='ltr'><strong>haheat</strong></span> <span class='ocrx_word' id='word_1_832' title='bbox 3061 5421 3457 5496; x_wconf 85' lang='lat' dir='ltr'><strong>portiunculas,</strong></span> <span class='ocrx_word' id='word_1_833' title='bbox 3503 5431 3566 5470; x_wconf 79' lang='lat' dir='ltr'><strong>ex</strong></span> <span class='ocrx_word' id='word_1_834' title='bbox 3634 5410 3752 5481; x_wconf 82' lang='lat' dir='ltr'><strong>qui-</strong></span> 
     </span>
    </p>
   </div>
   <div class='ocr_carea' id='block_1_116' title="bbox 2169 5503 3675 5596">
    <p class='ocr_par' dir='ltr' id='par_1_116' title="bbox 2169 5503 3675 5596">
     <span class='ocr_line' id='line_1_116' title="bbox 2169 5503 3675 5596; baseline -0.022 -8"><span class='ocrx_word' id='word_1_835' title='bbox 2169 5503 2485 5588; x_wconf 31' lang='lat' dir='ltr'><strong>hus&#39;leralia</strong></span> <span class='ocrx_word' id='word_1_836' title='bbox 2511 5525 2628 5596; x_wconf 84' lang='lat' dir='ltr'><strong>ejus</strong></span> <span class='ocrx_word' id='word_1_837' title='bbox 2660 5521 2763 5578; x_wconf 88' lang='lat' dir='ltr'><strong>viri</strong></span> <span class='ocrx_word' id='word_1_838' title='bbox 2793 5520 3046 5591; x_wconf 88' lang='lat' dir='ltr'><strong>dogmata</strong></span> <span class='ocrx_word' id='word_1_839' title='bbox 3073 5521 3490 5588; x_wconf 65' lang='lat' dir='ltr'><strong>COSIIOSCUIIIUI‘.</strong></span> <span class='ocrx_word' id='word_1_840' title='bbox 3526 5503 3675 5559; x_wconf 87' lang='lat' dir='ltr'><strong>Vale.</strong></span> 
     </span>
    </p>
   </div>
   <div class='ocr_carea' id='block_1_117' title="bbox 547 5661 3750 5790">
    <p class='ocr_par' dir='ltr' id='par_1_117' title="bbox 547 5661 3750 5790">
     <span class='ocr_line' id='line_1_117' title="bbox 547 5661 3750 5790; baseline -0.015 -22"><span class='ocrx_word' id='word_1_841' title='bbox 547 5710 626 5784; x_wconf 90' lang='lat' dir='ltr'><strong>(a)</strong></span> <span class='ocrx_word' id='word_1_842' title='bbox 653 5709 766 5768; x_wconf 83' lang='lat' dir='ltr'><strong>Lib.</strong></span> <span class='ocrx_word' id='word_1_843' title='bbox 796 5727 848 5782; x_wconf 80' lang='grc' dir='ltr'><strong>ι,</strong></span> <span class='ocrx_word' id='word_1_844' title='bbox 882 5725 1066 5790; x_wconf 40' lang='grc' dir='ltr'><strong>ειιρηι,</strong></span> <span class='ocrx_word' id='word_1_845' title='bbox 1099 5727 1153 5781; x_wconf 85' lang='lat' dir='ltr'><strong>p.</strong></span> <span class='ocrx_word' id='word_1_846' title='bbox 1186 5708 1220 5765; x_wconf 86' lang='lat'><strong>6</strong></span> <span class='ocrx_word' id='word_1_847' title='bbox 1251 5728 1262 5763; x_wconf 84' lang='lat'><strong>:</strong></span> <span class='ocrx_word' id='word_1_848' title='bbox 1289 5708 1399 5781; x_wconf 84' lang='lat' dir='ltr'><strong>Ego</strong></span> <span class='ocrx_word' id='word_1_849' title='bbox 1431 5706 1638 5764; x_wconf 87' lang='lat' dir='ltr'><strong>initium</strong></span> <span class='ocrx_word' id='word_1_850' title='bbox 1682 5700 1913 5783; x_wconf 72' lang='lat' dir='ltr'><strong>miseriae</strong></span> <span class='ocrx_word' id='word_1_851' title='bbox 1940 5699 2214 5760; x_wconf 86' lang='lat' dir='ltr'><strong>hominum</strong></span> <span class='ocrx_word' id='word_1_852' title='bbox 2249 5694 2316 5751; x_wconf 89' lang='lat' dir='ltr'><strong>ab</strong></span> <span class='ocrx_word' id='word_1_853' title='bbox 2361 5693 2514 5752; x_wconf 91' lang='lat' dir='ltr'><strong>initio</strong></span> <span class='ocrx_word' id='word_1_854' title='bbox 2553 5687 2820 5774; x_wconf 86' lang='lat' dir='ltr'><strong>peccantis</strong></span> <span class='ocrx_word' id='word_1_855' title='bbox 2873 5681 3106 5745; x_wconf 89' lang='lat' dir='ltr'><strong>hominis</strong></span> <span class='ocrx_word' id='word_1_856' title='bbox 3146 5661 3353 5736; x_wconf 83' lang='lat' dir='ltr'><strong>ducere</strong></span> <span class='ocrx_word' id='word_1_857' title='bbox 3381 5665 3610 5734; x_wconf 79' lang='lat' dir='ltr'><strong>in&#39;situi,</strong></span> <span class='ocrx_word' id='word_1_858' title='bbox 3642 5671 3750 5722; x_wconf 75' lang='lat' dir='ltr'><strong>etc.</strong></span> 
     </span>
    </p>
   </div>
  </div>
