4122 6174
519 222 627 286 645

1559 210 1830 276 PAULUS
1867 211 2156 281 OROSIUS
2193 204 2726 278 CiliiONOLOGUS.

3709 197 3810 268 sti.

531 323 3807 356 ________________________________________________.

930 475 1320 570 VARL’E
1392 473 2268 562 DEDICATIONES
2343 471 2494 555 ET
2567 467 3438 560 PREFATIONES.

1161 743 1498 804 EPISTULA

525 860 656 905 Lua.
689 857 948 900 'rntnousr
979 855 1300 900 rantsmssrs
1331 856 1398 895 an
1434 842 1772 894 cunissmos
1813 847 2115 894 Leuci-trust

599 933 671 972 ΕΤ
691 930 936 971 ΑΜηιι-ῑλιι
961 927 1296 972 ϐυιιιΑιιυωι
1315 925 1742 967 διἘΩΤΑΤΙδδιΙΕ
1766 922 1971 966 ιηυοιιε
1988 922 2119 962 ADU-

593 1001 896 1043 ιειοεμτες
925 999 1226 1040 PATRICIOS.

587 1101 689 1168 Qui
715 1101 1041 1170 scriptorum
1067 1097 1401 1152 monimenta
1423 1095 1734 1152 accuratius
1765 1093 2118 1164 introspicere

517 1202 572 1249 et
609 1207 673 1248 ea
706 1190 871 1246 veluti
913 1191 966 1248 in
1008 1189 1172 1245 librili
1201 1189 1435 1245 solerter
1477 1189 1741 1243 collocata
1779 1186 2121 1256 perpendam

518 1285 826 1341 accuratius
856 1284 1172 1339 laborarunt
1204 1299 1218 1336 :
1250 1281 1635 1338 adulescentes
1665 1279 1953 1336 clarissimi
1979 1297 1992 1332 :
2022 1292 2119 1333 eos

517 1391 640 1432 esse
673 1373 1222 1430 commendabiliores
1255 1373 1772 1442 praestantioresque
1801 1385 1908 1424 non
1941 1369 2122 1423 minus

508 1450 647 1523 vvere
671 1482 832 1537 quam
855 1465 1148 1536 prudenter
1169 1465 1677 1520 animadverterunt
1707 1480 1718 1516 :
1753 1460 1844 1532 qui
1867 1460 2119 1516 fidelibus

521 1557 874 1614 historiarum
907 1556 1254 1612 monimentis
1294 1571 1383 1612 res
1427 1570 1458 1611 a
1495 1555 1798 1625 majoribus
1837 1552 2121 1622 insigniter

517 1662 730 1722 gestas:
754 1651 1093 1720 consiliaque
1118 1649 1461 1705 admirabilia
1487 1665 1501 1702 :
1526 1664 1590 1704 ac
1618 1645 2120 1715 reruiuinopinatos

517 1755 747 1804 eventus
784 1743 1074 1814 multiplici
1108 1743 1344 1814 quadam
1383 1740 1759 1810 exemplorum
1799 1740 1954 1808 copia
1984 1750 2114 1792 exs—

517 1840 778 1910 cripsere.
816 1837 1050 1892 liistoria
1079 1836 1348 1907 siquidem
1383 1835 1567 1905 (quam
1593 1835 1784 1890 Cicero
1809 1873 1825 1900 ,
1850 1832 2116 1902 eloquen-

517 1931 607 1984 ιίλυ
635 1942 833 1998 parens
863 1927 1179 1997 primarius,
1213 1923 1472 1996 temporis
1502 1933 1696 1980 testem
1725 1941 1740 1980 :
1770 1923 1946 1980 lucem
1975 1923 2120 1978 veri.

519 2020 645 2074 tatis
675 2037 691 2073 :
717 2020 880 2074 vitam
903 2019 1212 2082 memoriae;
1261 2017 1504 2074 nuntiam
1544 2019 1827 2073 vetustatis
1853 2013 2120 2086 appellat)

2143 744 2191 804 Α
2219 741 2599 810 cumSpiciant.
2632 740 2890 798 "omines
2919 749 3183 812 praeterea
3207 738 3276 795 ab
3298 736 3673 809 improborum
3703 737 3812 794 vita

2219 834 2520 892 absterrcri
2544 878 2555 897 .
2586 835 2708 890 solo
2734 835 2898 890 etiam
2925 843 3073 890 metu
3099 831 3187 888 vel
3211 830 3526 898 dedecoris,
3565 831 3653 887 vel
3688 845 3814 902 snp-

2219 929 2366 999 plicii
2389 929 2523 983 satis
2550 935 2784 984 constat.
2819 925 3002 996 Itaque
3030 922 3171 994 apud
3202 922 3557 982 Plutarchum
3581 920 3816 993 legimus

2220 1020 2362 1077 hanc
2384 1020 2550 1076 fuisse
2569 1018 2996 1075 Lacedaemoniis
3015 1013 3490 1080 consuetudinem,
3525 1029 3621 1084 per
3644 1013 3817 1070 festos

2219 1113 2335 1170 dies
2363 1114 2502 1169 bene
2528 1123 2688 1184 potos
2715 1126 2906 1168 servos
2929 1152 2948 1179 ,
2993 1108 3222 1166 infames
3248 1100 3639 1180 cupedivoras,
3664 1107 3820 1164 vino-

2223 1207 2393 1262 lentia
2409 1206 2776 1268 dementatos,
2790 1203 3066 1261 adducere
3092 1203 3234 1258 inter
3253 1200 3820 1270 oonvivia,qoovino-

2219 1315 2401 1355 surum
2435 1297 2684 1369 exemplo
2715 1299 2974 1353 docerent
2997 1295 3419 1361 adulescentes,
3467 1304 3732 1366 quantum
3763 1295 3817 1351 in

2219 1409 2281 1450 se
2309 1394 2435 1448 tnali
2464 1391 2814 1466 spurcissima
2841 1391 3078 1448 ebrietas
3099 1391 3425 1447 contineret.
3452 1388 3818 1460 Quamobrem

2220 1489 2351 1542 nihil
2382 1486 2806 1550 conducibilius,
2831 1484 2960 1540 nihil
2981 1482 3344 1555 pratstabilius
3372 1481 3624 1546 historia,
3649 1495 3814 1552 repe-

2219 1579 2315 1634 riri
2347 1593 2505 1648 posse
2536 1575 2908 1634 contenderim
2930 1618 2945 1644 ,
2989 1583 3044 1629 ct
3073 1574 3278 1629 nullam
3305 1587 3426 1629 esse
3458 1572 3768 1630 facultatem
3799 1613 3816 1639 ,

2221 1671 2422 1727 nullam
2456 1668 2798 1739 disciplinam
2823 1711 2839 1737 ,
2869 1682 2991 1738 qua:
3020 1666 3072 1724 ei
3101 1665 3250 1723 velut
3272 1665 3416 1722 bene
3441 1664 3659 1727 vivendi
3700 1679 3822 1722 Ita-

2219 1765 2403 1834 gistraa
2430 1778 2537 1818 non
2564 1763 2815 1819 cesserit.
2844 1761 2990 1817 Inter
3015 1773 3110 1816 eos
3148 1773 3280 1814 vero
3309 1759 3396 1830 qui
3427 1757 3823 1829 praestantissi-

2221 1872 2366 1910 mum
2393 1855 2494 1910 hoc
2510 1853 2782 1910 scribendi
2805 1868 2979 1925 genus
3003 1850 3299 1917 tradidere,
3317 1849 3538 1906 Paulum
3562 1849 3819 1906 Orosium

2219 1948 2493 2014 ﬂoruisse,
2525 1962 2590 2002 ac
2617 1947 2686 2002 de
2707 1947 2873 2002 rebus
2897 1943 3144 2000 humanis
3169 1943 3384 2015 egregie
3413 1944 3668 1999 meritum
3696 1957 3823 2000 esse

2220 2041 2384 2111 plane
2405 2039 2870 2105 concesserimus,
2891 2036 2983 2108 qui
3019 2035 3120 2091 etsi
3141 2033 3577 2090 conﬂictationes
3600 2032 3824 2105 generis

519 2126 584 2168 ea
629 2109 898 2166 ministrat
927 2106 1136 2166 ali‘ati'm
1166 2127 1183 2166 :
1230 2111 1505 2180 copiosius
1528 2112 1802 2182 suggerit,
1841 2109 2112 2165 uberrime

2221 2132 2439 2186 humani
2475 2146 2491 2186 :
2523 2127 2849 2200 cupiditates
2882 2106 2984 2182 :Vet
3028 2126 3207 2182 varios
3234 2125 3604 2180 calamitatum
3649 2141 3823 2181 even-

520 2201 868 2272 snppeditat,
907 2203 1104 2272 quibus
1160 2202 1412 2259 homines
1448 2244 1464 2270 ,
1519 2204 1758 2273 insignes
1811 2203 2116 2273 priscorum

520 2310 700 2351 mores
720 2293 1083 2350 aemulabundi
1103 2295 1169 2350 ad
1193 2296 1409 2350 beatam
1435 2295 1600 2349 vitam
1625 2294 1921 2350 reddantur
1941 2303 1996 2350 et
2017 2309 2114 2365 pa-

518 2387 781 2454 ratiores,
827 2396 882 2442 et
937 2387 1346 2456 instructiores,
1403 2387 1694 2460 culpabilia
1743 2388 2117 2458 obscwnaque

515 2478 661 2535 factu
689 2479 973 2534 vitabundi
1003 2495 1111 2536 non
1154 2480 1514 2537 reformident
1547 2481 1664 2536 h:ec
1692 2481 1863 2549 adeo,
1899 2481 1993 2536 sed
2031 2480 2116 2536 fu-

516 2573 668 2643 giant
683 2613 700 2638 ,
726 2573 1086 2638 insectentur,
1109 2571 1399 2642 despuant.
1425 2573 1612 2642 Neque
1633 2573 1780 2629 enim
1808 2572 2115 2644 posteritati

517 2663 802 2734 quisquam
828 2663 1153 2733 exquisitius
1172 2665 1463 2720 consulere
1491 2664 1694 2733 possit,
1743 2673 1919 2733 neque
1947 2678 2012 2720 ea
2061 2664 2114 2718 in

517 2753 795 2825 publicum
816 2754 1006 2821 edere,
1039 2754 1182 2812 unde
1208 2755 1310 2810 sibi
1336 2757 1517 2812 omnis
1543 2756 1708 2820 ordo,
1737 2771 1924 2822 sexus,
1956 2767 2111 2824 ictas,

517 2844 603 2900 vel
635 2843 843 2912 majora
888 2845 1190 2902 litterarum
1231 2845 1588 2914 adminicula,
1618 2847 1708 2904 vel
1751 2847 2114 2918 cepiosiorcm

515 2936 584 2992 ad
630 2935 982 2994 instruendus
1035 2954 1215 2996 mores
1269 2933 1668 3010 supellectilem
1718 2939 2113 3012 spoponderit,

517 3031 982 3101 quamhistoriam
1001 3075 1016 3100 ,
1047 3035 1100 3091 id
1127 3044 1213 3092 est
1237 3037 1550 3107 magistram
1577 3053 1590 3091 :
1623 3045 1680 3094 et
1707 3037 1914 3092 ducem:
1933 3038 2072 3093 bene
2095 3075 2111 3102 ,

513 3138 580 3180 ac
614 3125 774 3182 beate
803 3126 1054 3195 vivendi,
1098 3128 1168 3185 de
1207 3144 1311 3200 qua
1337 3138 1398 3186 et
1431 3145 1616 3186 rerum
1642 3129 1886 3186 omnium
1917 3127 2113 3199 peritia

518 3219 770 3288 provenit
800 3235 814 3274 :
847 3228 908 3276 et
934 3235 997 3277 ea
1026 3220 1353 3278 documenta
1378 3223 1596 3279 haurire
1615 3233 1819 3292 queant
1843 3220 2112 3286 homines,

517 3313 714 3382 quibus
750 3314 836 3369 vel
869 3314 1129 3382 publicis,
1173 3315 1258 3371 vel
1305 3316 1532 3386 privatis
1559 3316 1865 3373 rationibus
1910 3315 2114 3371 utilitas

515 3405 780 3472 pariatur.
824 3404 979 3463 Nulia
1008 3409 1297 3478 siquidem,
1340 3411 1451 3465 ulla
1496 3426 1562 3466 ex
1617 3421 1792 3481 parte,
1851 3409 2114 3465 litteraria

2222 2236 2307 2281 tus
2355 2239 2418 2280 se
2462 2222 2791 2291 scripturum
2826 2220 3116 2290 pollicetur
3149 2235 3162 2273 :
3197 2217 3367 2273 nihilo
3409 2226 3589 2273 tamen
3635 2217 3823 2273 secius

2218 2325 2496 2386 perpetua:
2524 2314 2766 2370 historia:
2795 2312 2994 2368 seriem
3017 2351 3032 2376 ,
3077 2310 3147 2365 ab
3171 2309 3305 2365 orbe
3332 2307 3577 2372 condito,
3607 2307 3676 2363 ad
3707 2323 3826 2364 me-

2219 2409 2448 2464 moriam
2470 2421 2694 2462 suorum
2721 2415 3024 2475 temporum
3047 2417 3258 2458 summa
3280 2417 3401 2456 cum
3427 2401 3533 2457 nde
3556 2409 3642 2458 est
3662 2417 3822 2457 com-

2218 2502 2429 2572 plexus,
2463 2498 2833 2570 pestilentias,
2890 2505 3237 2550 tcrrmmotus
3260 2538 3275 2563 ,
3329 2493 3600 2549 inauditas
3629 2502 3823 2549 vasta-

2219 2595 2416 2656 tiones,
2448 2607 2607 2648 casus
2634 2591 3058 2660 inexspectatos,
3091 2598 3254 2658 atque
3285 2594 3600 2654 portentosa
3629 2601 3826 2643 rerum

2221 2685 2482 2741 miracula
2529 2699 2626 2754 pro
2655 2685 2736 2738 sui
2769 2682 2952 2750 operis
2981 2681 3229 2737 instituto
3269 2681 3578 2736 conferens.
3626 2679 3822 2752 Neque

2217 2777 2544 2847 eloquentia:
2573 2774 2823 2829 laudibus
2849 2774 3044 2839 caruit,
3069 2771 3226 2841 cujus
3247 2770 3532 2843 perspicua
3555 2772 3821 2840 brevitas,

2225 2867 2631 2926 suc‘culentiore
2651 2881 2834 2923 rerum
2858 2865 3172 2922 narratione
3186 2865 3535 2930 concinnata,
3559 2865 3822 2935 gravibus

2223 2961 2442 3032 quidem
2469 2958 3210 3026 sententiiscumttlatissima,
3237 2957 3826 3016 etinevitabilidistin-

2218 3063 2304 3110 cta
2329 3051 2590 3110 varietate
2611 3051 2962 3122 splendescit,
2979 3049 3485 3121 elulgetqueatque
3501 3049 3824 3120 eoith

2218 3147 2502 3212 lectorem,
2530 3153 2589 3200 ut
2619 3146 2708 3199 vix
2733 3144 3005 3200 existimet
3039 3151 3250 3198 tantum
3277 3142 3496 3199 dicendi
3519 3143 3828 3206 artiﬁcia

2217 3239 2484 3297 contineri
2508 3239 2562 3294 in
2591 3237 2695 3294 hoc
2715 3237 3066 3306 corpusculo.
3097 3237 3408 3294 Alexander
3441 3236 3822 3307 Aphrodiseus

2219 3332 2272 3387 in
2303 3331 2417 3387 suis
2445 3329 2798 3400 problematis
2828 3328 3108 3400 physicam
3147 3327 3311 3383 affert
3348 3327 3660 3394 rationem,
3707 3329 3824 3385 Cur

2218 3421 2369 3478 brevi
2409 3429 2616 3476 statura
2654 3420 2904 3476 homines
2952 3419 3196 3490 proceris
3242 3429 3301 3475 ut
3351 3419 3648 3490 plurimum
3691 3428 3824 3476 sunt

519 3496 852 3553 monimenta
892 3499 1018 3556 licet
1053 3501 1316 3574 reperiri,
1349 3518 1468 3573 qua:
1492 3496 1846 3558 historiarum
1885 3499 2115 3556 admini-
2142 3503 2188 3566 C
2221 3514 2602 3585 prudentiores
2630 3529 2645 3566 ς
2676 3511 2945 3566 Nimirum
3143 3513 3433 3584 εοηειδραια
3469 3523 3630 3584 “qu
3671 3529 3819 3568 σαν

516 3590 646 3646 culo
681 3606 789 3648 non
839 3592 1142 3666 indigeant,
1187 3610 1252 3652 ac
1271 3612 1461 3653 earum
1491 3599 1720 3668 vestigia
1747 3612 1858 3654 non
1884 3612 2113 3654 exoscu-

517 3681 721 3739 lentur.
739 3682 849 3741 Nec
872 3684 985 3757 jam
1014 3685 1194 3758 legunt
1220 3687 1418 3744 latores
1441 3689 1782 3760 prwterimus
1807 3707 1818 3742 :
1842 3690 1932 3762 qui
1963 3704 2117 3745 men-

515 3776 649 3834 dose
695 3793 856 3834 suum
909 3795 1104 3838 munus
1151 3781 1516 3855 adimpleant,
1570 3786 1664 3856 qui
1719 3800 1822 3842 nec
1873 3785 2112 3841 officium

517 3866 659 3925 bene
703 3870 1048 3929 instituenda:
1086 3876 1326 3932 civitatis
1365 3886 1764 3948 exsequontur,
1796 3878 1900 3934 nisi
1929 3895 2111 3935 rerum

518 3969 794 4029 gestarum
825 3966 1193 4022 narrationem
1219 3969 1379 4038 plane
1405 3970 1681 4026 tenuerint
1707 3987 1720 4022 :
1751 3985 1820 4026 ex
1845 3985 1909 4026 ea
1929 3972 2115 4037 singu-

519 4051 696 4106 lorum
736 4068 919 4110 mores
942 4057 1111 4114 veluti
1142 4059 1196 4114 in
1231 4061 1537 4131 exemplari
1569 4078 1584 4116 :
1617 4071 1673 4118 et
1699 4062 1950 4118 humanae
1990 4061 2114 4120 vitae

516 4142 742 4212 speculo
763 4145 1086 4216 inspecturi,
1115 4150 1319 4219 quosin
1341 4166 1506 4206 unum
1541 4137 1854 4208 coulractos
1881 4154 2114 4210 circum-

514 4232 810 4304 spicienter
829 4237 1076 4306 eliciant,
1103 4247 1216 4296 tum
1243 4240 1480 4314 denique
1508 4243 1734 4309 electos,
1762 4245 1854 4316 qui
1875 4244 1942 4299 ad
1962 4259 2114 4299 com-

515 4341 737 4383 munem
780 4331 1022 4387 omnium
1075 4333 1364 4390 utilitatem
1410 4335 1716 4404 proderiut,
1764 4337 1816 4391 in
1868 4335 2111 4393 medium

515 4419 831 4492 proferant,
886 4433 1050 4497 atque
1095 4427 1457 4500 promulgent.
1517 4428 1624 4486 Sed
1671 4437 1726 4485 et
1769 4429 2110 4500 philosophia

514 4527 692 4584 neque
719 4513 789 4570 de
832 4516 1079 4573 moribus
1128 4527 1398 4588 pra-cepta
1451 4519 1758 4589 explicare,
1814 4537 1991 4590 neque
2041 4521 2110 4578 de

513 4618 698 4660 rerum
725 4604 1150 4662 domesticarum
1178 4624 1309 4677 usu,
1356 4625 1422 4666 ac
1452 4610 1521 4666 de
1551 4611 1742 4681 peritia
1773 4619 1886 4668 tota
1927 4610 2112 4681 reipu-

512 4692 669 4750 blica:
697 4695 1145 4755 administranda:
1173 4741 1189 4767 ,
1244 4701 1752 4772 constitueiidazqne
1779 4704 1900 4760 sine
1931 4702 2110 4758 multis

509 4785 637 4857 juga
659 4791 1032 4860 exemplorum
1051 4793 1364 4850 narratione
1386 4810 1552 4866 agerc
1565 4799 1699 4852 satis
1720 4797 1912 4867 possit:
1937 4811 2108 4868 quan-

2216 3615 2370 3678 pacta
2399 3605 2508 3660 illis
2540 3613 2614 3660 est
2645 3604 2822 3658 anima
2851 3604 2904 3657 in
2928 3605 3168 3660 universo
3195 3620 3431 3676 corpore.
3454 3603 3702 3667 Proceri:
3729 3622 3822 3662 Ie-

2215 3715 2274 3754 ro
2295 3699 2349 3753 in
2382 3697 2760 3768 longitudinem
2783 3697 3004 3754 distenta
3027 3695 3321 3752 resolvitur.
3357 3695 3512 3766 Quod
3564 3697 3676 3754 hoc
3719 3711 3826 3755 suo

2215 3791 2460 3846 carmine
2483 3788 2806 3856 complexus
2830 3796 2915 3844 est
2941 3787 3199 3858 Papinius
3229 3805 3244 3845 :

2463 3881 2614 3944 llajor
2639 3881 2689 3930 in
2706 3882 2890 3942 exiguo
2913 3881 3152 3944 regnabat
3181 3893 3390 3945 corpore
3407 3883 3581 3938 virtus.

2215 3965 2553 4036 Quapmpter
2575 3965 2840 4019 Homerus
2865 3963 3078 4020 Ulixem
3105 3963 3351 4028 brevem,
3374 3978 3440 4019 ac
3461 3963 3830 4040 prudentem,

2217 4057 2440 4128 Ajacem
2473 4071 2604 4111 vero
2631 4069 2943 4125 procerum,
2977 4068 3041 4110 ae
3068 4054 3406 4112 stolidiorcm
3434 4053 3728 4112 describit.
3758 4056 3820 4113 In

2215 4152 2362 4223 quod
2387 4151 2638 4222 equidem
2669 4151 2974 4223 problems,
3006 4151 3173 4206 veluti
3198 4151 3252 4205 in
3281 4149 3680 4206 diverticulum
3707 4165 3820 4207 nu

2215 4241 2424 4298 invitus
2466 4241 2746 4305 transilui,
2786 4252 2938 4296 ratus
2966 4241 3214 4297 eamdem
3243 4240 3431 4298 afferri
3476 4241 3822 4300 solutionem

2217 4334 2284 4391 de
2316 4333 2604 4405 prudentia
2638 4334 2811 4388 nostri
2843 4325 3274 4406 Historiogrnphi
3295 4375 3312 4402 ,
3361 4333 3452 4405 qui
3485 4335 3539 4390 in
3576 4334 3684 4392 hoc
3712 4349 3822 4392 suo

2217 4428 2377 4483 brevi
2408 4441 2572 4497 opere
2597 4440 2691 4481 res
2723 4433 2803 4481 tot
2843 4426 3134 4482 retroactis
3168 4426 3387 4488 suculis
3401 4435 3592 4498 gestas
3617 4428 3815 4498 ampli-

2217 4526 2300 4573 ter
2317 4515 2581 4572 deseribit
2602 4557 2617 4582 ,
2645 4515 2966 4572 brevitatem
2991 4531 3168 4588 neque
3194 4517 3496 4576 obscuram
3520 4532 3701 4588 tneque
3726 4519 3814 4588 je-

2212 4611 2398 4681 junam
2421 4608 2720 4668 observans
2743 4649 2759 4674 ,
2791 4607 2892 4666 sed
2913 4623 3032 4678 quae
3052 4617 3257 4679 quanto
3295 4607 3653 4678 suppressior
3686 4617 3777 4666 est
3793 4649 3812 4675 ,

2217 4713 2374 4758 tanto
2401 4710 2488 4758 est.
2516 4702 2836 4772 prudentior
2858 4741 2875 4768 ,
2902 4710 2958 4757 et
2983 4701 3336 4761 luculentior.
3371 4703 3668 4760 Enimvero
3709 4719 3814 4775 ego

2213 4796 2334 4867 ipse
2358 4797 2542 4854 multis
2568 4797 2738 4854 rebus
2764 4797 3153 4864 subinvitatus,
3182 4797 3563 4856 adulescentes
3589 4809 3811 4870 specta-

513 4877 806 4950 doquidem
826 4883 1246 4953 conducibilius,
1267 4885 1651 4957 efficaciusque
1667 4887 1899 4944 docendi
1935 4902 2108 4960 genus
2137 4884 2184 4945 D
2212 4890 2408 4946 tissimi
2431 4933 2447 4954 ,
2471 4905 2568 4945 vos
2595 4905 2826 4956 moneo,
2860 4899 2918 4958 et
2961 4889 3177 4955 hortor,
3203 4898 3265 4946 ut
3293 4891 3810 4961 prmuanﬂssimun

511 4985 611 5043 per
631 4977 900 5044 exempla,
924 4993 1086 5049 quam
1114 4994 1209 5049 per
1229 4977 1553 5034 documenta
1581 4994 1727 5046 esse,
1754 4995 1916 5037 nemo
1941 4980 2106 5036 homo

513 5078 621 5120 non
664 5067 832 5120 novit.
865 5068 1064 5124 Natura
1093 5068 1238 5124 enim
1268 5079 1638 5140 comparatum
1671 5078 1788 5137 est,
1837 5080 1896 5126 ut
1923 5069 2106 5126 excel-

512 5155 742 5213 lentium
793 5159 1032 5216 virorum
1070 5161 1344 5231 exemplis
1388 5162 1719 5220 advocentur
1753 5163 2002 5220 heminas
2036 5163 2106 5219 ad

510 5250 750 5307 studium
781 5251 998 5322 gloria};
1046 5263 1104 5310 et
1141 5255 1352 5321 allecti,
1403 5270 1513 5312 non
1543 5256 1646 5313 nisi
1685 5273 1808 5329 quas
1845 5258 2108 5328 praeclara

512 5345 622 5400 sint
651 5353 710 5402 et
749 5347 996 5414 honesta,
1045 5347 1130 5402 vel
1175 5348 1373 5404 imitari
1401 5349 1681 5416 studeant,
1731 5351 1822 5405 vel
1865 5351 2102 5421 assequi.

511 5434 623 5492 Usu
650 5452 865 5508 quoque
895 5440 1045 5494 venit
1072 5448 1131 5494 ut
1156 5439 1513 5496 humanarum
1555 5457 1742 5496 rerum
1771 5440 2104 5496 vicissitudi-

512 5541 634 5582 nem
663 5529 1140 5600 contemplabundi
1171 5549 1184 5585 :
1213 5531 1431 5589 flantem
1457 5572 1474 5597 ,
1521 5533 1912 5601 reﬂantemqne
1945 5534 2104 5588 toties

511 5617 780 5678 fortunam
809 5624 1020 5680 alterna
1051 5625 1293 5681 velorum
1322 5625 1688 5694 explicatione
1721 5624 2098 5692 moderentur,

513 5710 791 5784 ipsiusque
833 5717 1095 5774 variantis
1143 5717 1370 5774 fortuna:
1415 5717 1662 5775 incursus
1711 5717 1946 5776 solerter
1988 5720 2096 5776 cir-

2209 4983 2315 5040 hoe
2342 4999 2482 5056 opus
2516 4983 2678 5039 vobis
2703 4982 3023 5038 nominatim
3059 4981 3405 5048 dedicatum,
3436 4983 3602 5040 hilari
3631 4983 3808 5048 vultu,

2207 5087 2263 5134 et
2289 5093 2480 5134 serena
2514 5077 2692 5133 fronte
2711 5075 3057 5145 suscipiatis:
3091 5076 3322 5131 multum
3347 5075 3474 5132 inde
3496 5075 3812 5146 iucundita-

2209 5169 2300 5234 tis,
2325 5171 2552 5224 multant
2584 5168 2960 5231 emolumenti,
2995 5183 3097 5225 nec
3133 5168 3316 5224 niinus
3339 5168 3693 5224 beatitudinis
3718 5183 3811 5224 re-

2209 5261 2497 5332 portaturi.
2541 5259 2689 5331 Opus
2741 5269 2828 5318 est
2877 5260 3028 5317 enim
3075 5276 3184 5316 non
3236 5261 3418 5319 minus
3455 5260 3802 5331 frugiieruu,

2211 5368 2372 5423 quam
2429 5351 2832 5423 voluptifleum,
2887 5351 2978 5407 cui
3031 5349 3286 5422 equidem
3328 5351 3810 5412 “nomine!!!

2209 5443 2496 5498 cltnrtatiui
2525 5445 2580 5500 in
2617 5443 2957 5514 marginibus
2986 5443 3207 5511 ascripsi
3233 5481 3251 5508 ,
3282 5452 3339 5502 el;
3358 5458 3555 5500 earum
3578 5455 3807 5514 om

2210 5537 2294 5589 sui
2315 5535 2639 5592 litterarium
2665 5534 2902 5592 indicem
2924 5574 2939 5599 ,
2975 5533 3030 5588 ui
3063 5533 3172 5588 illis
3200 5545 3522 5604 argumenta
3542 5548 3805 5594 occurro-

2209 5635 2334 5682 rcnt
2361 5627 2499 5684 scitu
2535 5627 2836 5698 patentiora
2863 5669 2877 5691 ,
2909 5624 3012 5680 hoc
3042 5638 3172 5679 vero
3215 5626 3409 5682 fierent
3438 5627 3684 5684 faciliora
3711 5640 3802 5680 re-

2208 5731 2396 5792 pcrtu;
2438 5721 2538 5778 luit
2587 5719 2674 5776 hic
2720 5719 2870 5776 labor
2909 5732 3042 5774 sane
3090 5731 3199 5778 non
3249 5718 3580 5790 iniucundus
3629 5715 3797 5785 inihi,
