4122 6174
352 233 464 298 645

1253 242 1337 300 VA
1348 242 1486 300 Rle
1527 240 2032 308 DEDICATIONES
2076 243 2161 302 ET
2177 243 2720 342 IlPR/EFATIONES.

3532 251 3640 312 (46

355 351 695 410 existimanti
727 353 830 411 hoc
861 365 1018 429 pacto
1049 372 1225 429 opcrac
1260 363 1490 430 pretium
1531 360 1793 416 facturum
1824 373 1939 428 me,
1969 360 2021 420 Α
2051 349 2198 448 rent,
2233 361 2397 416 immo
2426 362 2507 418 vel
2537 363 2630 417 toti
2655 362 2872 418 demum
2906 361 3024 422 Orbi
3057 370 3380 435 patesceret,
3405 369 3640 432 sanctis—-

355 445 516 518 idqtte
545 449 1010 520 promulgaturum
1039 492 1054 518 ,
1077 467 1184 523 quo
1216 461 1396 508 vestra
1425 453 1664 508 eruditio
1693 451 1941 507 nonnihil

351 537 703 608 adjuvaretur
732 539 799 596 ad
830 543 1149 610 prteclarum
1177 553 1233 599 et
1258 545 1498 612 virtutis,
1533 554 1590 600 et
1621 545 1942 600 litteratura:

355 625 628 699 fastigium
675 631 1107 701 adipiscendum.
1145 634 1333 692 Valete
1377 644 1434 692 et
1477 636 1615 692 hanc
1662 636 1940 707 operulam

351 721 456 778 mei
498 721 551 777 in
597 737 695 778 vos
723 725 927 781 amoris
961 741 1024 784 ac
1071 728 1433 787 observantia:
1481 739 1672 788 testem
1715 729 1942 802 perenni

352 811 534 870 studio
566 813 918 874 confoveatis.

988 911 1326 972 EPISTOLA

521 997 743 1060 Joauxts
769 1001 1002 1061 Casum
1042 1023 1110 1062 ito
1140 1007 1423 1066 Gsoactuu
1467 1026 1498 1067 Α
1537 1010 1726 1070 SEINA.

349 1112 560 1190 lllustri
579 1130 957 1190 generosoque
983 1121 1104 1177 viro
1131 1123 1362 1179 Domino
1387 1125 1632 1182 Geoncto
1671 1143 1704 1181 Α
1748 1125 1936 1190 Ssuu,

418 1186 715 1268 etr_iticlyta
747 1199 799 1268 et
829 1186 1086 1268 praeclara
1119 1198 1378 1268 comitum
1408 1213 1437 1268 ξι
1472 1197 1828 1268 Yittgensteiu
1861 1186 1936 1254 fa;

420 1259 565 1330 milia
593 1300 609 1325 ,
631 1259 636 1260 “
657 1261 1092 1330 metropolitanm
1125 1267 1366 1321 ecclesia:
1392 1259 1734 1324 Colonicnsis
1763 1283 1930 1322 cano-

421 1326 554 1406 nico
607 1326 1142 1406 archigrammateo,
1196 1336 1448 1393 divorum
1504 1339 1738 1394 Patrocli
1795 1337 1936 1406 apud

416 1396 672 1481 Susa-tum
711 1396 850 1481 haud
882 1396 1484 1481 ignobile'Vestphalim
1520 1409 1802 1479 oppidum,
1827 1396 1934 1463 Ce-

418 1476 709 1546 rconis,_ac
741 1476 1122 1544 Apostolorum
1163 1476 1303 1546 apud
1334 1476 1616 1542 Coloniam
1660 1483 1812 1546 item,
1847 1495 1938 1534 nr-

423 1539 558 1617 |t_e_u]_
579 1539 839 1599 Ubiorum
879 1539 1404 1616 famigeratis'simam
1428 1594 1442 1617 ,
1472 1539 1826 1606 ecclesiarum
1849 1566 1939 1604 ar-

417 1609 762 1678 chidiacouo,
814 1609 1126 1692 praeposito,
1172 1618 1396 1692 domino
1431 1609 1510 1692 'ct
1537 1629 1767 1692 patrono
1812 1636 1934 1687 suo,

699 1701 860 1756 quam
890 1688 1184 1755 plurimum
1212 1688 1576 1759 observando,

772 1800 1008 1858 Joaxxes
1037 1803 1336 1869 Cssamus,
1365 1806 1422 1862 S.
1457 1807 1519 1861 D.

414 1913 582 1970 Divus
625 1916 876 1972 Aurelius
907 1919 1268 1989 Augustinus,
1321 1919 1404 1976 vir
1433 1928 1634 1989 praeter
1661 1919 1826 1975 animi
1856 1921 1932 1976 lc-

339 2006 568 2060 uitatem
594 2046 611 2073 ,
645 2023 805 2078 quam
832 2007 944 2078 jam
976 2008 1101 2064 inde
1132 2025 1159 2062 a
1202 2010 1374 2080 prima
1406 2009 1776 2066 adolescentia
1819 2026 1931 2086 prze

338 2112 400 2152 se
432 2096 553 2152 tulit
580 2114 821 2168 semper,
850 2115 912 2154 ac
943 2112 1204 2172 perpetuo
1229 2102 1486 2169 servavit,
1514 2113 1626 2158 tum
1647 2113 1704 2159 et
1730 2113 1929 2174 praeter

339 2193 465 2248 vita:
495 2193 909 2248 sanctimoniam
929 2235 945 2260 ,
977 2210 1080 2266 qua
1108 2209 1233 2250 mox
1264 2205 1383 2267 post
1428 2197 1546 2268 ejus
1573 2198 1639 2252 ad
1663 2197 1929 2253 Christia-

340 2290 575 2344 nismum
613 2292 1034 2349 conversionem
1060 2332 1076 2358 ,
1110 2291 1476 2350 inclarescere
1518 2302 1759 2362 coeperat
1790 2292 1930 2363 apud

346 2382 520 2439 Deum
549 2393 603 2440 et
634 2384 906 2450 homines,
938 2401 1000 2441 ac
1020 2385 1217 2442 deinde
1248 2386 1531 2458 insigniter
1550 2389 1766 2452 claruit,
1799 2387 1931 2442 dum

337 2474 512 2545 vixit,
545 2477 727 2548 magni
775 2493 908 2534 sane
943 2477 1134 2547 judieii
1165 2478 1295 2546 fuit,
1339 2494 1462 2534 cum
1510 2479 1565 2534 in
1599 2477 1839 2549 profanis
1873 2485 1929 2532 et

337 2569 718 2638 saecularibus,
751 2580 862 2626 tum
896 2573 948 2626 in
983 2571 1180 2627 divinis
1203 2571 1474 2642 przecipue
1497 2581 1553 2628 et
1583 2571 1752 2626 sacris
1784 2571 1961 2634 littc-_

337 2661 444 2726 ris,
470 2677 633 2732 quas,
666 2671 1019 2733 posteaquam
1051 2663 1266 2718 Christo
1297 2664 1349 2718 in
1377 2678 1533 2720 sacro
1561 2663 1706 2718 fonte
1731 2677 1928 2718 nomen

339 2753 590 2822 dederat,
624 2754 1044 2828 diligentissime
1067 2764 1335 2812 scrutatus
1353 2755 1639 2824 est,volvit
1660 2763 1822 2824 atque
1846 2770 1931 2809 rc-

339 2845 532 2911 volvit,
571 2854 627 2900 et
663 2845 716 2900 in
751 2847 836 2901 his
864 2846 1200 2903 elucidandis
1223 2848 1669 2920 exponendisque
1699 2862 1804 2902 non
1835 2861 1926 2902 sc-

335 2938 518 3008 guiter
539 2948 791 2995 versatus
817 2938 1136 2996 innumeros
1160 2956 1328 3012 prope
1358 2941 1528 2997 libros
1559 2957 1586 2994 a
1617 2956 1678 2997 se
1695 2940 1930 3011 scriptos

336 3031 576 3100 posteris
601 3032 838 3106 reliquit.
866 3033 964 3089 ilic
992 3033 1264 3108 (inquam)
1294 3050 1414 3090 cum
1443 3035 1584 3092 inter
1613 3034 1717 3090 alia
1747 3033 1926 3089 studia

336 3140 460 3195 qua:
502 3126 788 3195 tractabat,
823 3127 874 3182 in
905 3127 1157 3182 manibus
1198 3126 1423 3193 haberet
1463 3132 1924 3195 componeretque

335 3216 543 3288 grande
570 3217 701 3273 illud
749 3233 916 3289 opus,
960 3220 1076 3276 sive
1102 3217 1546 3288 volumen,quod
1592 3217 1661 3271 de
1697 3214 1928 3272 Civitate

337 3308 435 3364 Dei
465 3309 766 3380 inscripsit,
785 3311 917 3367 etin
947 3311 1114 3369 libros
1145 3311 1335 3382 viginti
1357 3309 1494 3366 duos
1523 3307 1766 3380 digessit,
1793 3323 1926 3378 quo-

339 3416 459 3456 rum
491 3401 544 3458 in
573 3401 850 3473 prioribus
879 3404 1099 3475 quidem
1130 3403 1322 3460 decem
1349 3403 1661 3458 acutissime
1689 3402 1930 3471 disputat

337 3505 528 3552 contra
580 3497 872 3566 infideles,
922 3514 1060 3570 quos
1109 3498 1270 3568 vulgo
1313 3511 1552 3568 paganos
1602 3502 1820 3561 vocant,
1875 3500 1933 3547 et

335 3589 630 3647 Christiani
654 3593 887 3648 nominis
910 3593 1116 3659 hostes,
1140 3591 1234 3663 qui
1257 3590 1490 3646 Romani
1521 3589 1733 3660 imperii
1753 3585 1932 3642 immi-

335 3693 557 3739 nentem
603 3683 838 3751 ruinam,
871 3693 929 3739 ut
964 3683 1108 3755 quod
1154 3699 1249 3754 per
1279 3682 1331 3738 id
1365 3681 1627 3752 temporis
1659 3679 1924 3734 inclinare

335 3783 581 3844 cmpcrat
601 3815 618 3840 ,
645 3773 970 3831 Christianae
995 3774 1183 3845 pietati
1215 3773 1450 3844 ﬁdeique
1475 3782 1525 3827 et
1547 3770 1796 3841 religioni
1826 3769 1928 3823 im-

336 3866 620 3936 putabant.
652 3866 710 3921 In
748 3867 946 3940 quibus
977 3866 1206 3938 proinde
1237 3866 1392 3921 libris
1431 3865 1514 3920 vir
1553 3864 1647 3920 ille
1677 3861 1935 3934 gravissi-

337 3957 442 4015 mis
471 3957 900 4030 certissimisque
930 3975 995 4016 ex
1027 3959 1267 4032 probatis
1307 3957 1656 4013 historiarum
1701 3955 1934 4026 scripto-

339 4048 492 4104 ribus
534 4049 835 4122 dcsumptis
885 4052 1240 4117 testimoniis,
1282 4051 1408 4106 illos
1469 4049 1714 4106 confutat
1767 4057 1930 4118 atquc

273 4128 282 4134 ’
339 4143 632 4212 convincit,
662 4145 828 4201 immo
857 4145 1289 4202 luculentissime
1311 4143 1546 4200 ostendit
1569 4142 1933 4198 demonstrat-

339 4250 466 4306 que,
518 4252 627 4292 non
679 4252 878 4293 novum
922 4236 1055 4306 fore,
1097 4247 1190 4293 aut
1225 4236 1387 4294 etiam
1427 4250 1524 4307 pro
1553 4232 1814 4290 miraculo
1842 4230 1930 4296 ha-

337 4327 604 4395 bendum,
636 4329 938 4386 Romanum
973 4331 1256 4400 imperium
1284 4331 1586 4386 desiturum
1613 4325 1927 4398 aliquando,

337 4432 427 4474 aut
451 4430 603 4477 certe
618 4420 996 4478 inclinaturum
1018 4441 1031 4476 :
1055 4439 1175 4481 cum
1197 4423 1501 4478 clarissime
1525 4431 1758 4485 constet,
1781 4416 1924 4490 apud

338 4511 688 4570 historiarum
738 4517 1156 4588 annaliumqne,
1205 4516 1372 4570 immo
1413 4524 1468 4572 et
1522 4513 1926 4571 Chronicorum

337 4606 670 4677 scriptores,
709 4607 779 4664 ab
826 4608 1142 4680 eisdemque
1183 4608 1460 4668 memoria:
1511 4606 1786 4677 prodituro
1833 4606 1930 4672 sit,

337 4712 508 4769 regna
529 4709 582 4753 et
616 4700 840 4770 imperia
873 4701 1102 4756 subinde
1131 4700 1213 4756 vel
1245 4699 1504 4754 subversa
1547 4698 1812 4765 funditus,
1841 4697 1930 4753 vel

342 4791 602 4848 translata
644 4792 810 4850 fuisse
841 4813 852 4848 :
882 4803 940 4849 ιιι
982 4793 1029 4849 si
1057 4794 1178 4866 quis
1202 4793 1447 4863 exempla
1479 4801 1644 4862 petat,
1677 4794 1929 4864 Assyrio-

339 4899 483 4951 rum,
509 4885 813 4952 Medorum,
837 4886 1151 4954 Persarum,
1182 4886 1532 4942 Macedonum
1563 4885 1680 4941 sive
1705 4886 1929 4942 Grmco-

337 4993 482 5044 rum,
535 4979 698 5033 etiam
747 4979 850 5034 sub
899 4978 1035 5035 falsa
1078 4980 1171 5034 illa
1202 4979 1488 5048 religione,
1522 4993 1643 5049 qua:
1670 4977 1763 5032 ditt
1804 4987 1929 5032 ante

335 5068 539 5126 Christi
583 5071 884 5127 Salvatoris
925 5073 1097 5128 nostri
1130 5071 1421 5127 adventum
1452 5070 1763 5126 universum
1790 5083 1928 5140 pene

336 5163 524 5218 orbem
548 5172 840 5232 occuparat
863 5173 1025 5235 atque
1058 5163 1327 5220 illuscrat.
1355 5163 1485 5229 Qua:
1512 5162 1764 5217 nimirum
1797 5161 1927 5233 quid

333 5252 483 5307 aliud
513 5253 744 5323 (quasso)
777 5252 901 5319 fuit,
925 5269 1087 5324 quam
1126 5253 1385 5310 falsorum
1411 5251 1661 5318 deorum,
1693 5253 1807 5308 sive
1837 5267 1928 5307 ve-

333 5347 451 5403 rius
480 5345 788 5401 daemonum
814 5387 830 5413 ,
860 5345 1034 5401 cultus
1065 5345 1484 5402 exitiosissimus
1510 5344 1533 5398 i
1559 5344 1827 5399 Caeterum
1855 5359 1924 5400 ne

329 5439 519 5508 impiis
557 5438 662 5494 illis
691 5447 747 5494 et
776 5437 1113 5508 blasphemis
1137 5436 1462 5492 Christiana:
1492 5435 1771 5507 religionis
1798 5450 1928 5490 oso-

331 5531 490 5587 ribus
534 5541 588 5587 et
632 5529 1092 5587 conviciatoribus
1127 5537 1440 5600 superesset
1469 5527 1786 5600 quidquam,
1819 5542 1926 5596 quo

327 5638 490 5679 suam
539 5621 688 5678 illam
716 5621 987 5678 vafritiam
1036 5631 1090 5677 et
1137 5620 1478 5690 versipellem
1524 5620 1786 5675 malitiam
1844 5633 1910 5672 ac

331 5713 778 5773 maledicentiam
814 5713 1079 5773 adversus
1103 5712 1443 5772 Christianos
1486 5715 1631 5786 ipsos
1659 5720 1925 5784 prmtexe-

1955 3086 2004 3152 C

2047 455 2168 508 simi
2193 453 2309 522 ejus
2324 453 2424 510 viri
2447 462 2553 509 tam
2583 455 2730 525 pium
2756 454 3064 512 institutum
3091 473 3197 512 non
3217 474 3338 516 esse
3361 459 3636 532 frivolum,

2045 545 2349 601 inhortatus
2385 557 2470 602 est
2515 547 2656 602 idem
2699 547 2783 603 vir
2812 548 3037 604 Paulum
3067 549 3320 608 Orosium
3351 552 3634 628 presbyte-

2043 651 2183 706 rum,
2213 637 2416 704 virum,
2461 655 2558 708 per
2589 653 2655 696 ea
2687 648 2933 710 tempora
2981 641 3086 696 sibi
3120 645 3366 714 apprime
3402 643 3636 704 familia-

2043 744 2158 784 rem
2185 770 2199 796 ,
2231 739 2286 786 ct
2333 731 2385 786 in
2420 731 2656 786 lcetioue
2693 731 3042 789 historiarum
3073 737 3637 807 exercitatissimum,

2043 829 2103 876 ut
2125 821 2193 876 ab
2223 823 2356 879 orbe
2385 823 2606 879 condito
2630 823 2898 880 Historias
2922 835 3217 884 contexere
3247 830 3638 900 aggrederetur

2041 916 2108 971 ad
2134 931 2230 972 sua
2264 932 2434 986 usque
2459 926 2729 988 tempora,
2754 919 2897 974 unde
2922 919 3136 976 tandem
3161 921 3408 978 maledici
3433 923 3510 978 illi
3538 923 3636 981 ho-

2041 1011 2218 1067 mines
2244 1011 2328 1066 vel
2364 1012 2514 1066 inviti
2564 1013 2927 1084 iutelligerent
2980 1026 3486 1087 cognoscerentque
3528 1032 3636 1074 non

2040 1102 2403 1159 Christianam
2429 1104 2744 1175 religionem
2779 1106 2830 1160 in
2859 1121 3023 1166 causa
3046 1120 3190 1172 esse,
3219 1106 3495 1178 quodjam
3522 1117 3634 1164 tum

2041 1193 2342 1249 Romanum
2384 1195 2674 1265 imperium
2707 1197 2975 1253 inclinare
3005 1197 3302 1266 videretur,
3332 1199 3428 1254 sed
3461 1199 3638 1256 homi-

2040 1302 2168 1342 num
2193 1289 2370 1360 potius
2392 1291 2574 1360 gravia
2599 1289 2973 1361 horrendaque
3000 1291 3210 1346 scelera
3237 1300 3397 1364 atque
3421 1292 3622 1364 ﬂagitia

2044 1379 2206 1449 idque
2252 1381 2394 1436 haud
2444 1380 2610 1436 dubie
2668 1381 2848 1438 divina
2898 1382 3242 1452 providentia
3313 1383 3393 1438 sic
3448 1383 3631 1454 dispo-

2042 1481 2207 1527 nente
2233 1483 2284 1526 et
2318 1472 2636 1528 moderante
2665 1472 2846 1529 omuia
2877 1488 2978 1544 pro
3004 1488 3104 1532 suo
3137 1483 3272 1534 nutu
3301 1474 3367 1530 ad
3387 1489 3636 1531 commu-

2041 1579 2164 1618 nem
2243 1579 2458 1634 sempcr
2520 1566 2740 1620 humani
2799 1567 3017 1638 generis
3067 1567 3343 1633 salutem,
3406 1567 3636 1640 ejusque

2044 1654 2505 1712 emendationem.
2535 1655 2764 1711 Orosius
2795 1657 2956 1728 igitur
2984 1657 3117 1712 tanti
3137 1657 3237 1712 viri
3271 1657 3510 1720 hortatul
3538 1671 3637 1720 seu

1962 1746 2011 1806 Β
2039 1749 2216 1818 potius
2240 1755 2512 1818 praecepto
2541 1749 2700 1819 (utet
2726 1749 2841 1818 ipse
2867 1748 2936 1804 de
2959 1763 3016 1804 se
3039 1748 3092 1806 iu
3119 1750 3302 1819 aperis
3328 1749 3414 1812 sui
3441 1747 3634 1820 praefa-

2038 1844 2184 1897 tione
2214 1842 2450 1913 ingenue
2481 1843 2738 1912 testatur)
2779 1857 2887 1897 non
2916 1842 3152 1898 illubens
3178 1842 3384 1914 paruit,
3410 1843 3634 1900 tametsi

2038 1933 2091 1990 id
2134 1935 2236 1988 sibi
2275 1934 2494 1989 difficile
2516 1933 2808 1989 admodum
2850 1935 2968 1991 fore
3002 1936 3254 2000 sentiret,
3296 1951 3358 1991 ac
3388 1935 3636 2007 protinus

2035 2040 2330 2095 aggressus
2377 2025 2632 2081 historias
2671 2027 3057 2091 conscribere,
3096 2042 3194 2096 per
3221 2026 3392 2083 libros
3422 2035 3634 2098 septem

2043 2117 2109 2172 ab
2135 2119 2344 2187 origine
2374 2119 2560 2176 mundi
2587 2134 2850 2188 exorsus,
2889 2120 3135 2178 collectis
3165 2121 3406 2193 undique
3438 2120 3521 2192 (ut
3544 2129 3630 2178 est

2047 2209 2370 2280 verisimile)
2397 2207 2708 2273 annalibus,
2734 2210 3056 2280 adjutusque
3087 2211 3466 2280 proculdubio,
3494 2225 3636 2282 quos

2037 2311 2164 2356 ante
2193 2317 2253 2358 se
2291 2303 2506 2369 habuit,
2543 2301 2824 2356 historicis
2859 2303 3081 2358 minime
3125 2302 3442 2373 vulgaribus
3467 2342 3486 2370 ,
3532 2317 3634 2358 eos.

2037 2391 2186 2466 ipsos
2213 2391 2380 2446 libros
2405 2401 2615 2462 septem
2644 2393 2694 2445 iu
2725 2407 2861 2460 opus
2888 2391 3118 2462 redegit,
3151 2391 3398 2462 profecto
3429 2402 3487 2446 ut
3518 2407 3628 2449 non

2037 2482 2337 2553 inelegans,
2374 2484 2444 2536 ita
2485 2497 2586 2538 nec
2625 2483 2836 2538 caeteris
2879 2482 3228 2538 historiarum
3273 2482 3634 2554 scriptoribus

2037 2574 2194 2642 longe
2227 2573 2663 2642 postponendum
2697 2591 2710 2626 :
2753 2573 2880 2644 quin
2923 2573 3127 2628 eisdem
3160 2572 3214 2628 iu
3246 2573 3350 2630 hoc
3378 2572 3630 2629 fortassis

2035 2664 2454 2734 pra-ferendum,
2486 2663 2630 2734 quod
2659 2665 2857 2735 ubique
2878 2673 3068 2720 auctor
3090 2665 3209 2736 ipse
3237 2665 3290 2720 in
3318 2673 3433 2720 toto
3459 2679 3630 2736 opere

2034 2755 2128 2809 illo
2156 2770 2275 2819 suo,
2301 2769 2424 2810 cum
2451 2771 2634 2811 rermn
2663 2767 2938 2827 gestarum
2963 2758 3300 2822 narratione,
3327 2765 3635 2829 temporqu

2035 2859 2411 2918 annorumque
2454 2847 2806 2902 collationem
2835 2885 2850 2913 ,
2907 2848 3459 2919 supputationemque
3503 2862 3634 2904 con-

2029 2940 2246 3010 junxit;
2277 2951 2543 3012 quatenus
2585 2957 2692 2996 non
2728 2940 2878 3010 parvi
2920 2940 3108 3006 refert,
3139 2957 3286 3007 eum,
3310 2941 3403 3013 qui
3432 2956 3520 2997 res
3540 2940 3625 2997 di-

2033 3037 2208 3091 versis
2233 3045 2414 3107 gestas
2455 3036 2788 3105 tcmporibus
2826 3048 3156 3104 cognoscere
3182 3033 3386 3100 studet,
3420 3042 3630 3104 tempo-

2034 3145 2154 3184 rum
2184 3144 2401 3199 quoque
2434 3129 2710 3198 ipsorum,
2739 3126 2938 3198 quibus
2978 3142 3067 3182 res
3108 3126 3215 3181 illa:
3256 3135 3424 3198 gesta:
3469 3135 3592 3181 sunt
3614 3166 3634 3196 ,

2031 3230 2238 3275 certam
2287 3219 2445 3274 simul
2488 3218 2758 3274 rationem
2799 3217 3349 3287 observationemque
3403 3217 3630 3274 habere.

2031 3313 2185 3382 Quod
2214 3312 2433 3385 quidem
2463 3328 2598 3382 opus
2630 3312 2754 3383 quia
2780 3311 2890 3383 jam
2923 3310 3218 3383 aliquoties
3248 3325 3513 3368 excusum
3543 3327 3631 3369 ex-

2036 3404 2198 3472 stitit,
2241 3405 2339 3460 sed
2371 3404 2584 3460 mendis
2623 3404 2841 3460 interim
2870 3419 2976 3459 non
3007 3403 3191 3475 paucis
3232 3413 3472 3472 scatens,
3506 3403 3636 3462 licet

2039 3499 2202 3553 toties
2226 3505 2488 3554 tentatum
2512 3497 2579 3551 ab
2603 3496 2686 3551 his
2707 3495 3000 3552 emaculari
3025 3496 3453 3568 repurgarique:
3489 3510 3635 3553 nunc

2035 3591 2254 3647 detnum
2281 3606 2413 3647 cura
2455 3601 2508 3645 et
2537 3589 2794 3660 expensis
2833 3589 3076 3660 magistri
3101 3589 3332 3644 Golfridi
3370 3589 3630 3660 llittorpii

2034 3683 2170 3738 civis
2197 3683 2537 3738 Coleniensis
2561 3698 2665 3735 non
2696 3681 2864 3736 intimi
2892 3680 3122 3746 ordinis,
3148 3680 3249 3734 viri
3279 3695 3366 3736 me
3396 3680 3623 3740 hercule

2035 3785 2090 3830 et
2134 3775 2382 3830 industrii
2432 3782 2487 3828 et
2533 3772 2780 3836 honeSIi,
2833 3771 2929 3826 sed
2970 3770 3307 3842 recognitum
3339 3771 3492 3841 prius
3516 3785 3625 3827 non

2037 3884 2197 3938 parva
2224 3868 2523 3940 diligentia,
2551 3867 2745 3937 partim
2777 3871 2984 3930 nostra,
3013 3864 3210 3934 partim
3235 3863 3465 3921 aliorum
3491 3880 3633 3940 quo-

2037 3961 2318 4026 rumdam,
2357 3969 2411 4015 et
2437 3961 2504 4015 ab
2542 3958 2881 4016 restantibus
2931 3957 3144 4013 mendis
3172 3969 3549 4030 repurgatum,
3579 3959 3636 4017 in

2038 4052 2217 4109 lucem
2242 4052 2436 4107 iterum
2472 4050 2674 4122 prodit,
2713 4050 2886 4105 multo
2909 4064 3041 4106 sane
3068 4049 3226 4106 aliter
3250 4066 3411 4122 quam
3452 4051 3636 4108 hacte-

2039 4159 2163 4208 nus,
2189 4141 2459 4214 simulque
2488 4150 2537 4197 et
2567 4141 2710 4213 typis
2741 4139 3033 4196 admodum
3058 4140 3444 4212 plausibilibus
3470 4159 3636 4202 excu-

2036 4251 2180 4290 sum.
2210 4234 2476 4292 Caeterum
2526 4235 2664 4288 hanc
2693 4243 2936 4288 nostram
2979 4233 3033 4288 in
3063 4233 3166 4289 hoc
3211 4243 3455 4290 navatam
3483 4234 3635 4292 lucu-

2039 4327 2342 4382 brationem
2371 4333 2535 4394 atque
2570 4338 2828 4394 operam,
2860 4340 2984 4380 cum
3009 4326 3120 4394 jam
3151 4323 3633 4396 circumspicerem

2037 4430 2358 4486 mecumque
2385 4414 2718 4483 cogitarem,
2754 4411 2968 4468 cuinam
3015 4427 3083 4478 ex
3123 4413 3460 4483 principibus
3497 4413 3632 4474 viris

2003 4503 2010 4528 ί
2039 4520 2408 4577 nuncuparcm
2452 4503 2902 4572 dedicaremque,
2939 4511 2997 4556 ut
3027 4503 3180 4572 cujus
3211 4503 3378 4557 tutela
3428 4503 3632 4559 nitere-

2043 4611 2163 4665 tur,
2209 4609 2298 4654 tua
2343 4595 2476 4652 mihi
2508 4609 2629 4650 cum
2659 4594 2848 4665 primis
2880 4593 3051 4666 gratia
3086 4593 3138 4648 in
3185 4603 3423 4648 tuentem
3454 4593 3628 4661 venit,

2039 4693 2238 4764 inclyte
2268 4705 2330 4747 ac
2375 4703 2642 4762 generose
2671 4687 2898 4753 Comes,
2943 4701 3045 4742 nec
3082 4684 3132 4740 id
3158 4685 3371 4756 quidem
3403 4701 3534 4743 sane
3559 4687 3629 4743 ab

2048 4803 2130 4842 re.
2160 4785 2369 4855 Quippe
2405 4782 2559 4853 cujus
2596 4780 2838 4836 favorem
2888 4790 2941 4836 et
2972 4779 3404 4835 benevolentiam
3433 4780 3634 4852 sa'pius

2041 4881 2093 4936 in
2121 4896 2207 4936 me
2235 4888 2496 4949 expertus
2521 4892 2661 4940 smn,
2697 4889 2802 4930 non
2833 4874 3033 4946 absque
3063 4874 3236 4928 fructu
3266 4881 3318 4928 et
3343 4873 3633 4932 commodo

2039 4975 2221 5045 aliquo
2263 4987 2404 5026 meo.
2444 4971 2627 5040 Itaque
2664 4977 2719 5022 ut
2750 4965 3135 5038 gratitudinem
3167 4968 3361 5023 saltem
3391 4966 3631 5038 aliquam

2035 5082 2164 5137 erga
2197 5076 2246 5120 te
2274 5079 2449 5120 meam
2490 5071 2544 5117 et
2583 5059 2750 5114 animi
2801 5073 2925 5130 erga
2959 5068 3010 5114 te
3043 5058 3148 5114 mei
3180 5059 3629 5129 propensionem,

2034 5173 2180 5213 nunc
2208 5156 2425 5211 tandem
2462 5155 2542 5209 vel
2587 5162 2880 5220 utcumque
2914 5150 3186 5206 declarent
3234 5151 3631 5223 ostendamque

2033 5253 2181 5319 (nam
2227 5247 2279 5302 id
2309 5250 2360 5301 in
2395 5246 2534 5300 votis
2559 5242 2876 5311 jamdudum
2923 5242 3108 5309 habui,
3143 5243 3225 5297 vir
3252 5243 3628 5298 cordatissimc

2039 5337 2488 5411 dignissimeque)
2515 5379 2530 5403 ,
2562 5335 2663 5392 hoc
2699 5343 2805 5389 tua:
2830 5334 3014 5403 gratiae
3052 5349 3116 5391 ac
3142 5333 3525 5390 munificentia:
3566 5331 3622 5386 in

2036 5432 2330 5504 pr.esentia
2355 5427 2732 5484 munusculum
2757 5425 2927 5482 offero
2951 5424 3258 5496 dcdicoque
3284 5443 3298 5480 :
3327 5439 3426 5478 nec
3441 5421 3628 5477 dubito

2037 5528 2166 5597 quin
2209 5537 2296 5582 tua
2334 5539 2463 5595 erga
2507 5536 2594 5578 me
2638 5519 3040 5586 benevolentia,
3092 5519 3226 5574 illud
3278 5514 3628 5589 quantulum-

2038 5633 2252 5688 cunque
2283 5616 2383 5683 sit,
2425 5630 2580 5686 atque
2610 5613 2952 5685 benigneque
2991 5612 3172 5674 animo
3210 5610 3282 5665 sit
3308 5617 3621 5678 acceptura,

2038 5721 2097 5768 ut
2147 5710 2238 5783 qui
2275 5708 2454 5766 soleas
2498 5721 2598 5780 pro
2632 5716 2720 5766 tua
2770 5703 3051 5777 prudentia
3072 5745 3087 5772 ,
3127 5715 3232 5763 non
3258 5699 3326 5756 ad
3353 5713 3466 5756 rem
3499 5713 3620 5771 qua:
