4122 6174
544 264 648 322 617

1589 265 1859 324 PAULUS
1897 262 2192 322 OROSIUS
2231 262 2766 320 CHRONOLOGUS.

3728 260 3836 317 658

541 386 781 440 donatur
810 381 1124 449 olferturve,
1148 380 1244 437 sed
1276 380 1343 436 ad
1367 380 1608 436 animum
1635 381 1816 451 potius
1844 394 1950 450 quo
1971 378 2133 434 dona-
2157 379 2208 439 A
2237 375 2556 447 deperditis,
2616 373 2934 430 tidelissime
2984 369 3390 440 tranSsumpsit.
3425 370 3601 425 Porro
3639 367 3699 422 ἐἰ
3748 370 3834 423 cui

545 483 642 532 tut’
660 475 993 545 olferturque
1017 517 1032 543 ,
1063 475 1356 545 reSpieere.
1391 473 1542 542 Quod
1573 483 1754 528 tamen
1779 473 1871 529 ubi
1894 472 2004 542 jam
2035 485 2132 541 pro

545 555 828 640 comperto
858 568 1117 635 habuero,
1164 583 1270 623 non
1305 576 1389 623 est
1434 582 1540 638 quo
1578 581 1686 622 non
1731 566 1850 636 ipse
1877 563 2006 620 mihi
2039 577 2133 618 no-

543 661 689 718 mine
717 663 908 734 gratia:
933 671 1038 716 tute
1067 661 1327 733 gratulari
1355 661 1551 716 merito
1577 660 1827 716 debeam.
1869 659 2014 714 Bene
2041 671 2135 713 va-

543 756 650 811 leat
677 768 766 812 tua
793 756 999 814 Gratia.
1025 756 1265 813 Colonia:
1286 797 1302 824 ,
1330 753 1503 825 pridie
1544 753 1764 809 kalend.
1796 750 2001 809 mensis
2021 753 2136 808 Au-

545 848 708 918 gusti.

1163 938 1501 996 EPISTOLA

836 1055 1080 1113 GERARDI
1132 1053 1432 1110 Bonsunvcr.
1473 1069 1539 1108 Αι)
1589 1049 1836 1107 Douuvun

980 1127 1241 1182 Ancum.
1289 1126 1351 1180 ι).
1396 1125 1698 1179 licitumst.

545 1256 865 1319 Reverendo
893 1261 946 1316 in
969 1260 1191 1315 Christo
1218 1259 1357 1326 patri
1389 1273 1455 1314 ac
1484 1258 1729 1323 domino,
1757 1254 1985 1310 Domino
2008 1251 2139 1326 Qni-

618 1335 770 1398 rino,
804 1332 899 1387 Dei
931 1340 986 1386 et
1014 1325 1343 1406 Apostoliere
1371 1329 1518 1406 sedis
1541 1327 1715 1406 gratia
1749 1325 2140 1406 episeopoﬁyf

618 1397 812 1459 rencn.
844 1397 1292 1458 reverendissimi
1319 1415 1385 1455 ac
1413 1397 1761 1454 illustrissimi
1793 1397 2054 1467 principis
2083 1402 2140 1449 et

617 1474 825 1528 domini
877 1472 1045 1530 nostri
1103 1474 1166 1526 1).
1220 1472 1503 1526 Ηειιιιιικκι
1534 1511 1550 1532 ,
1591 1466 1805 1526 Sanctze
1853 1466 2133 1522 Colonien.

614 1545 874 1618 Ecclesia:
929 1543 1369 1618 archiprzesulis,
1417 1553 1470 1618 et
1521 1542 1672 1618 Sacri
1699 1539 1892 1618 _ant;
1918 1536 2138 1618 imperii

621 1631 717 1682 per
743 1615 950 1670 Italiam
978 1608 1468 1670 archi-cancellarii
1488 1653 1504 1676 ,
1537 1608 1803 1680 principis
1835 1608 2132 1682 Electoris,

615 1679 952 1752 Wesphalite
971 1694 1027 1740 et
1051 1685 1299 1751 Angarim
1328 1685 1501 1747 ducis,
1534 1683 1830 1750 Legatique
1858 1679 2134 1752 nati,_elc.

2238 485 2335 542 per
2363 471 2500 525 alias
2529 473 2666 523 forte
2715 467 3108 538 occupationes
3140 465 3372 521 liberum
3407 480 3514 518 non
3540 463 3610 518 sit
3641 478 3839 518 omnes
3901 509 3904 511 λ

2237 562 2478 616 omnium
2509 560 2763 616 historias
2793 559 3047 616 evolvere
3071 598 3087 625 ,
3121 556 3212 613 hic
3243 555 3408 612 habet
3432 555 3583 612 velut
3607 554 3835 609 absolu-

2240 661 2350 709 tum
2406 651 2812 724 compendium,
2859 649 3215 707 selcCIissima
3274 663 3508 719 quaeque
3559 648 3838 718 magisque

2239 743 2548 800 necessaria
2579 759 2646 799 ex
2699 742 2952 798 omnibus
2995 740 3388 810 complectens,
3423 738 3568 810 quod
3613 739 3834 809 quidem

2237 843 2556 891 cunctarum
2586 835 2934 890 historiarum
2965 832 3135 887 instar
3176 847 3301 888 esse
3343 831 3537 902 possit.
3567 829 3836 886 Historia-

2237 942 2358 982 rum
2385 941 2518 982 vero
2547 928 2792 1002 ἐγκώμιον
2842 939 2942 995 pro
2970 923 3166 978 merito
3193 921 3475 978 celebrare
3510 931 3568 976 ιιι
3594 936 3837 978 mearum

2240 1035 2348 1075 non
2375 1028 2460 1075 est
2488 1019 2681 1074 virium
2701 1060 2716 1084 ,
2745 1018 2818 1073 ita
2857 1018 2945 1072 hic
2994 1017 3147 1071 locus
3171 1015 3399 1071 minime
3428 1014 3692 1081 admittit,
3725 1024 3838 1069 tan-

2241 1121 2353 1167 tum
2385 1112 2790 1168 detrectatores
2823 1113 2985 1166 unius
3007 1109 3290 1165 Ciceronis
3316 1109 3466 1166 dicto
3492 1109 3660 1165 veluti
3702 1110 3838 1166 fuste

2239 1203 2629 1274 comprimam:
2667 1203 2949 1276 lgnarare,
2983 1201 3177 1273 inquit,
3208 1201 3334 1272 quid
3382 1211 3662 1272 antequam
3689 1211 3837 1256 natm

2243 1297 2314 1351 sis
2334 1307 2511 1350 actum
2549 1313 2640 1352 seu
2661 1307 2862 1369 gestant
2883 1297 2972 1363 sit,
3004 1296 3103 1350 hoc
3129 1305 3205 1350 est
3234 1311 3437 1366 semper
3467 1313 3576 1351 esse
3595 1312 3833 1367 puerum.

2255 1389 2372 1445 Jam
2403 1405 2534 1445 vero
2564 1399 2826 1461 quantum
2856 1390 2960 1448 olei
2989 1387 3302 1454 laborisque
3347 1387 3473 1444 huic
3497 1387 3711 1443 auctori
3757 1403 3838 1444 re-

2243 1483 2530 1539 stituendo
2552 1485 2856 1554 impensum
2879 1484 2972 1551 sit,
3003 1498 3163 1539 nemo
3183 1481 3486 1552 pervidebit
3507 1483 3837 1552 judicabitvc

2243 1578 2512 1643 exactius,
2541 1594 2702 1649 quam
2725 1579 2816 1649 qui
2842 1577 2945 1634 hoc
2968 1578 3256 1648 exemplar
3282 1593 3404 1634 eum
3434 1576 3705 1646 prioribus
3722 1577 3839 1647 qui-

2243 1669 2434 1726 busvis
2461 1672 2626 1726 etiam
2661 1680 2770 1725 Iam
2793 1695 2796 1698 η
2819 1670 3041 1740 scriptis
3068 1685 3230 1740 quatn
3281 1669 3562 1740 impressis
3591 1668 3838 1724 contule-

615 1757 669 1813 in
702 1748 1101 1832 pontiﬁcalibus
1127 1748 1658 1832 Yicariagenerali,
1688 1748 1978 1807 GiinAltDUS
2003 1748 2131 1803 Bm.-

2243 1762 2333 1816 rit.
2366 1761 2500 1816 Nam
2531 1761 2657 1832 quid
2688 1768 3007 1818 recenseam
3036 1776 3132 1817 seu
3171 1761 3345 1817 mavis
3393 1760 3680 1832 subjiciam
3705 1775 3834 1816 cen-

621 1843 814 1884 surae:
843 1825 1389 1881 licvitelinchuscnsis
1421 1824 1689 1879 Salutem.

614 1959 748 2015 Cum
781 1958 936 2014 multi
965 1967 1090 2014 sunt
1120 1957 1283 2013 hodie
1309 1999 1323 2025 ,
1369 1955 1671 2014 reverende
1701 1956 1860 2011 Pater
1885 1955 2137 2025 idemque

551 2050 866 2106 doctissime
887 2049 1116 2120 Prsesnl,
1147 2049 1238 2120 qui
1269 2049 1320 2105 in
1353 2049 1706 2105 restituendis
1743 2059 1990 2105 veterum
2021 2061 2138 2103 mo-

542 2143 845 2214 numentis,
877 2143 944 2198 de
966 2158 1026 2198 re
1059 2142 1319 2198 litteraria
1364 2142 1610 2198 certatim
1637 2142 1777 2200 bene
1799 2141 1997 2226 mereri
2017 2149 2134 2196 stu-

544 2236 746 2307 deant,
775 2247 891 2293 tum
916 2240 996 2293 vel
1027 2237 1081 2292 in
1110 2236 1303 2308 primis
1326 2237 1378 2292 in
1407 2253 1594 2294 eorum
1627 2237 1750 2294 albo
1780 2247 1865 2293 est
1895 2239 1979 2293 vir
2001 2252 2135 2292 can-

541 2328 860 2385 didissimus
894 2330 1045 2400 juxta
1092 2337 1255 2400 atque
1305 2329 1543 2400 optimtts
1575 2315 1895 2400 Godefridns
1933 2326 2138 2382 [littor-

544 2423 663 2494 pins
685 2465 698 2490 ,
729 2422 820 2494 qui
867 2437 1163 2493 numquam
1197 2437 1305 2475 non
1336 2419 1541 2492 aliquid
1571 2430 1818 2476 veterum
1849 2420 2140 2476 elucubra-

544 2516 752 2568 tionum
785 2529 884 2570 suo
921 2513 1199 2584 impendio
1237 2512 1322 2568 vel
1353 2513 1632 2584 purgatius
1663 2512 1751 2567 vel
1781 2512 2055 2568 eiimatius
2085 2512 2135 2566 in

542 2608 717 2662 lucem
758 2606 966 2677 profert
997 2624 1010 2660 :
1050 2615 1214 2677 atque
1252 2605 1392 2662 adeo
1424 2620 1598 2675 nuper
1639 2619 1851 2660 mecum
1886 2603 2028 2673 egit,
2079 2611 2140 2658 ut

541 2697 768 2752 Paulum
800 2697 949 2752 illurn
981 2696 1233 2751 Orosium
1263 2711 1386 2752 cum
1412 2695 1691 2751 veteribus
1713 2711 1776 2751 ac
1801 2693 2140 2764 manuscrip-

543 2789 610 2845 tis
640 2787 1043 2863 exemplaribus
1075 2787 1370 2856 collatum,
1403 2803 1432 2840 a
1461 2793 1541 2842 tot
1567 2785 1890 2842 tuendorum
1933 2786 2136 2858 myria-

540 2879 703 2935 dibus
735 2894 834 2950 pro
863 2879 1068 2935 viribus
1111 2867 1477 2934 vindicarem:
1511 2878 1708 2950 quibus
1751 2878 1969 2950 quidem
2010 2879 2138 2936 hac-

541 2979 700 3027 tenus
727 2971 811 3026 vel
833 2971 1198 3027 somnolentis
1217 3011 1232 3037 ,
1257 2971 1344 3027 vel
1377 2972 1589 3041 ignavia
1617 2987 1714 3028 seu
1743 2972 1913 3028 mavis
1940 2972 2134 3028 inertia

541 3071 653 3118 tum
676 3062 977 3120 scribarum
1000 3106 1015 3132 ,
1047 3070 1160 3119 tum
1193 3062 1719 3135 ehaleographorum
1749 3063 1887 3120 adeo
1919 3064 2135 3120 mutila-

547 3167 631 3212 tus
651 3197 666 3223 ,
696 3169 1016 3228 corruptus,
1066 3172 1130 3213 ac
1157 3156 1478 3227 deturpatus
1522 3156 1717 3224 fuerat,
1743 3164 1802 3212 ut
1827 3158 1910 3212 vel
1938 3157 2130 3214 doctos

540 3250 736 3305 nedum
761 3249 1014 3306 rudiorcs
1040 3265 1069 3303 a
1092 3250 1177 3305 sui
1207 3250 1441 3306 lectione
1465 3251 1660 3304 merito
1686 3247 2006 3305 deterreret.
2032 3248 2129 3304 Ne«

495 3356 645 3408 _qne
694 3339 746 3394 id
777 3339 1120 3409 mehercule,
1164 3349 1423 3412 quantum
1467 3339 1534 3395 ad
1564 3348 1840 3396 auctorem
1888 3341 2127 3407 attinet;

541 3431 767 3488 sinistro
794 3433 998 3502 judicio
1026 3451 1038 3486 :
1071 3432 1342 3502 siquidem
1373 3448 1513 3487 unus
1539 3431 1632 3488 ille
1661 3433 1918 3500 Orosius,
1954 3434 2036 3488 vir
2073 3442 2132 3488 ut

539 3535 768 3598 apparet
795 3527 1040 3584 omnium
1071 3526 1337 3584 bonarum
1365 3526 1672 3583 litterarum
1705 3525 1870 3581 etiam
1917 3526 2127 3581 divina-

543 3636 663 3676 rum
698 3621 1090 3692 peritissimus,
1125 3620 1170 3677 is
1198 3631 1279 3678 est
1301 3619 1391 3676 eui
1415 3619 1501 3676 vel
1530 3619 1632 3674 soli
1669 3621 1720 3674 in
1751 3618 1994 3676 historiis
2016 3634 2132 3676 me-

540 3714 646 3771 rito
676 3713 812 3772 fides
844 3713 1030 3770 haberi
1063 3712 1280 3770 debeat.
1309 3711 1521 3783 Quippe
1553 3711 1644 3782 qui
1673 3710 1834 3766 homo
1865 3710 2132 3767 Christia-

538 3824 670 3869 nus,
702 3823 840 3862 sano
867 3807 1194 3878 integraque
1218 3804 1428 3876 judicio
1457 3803 1752 3870 prmditus,
1785 3802 1974 3859 adhch
1999 3801 2132 3858 nulli

538 3899 786 3969 privatim
837 3899 1060 3955 factioni
1113 3898 1393 3964 addictus,
1425 3897 1561 3951 nulli
1607 3895 1816 3950 nationi
1859 3909 1956 3951 seu
1984 3893 2132 3966 genti

539 3988 755 4044 deditus
773 4029 788 4052 ,
812 4004 878 4042 ex
900 3989 1123 4059 eptimis
1146 3987 1451 4058 quibusque
1486 3987 1731 4041 historiis
1757 4002 1820 4042 ac
1843 3985 2132 4041 annalibus

534 4081 647 4149 jam
680 4077 808 4134 inde
845 4078 915 4134 ab
963 4076 1195 4134 exordio
1237 4075 1458 4130 humani
1499 4075 1719 4146 generis
1774 4075 2127 4145 conscriptis,

539 4168 664 4225 divo
692 4183 911 4240 quoque
958 4167 1264 4238 Augustino
1314 4172 1540 4222 auctore
1570 4167 1956 4237 negotiumque
1983 4165 2035 4222 id
2081 4167 2132 4222 ei

540 4258 858 4330 injungente
887 4259 1038 4329 (nam
1081 4256 1298 4328 utrique
1327 4254 1573 4313 eamdem
1620 4257 1878 4313 scribenti
1911 4271 2129 4314 causam

538 4351 709 4409 luisse
728 4359 976 4421 constat,
1003 4349 1308 4423 Augustino
1335 4348 1490 4404 libris
1512 4347 1582 4405 de
1611 4349 1848 4405 Civitate
1875 4350 1964 4406 Dei
1992 4363 2128 4416 xxtt,

537 4444 735 4501 Orosio
765 4444 850 4501 his
879 4454 1088 4515 septem
1115 4443 1277 4499 falsas
1291 4456 1624 4513 paganorum
1653 4456 1750 4499 seu
1783 4439 2122 4498 ethnicorum

2243 1863 2352 1908 tum
2387 1855 2621 1926 amplius
2674 1870 2900 1920 versus,
2953 1855 3204 1910 mutilata
3258 1869 3454 1912 sensus
3503 1854 3832 1926 integritate,

2241 1949 2441 2017 passim
2475 1949 2869 2004 intermissos?
2899 1964 3128 2019 quorum
3160 1959 3364 2017 tamen,
3391 1965 3457 2004 ne
3483 1949 3604 2021 quis
3638 1964 3834 2004 vanum

2247 2055 2335 2095 tne
2363 2048 2538 2110 putet,
2567 2055 2596 2095 e
2627 2040 2811 2097 multis
2864 2055 3064 2112 paucos
3112 2040 3382 2096 indicabo.
3417 2039 3603 2111 Itaque
3655 2042 3838 2096 conlc-

2250 2142 2404 2191 ratnr
2437 2135 2647 2190 initium
2674 2135 2863 2205 capitis
2895 2135 3040 2190 tertii
3065 2134 3189 2191 libri
3217 2150 3255 2191 ιι
3281 2133 3373 2190 ubi
3400 2150 3462 2191 ea
3493 2133 3658 2190 verba
3690 2133 3835 2189 desi-

2240 2227 2568 2284 derabantur
2596 2244 2610 2285 :
2644 2226 2742 2282 Cui
2771 2228 3043 2294 successit,
3085 2237 3141 2282 nt
3166 2228 3298 2294 dixi,
3328 2243 3462 2282 ιω·ον
3485 2243 3584 2282 sua
3607 2227 3839 2283 Semira-

2239 2323 2356 2388 mis,
2381 2338 2496 2393 qua:
2517 2332 2697 2378 cumet
2721 2323 2834 2395 ipsa
2853 2323 2924 2378 42
2949 2323 3102 2377 annis
3127 2333 3389 2394 regnaret,
3409 2331 3518 2378 etc.
3547 2321 3680 2378 Item
3709 2338 3832 2394 cap.

2241 2414 2398 2470 i7"ut
2426 2414 2530 2469 alia
2581 2425 2876 2482 transeam,
2907 2413 3028 2470 libri
3053 2429 3107 2480 v,
3139 2431 3230 2470 sex
3266 2415 3386 2485 plus
3417 2415 3596 2470 minus
3645 2429 3834 2471 versus

2240 2508 2386 2563 nulla
2434 2507 2638 2578 alioqui
2694 2515 2983 2564 constante
3035 2503 3306 2564 sententia
3365 2508 3786 2580 rcquirebantur
3816 2549 3832 2573 ,

2240 2614 2435 2670 nempe
2461 2597 2576 2654 ibi:
2616 2597 2716 2653 Die
2759 2599 2901 2653 dicta
2945 2616 2978 2653 a
3015 2601 3300 2672 suppositis
3329 2601 3563 2672 ejusdem
3590 2601 3834 2671 [actionis

2228 2693 2514 2764 jndicibus,
2540 2709 2630 2764 per
2654 2693 2824 2748 scelus
2861 2694 3111 2749 innocens
3155 2693 3401 2749 Metellus
3438 2694 3746 2760 damnatus,
3780 2694 3829 2748 in

2237 2783 2481 2839 exsiliunt
2524 2799 2642 2837 cum
2687 2784 2846 2838 totius
2881 2783 3035 2840 Urbis
3083 2786 3262 2841 dolore
3307 2786 3579 2853 discessit;
3629 2795 3687 2842 et
3711 2801 3830 2856 quze

2235 2885 2538 2946 sequuntur
2569 2889 2758 2946 usque,
2787 2875 3069 2947 infamibus
3098 2878 3331 2931 ausibus.
3365 2876 3565 2934 Itidem
3591 2892 3714 2949 cap.
3745 2893 3830 2933 se-

2237 2968 2422 3038 quenti
2449 2966 2698 3037 ejusdem
2725 2965 2822 3021 lib.
2858 2981 2964 3022 non
2991 2969 3174 3024 minus
3201 2976 3312 3024 tres
3341 2969 3692 3040 prmtermissi
3718 2973 3832 3026 t‘uc-

2244 3069 2386 3128 rant,
2416 3060 2488 3117 ibi
2518 3077 2532 3115 :
2565 3059 2806 3134 Namque
2831 3063 2906 3116 ita
2935 3073 2988 3116 ut
3017 3061 3230 3117 attoniti
3263 3063 3446 3119 timore
3471 3062 3701 3119 hostium
3731 3073 3830 3120 stc-

2167 3132 2213 3197 (ἶ
2245 3158 2437 3220 terant,
2459 3153 2553 3208 alii
2574 3154 2842 3225 stirpibus,
2866 3153 2961 3208 alii
2981 3155 3120 3210 saxis
3147 3153 3383 3222 reclines,
3423 3155 3519 3210 alii
3541 3158 3702 3212 armis
3724 3158 3830 3212 suis

2233 3245 2530 3312 innitentes,
2559 3256 2666 3302 etc.
2708 3246 2846 3314 Quid
2885 3246 3059 3303 dicam
3092 3247 3161 3304 de
3189 3256 3266 3303 tot
3286 3248 3518 3305 millibus
3543 3251 3828 3307 verborum

2233 3338 2318 3393 vel
2342 3338 2606 3394 restitutis
2628 3339 2711 3394 vel
2737 3339 2788 3394 in
2813 3338 2986 3395 locum
3011 3339 3297 3410 repositis?
3319 3340 3400 3396 Ad
3425 3356 3584 3412 quam
3613 3343 3828 3414 quidem

2233 3445 2348 3488 rem
2382 3446 2489 3487 non
2522 3446 2709 3502 parum
2732 3434 2994 3489 momenti
3014 3434 3175 3490 nobis
3197 3434 3499 3491 attulerunt
3525 3435 3625 3491 tria
3652 3445 3830 3491 vetus-

2235 3522 2444 3580 tissima
2469 3524 2800 3597 exemplaria
2832 3525 3062 3597 scripta,
3093 3539 3321 3599 quorum
3352 3543 3517 3584 unum
3549 3529 3639 3584 vix
3671 3529 3833 3585 hodie

2231 3613 2812 3687 natisautlcgibilibus
2837 3617 3145 3674 litterarum
3179 3618 3366 3690 ﬁguris
3388 3619 3728 3691 descriptum
3758 3621 3834 3676 ιιι.

2230 3707 2504 3765 bliotheea
2549 3709 2773 3780 majoris
2805 3709 3069 3768 Ecclesia:
3105 3712 3399 3769 Colonien.
3446 3713 3827 3784 suppeditavit.

2231 3801 2396 3874 Atqui
2433 3805 2620 3873 quanti
2653 3801 2856 3872 negotii
2887 3817 2980 3860 res
3005 3802 3171 3859 fuerit
3202 3804 3254 3859 in
3289 3813 3433 3860 tanta
3463 3804 3716 3860 codicum
3746 3823 3833 3859 va-

2234 3895 2500 3966 riegantia
2529 3909 2626 3952 seu
2675 3895 3017 3964 dissidentia,
3047 3897 3140 3954 ubi
3178 3897 3369 3968 scripti
3397 3899 3468 3954 ab
3514 3897 3818 3970 impressis,

2232 3997 2288 4045 et
2306 3989 2524 4060 utrique
2552 3988 2696 4045 inter
2718 4003 2778 4045 se
2804 4005 2963 4060 quam
2993 3991 3227 4047 maxime
3249 3990 3660 4058 discordabant,
3690 3993 3829 4062 judi-

2232 4095 2357 4136 care
2403 4081 2533 4152 quid
2587 4081 2924 4139 eradendum
2975 4098 3070 4140 seu
3114 4084 3536 4157 relinquendum
3571 4127 3586 4152 ,
3635 4087 3830 4157 quidve

2242 4171 2403 4228 etiam
2431 4173 2867 4230 substituendum
2895 4173 3082 4242 fuerit,
3115 4176 3204 4232 vix
3246 4177 3518 4249 quispiam
3567 4178 3673 4234 nisi
3718 4181 3830 4249 ipse

2244 4271 2502 4333 expertus
2517 4263 2724 4320 credat.
2748 4265 3020 4322 Prmtcrea
3045 4267 3131 4322 cui
3163 4267 3426 4338 ignotum,
3458 4285 3621 4341 quam
3647 4269 3828 4326 indoc-

2233 4361 2290 4409 te
2321 4369 2389 4410 ne
2419 4353 2596 4412 dicam
2629 4355 2770 4414 fmde
2796 4373 2894 4428 per
2920 4355 3038 4435 ὅρον
3065 4356 3226 4434 λύρας
3255 4361 3531 4432 quondam
3570 4362 3659 4419 hic
3691 4363 3747 4417 lit
3769 4379 3826 4420 cr

2233 4444 2397 4502 fuerit
2424 4447 2477 4501 in
2502 4448 2676 4517 capita
2705 4447 3192 4517 dissectus?adeo,
3226 4460 3285 4507 ut
3322 4468 3429 4508 non
3459 4452 3636 4508 solum
3679 4456 3825 4510 nullo

541 4535 880 4608 suspiciones
909 4551 973 4592 ac
998 4534 1302 4592 calumnias
1351 4531 1672 4604 depellenti)
1705 4548 1769 4589 ea
1818 4533 2120 4606 collegerit,
2152 4507 2209 4570 Β
2233 4535 2422 4592 habito
2452 4548 2706 4608 respectu
2747 4538 3090 4596 diversarum
3118 4557 3299 4596 rerum
3332 4550 3425 4598 aut
3451 4542 3820 4612 historiarum,

539 4631 835 4702 sedulaque
861 4645 1024 4700 Opera
1054 4629 1122 4685 ad
1153 4637 1400 4698 posteros
1429 4627 1813 4696 transmiserit,
1847 4644 1968 4700 qua:
1990 4629 2126 4686 citra

537 4724 974 4780 controversiam
1006 4723 1075 4778 ab
1126 4722 1271 4777 omni
1301 4721 1497 4776 atiectu
1527 4722 1870 4791 vanitateque
1915 4724 2129 4780 seclusa

537 4830 762 4884 prorsus
787 4825 949 4885 atque
974 4814 1218 4885 seiuncta
1247 4813 1564 4868 viderentur
1587 4854 1603 4881 ,
1637 4815 1894 4872 adhibitis
1925 4818 2127 4887 passim

536 4906 672 4962 etin
718 4907 838 4963 loco
887 4907 1108 4979 aptimis
1156 4905 1639 4975 saluberrimisque
1684 4905 1982 4969 Christiani
2006 4925 2131 4980 pec-

540 4997 672 5052 toris
697 4999 1083 5066 condimentis,
1112 5013 1233 5070 quin
1261 4996 1411 5068 pium
1456 5011 1520 5052 ac
1550 4996 1830 5054 cordatum
1861 4999 2123 5057 lectorem

539 5105 646 5145 non
677 5089 855 5147 minus
905 5090 1174 5160 profecto,
1205 5103 1365 5159 quam
1398 5087 1530 5158 ipsa:
1564 5086 1806 5144 historiae
1833 5089 2123 5161 juvabunt.

535 5180 759 5237 Accedit
792 5179 874 5236 his
903 5197 1118 5252 quoque
1147 5180 1288 5252 quod
1317 5179 1507 5250 optimi
1538 5177 1698 5250 hujus
1722 5181 1822 5237 viri
1855 5182 2126 5242 benellcio

537 5288 627 5330 res
657 5271 900 5344 profecto
953 5276 1248 5328 innumerae
1302 5282 1358 5328 et
1390 5270 1537 5328 haud
1563 5287 1832 5344 quaquam
1863 5291 2127 5346 spernen-

545 5369 630 5425 da:
659 5367 862 5425 clarius
889 5367 1045 5422 nobis
1073 5367 1270 5424 dentur
1301 5366 1572 5437 pervideri
1605 5384 1619 5425 :
1645 5383 1873 5440 quarum
1917 5370 2127 5427 scilicet

532 5459 760 5530 perditis
789 5457 1100 5532 archetypis
1127 5459 1215 5514 vix
1241 5457 1372 5515 alibi
1405 5458 1566 5515 hodie
1596 5461 1887 5531 vestigium
1936 5477 2127 5532 supcr-

536 5560 642 5606 cst.
696 5551 848 5620 Quod
878 5567 1048 5622 genus
1076 5560 1204 5608 sunt
1230 5551 1400 5608 multa
1440 5567 1565 5623 qua:
1606 5554 1810 5622 Optima
1841 5552 1946 5610 ﬁde
1975 5569 2039 5610 ex
2067 5555 2130 5610 li-

535 5639 832 5698 delissimis
857 5641 1096 5699 Livianus
1126 5641 1409 5698 industria:
1430 5643 1822 5710 monumentis,
1857 5643 1968 5713 jam
1993 5645 2124 5702 olim

539 5730 731 5801 injuria
780 5743 1082 5807 temporum
1120 5750 1215 5796 seu
1257 5733 1442 5809 potius
1494 5735 1811 5807 ignavorum
1845 5735 2122 5796 hominum

2232 4644 2420 4685 verum
2452 4645 2561 4685 non
2594 4645 2718 4686 raro
2748 4630 2801 4686 in
2833 4631 3027 4688 mediis
3067 4633 3341 4704 periodis,
3373 4635 3540 4690 immo
3567 4649 3823 4691 sensuum

2233 4721 2452 4778 interim
2492 4722 2754 4779 clausulis
2803 4725 3086 4781 orationes
3114 4726 3426 4784 divaricarit
3456 4739 3617 4799 atque
3645 4731 3826 4798 sejun-

2231 4817 2394 4882 xerit,
2435 4831 2762 4888 rursumque
2808 4817 2898 4872 ubi
2947 4818 3184 4875 maxime
3234 4818 3582 4890 dissepienda
3620 4822 3825 4889 disjun-

2230 4905 2479 4977 gendave
2524 4907 2770 4975 fuerant,
2811 4909 3140 4967 concluserit
3174 4925 3238 4967 ac
3262 4914 3665 4983 conglutinarit.
3692 4914 3821 4969 Tant

2234 5013 2394 5068 quam
2436 4998 2640 5056 insulsa
2668 5014 2854 5070 quaeso
2881 5009 2936 5056 et
2962 5001 3145 5073 inepta
3178 5003 3422 5074 nihilque
3450 5003 3514 5059 ad
3546 5020 3659 5061 rem
3693 5022 3815 5075 per-

2235 5093 2462 5150 tinentia
2489 5094 2766 5165 adjecerat
2791 5098 3165 5166 argumenta?
3194 5097 3479 5154 Postremo
3507 5114 3671 5170 quam
3705 5117 3818 5170 pcr-

2233 5201 2420 5258 peram
2452 5203 2616 5258 quam
2662 5188 2812 5244 nullo
2861 5189 3068 5259 judicio
3091 5190 3359 5248 hactenus
3389 5191 3530 5248 idem
3570 5193 3658 5249 hie
3691 5193 3819 5248 liber

2233 5277 2676 5336 circumferretur
2699 5281 3019 5351 distinctus,
3050 5286 3320 5341 neminem
3356 5285 3523 5342 credo
3551 5303 3698 5353 esse,
3729 5286 3814 5358 qui

2234 5372 2398 5428 modo
2426 5372 2641 5444 legerit,
2679 5375 2770 5444 qui
2824 5374 3056 5445 ignoret.
3104 5378 3313 5443 Quibus
3341 5378 3594 5435 omnibus
3621 5379 3670 5435 si
3698 5377 3814 5450 qttid

2233 5473 2418 5520 nostra
2447 5467 2626 5538 opella
2654 5467 2843 5522 sedula
2875 5469 3045 5540 magis
3073 5486 3233 5541 quam
3266 5473 3469 5530 efficaci
3501 5473 3813 5531 subventum

2231 5562 2335 5622 cst,
2365 5571 2487 5612 cum
2522 5557 2750 5614 studiosi
2777 5558 2939 5614 velim
2971 5577 3163 5618 omnes
3192 5567 3332 5633 sequi
3361 5564 3596 5636 bonique
3625 5579 3813 5621 consu-

2232 5649 2371 5719 lant,
2405 5657 2519 5706 tum
2565 5650 2820 5721 quidquid
2853 5651 2955 5708 hoc
2987 5654 3085 5709 fuit
3117 5655 3316 5711 laboris
3347 5657 3478 5725 tibi,
3510 5657 3714 5713 Praesul
3741 5657 3810 5710 in-

2233 5743 2546 5815 tegerrime,
2591 5741 2852 5815 dicatum,
2908 5760 2973 5803 eo
3027 5747 3169 5804 vultu
3220 5749 3514 5823 animoque
3563 5748 3807 5822 accipias,
