4122 6174
337 265 445 325 649
506 264 514 272 ’
1228 266 1469 327 VARUE
1507 267 2014 332 DEDICATIONES
2051 269 2140 329 ET
2178 269 2707 333 PREFATIONES.
3527 280 3634 338 (350

335 395 445 450 quo
494 379 623 436 olim
666 380 962 438 Persarum
989 379 1082 438 ille
1105 394 1200 438 rex
1226 381 1558 439 Artaxerxes
1611 383 1930 457 pauperculi
1958 387 2007 446 A
2034 386 2285 442 veritatis
2323 387 2598 445 cancellos
2640 389 2712 444 ita
2751 388 2853 444 sibi
2886 389 3338 460 circumdedisse,
3391 406 3446 452 ut
3477 411 3639 457 extra

334 471 617 542 cujusdam
640 471 894 528 frivolum
916 473 1136 544 quidem
1163 473 1259 529 sed
1281 472 1513 544 simplex
1534 490 1756 545 munus,
1781 491 1936 532 nem-
2038 480 2163 537 illos
2191 496 2487 553 numquam
2518 483 2627 538 sint
2667 482 2896 554 egressi,
2949 484 3094 540 nulla
3134 487 3332 556 gratia,
3384 490 3530 544 nulla
3562 493 3640 548 si-

335 578 402 635 pe
429 578 624 635 aquam
677 566 1018 636 complicatis
1070 567 1324 624 manibus
1352 584 1383 623 e
1410 569 1660 638 proximo
1711 568 1936 626 flumine
2037 574 2268 630 multate
2299 575 2355 630 in
2386 574 2685 632 scribendo
2709 576 3108 648 sintopermoti.
3142 579 3298 648 Quod
3325 583 3546 653 quidem
3581 595 3642 643 ut

333 657 587 714 haustam
613 657 788 716 fertur
809 659 1144 732 suscepisse.
1173 661 1510 718 voluntatem
1534 677 1598 717 ac
1623 661 1788 718 animi
1813 677 1936 733 pro-

332 752 678 823 pensionem,
713 769 819 810 non
851 769 964 811 rem
996 754 1170 825 ipsam
1203 756 1560 828 permetiens.
1612 755 1805 812 Valeat
1829 756 1936 812 Re-

330 844 574 902 verentia
605 855 695 903 tua
720 846 975 904 feliciter.
1007 846 1253 906 Coloniae
1273 889 1290 918 ,
1313 849 1472 906 Anno
1502 849 1644 906 1526
1672 849 1804 921 ipsis
1831 848 1934 905 idi-

331 936 432 994 bus
457 936 630 994 Junii.

971 1032 1314 1092 EPISTULA

444 1138 636 1182 HUNC.
678 1139 908 1184 ηιιιιιοιι
946 1141 1325 1184 IABCODUBANI
1361 1142 1431 1185 AD
1484 1143 1538 1186 υ.
1585 1143 1824 1185 ΙΟΔΝΝΕΙΙ

981 1213 1318 1257 υιΑττεκυιι.

328 1287 680 1355 Amplissimo
725 1289 1348 1362 ornatissimoqueviro
1407 1291 1470 1347 D.
1511 1291 1702 1348 losum
1745 1290 1932 1347 Uur-

400 1374 542 1444 Iano
570 1403 586 1428 ,
639 1364 932 1444 praeposito
977 1361 1213 1444 Aquensi
1241 1402 1271 1444 ._
1309 1362 1794 1444 Caranenbnrgensi
1821 1403 1848 1444 ,_
1879 1369 1936 1444 et

396 1430 656 1504 Carpensi
689 1452 705 1488 :
734 1432 1010 1488 illustriss.
1041 1430 1305 1504 principis
1330 1433 1610 1490 Guilielmi
1637 1430 1800 1488 Ducis
1821 1433 1930 1488 Jul.

396 1499 536 1572 Cliv.
570 1502 738 1557 Mont.
785 1514 893 1560 etc.
916 1499 1280 1570 cancellario,
1304 1513 1536 1572 patrono
1564 1519 1687 1572 suo,
1725 1504 1934 1561 FRANC.

398 1571 690 1630 FABRICIUS
729 1574 1165 1631 MARCODUBANUS
1202 1573 1262 1631 S.
1306 1571 1373 1630 D.

396 1689 534 1746 Cum
563 1705 792 1758 omnes,
841 1693 937 1763 qui
983 1705 1074 1748 res
1104 1706 1133 1746 a
1165 1707 1227 1749 se
1267 1693 1355 1750 vel
1390 1693 1642 1752 inventas
1672 1695 1930 1767 primum,

2035 667 2107 722 de
2148 667 2316 723 Paulo
2369 666 2563 723 Oresio
2603 668 2658 724 in
2707 667 2811 724 hoc
2855 678 3102 740 tempore
3151 673 3396 742 pluribus
3458 676 3640 734 verbis

2036 759 2257 831 planum
2285 759 2506 826 iaciam,
2534 760 2906 816 necessarium
2935 775 3058 818 esse
3089 777 3197 819 non
3237 763 3514 822 arbitror:
3540 769 3640 824 sed

2035 865 2098 906 ea
2121 867 2242 923 qua:
2269 850 2659 908 adolescentes
2687 850 2756 907 de
2784 851 2887 906 hoc
2917 863 3104 908 nostro
3131 866 3355 912 auctore
3384 857 3526 914 seire
3559 859 3638 914 la-

2035 943 2331 1009 borabunt,
2355 942 2582 998 minime
2611 943 3049 1013 praetermittam.
3081 945 3204 1002 Vita
3223 947 3340 1017 ejus
3362 948 3634 1022 descripta

2035 1037 2277 1094 breviter
2303 1052 2334 1093 a
2363 1037 2651 1094 Gennadio
2681 1037 2734 1094 in
2767 1038 3027 1110 Catalogo
3056 1039 3352 1098 lllustrium
3384 1043 3638 1103 Virorum

2035 1137 2215 1186 exstat
2252 1148 2264 1183 :
2303 1145 2427 1201 qua;
2466 1130 2630 1186 etiam
2673 1131 2728 1186 in
2767 1131 2988 1202 scriptis
3027 1135 3434 1205 exemplaribus
3479 1138 3638 1196 initio

2035 1223 2292 1280 Historia:
2333 1225 2633 1292 invenitur,
2668 1226 2813 1280 sicut
2839 1241 2871 1282 a
2916 1226 3074 1282 nobis
3101 1236 3188 1284 est
3234 1229 3400 1286 edita.
3434 1231 3562 1288 Fuit
3591 1235 3640 1290 is

2037 1314 2406 1385 Christianus,
2443 1315 2497 1371 in
2531 1315 2788 1388 Hispania
2819 1325 2982 1374 natus
3011 1328 3068 1374 et
3094 1319 3384 1391 educatus,
3417 1323 3514 1380 sed
3554 1323 3638 1381 di-

2036 1406 2225 1465 scendi
2251 1407 2505 1479 cupidus,
2542 1423 2675 1465 suos
2705 1409 3048 1480 patriamque
3088 1411 3346 1482 reliquit;
3380 1422 3546 1486 atque
3578 1425 3638 1471 ut

2035 1514 2124 1567 ca,
2148 1513 2273 1569 qua:
2298 1499 2352 1556 in
2381 1498 2650 1571 religione
2667 1501 2959 1557 enodatius
2987 1503 3128 1560 scire
3160 1506 3440 1576 cupiebat,
3475 1507 3636 1578 plane

2035 1599 2414 1662 cognosceret,
2458 1592 2512 1647 in
2551 1591 2792 1648 Africam
2835 1593 2903 1649 ad
2936 1594 3220 1651 Aurelium
3265 1595 3638 1668 Augustinum

2037 1682 2271 1752 trajecit.
2287 1681 2414 1738 Fuit
2435 1682 2542 1738 hoc
2563 1683 2708 1740 circa
2731 1698 2934 1740 annum
2957 1685 3161 1742 Christi
3183 1686 3310 1745 400.
3334 1688 3470 1744 Cum
3493 1692 3638 1761 apud

322 1779 409 1836 vel
441 1779 644 1838 deinde
673 1781 925 1839 excultas
964 1796 1028 1838 ac
1073 1783 1376 1840 illustratas
1409 1785 1608 1841 litteris
1637 1786 1918 1858 consigna-

2032 1773 2392 1845 Augustinum
2423 1782 2594 1841 esset,
2627 1776 2902 1832 consuluit
2929 1792 3054 1832 eum
3081 1779 3151 1834 de
3177 1779 3634 1851 Priscillianistis,

319 1881 486 1940 runt,
519 1873 661 1932 bene
687 1874 755 1932 de
786 1877 1108 1947 posteritate
1137 1886 1268 1933 sunt
1297 1879 1512 1947 meriti,
1545 1879 1629 1933 vir
1653 1880 1929 1949 amplissi-

319 1982 415 2021 me
448 1984 462 2020 :
521 1978 635 2026 tum
689 1970 831 2025 haud
885 1972 1005 2026 scio
1034 1987 1101 2027 an
1130 1972 1228 2027 ulli
1260 1972 1485 2039 melius,
1516 1987 1676 2042 quam
1709 1974 1799 2042 qui
1833 1988 1925 2030 res

315 2069 504 2130 gestas
547 2061 790 2119 historiae
834 2063 1188 2134 mandarunt,
1233 2065 1622 2137 memoriaeque
1658 2081 1926 2138 propaga-

319 2160 469 2206 ruut.
502 2151 681 2224 Magni
712 2151 872 2222 ﬁunt,
898 2163 960 2210 ut
983 2155 1181 2210 merito
1211 2155 1329 2212 ﬁeri
1370 2155 1594 2221 debent,
1625 2173 1750 2228 qua:
1798 2173 1927 2229 gra-

318 2244 528 2302 vissimi
555 2245 658 2301 viri
679 2246 962 2313 Socrates,
989 2247 1173 2318 Plato,
1203 2249 1549 2315 Aristoteles,
1580 2248 1782 2320 aliique
1804 2249 1926 2318 piti-

226 2347 230 2350 '
317 2337 534 2409 losophi
567 2337 637 2396 de
677 2339 986 2410 appetenda
1016 2340 1241 2407 virtute,
1279 2342 1732 2413 aspernandaque
1761 2343 1923 2397 vitio-

316 2433 478 2488 sitate
507 2432 706 2488 litteris
753 2432 1116 2503 prodiderunt
1148 2451 1163 2490 :
1196 2449 1320 2506 qum
1368 2443 1548 2492 tamen
1577 2434 1918 2504 Herodotus,

315 2522 696 2596 Thucydides,
735 2523 1149 2596 Theopompus,
1195 2524 1470 2594 Ephorus,
1513 2536 1570 2581 et
1597 2526 1784 2582 caeteri
1810 2524 1920 2580 his-

314 2616 472 2671 torici
499 2615 851 2672 monimentis
877 2616 1153 2672 annalium
1197 2617 1613 2688 consignarunt,
1650 2617 1919 2689 majorem

310 2705 422 2762 vim
447 2707 516 2762 ad
548 2722 641 2764 res
695 2709 987 2777 praclaras
1016 2708 1328 2778 sectandas,
1370 2712 1785 2783 contrariasque
1823 2711 1920 2768 de-

308 2799 593 2856 clinandas
644 2800 868 2865 habere,
917 2817 1084 2858 nemo
1124 2803 1334 2859 inﬁcias
1359 2844 1375 2869 ,
1408 2803 1624 2880 opinor,
1670 2804 1790 2860 ibit.
1832 2804 1918 2861 Illi

307 2895 456 2950 enim
487 2894 616 2966 quid
646 2909 807 2966 agere
835 2893 1087 2952 homines
1113 2895 1376 2960 debeant,
1421 2896 1477 2952 hi
1503 2898 1627 2968 quid
1655 2897 1916 2967 praeclare

307 2990 546 3060 egerint,
568 2989 771 3046 docent
800 3008 814 3044 :
846 2990 922 3046 illi
950 2990 1020 3046 de
1049 2991 1276 3047 colenda
1303 2991 1537 3062 justitia,
1573 2990 1914 3058 lortitudine,

309 3083 671 3154 temperantia
698 3084 870 3142 multa
898 3093 1177 3156 praecepta
1209 3084 1515 3150 dederunt;
1547 3083 1623 3153 hi,
1658 3083 1916 3154 quisjus-

2033 1872 2092 1921 et
2113 1865 2182 1920 de
2208 1863 2531 1935 quibusdam
2553 1863 2802 1936 Origcnis
2822 1867 3093 1924 sensibus.
3121 1868 3219 1926 Cui
3242 1873 3636 1930 consultationi

2030 1958 2123 2014 ille
2165 1957 2452 2029 respondit
2493 1957 2658 2026 libro,
2696 1959 2789 2030 qui
2829 1969 3013 2016 exstat
3042 1961 3110 2017 ad
3141 1962 3398 2020 Orosium
3439 1977 3635 2022 contra

2028 2049 2470 2106 Priscillianistas
2491 2057 2547 2105 et
2568 2048 2921 2121 Origenistas.
2954 2053 3182 2125 Capitur
3213 2056 3428 2113 interim
3458 2059 3636 2116 Roma

2027 2157 2058 2197 a
2087 2143 2393 2200 Gothorum
2424 2156 2554 2214 rege
2584 2144 2830 2211 Alarico,
2863 2156 2918 2200 et
2947 2163 3201 2218 magnam
3244 2149 3478 2206 Romani
3522 2153 3638 2208 cla-

2027 2235 2152 2292 dem
2189 2237 2475 2307 accipiunt
2507 2253 2522 2290 :
2564 2251 2895 2308 causamque
2925 2239 3111 2296 hostes
3151 2241 3476 2298 Christianae
3504 2244 3634 2299 reli-

2026 2326 2210 2398 gionis
2229 2327 2286 2382 in
2309 2342 2427 2382 eam
2453 2327 2780 2394 conferunt;
2811 2329 3074 2387 advrrsus
3101 2330 3224 2387 illos
3253 2343 3365 2388 tum
3395 2335 3627 2391 Orosius

2027 2418 2323 2490 Augustini
2348 2419 2506 2488 jussu
2530 2418 2632 2474 bos
2660 2430 2871 2490 septem
2906 2423 3074 2478 libros
3103 2423 3466 2482 Historiarum
3501 2442 3635 2484 con-

2025 2512 2267 2583 scripsit.
2297 2511 2372 2567 De
2390 2512 2588 2583 quibus
2617 2513 2866 2570 Gelasius
2890 2515 3100 2586 primus
3128 2531 3252 2573 cum
3285 2535 3392 2574 Lxx
3419 2520 3634 2591 cpisco—

2025 2606 2111 2676 pis
2130 2607 2459 2662 sententiam
2484 2606 2630 2673 tulit,
2660 2607 2889 2678 ejusque
2910 2608 3119 2666 decreti
3142 2611 3307 2667 verba
3333 2621 3465 2668 sunt
3489 2612 3633 2670 hmc:

2029 2699 2310 2765 Orosium.
2352 2700 2518 2754 virum
2559 2701 3008 2772 eruditissimum,
3055 2704 3456 2776 collaudantus,
3505 2712 3632 2779 quia

2023 2794 2174 2850 valde
2197 2794 2493 2850 necessaria
2523 2795 2769 2850 adversus
2798 2812 3126 2869 paganorum
3151 2799 3449 2856 calumnias
3478 2802 3629 2858 ordi-

2023 2889 2186 2957 navit,
2230 2889 2466 2960 miraque
2507 2887 2753 2944 brevitate
2786 2891 3071 2945 contexuit.
3104 2891 3396 2964 Augustini
3424 2895 3626 2952 deinde

2021 2983 2288 3050 consilio,
2333 2991 2393 3038 ut
2415 2983 2534 3052 ipse
2565 2982 2632 3038 ad
2666 2983 2931 3040 Evodium
2958 2986 3169 3053 scribit,
3205 2988 3431 3044 Orosius
3461 2989 3625 3045 Beth-

2022 3076 2259 3132 leemum
2295 3076 2364 3131 ad
2395 3075 2590 3131 Divum
2621 3076 3018 3149 Hieronymum
3047 3079 3326 3148 prolectus
3363 3089 3466 3150 cst,
3499 3097 3626 3138 cum

309 3183 396 3241 te,
428 3177 672 3245 fortiter,
704 3176 990 3233 moderate
1027 3177 1232 3234 vixerit
1251 3219 1267 3242 ,
1291 3169 1696 3234 demonstrant.
1734 3177 1922 3248 Neque
1945 3162 1993 3225 C
2026 3171 2130 3226 hac
2160 3170 2277 3239 ejus
2303 3168 2788 3226 commendatione
2819 3188 2832 3224 :
2870 3171 3007 3226 Ecce
3036 3173 3172 3226 venit
3201 3175 3271 3226 ad
3299 3190 3379 3227 me
3411 3175 3626 3244 religio-

307 3283 442 3324 vcro
469 3267 563 3338 qui
588 3267 656 3324 ad
687 3267 956 3339 justitiam
989 3267 1320 3336 hortabitur,
1353 3268 1476 3338 plus
1517 3267 1798 3324 Socratica
1832 3283 1919 3322 ra-

306 3365 480 3432 tione,
533 3379 696 3434 quam
737 3363 1018 3432 Aristidis,
1066 3362 1327 3429 Fabricii,
1369 3371 1424 3417 et
1461 3361 1699 3418 aliorum
1747 3361 1918 3416 docu-

306 3457 508 3512 mentis
535 3454 762 3511 efﬁciet.
798 3456 970 3511 Recte
1003 3454 1168 3526 igitur
1196 3453 1469 3510 Antonius
1519 3455 1661 3526 apud
1692 3453 1917 3510 Cicero-

306 3564 430 3604 nem
463 3548 751 3604 historiam
780 3547 894 3603 suis
934 3547 1192 3603 laudibus
1235 3561 1515 3603 exornans
1537 3589 1553 3616 ,
1599 3562 1720 3604 eam
1757 3561 1916 3603 πλοῖα

305 3659 482 3699 srrmt
521 3659 657 3698 νιτιε
705 3641 990 3706 nominat;
1046 3654 1239 3712 eStque
1268 3656 1461 3709 magna
1506 3639 1678 3711 gratia
1733 3654 1916 3695 rerum

305 3745 582 3805 gestarum
613 3734 979 3805 scriptoribus
1009 3732 1288 3800 habenda,
1316 3734 1407 3804 qui
1444 3748 1547 3789 suo
1575 3731 1759 3788 studio
1784 3731 1915 3787 etle-

305 3839 539 3898 cerunt,
578 3837 641 3886 ut
669 3829 838 3886 rebus
888 3827 1190 3900 prmteritis
1231 3826 1654 3898 cognoscendis,
1693 3825 1820 3895 quid
1861 3825 1915 3879 in

308 3921 421 3977 vita
473 3921 753 3976 hominum
790 3921 1045 3978 laudetur
1078 3930 1174 3975 aut
1218 3919 1587 3990 vituperetur,
1617 3917 1745 3988 quid
1790 3930 1917 3988 pro-

307 4015 472 4071 betur
494 4023 590 4068 aut
617 4013 878 4081 oﬁ'eudat,
923 4023 1196 4084 tamquam
1229 4013 1281 4067 in
1299 4011 1527 4081 Speculo
1550 4012 1912 4066 intueremur.

308 4109 652 4178 Quamquam
671 4123 778 4163 non
799 4106 992 4163 eodem
1013 4107 1134 4162 loco
1145 4120 1358 4172 omnes,
1377 4105 1468 4175 qui
1496 4103 1758 4160 historias
1785 4102 1914 4158 scri-

309 4211 559 4273 pserunt,
591 4200 894 4268 habendos,
918 4216 1096 4273 neque
1108 4199 1354 4256 eamdem
1383 4199 1673 4254 utilitatem
1697 4212 1766 4250 ex
1793 4211 1910 4252 om-

307 4297 460 4352 nium
507 4297 726 4352 illorum
777 4295 1002 4363 scriptis
1053 4293 1504 4365 exspectandam,
1539 4305 1700 4346 nemo
1731 4305 1913 4345 rerum

305 4393 448 4446 adeo
465 4391 817 4463 iguarus,aut
839 4405 866 4444 a
887 4390 1086 4445 litteris
1103 4389 1176 4444 ita
1195 4387 1405 4442 alienus
1429 4396 1536 4455 est,
1569 4387 1656 4456 qui
1681 4383 1911 4440 nesciat.

306 4485 416 4541 Sed
443 4501 568 4541 cum
592 4500 781 4541 eorum
808 4483 896 4538 alii
926 4497 1106 4537 rerum
1127 4480 1429 4552 priscarum
1453 4475 1794 4543 narratione,
1819 4490 1913 4529 au-

2021 3280 2114 3318 sus
2133 3263 2358 3334 juvenis,
2383 3262 2641 3316 catholica
2669 3279 2796 3334 pace
2817 3263 3007 3333 frater,
3039 3272 3196 3320 (etate
3227 3266 3391 3333 ﬁlius,
3425 3268 3624 3322 honore

2022 3355 2406 3426 contpresbyter
2434 3363 2628 3424 noster,
2675 3355 2920 3422 Orosius,
2971 3355 3093 3427 vigil
3134 3358 3362 3428 ingenio,
3409 3371 3625 3429 paratus

2021 3451 2249 3520 eloquio,
2281 3450 2514 3520 ﬂagrans
2535 3449 2731 3516 studio,
2761 3450 2890 3503 utile
2914 3466 3002 3504 vas
3029 3451 3080 3504 in
3104 3450 3257 3506 domo
3285 3451 3496 3508 Domini
3516 3472 3627 3510 esse

2019 3543 2342 3611 desiderans,
2367 3540 2437 3595 ad
2464 3540 2776 3612 refellendas
2801 3543 2965 3613 falsas
2986 3545 3404 3614 perniciosasque
3431 3547 3626 3602 doctri-

2021 3649 2137 3700 nas,
2161 3647 2275 3701 qua:
2301 3633 2503 3686 animas
2539 3631 2897 3702 Hispanorum
2936 3635 3098 3687 multo
3140 3635 3427 3705 infelicius,
3467 3654 3624 3706 quant

2021 3743 2243 3796 corpora
2269 3726 2570 3781 barbaricus
2599 3727 2808 3798 gladius
2834 3728 3190 3794 trucidarunt,
3233 3735 3345 3783 etc.
3379 3728 3500 3784 Non
3529 3730 3619 3786 hic

2021 3821 2490 3887 commemorabo,
2539 3836 2700 3891 quam
2732 3834 2901 3890 saepe,
2939 3835 3212 3892 quamque
3253 3821 3489 3878 libenter
3521 3823 3624 3879 ho-

2021 3914 2200 3970 mines
2227 3913 2450 3984 eruditi,
2486 3912 2646 3984 hujus
2670 3912 2957 3982 scriptoris
2989 3915 3318 3971 auctoritate
3364 3924 3422 3972 et
3467 3921 3622 3974 testi-

2021 4007 2210 4064 monio
2232 4015 2478 4076 utantur,
2502 4020 2664 4077 quam
2697 4005 2994 4061 multarum
3037 4022 3221 4062 rerum
3246 4009 3512 4066 memoria
3564 4012 3618 4066 in

2021 4100 2220 4156 Orosio
2255 4107 2463 4165 exstet;
2503 4114 2626 4169 qua:
2663 4098 2810 4168 apud
2854 4098 2996 4154 alios
3028 4110 3152 4169 post
3189 4109 3397 4156 tantam
3449 4101 3620 4174 Livii,

2018 4191 2217 4258 Taciti,
2252 4198 2417 4262 atque
2443 4190 2676 4245 aliorum
2706 4189 3096 4246 historicorum
3119 4191 3390 4259 jacturam
3419 4192 3620 4250 factam

2021 4301 2134 4342 non
2166 4285 2536 4342 inveniantur.
2574 4283 2688 4339 lloc
2725 4283 2872 4349 dico,
2909 4283 3206 4340 dolendum
3253 4285 3439 4354 fuisse,
3483 4290 3618 4342 tanti

2021 4380 2129 4435 viri
2159 4389 2266 4435 tam
2295 4378 2633 4434 fructuosam
2666 4375 2955 4433 historiam
2982 4377 3121 4434 adeo
3151 4377 3412 4434 mendose
3438 4378 3622 4435 hacte-

2023 4487 2126 4527 nus
2156 4471 2210 4527 iu
2236 4470 2486 4527 manibus
2512 4470 2747 4525 versari.
2781 4470 3103 4525 Centulerat
3122 4483 3242 4525 eam
3269 4484 3393 4524 cum
3413 4470 3622 4540 aliquot

307 4595 400 4636 res
413 4587 621 4635 tantum
639 4579 793 4649 quasi
810 4578 1087 4646 voluptate
1098 4574 1331 4646 quadam
1349 4572 1700 4643 perfundere,
1717 4569 1906 4625 verbo-

2026 4562 2414 4633 manuscriptis
2463 4560 2867 4631 exemplaribus
2906 4568 3035 4616 ante
3081 4575 3258 4614 annos
3297 4561 3368 4615 55
3409 4561 3616 4617 Gerar-

305 4688 537 4743 ruutque
562 4670 836 4727 illecebris
863 4679 1086 4739 captare
1116 4665 1413 4731 voluerint,
1445 4666 1536 4721 alii
1565 4680 1654 4722 res
1692 4664 1912 4734 sapien-

307 4773 415 4830 ter,
463 4767 633 4835 justc,
683 4765 795 4836 pie,
827 4762 1066 4828 lortiter,
1115 4758 1504 4828 moderateque
1546 4765 1750 4827 gestas,
1801 4758 1912 4812 sint

308 4855 595 4927 splendida
617 4864 672 4912 ct
701 4855 900 4912 illustri
928 4853 1179 4911 oratione
1202 4851 1474 4924 persecuti
1507 4869 1519 4905 :
1545 4851 1634 4906 alii
1661 4851 1912 4921 neglecto

311 4930 843 5004 verborum'ornatu
867 4962 978 5014 res,
1023 4947 1184 5002 utiles
1219 4945 1342 5003 illas
1372 4944 1617 5016 quidem,
1649 4944 1745 4999 sed
1787 4959 1915 5000 ora-

309 5041 795 5098 tionisluminibus
826 5057 935 5097 non
971 5040 1280 5096 illustratas
1309 5038 1695 5110 proposuerint
1724 5055 1738 5093 :
1776 5037 1914 5094 deli-

311 5133 472 5204 gendi
502 5141 634 5188 sunt
667 5132 936 5202 imprimis
965 5130 1226 5202 omnique
1250 5131 1431 5187 studio
1462 5130 1788 5201 evolvendi,
1819 5130 1914 5201 qui

315 5241 422 5280 non
469 5224 632 5280 modo
674 5224 912 5296 linguam
957 5224 1244 5290 excolere,
1289 5238 1478 5278 verum
1507 5223 1672 5279 etiam
1726 5230 1915 5292 pectus

313 5317 676 5388 plurimarum
715 5326 772 5373 et
801 5317 1158 5372 maximarum
1205 5329 1392 5372 rerum
1437 5316 1596 5384 copia
1639 5313 1916 5370 instruere

312 5421 565 5481 possunt.
589 5410 744 5480 Quod
773 5409 820 5467 si
848 5419 1028 5467 tamen
1062 5423 1159 5465 eos
1193 5424 1302 5465 non
1332 5423 1713 5478 aspernamur,
1741 5423 1769 5462 a
1794 5407 1916 5478 qui-

312 5505 417 5560 bus
449 5515 648 5576 praater
677 5503 970 5560 verborum
1001 5512 1254 5560 ornatum
1286 5501 1424 5558 nihil
1457 5501 1684 5555 omnino
1713 5515 1915 5573 suppe-

313 5599 540 5669 ditatur,
576 5609 723 5654 certe
745 5599 902 5654 valde
924 5598 1058 5654 lauti
1085 5607 1236 5664 sunt,
1264 5598 1356 5668 qui
1377 5597 1444 5651 ab
1467 5596 1576 5652 illis
1592 5595 1913 5664 abhorrent,

313 5693 408 5762 qui
441 5692 591 5748 brevi
613 5691 960 5764 simplicique
985 5692 1238 5747 oratione
1261 5706 1350 5746 res
1373 5691 1688 5760 cognitione
1712 5687 1919 5758 dignis-

312 5783 482 5845 simas
511 5781 1046 5856 comprehenderunt
1069 5822 1083 5847 ,
1128 5783 1432 5850 prmsertitn
1463 5781 1509 5841 si
1538 5788 1775 5852 constet,
1822 5795 1918 5842 cos

765 5877 1043 5939 ΡΑτιιοι..
1099 5873 1344 5937 XXXI.

2023 4657 2127 4713 dus
2158 4654 2450 4724 Bolsuiuge
2489 4671 2504 4708 :
2551 4652 2822 4710 laboravit
2865 4652 3066 4709 deinde
3111 4653 3168 4708 in
3204 4657 3395 4709 eadem
3433 4669 3621 4709 cmen-

2023 4751 2204 4808 danda
2235 4749 2461 4806 doctiss.
2496 4749 2581 4804 vir
2619 4750 2864 4806 Joannes
2894 4749 3164 4805 Czesarius
3193 4767 3208 4805 :
3238 4750 3335 4805 sed
3375 4751 3621 4820 profecto

2022 4857 2254 4901 necesse
2299 4852 2405 4909 est,
2453 4852 2511 4898 ut
2551 4841 2634 4897 vel
2665 4857 2854 4898 eorum
2884 4842 3217 4913 exemplaria
3262 4860 3374 4899 non
3418 4844 3638 4905 fuerint

2024 4935 2323 5006 diligenter
2355 4934 2489 4990 satis
2529 4933 2827 5004 descripta,
2870 4935 2957 4991 vel
2988 4935 3090 5006 ipsi
3134 4949 3327 5005 parum
3363 4947 3621 4994 accurate

2025 5043 2166 5100 opus
2209 5025 2626 5098 perspexerint,
2673 5034 2753 5081 tot
2786 5028 2985 5083 menda
3023 5027 3215 5085 relicta
3255 5028 3327 5085 ab
3373 5030 3485 5086 illis
3523 5030 3622 5086 de-

2024 5117 2318 5192 prehendi,
2347 5126 2638 5193 postqjtam
2663 5133 2856 5174 eorum
2884 5119 3056 5174 libros
3084 5134 3208 5175 cum
3234 5120 3409 5178 tribus
3430 5137 3622 5179 manu-

2023 5212 2246 5284 scriptis
2291 5211 2546 5268 conferre
2581 5212 2746 5283 coepi.
2781 5211 2968 5282 Neque
2993 5225 3128 5268 vero
3164 5213 3300 5269 satis
3331 5214 3496 5270 habui
3528 5229 3623 5268 ve-

2026 5297 2203 5362 tusto's
2231 5304 2401 5360 libros
2431 5303 2498 5359 ad
2532 5303 2690 5374 hujus
2723 5313 2829 5358 tant
2855 5303 3136 5374 praeclara:
3158 5303 3404 5362 historiae
3435 5319 3622 5360 emen-

2027 5397 2306 5453 dationem
2337 5395 2606 5452 advocare
2632 5412 2648 5450 :
2675 5395 2772 5452 sed
2793 5411 2916 5452 cum
2943 5395 3296 5468 jampridem,
3326 5395 3622 5450 multorum

2029 5473 2348 5548 Grazcorttm
2377 5499 2433 5545 et
2461 5488 2780 5544 Latinorum
2809 5499 3096 5546 auctorum
3129 5487 3450 5553 collatione,
3475 5486 3623 5542 didi-

2027 5585 2253 5653 cissem,
2299 5585 2450 5655 ipsos
2499 5582 2672 5639 libros
2719 5583 2956 5653 scriptos
3003 5583 3186 5638 multis
3223 5594 3370 5649 saepe
3412 5578 3626 5633 mendis

2030 5679 2265 5735 l'uzdatos
2298 5691 2442 5742 esse,
2476 5674 2739 5740 conduxi,
2771 5684 2824 5730 et
2852 5676 3004 5745 quasi
3039 5672 3336 5729 convocavi
3372 5671 3423 5725 in
3458 5685 3623 5725 unum

2033 5774 2212 5832 locum
2244 5783 2461 5844 omnes,
2491 5783 2629 5847 quos
2659 5766 2727 5826 de
2755 5765 2838 5826 his
2867 5767 3052 5830 rebus,
3087 5779 3223 5836 quas
3251 5761 3474 5824 Orosius
3499 5762 3627 5822 atti-

3029 5856 3104 5917 21
