4122 6174
504 286 607 349 651

1542 274 1817 339 PAULUS
1854 274 2148 339 OROSIUS
2187 270 2718 342 CllRONULOGUS.

3694 271 3813 332 852

509 404 608 475 git,
633 400 920 470 scripsisse
941 396 1144 470 aliquid
1172 395 1324 468 potui
1347 394 1649 453 recordari.
1673 395 1776 465 Qui
1801 403 1983 451 autem
2010 394 2111 462 illi,
2142 399 2188 460 Α
2217 397 2360 475 Ante
2383 401 2514 458 licet
2541 398 2727 472 populi
2756 397 2923 453 fuerit
2950 396 3164 475 delatus
3200 396 3253 454 in
3286 398 3406 475 ora.

513 508 571 555 et
600 506 733 569 quot
764 495 989 562 fuerint,
1022 510 1092 551 ex
1121 490 1585 549 Annotationihus
1629 489 1840 546 nostris
1885 503 2113 560 appare-

515 593 597 649 bit
624 604 639 643 :
669 590 725 646 in
759 589 960 660 quibus
988 602 1096 643 non
1128 595 1337 641 tantum
1376 584 1519 640 hanc
1548 582 1845 639 editionem
1884 582 2072 638 fulcire
2093 622 2110 648 ,

513 685 613 743 sed
638 693 695 741 et
721 682 1020 740 Historiam
1051 681 1357 736 Romanam
1391 678 1675 734 illustrare
1701 682 1821 732 tum
1851 686 2108 733 conatus:

514 789 577 835 ut
598 778 998 842 adolescentes,
1032 775 1124 847 qui
1152 781 1417 844 cuperent
1455 786 1544 841 ea,
1575 786 1699 843 quae
1728 772 1957 827 Orosius
1983 771 2111 826 bro.-

513 874 654 928 viter
679 871 997 941 complexus
1023 877 1128 933 est,
1163 867 1379 938 plenius
1409 877 1766 936 cognoscere,
1798 864 1901 919 hac
1929 870 2111 918 nostra

515 965 890 1021 admonitione
919 959 1167 1017 instructi
1199 959 1426 1022 scirent,
1474 957 1620 1013 unde
1657 956 1750 1013 illa
1802 962 1984 1010 essent
2018 968 2112 1025 pc-

514 1058 700 1125 tenda,
725 1069 1029 1126 eorumque
1056 1053 1292 1110 lectione
1322 1052 1468 1107 sitim
1500 1064 1653 1109 suam
1683 1050 1988 1120 explerent.
2019 1052 2115 1103 At-

511 1166 618 1222 que
649 1150 755 1205 hoc
795 1148 1015 1220 quidem
1065 1160 1170 1216 ego
1209 1160 1406 1216 magno
1439 1150 1638 1199 conatu
1667 1142 1954 1212 studioque
1983 1144 2067 1213 egi
2095 1158 2109 1195 :

516 1242 645 1314 quid
679 1255 811 1297 vero
843 1240 945 1295 sim
987 1246 1342 1304 consecutus,
1384 1237 1621 1293 aliorum
1660 1236 1867 1306 judicio
1920 1237 2113 1292 lubens

514 1334 796 1407 permitto.
824 1332 882 1388 In
912 1333 1111 1403 quibus
1132 1347 1274 1387 unus
1300 1340 1378 1397 ιιι,
1402 1330 1640 1386 Patrone
1667 1328 2022 1399 amplissime,
2054 1343 2114 1384 es

520 1428 654 1485 mihi
699 1428 875 1482 instar
905 1426 1171 1480 omnium.
1202 1423 1315 1478 Tua
1344 1421 1483 1479 mihi
1521 1420 1930 1487 benevolentia,
1963 1428 2112 1475 tuum

516 1521 782 1593 judicium
811 1519 1008 1575 harum
1051 1518 1357 1589 vigiliarum
1388 1517 1596 1572 fructus
1624 1517 1730 1572 erit
1777 1515 2111 1571 uberrimus.

514 1612 695 1671 llabui
735 1610 992 1683 equidem
1033 1608 1087 1664 in
1134 1607 1298 1679 hujus
1336 1604 1543 1664 laboris
1582 1623 1689 1664 non
1722 1606 1887 1663 modo
1932 1621 2118 1662 susce-

515 1706 727 1777 ptione,
756 1717 946 1759 verum
986 1703 1150 1757 etiam
1196 1700 1480 1756 molitione
1510 1715 1573 1755 ac
1618 1698 1981 1770 perfectione,
2015 1704 2115 1769 pu-

516 1800 717 1857 blicam
737 1795 1042 1868 juventutis
1064 1794 1350 1850 utilitatem
1384 1794 1517 1871 mihi
1548 1794 1907 1864 prepositam,
1939 1791 2034 1849 sed
2063 1793 2118 1850 in
2149 1791 2197 1852 B
2226 1825 2284 1882 Ει

518 1906 574 1949 te
619 1894 794 1964 ipsum
844 1889 1007 1947 simul
1053 1902 1176 1943 cum
1226 1887 1423 1944 Oresio
1467 1903 1691 1958 operam
1744 1887 1958 1954 darem,
1991 1903 2112 1943 eum

520 1994 673 2055 grata
704 1983 936 2054 quadam
981 1980 1378 2038 beneficiorum
1408 1987 1624 2035 tuorum
1664 1980 1715 2035 in
1741 1994 1826 2036 me
1859 1980 2116 2035 recorda-

515 2078 669 2133 tione
696 2073 957 2147 spectavi,
982 2088 1082 2129 nec
1104 2072 1156 2127 id
1178 2073 1296 2128 sine
1318 2087 1478 2127 causa
1505 2090 1518 2126 :
1543 2071 1599 2128 Si
1624 2072 1768 2128 enim
1792 2071 1859 2127 ab
1884 2088 1948 2128 eo
1977 2083 2114 2128 tem—

518 2184 673 2240 pore,
716 2181 825 2238 quo
865 2181 954 2221 me
985 2166 1217 2236 primum
1269 2164 1588 2234 complexus
1629 2178 1709 2233 es,
1747 2165 1844 2218 tibi
1892 2166 2113 2231 omnia,

517 2278 639 2332 qua:
661 2276 689 2315 a
718 2275 805 2315 me
832 2259 1328 2330 proficiscerentur,
1364 2258 1552 2313 deberi
1578 2258 1765 2324 statui,
1790 2271 1995 2329 quanto
2024 2274 2117 2314 cu-

517 2355 776 2412 mulatior
816 2368 963 2409 nunc
1000 2367 1065 2408 ea
1114 2353 1367 2408 Voluntas
1411 2366 1532 2408 esse
1573 2350 1759 2421 debet,
1828 2361 2114 2424 postquam

512 2448 686 2502 filium
719 2461 897 2501 meum
923 2460 953 2500 a
979 2453 1329 2500 sacrosancto
1354 2443 1679 2515 baptismate
1704 2444 1981 2516 suscipere
2009 2461 2120 2501 ma-

512 2538 660 2594 xima
688 2537 1090 2593 benevolentiae
1118 2535 1521 2606 signiﬁcatione
1548 2537 1809 2591 voluisti?
1838 2537 1991 2606 Quod
2025 2555 2120 2593 ne-

516 2626 875 2683 cessitudinis
894 2625 1194 2690 vinculum,
1224 2625 1441 2695 quando
1463 2624 1751 2681 Justiniani
1776 2627 2119 2697 imperatoris

519 2720 805 2776 sanctione
831 2719 1194 2775 aretissimutn
1218 2718 1470 2787 habetur,
1494 2733 1595 2790 ego
1624 2719 1719 2775 illo
1742 2722 2115 2788 gravissimum

519 2830 664 2871 onus
724 2811 1090 2869 observantia:
1137 2811 1268 2865 mihi
1329 2809 1645 2882 impositum
1687 2822 1889 2868 statuo.
1948 2813 2119 2883 Cujus

518 2904 717 2964 testem
744 2903 999 2961 Orosium
1032 2903 1136 2958 hoc
1167 2910 1416 2974 tempore
1444 2903 1510 2958 ad
1543 2912 1595 2959 te
1625 2903 1785 2960 mitto
1812 2921 1825 2957 :
1867 2919 2027 2974 quem
2063 2906 2117 2961 in

520 3008 615 3055 tuo
641 2996 860 3054 nomine
886 2996 1085 3053 merito
1109 3010 1373 3065 apparere
1399 2995 1673 3066 existimo,
1719 2996 1869 3068 quod
1901 3007 1978 3064 tu,
2013 3000 2106 3069 qui

523 3107 797 3149 summam
827 3091 985 3147 istam
1017 3089 1385 3162 prudentiam,
1422 3106 1526 3161 qua
1558 3088 1611 3145 in
1643 3090 1914 3147 altissimo
1940 3091 2122 3163 digni-

2289 472 2405 528 Non
2440 467 2843 537 tam'en'exutus
2871 469 3121 525 sordibus
3151 471 3269 541 ipse
3296 467 3419 541 fuit,

2215 542 2320 616 Sed
2361 546 2525 601 veluti
2555 545 2756 616 malum
2780 540 3296 616 roseo_plcrumque
3325 540 3535 616 colore,

2290 615 2514 670 Brachia
2541 612 2684 687 quod
2715 614 2904 687 matris
2930 613 3138 687 deserit
3164 612 3289 687 ante
3319 612 3485 687 diem,
3620 682 3621 687 γ

2216 684 2330 754 Qua
2357 681 2607 755 coquitur
2629 685 2833 741 Phtebo
2864 686 3006 739 cutis
3030 684 3188 740 alma:
3211 681 3411 754 linquit
3432 681 3724 750 honorem,

2288 757 2495 814 Cretera
2529 771 2655 825 pars
2694 759 2860 817 veteri
2891 757 3050 828 plena
3082 756 3271 828 vigore
3297 764 3522 809 manet:

2217 828 2310 886 Sic
2333 832 2454 885 hinc
2485 829 2735 886 Orosiutn
2762 826 2962 884 multus
2990 826 3320 883 labefecerat
3347 839 3527 893 error,

2289 900 2441 956 Illinc
2480 917 2510 956 a
2540 900 2766 954 maculis
2794 898 3168 954 semirel‘ectus
3193 907 3331 953 erat.

2219 971 2297 1025 En
2334 972 2427 1025 tibi
2463 986 2602 1026 nunc
2635 969 2814 1040 posito
2846 971 3024 1024 labum
3054 969 3329 1041 squalore,
3353 968 3589 1041 situque,

2291 1041 2529 1097 Fabricii
2562 1038 2720 1097 docto
2748 1042 2889 1095 fetus
2923 1038 3131 1096 honore
3154 1041 3325 1096 venit.

2214 1114 2270 1168 Si
2304 1125 2534 1178 possunt
2564 1112 2791 1170 Veteres
2819 1112 3054 1182 aliquem
3081 1113 3353 1169 meruisse
3376 1110 3623 1173 favorem
3642 1140 3661 1179 ς

2289 1184 2387 1252 Qui
2425 1193 2603 1239 taruen
2627 1182 2870 1239 historia:
2902 1186 3118 1238 vincula
3144 1198 3288 1249 θωνα
3319 1186 3538 1240 levant:

2216 1256 2332 1313 Non
2368 1256 2546 1325 placet
2574 1256 2800 1325 Orosius
2830 1256 2957 1309 lima
2981 1255 3090 1323 jam
3114 1254 3334 1310 vindice
3360 1270 3537 1325 rasus,

2288 1316 2387 1393 Qui
2411 1336 2506 1402 sua
2529 1343 2636 1402 pro
2658 1316 3117 1402 Qhristofor'titer
3147 1340 3295 1380 arma
3328 1324 3488 1402 tulit?

2218 1397 2351 1454 Nam
2382 1396 2552 1467 simul
2573 1414 2635 1454 ac
2662 1396 2860 1453 flueret
2886 1396 3135 1452 Romana
3162 1400 3403 1467 potentia
3433 1396 3612 1464 retro,

2290 1466 2559 1542 Plebsque
2588 1470 2714 1542 mali
2739 1467 3023 1523 Christum
3049 1466 3254 1542 diceret
3284 1483 3406 1542 esse
3438 1468 3629 1542 caput,

2217 1539 2419 1597 Texuit
2444 1538 2670 1596 annales
2697 1556 2727 1595 a
2759 1543 2930 1611 primo
2953 1538 3163 1611 semine
3192 1541 3408 1605 mundi,

2291 1612 2522 1682 Semper
2548 1606 2771 1667 humum
2793 1619 3106 1667 monstrans
3122 1610 3370 1667 cladibus
3391 1622 3513 1667 esse
3538 1606 3768 1682 gratem
3797 1626 3815 1665 ε

2220 1685 2299 1740 Ac
2331 1691 2392 1738 ut
2418 1684 2650 1743 dilueret
2678 1683 2862 1738 stolidi
2894 1682 3175 1739 mendacia
3196 1683 3369 1752 vulgi,
3764 1730 3767 1731 ν

2295 1755 2427 1823 Quae
2455 1752 2659 1810 Christi
2691 1762 2937 1824 poterant
2968 1754 3330 1824 obtettcbrarc
3356 1752 3537 1824 iubar,

2291 1822 2476 1887 locoit.
2520 1828 2655 1880 mira
2688 1823 2905 1881 fraudes
2931 1824 3198 1881 brevitate
3230 1822 3485 1895 refellens
3505 1869 3520 1895 ,

2290 1895 2521 1951 Romula
2552 1896 2919 1952 Christiadum
2947 1904 3159 1967 sceptra
3192 1896 3368 1952 virere
3400 1894 3525 1967 fide.

2220 1969 2356 2024 llinc
2385 1984 2487 2024 nos
2512 1969 2605 2040 qui
2638 1969 2868 2039 tegimur
2890 1966 3058 2023 densa
3082 1983 3182 2023 ceu
3213 1969 3354 2040 nube
3379 1966 3661 2035 dolorum,

2293 2040 2522 2108 Semper
2550 2048 2606 2094 et
2634 2041 2893 2094 aernnmis
2920 2040 3074 2095 turba
3102 2039 3314 2108 sepulta
3343 2055 3551 2104 sumus,

2221 2109 2279 2165 ln
2298 2112 2584 2182 Christum
2618 2110 2851 2182 fugimus
2877 2125 3072 2165 causas
3097 2121 3349 2182 torquere
3378 2111 3663 2177 malorum,

2294 2181 2563 2239 Discimus
2591 2194 2647 2238 et
2674 2181 2859 2238 Clades
2887 2182 3050 2248 ferre,
3077 2181 3283 2249 subire,
3321 2184 3448 2251 pati.

2221 2253 2366 2325 Ergo
2390 2268 2523 2321 cape
2554 2254 2805 2309 Orosium
2833 2253 2952 2308 vitii
2979 2253 3049 2309 de
3080 2252 3302 2322 pulvere
3326 2263 3560 2325 raptum,

2291 2324 2347 2380 Si
2375 2333 2428 2380 te
2454 2340 2613 2396 parva
2638 2326 2712 2380 tui
2744 2333 2968 2395 tangere
2988 2341 3115 2381 cura
3145 2334 3349 2395 potest.

2221 2395 2337 2468 Non
2372 2411 2541 2450 vanus
2566 2399 2738 2466 pariet
2766 2397 2863 2451 tibi
2899 2396 3055 2450 tzedia
3089 2411 3270 2453 sermo
3312 2395 3560 2468 legendi,

2294 2466 2506 2537 El0quii
2539 2468 2898 2537 curritgratia
2930 2469 3051 2523 viva
3077 2469 3181 2522 sui.

2219 2535 2337 2611 Non
2364 2535 2763 2611 te‘mendorum
2790 2539 2901 2609 jam
2932 2539 3086 2595 triste
3122 2539 3420 2594 morabitur
3448 2552 3660 2611 agmen,

2291 2609 2529 2676 Quorum
2564 2610 2796 2667 Fabricii
2827 2626 3050 2667 munere
3084 2611 3263 2679 prodit
3285 2626 3475 2681 egens.

2219 2679 2278 2737 Si
2305 2697 2408 2751 qua
2435 2681 2772 2737 videbuntur
2802 2685 2962 2738 θενεῖς
2992 2684 3241 2737 immersa
3268 2679 3527 2752 tenebris,

2292 2752 2423 2818 Qum
2452 2753 2640 2824 nequit
2668 2751 2868 2823 ingenii
2898 2762 3089 2824 captus
3129 2754 3265 2808 inire
3293 2757 3365 2808 ttti
3396 2771 3409 2808 :

2220 2820 2353 2896 lltee
2388 2824 2485 2896 tibi
2527 2820 2808 2896 Gytnna'sii
2842 2825 2929 2878 lux
2965 2820 3328 2896 illustriSsitna
3356 2824 3526 2882 nostri

2296 2893 2621 2951 Franciscus
2650 2896 2844 2951 scholii
2876 2896 3026 2952 clara
3058 2896 3235 2951 nitore
3258 2894 3410 2952 facit.

2221 2962 2279 3020 In
2297 2965 2504 3047 quibus
2533 2977 2597 3047 ut_
2616 2966 3139 3047 sequitur‘vcterum
3173 2970 3504 3047 monimenta
3527 2973 3774 3032 virorum
3794 3020 3817 3047 ,

2296 3036 2387 3092 Sic
2415 3037 2537 3092 loca
2566 3038 2633 3092 de
2664 3054 2845 3093 rerum
2880 3038 3063 3093 nubila
3098 3044 3255 3094 nocte
3286 3041 3471 3100 trahit.

2225 3104 2338 3186 Cu_r
2357 3109 2461 3186 tibi
2494 3110 2540 3163 si
2570 3110 2779 3186 possint
2812 3110 2971 3186 hujus
3013 3109 3280 3179 placuisse
3310 3113 3549 3186 labores,

522 3185 651 3242 tatis
682 3185 853 3258 gradu
884 3182 1115 3254 positus,
1150 3181 1340 3253 patria:
1385 3182 1768 3253 tranquillitati
1808 3183 1947 3240 bene
1987 3199 2119 3242 con-
2146 3174 2193 3238 C
2227 3250 2260 3258 η
2298 3179 2377 3258 Et
2388 3174 2587 3258 sensus
2624 3181 2846 3258 dempto
2874 3174 3235 3258 fiuejnoverc
3264 3195 3422 3258 tuos:

525 3280 660 3336 sulis
686 3289 739 3335 et
764 3277 1046 3349 praesides,
1082 3285 1133 3331 te
1159 3275 1521 3331 Historiarum
1552 3275 1869 3347 cognitione
1894 3292 1921 3330 a
1946 3276 2120 3348 prima

525 3379 690 3425 aetate
731 3369 1042 3433 inchoasse,
1089 3366 1313 3434 aluisse,
1362 3365 1615 3433 auxisse,
1661 3381 1725 3423 ac
1756 3368 2116 3425 confirmasse

526 3460 848 3527 meministi,
891 3476 958 3515 ne
987 3474 1131 3514 nunc
1161 3458 1402 3530 quidem,
1457 3475 1579 3515 cum
1622 3473 1718 3530 per
1762 3460 2119 3530 gravissimas

521 3556 682 3625 Reip.
707 3553 1096 3622 occupationes
1121 3551 1272 3621 licet,
1298 3552 1682 3609 historicorum
1714 3552 2004 3611 lectionem
2036 3570 2122 3611 re-

520 3650 712 3721 fugere
739 3644 1107 3703 consuevisti:
1135 3644 1281 3715 quod
1308 3659 1433 3701 cum
1468 3662 1575 3700 non
1603 3648 1992 3718 cognoscendi,
2022 3649 2119 3706 scd

522 3739 801 3798 recolendi
833 3737 1005 3809 gratia
1051 3736 1242 3807 facias,
1294 3739 1431 3794 nulli
1461 3742 1802 3797 commodius
1833 3742 2118 3814 leguntur,

521 3848 687 3904 quam
728 3830 819 3903 qui
848 3834 899 3888 ἐν
920 3834 1138 3907 ἐπιτομῇ
1167 3846 1256 3886 res
1284 3838 1466 3901 gestas
1493 3833 1768 3889 clarorum
1794 3834 2035 3890 viroruru
2060 3851 2123 3891 ac

525 3923 852 3993 populorum
884 3923 1246 3993 scripserunt.
1280 3921 1338 3978 ld
1370 3938 1502 3979 vero
1521 3938 1642 3979 cum
1670 3924 1897 3981 Orosius
1915 3928 2124 3996 gravis-

525 4015 791 4069 simorum
814 4014 1054 4068 virorum
1083 4015 1397 4070 testimonio
1417 4031 1629 4071 summa
1658 4016 1761 4073 fide
1784 4021 2120 4087 prwstitcrit,

529 4119 668 4177 opus
697 4118 822 4159 esse
853 4120 958 4160 non
995 4104 1259 4170 arbitror,
1293 4115 1353 4160 ut
1392 4106 1494 4162 hoc
1524 4108 1772 4178 pluribus
1818 4110 2004 4166 verbis
2036 4111 2124 4168 hic

528 4198 901 4254 demonstrem
937 4214 950 4251 :
986 4211 1086 4251 nec
1124 4196 1335 4262 dubito,
1380 4200 1508 4270 quin
1553 4201 1647 4256 tibi
1688 4202 1819 4258 satis
1847 4218 2123 4261 commen-

527 4292 691 4347 datus
720 4290 794 4345 sit
818 4291 886 4361 is,
918 4291 1010 4361 qui
1038 4289 1329 4347 Historiam
1368 4293 1438 4349 ab
1466 4293 1620 4350 initio
1649 4297 1837 4351 mundi
1858 4310 2119 4370 exorsus,

524 4384 593 4439 ad
634 4397 730 4438 sua
765 4390 1010 4454 terupora
1040 4400 1137 4455 per
1167 4386 1409 4457 quinque
1458 4388 1626 4444 millia
1655 4405 1925 4447 annorum
1961 4408 2122 4464 supra

525 4493 592 4535 nc
622 4478 734 4534 fere
767 4477 992 4535 deduxit
1024 4496 1038 4533 :
1068 4478 1284 4535 confido
1317 4482 1480 4536 etiam
1510 4489 1563 4538 te
1589 4493 1837 4541 nostrum
1874 4487 2119 4544 laborem

526 4573 1002 4645 approbaturum:
1037 4573 1204 4642 unde,
1244 4583 1301 4630 ut
1343 4574 1665 4633 Timanthes
1696 4579 2122 4651 Agamemnonis
2150 4558 2201 4619 n

523 4665 797 4735 dolorem,
837 4668 918 4724 sic
958 4682 1060 4723 nos
1100 4682 1348 4725 amorem
1376 4676 1432 4725 et
1456 4670 1866 4728 observantiam
1899 4689 2028 4743 erga
2073 4685 2127 4731 te

526 4766 772 4813 nostram
818 4759 1196 4815 aestimandam
1246 4760 1628 4832 relinquimus.
1675 4762 1954 4821 Christum
1995 4767 2120 4835 Opt.

528 4852 674 4907 Max.
716 4868 1029 4923 precamur,
1075 4863 1134 4908 ut
1165 4862 1219 4910 te
1242 4855 1456 4925 patriae,
1504 4856 1768 4928 nobisque
1793 4858 1884 4914 diu
1918 4860 2123 4916 incolu-

529 4957 674 4998 mem
696 4956 1009 5002 conservet.
1030 4943 1183 5015 Vale,
1218 4956 1446 5017 patrone
1474 4944 1607 5002 mihi
1638 4947 1691 5003 in
1721 4951 1912 5020 primis
1935 4952 2122 5009 obser-

522 5035 718 5092 vaude.
763 5038 1160 5111 Dusseldorpii,
1211 5040 1476 5111 postridie
1525 5042 1647 5098 idus
1687 5043 1847 5103 Mart.
1882 5048 2040 5105 Anno
2088 5065 2116 5105 a

522 5123 746 5185 Christo
768 5140 897 5185 nato
921 5130 1082 5187 1561.

1055 5223 1149 5278 an
1188 5222 1582 5296 LECTOREM,

761 5327 1029 5372 PROLOGUS
1051 5330 1200 5373 ΙΟΔΝ.
1236 5332 1543 5378 πυηειιοιωι
1572 5335 1852 5382 υιεειιδυιι.

520 5427 578 5487 Si
592 5427 753 5510 iuvat
782 5432 1274 5510 extremascriptis
1301 5434 1369 5490 ab
1397 5436 1614 5510 origine
1642 5441 1831 5497 mundi

591 5500 811 5576 Plenius
840 5502 1105 5576 historiis,
1140 5500 1313 5560 lector
1339 5500 1536 5576 amice,
1568 5510 1669 5564 frui
1697 5527 1714 5567 :

514 5570 653 5659 Quid
683 5575 843 5628 nimis
871 5573 929 5628 in
960 5570 1217 5659 veterum
1245 5579 1492 5659 mutilata
1523 5570 2034 5659 voluminapendes
2053 5631 2067 5659 ,

583 5643 1022 5718 Qlltl!__net|ll0tilit
1049 5645 1159 5701 ulla
1192 5658 1348 5718 parte
1373 5649 1561 5707 levare
1587 5651 1828 5711 famem?

514 5710 769 5795 En_redit
797 5710 1247 5795 Orosiustenués
1275 5723 1511 5795 emissus
1544 5724 1597 5776 in
1621 5738 1813 5795 auras,

594 5783 822 5843 Lumine
854 5788 1132 5849 Francisci
1163 5792 1532 5863 Splendidiore
1561 5795 1763 5856 nitens.

2221 3250 2400 3326 Orosii
2432 3266 2653 3326 sumas,
2685 3252 2861 3326 lector
2882 3254 3149 3318 studiose,
3181 3253 3427 3326 libellos,

2292 3322 2439 3391 Quos
2470 3322 2578 3379 fert
2603 3322 2692 3381 hic
2719 3324 2902 3381 studio
2931 3326 3277 3396 gratilicantc
3307 3322 3422 3383 tibi.

2842 3457 3202 3530 EPISTOLA,

2222 3586 2346 3627 suo.
2380 3586 2656 3629 scno'r'ros
2685 3589 2953 3633 ANTUEBP.
2994 3591 3039 3632 s.
3086 3592 3123 3633 ι.
3165 3593 3340 3635 rcrno
3367 3594 3631 3652 cnouso,
3661 3584 3826 3642 nro-

2400 3660 2608 3703 auarae
2634 3662 2877 3704 comam:
2905 3663 3217 3718 scalptum,
3250 3666 3302 3707 IN
3327 3667 3487 3720 usus,
3516 3668 3640 3711 ssc.

2292 3758 2393 3829 Qui
2426 3761 2495 3817 de
2525 3761 2752 3842 legenda
2782 3763 3032 3833 historia,
3062 3764 3342 3822 hominum
3375 3767 3502 3826 vitae
3532 3769 3694 3842 longe
3717 3768 3826 3826 uii-

2222 3851 2451 3921 lissima,
2479 3864 2666 3925 utp0te
2690 3871 2899 3911 morum
2926 3857 3202 3927 magistra,
3229 3868 3499 3932 praecepta
3531 3873 3822 3932 parentum

2223 3947 2503 4003 memoriae
2524 3949 2891 4021 tradiderunt,
2916 3951 2950 4006 ii
2982 3950 3096 4009 fere
3118 3950 3185 4007 ab
3209 3953 3465 4024 epitomis
3489 3962 3657 4026 atque
3678 3971 3828 4012 eom-

2225 4037 2438 4109 pendiis
2465 4041 2832 4098 inchoandum
2856 4058 2995 4111 esse,
3025 4045 3362 4101 commodius
3394 4047 3641 4103 arbitrati
3673 4057 3822 4117 sunt,

2223 4130 2637 4206 ducendamque
2684 4143 2912 4191 censent
2968 4135 3206 4207 initium,
3251 4138 3336 4194 vel
3381 4154 3411 4194 a
3456 4138 3521 4196 ι..
3570 4139 3737 4197 Floro
3769 4143 3823 4197 in

2222 4223 2381 4281 Rom.
2413 4227 2674 4297 lIistoria,
2708 4230 2794 4284 vel
2836 4243 2866 4285 a
2893 4230 3163 4302 scriptore
3191 4232 3259 4288 de
3302 4232 3445 4289 Viris
3476 4233 3821 4300 lllustrihns;

2227 4317 2312 4373 vel
2342 4316 2582 4389 denique
2620 4320 2675 4376 in
2721 4320 2912 4379 Graeca
2962 4322 3264 4396 Latinaque
3309 4323 3543 4382 historia
3591 4327 3662 4381 ab
3714 4326 3821 4383 hoc

2227 4408 2400 4466 Paulo
2435 4412 2624 4469 Oresio
2665 4417 3056 4486 auspicandum
3100 4419 3436 4489 exisrimant,
3480 4421 3830 4493 gradumque

2226 4506 2484 4575 paulatim
2514 4505 2817 4565 faciendum
2849 4512 2916 4567 ad
2939 4525 3121 4570 vastos
3149 4512 3273 4571 illos
3305 4515 3623 4581 historicos,
3657 4517 3833 4587 majo-

2228 4615 2345 4653 rum
2381 4600 2622 4672 gentium
2657 4603 2916 4660 Romam:
2945 4605 3101 4678 Reip.
3133 4607 3455 4678 scriptores,
3487 4608 3552 4666 Τ.
3588 4609 3827 4679 Livium,

2225 4693 2544 4768 Dionysium
2569 4697 3065 4774 Halicarnasseum,
3091 4702 3467 4773 Plutarchum,
3490 4706 3827 4779 Appianum,

2228 4787 2476 4854 Dionem,
2507 4790 2811 4864 Polybium,
2844 4809 2907 4850 ac
2928 4805 3179 4853 caeteros.
3219 4798 3295 4854 De
3324 4799 3593 4872 Epitomis
3627 4800 3693 4856 L.
3722 4802 3829 4858 Ju-

2226 4878 2357 4936 lium
2401 4881 2653 4950 Florum,
2699 4885 2812 4941 sive
2851 4885 2896 4942 is
2926 4884 2990 4944 L.
3031 4888 3225 4946 Annaei
3274 4888 3501 4947 Senecae
3538 4890 3695 4949 labor
3739 4902 3832 4950 est

2228 4971 2319 5045 (ut
2352 4973 2578 5031 Vinctus
2610 4985 2780 5044 putat,
2800 4985 2855 5033 et
2879 4980 3213 5036 membrantc
3237 4997 3436 5039 nomen
3460 4982 3595 5039 illud
3620 4983 3830 5054 prmfe-

2226 5065 2399 5141 runt),
2430 5067 2717 5124 doctorum
2743 5068 3021 5127 hominum
3041 5073 3424 5130 commentarii
3455 5072 3831 5142 illustrarunt.

2222 5158 2450 5217 Joannis
2477 5159 2765 5229 Camertis,
2802 5162 2934 5218 Elite
2974 5164 3174 5234 Vineti,
3203 5165 3289 5223 Jo.
3324 5166 3533 5234 Stadil,
3567 5166 3830 5237 Grnteri,

2226 5238 2517 5321 Electaqtte
2546 5251 2683 5309 Justi
2736 5252 2903 5324 Lipsii
2936 5254 3001 5312 ν.
3032 5256 3093 5312 C.
3140 5257 3199 5314 lu
3244 5260 3521 5315 auctorem
3566 5259 3635 5316 de
3683 5258 3832 5317 Viris

2225 5345 2538 5403 lllustribus
2569 5348 2719 5405 urbis
2760 5349 2981 5420 Romtc,
3037 5359 3330 5426 utcumque
3383 5363 3642 5411 notarunt
3693 5355 3830 5411 olim

2224 5436 2539 5495 Dominicus
2580 5438 2927 5498 Maelianzrus
2946 5485 2960 5509 ,
3002 5442 3288 5517 Philippus
3318 5440 3662 5504 Puncherius
3688 5458 3746 5504 et
3775 5448 3831 5504 in

2216 5526 2508 5585 Germania
2551 5530 2929 5605 Lycosthenes
2968 5551 2982 5591 :
3028 5551 3130 5593 nos
3160 5537 3399 5609 denique
3428 5540 3588 5595 Corn.
3633 5538 3834 5612 Nepoti

2217 5635 2434 5677 manum
2478 5621 2815 5694 addidimus,
2858 5626 3131 5685 voluimus
3169 5630 3388 5702 quidem
3432 5641 3617 5699 certe,
3662 5633 3832 5688 ador-

2215 5713 2419 5771 nando.
2455 5714 2513 5771 In
2549 5715 2793 5772 Orosiztm
2838 5734 2990 5789 vero,
3024 5737 3185 5792 quem
3209 5722 3323 5793 jam
3353 5732 3607 5794 quartum
3637 5732 3731 5779 aut
3763 5740 3832 5781 eo

2212 5808 2467 5883 amplius,
2496 5809 2699 5883 optime
2726 5808 2979 5887 Choline,
3013 5815 3118 5875 tuis
3147 5816 3293 5891 typis
3322 5816 3598 5877 excudere
3626 5834 3791 5893 paras
3810 5863 3829 5891 ,
