4122 6174
330 259 439 321 655

1193 266 1472 328 NOTITIA
1524 269 1897 330 GALLANDII
1946 269 2018 330 ΙΝ
2053 268 2339 334 PAULUM
2376 272 2708 361 OBOSIUM.

3537 288 3643 346 654

334 384 394 431 ut
422 374 555 432 mihi
585 389 681 448 per
708 377 997 448 epistolam
1030 380 1227 455 Myllus
1254 394 1444 465 noster
1469 368 1822 458 signiﬁcavit,
1851 389 1925 445 ita
1952 391 2009 454 Α
2034 389 2207 447 Orosii
2269 393 2503 451 Historia
2561 395 2823 467 inscripta
2875 387 3043 455 fuerit
3112 398 3351 456 Ormesia
3402 400 3588 457 Mundi
3621 420 3641 460 :

334 480 419 529 est
438 487 471 527 a
496 471 693 530 Franc.
723 473 999 544 Fabricio,
1026 475 1250 535 homine
1271 479 1666 549 eruditissimo,
1693 482 1936 539 illustra-

338 572 422 619 tus
448 562 888 634 Commentario,
924 577 982 626 ut
1013 585 1120 626 non
1165 572 1328 627 modo
1369 573 1536 631 Paulo
1573 573 1803 643 Oresio,
1837 576 1932 633 sed

338 659 594 717 Historia:
618 661 759 723 adeo
789 664 1061 721 universa:
1085 665 1429 735 Graecorum,
1451 668 1936 742 Romanorumque

337 753 517 812 lucem
552 757 860 825 praetulisse
891 759 1163 817 videatur.
1194 762 1304 819 Eos
1338 773 1516 820 tamen
1547 764 1715 820 libros
1741 781 1815 823 vn
1834 765 1934 821 de-

338 862 447 902 nuo
477 847 543 900 ad
572 847 919 906 membranas
949 858 1073 907 tuas
1094 858 1150 908 et
1178 850 1592 911 Coloniensium
1630 856 1935 913 Ludovicus

337 939 564 995 Lautius
592 940 755 1012 Belga
783 941 917 998 olim
938 944 1193 1000 contulit.
1215 944 1363 1012 Quas
1388 945 1561 1004 Notas
1591 956 1685 1004 tuo
1714 949 1935 1020 potissi-

338 1047 489 1087 mum
515 1042 707 1102 rogatu
736 1036 1008 1105 recensui,
1051 1046 1108 1094 et
1135 1052 1383 1110 magnam
1430 1049 1639 1110 partem
1679 1050 1935 1099 constare

337 1123 580 1195 comperi
607 1124 845 1183 Fabricii
868 1126 1046 1198 Notis,
1069 1145 1203 1200 quas
1225 1130 1432 1189 idcirco
1458 1132 1761 1204 segregavi,
1787 1149 1857 1190 ne
1879 1141 1936 1191 et

336 1217 423 1274 bis
468 1217 660 1275 eadem
705 1218 877 1277 lector
914 1236 1042 1277 eum
1080 1222 1242 1279 ttedio
1291 1224 1474 1295 legere
1516 1236 1837 1297 cogeretur;
1878 1237 1935 1285 et

335 1310 528 1366 alienis
584 1320 778 1368 ornata
843 1314 1036 1384 pennis
1099 1314 1361 1382 IEsOpica
1421 1317 1699 1375 cornicula
1763 1318 1932 1374 risum

336 1413 600 1471 moveret,
629 1405 727 1462 sed
753 1408 975 1478 propria
998 1408 1077 1464 illi
1103 1410 1349 1478 attribui,
1374 1411 1640 1481 mittoque
1658 1409 1726 1466 ad
1748 1418 1824 1478 te,
1854 1418 1934 1479 ut,

334 1499 378 1555 si
408 1498 698 1568 videbitur,
722 1501 947 1572 reliquis
961 1501 1245 1575 adjungas,
1268 1516 1394 1559 cum
1413 1506 1730 1563 accessione
1752 1505 1937 1577 aliqua

331 1593 596 1651 variantis
647 1590 954 1666 scripturae.
979 1595 1116 1652 Nam
1161 1612 1283 1668 qua:
1325 1612 1427 1654 nos
1461 1598 1640 1655 obiter
1681 1598 1932 1668 legendo,

329 1696 493 1758 atque
521 1688 872 1745 emendando
898 1688 965 1744 ad
983 1703 1136 1745 oram
1166 1691 1542 1761 ascripsimus,
1572 1693 1701 1748 dum
1740 1692 1932 1748 Fastos

2037 484 2253 554 vitiose,
2277 496 2334 542 ut
2356 486 2607 557 equidem
2630 490 2889 557 arbitror,
2910 504 2975 549 ac
2996 491 3223 548 Barbari
3242 490 3427 549 smeull
3456 494 3640 565 culpa,

2038 594 2164 635 cum
2195 595 2300 635 non
2331 580 2543 637 Crtecte
2573 581 2736 638 modo
2767 583 2997 653 litterae,
3024 583 3123 641 sed
3154 593 3211 642 et
3238 582 3483 654 Latium,
3508 600 3641 656 per-

2037 686 2332 743 paucorum
2359 673 2639 730 hominum
2664 684 2886 745 essent,
2907 676 3190 748 jacerent,
3218 692 3285 734 ae
3316 687 3481 734 muta:
3513 692 3647 736 con-

2041 764 2380 822 ticescerent.
2416 765 2748 823 Orchestram
2787 770 2933 824 enim
2980 769 3388 826 inscribendum
3438 770 3641 842 potius,

2037 857 2536 929 nominandumque
2588 859 2801 929 primus
2868 858 3007 915 vidit
3077 858 3431 917 doctissimus
3498 861 3644 918 idem

2037 948 2262 1023 Pighius
2286 952 2338 1008 in
2372 952 2611 1009 Hercule“
2631 952 2907 1021 Prodicio,
2932 953 3025 1024 qui
3061 954 3203 1010 liber
3224 962 3310 1011 est
3338 955 3408 1011 de
3434 956 3642 1025 optima

2038 1040 2308 1116 Principis
2335 1045 2675 1102 institutione
2703 1052 2758 1101 et
2785 1046 2891 1101 iter
2918 1045 3166 1101 continet
3186 1044 3415 1102 Romam
3451 1060 3645 1104 versus

2038 1136 2215 1192 Caroli
2257 1138 2415 1194 ducis
2462 1138 2653 1194 Clivite
2703 1153 2768 1194 ac
2815 1136 2973 1195 Julia:
3022 1136 3144 1207 lilii,
3198 1150 3343 1195 anno
3391 1141 3642 1197 saaculari

2035 1244 2197 1287 sacro
2234 1232 2391 1298 l575,
2439 1247 2547 1303 quo
2588 1246 2733 1288 anno
2780 1232 2834 1288 in
2884 1231 3174 1303 complexu
3227 1231 3476 1303 Gregorii
3523 1233 3645 1291 Xlll

2037 1320 2227 1379 Romae
2257 1323 2507 1395 princeps
2542 1324 2633 1380 ille
2669 1338 2899 1381 summa:
2924 1326 3039 1396 spei
3079 1326 3409 1397 exspiravit,
3440 1326 3636 1384 condi-

2041 1424 2234 1487 tusque
2269 1414 2417 1488 jacet
2457 1417 2509 1473 in
2535 1416 2655 1473 aede
2680 1416 2746 1471 Β.
2778 1417 2970 1474 Mariae
2994 1415 3310 1475 Animarum
3333 1458 3348 1486 ,
3389 1421 3641 1489 proxime

2038 1508 2106 1564 sd
2139 1509 2406 1565 tumulum
2444 1508 2670 1581 Adriani
2706 1504 2775 1567 Vl
2807 1510 2986 1582 Belgae
3026 1509 3185 1566 Pont.
3215 1510 3360 1567 Max.
3397 1509 3504 1567 Sed
3537 1526 3641 1567 cur

2042 1601 2344 1669 Orchestra,
2376 1602 2624 1674 inquies?
2651 1605 2732 1659 An
2772 1606 2898 1675 quia
2929 1602 3099 1660 veluti
3144 1603 3417 1660 theatrum
3450 1616 3636 1661 rerum

2037 1703 2315 1766 gestarum
2337 1694 2734 1765 repraesentat?
2757 1709 2828 1749 an
2853 1694 2979 1766 quia
3004 1709 3033 1749 a
3053 1694 3240 1751 mundi
3263 1693 3635 1766 descriptione

328 1777 771 1848 Magistratuum,
804 1780 1153 1851 Annalesque
1200 1781 1358 1837 Rom.
1390 1783 1634 1853 integros
1663 1783 1929 1853 Stephani
2027 1786 2283 1845 orditur?
2311 1786 2452 1855 Quid
2474 1797 2654 1844 autem
2684 1784 2964 1844 Orchestra
2984 1789 3079 1854 sit,
3122 1789 3176 1843 in
3215 1787 3635 1858 Amphitheatre

331 1870 564 1927 Vinandi
592 1871 770 1943 Pigbii
799 1873 941 1945 typis
981 1874 1191 1931 edimus
1236 1874 1616 1941 Ptantinianis,
1662 1890 1758 1931 eas
1786 1876 1926 1947 aequi
1957 1946 1997 1951 _
2033 1890 2133 1936 suo
2174 1878 2338 1937 docet
2364 1877 2585 1950 Lipsius
2624 1889 2815 1936 noster
2851 1894 2975 1951 cap.
3020 1881 3089 1936 14
3115 1888 3172 1937 et
3199 1882 3253 1936 in
3282 1880 3636 1937 Onomastico

325 1960 567 2032 bonique
586 1973 643 2018 ut
668 1962 862 2031 facias,
891 1964 1156 2037 majorem
1185 1967 1238 2022 in
1267 1967 1487 2023 modum
1529 1982 1664 2041 rogo
1702 1946 1923 2040 quaeso—
1955 1946 2005 2008 Β
2029 1972 2207 2031 Julius
2229 1946 2547 2031 Pollux—lib.
2571 1988 2624 2030 iv
2647 1987 2771 2045 cap.
2793 1973 2881 2031 l9.
2901 1946 3052 2043 vale,
3079 1974 3151 2029 mi
3175 1972 3427 2040 Chaline,
3453 1982 3510 2030 et
3529 1972 3632 2031 hac

322 2067 454 2123 que.
483 2053 622 2110 illud
651 2054 873 2111 interim
900 2057 1178 2114 cerenidis
1214 2058 1335 2116 vice
1360 2059 1747 2134 adjungemus,
1774 2064 1921 2133 quod

2031 2076 2215 2124 nostra
2265 2067 2317 2123 in
2369 2066 2623 2124 Orosium
2676 2066 2866 2125 fruere
2913 2067 3296 2140 qualicumque
3338 2067 3627 2127 industria.

325 2146 551 2203 istorum
599 2148 807 2206 nemini
854 2149 912 2206 in
956 2160 1203 2209 mentem
1251 2154 1436 2222 venit,
1479 2169 1582 2213 cur
1628 2156 1746 2214 haec
1788 2157 1919 2215 olim
2029 2158 2348 2231 Antuerpia:
2377 2156 2537 2214 1614.

330 2313 3617 2341 W

638 2436 1120 2526 NOTITIA
1197 2442 1840 2528 GALLANDII
1911 2443 1937 2526 ]

2111 2438 2619 2526 PAULUM
2695 2437 3286 2529 OROSIUM.

1761 2613 2182 2626 ———

400 2682 606 2744 Paulus
647 2686 867 2743 Orosius
899 2689 1192 2760 presbyter
1218 2731 1236 2760 ,
1285 2691 1512 2752 natione
1558 2693 1833 2767 Hispanus
1873 2705 1929 2751 et
2030 2708 2122 2765 per
2157 2690 2324 2747 Deum
2373 2690 2561 2745 missus
2605 2704 2726 2744 sum
2754 2702 2775 2744 :
2804 2687 2871 2743 de
2913 2697 2961 2743 te
3007 2705 3099 2762 per
3128 2705 3246 2746 eunt
3272 2705 3426 2765 spero
3450 2735 3465 2762 ,
3516 2694 3641 2749 dum

327 2781 469 2837 civis
499 2780 931 2838 Tarraconensis
954 2823 971 2852 ,
1015 2782 1207 2839 claruit
1244 2794 1474 2842 extremo
1524 2803 1656 2858 pene
1697 2786 1927 2844 Honorii
2030 2782 2300 2840 considero
2326 2780 2551 2851 qualiter
2576 2789 2749 2836 artum
2774 2790 2873 2849 est,
2899 2782 3041 2853 quod
3062 2781 3165 2838 huc
3198 2784 3444 2841 venirem.
3473 2784 3646 2860 Agno-

326 2876 659 2942 imperatoris
682 2886 929 2950 tempore,
950 2886 1006 2933 ut
1028 2878 1220 2935 scribit
1242 2879 1557 2938 Gennadius
1573 2881 1674 2956 (a).
1694 2882 1926 2940 Gentem
2030 2896 2118 2935 sco
2140 2895 2231 2934 cur
2256 2877 2473 2933 venerim
2498 2893 2517 2943 ;
2545 2876 2658 2930 sine
2684 2876 2948 2931 uoluntate
2965 2917 2982 2944 ,
3008 2878 3122 2933 sine
3148 2879 3456 2935 necessitate
3476 2920 3490 2945 ,
3527 2880 3639 2936 sine

327 2984 484 3025 suam
507 2985 570 3027 ac
593 2971 821 3041 patriam
848 2972 1028 3042 prodit
1049 2972 1484 3042 ipsemetauctor
1505 2976 1781 3032 hisverbis
1804 2975 1882 3050 (b)
1906 2993 1922 3034 :

326 3059 554 3117 Exstant
599 3062 773 3118 adhuc
804 3080 895 3135 per
921 3064 1146 3131 diuersas
1194 3067 1487 3137 provincias
1525 3068 1582 3122 in
1620 3084 1927 3138 magnarum

325 3153 533 3208 urbium
564 3155 729 3209 ruinis
759 3172 931 3227 partite
957 3167 1008 3210 et
1036 3173 1289 3227 pauperes
1315 3160 1491 3226 sedes,
1523 3160 1674 3229 signa
1696 3160 1928 3214 miseria—

322 3265 444 3303 rum
470 3258 519 3302 et
548 3247 817 3303 nominum
858 3249 1054 3304 indicia
1080 3259 1375 3307 servantes:
1396 3267 1459 3307 ea:
1480 3252 1665 3323 quibus
1686 3268 1781 3307 nos
1799 3267 1929 3323 quo-

322 3357 429 3412 que
455 3356 507 3395 is
546 3341 795 3397 lltsrssis
836 3340 1201 3399 Tannscossu
1230 3357 1476 3399 uosrasu
1512 3344 1581 3398 ad
1609 3341 1929 3399 consolatio-

2033 2988 2306 3034 consensu,
2338 2969 2402 3023 de
2430 2969 2599 3040 patria
2635 2983 2870 3040 egressus
2899 2984 3046 3031 sum,
3087 2968 3292 3024 occulta
3331 2970 3558 3039 quadam
3587 2971 3636 3025 ri

2035 3073 2203 3130 actus,
2233 3063 2396 3117 donec
2424 3061 2477 3115 in
2505 3061 2656 3115 istius
2680 3069 2831 3113 teme
2858 3060 3004 3114 littus
3028 3058 3225 3115 allatus
3250 3077 3388 3116 sunt.
3424 3061 3525 3116 llic
3544 3063 3638 3117 dc-

2037 3172 2177 3210 mum
2220 3156 2277 3209 in
2319 3168 2436 3208 eum
2478 3151 2674 3221 resipui
2711 3149 3056 3220 intellectum,
3100 3151 3241 3221 quod
3269 3152 3340 3205 ad
3382 3161 3432 3207 te
3471 3153 3643 3208 venire

2038 3246 2350 3302 mandabar.
2383 3243 2747 3317 [mpudentem
2770 3235 2874 3298 rion
2894 3244 3140 3317 judices,
3173 3244 3220 3299 si
3245 3245 3444 3315 accipis
3473 3246 3642 3317 conﬁ-

2040 3354 2321 3401 tentem...
2342 3339 2633 3396 Dilacerati
2660 3340 2868 3413 gravius
2890 3356 2922 3393 a
2948 3338 3250 3395 doctoribus
3272 3340 3467 3413 pravis,
3489 3357 3644 3410 quant

325 3448 448 3487 nem
503 3434 724 3488 miseria:
774 3434 993 3489 recentis
1038 3436 1379 3492 ostendimus.
1431 3435 1512 3492 Ex
1565 3435 1824 3507 Hispania
1873 3436 1928 3493 in
1959 3435 2006 3499 C
2034 3457 2067 3495 a
2098 3437 2472 3494 cruentissimis
2492 3435 2729 3491 hostibus
2758 3452 2956 3490 sumus.
2992 3434 3109 3491 Nos
3134 3436 3443 3507 conﬁtentur
3471 3434 3643 3504 offen-

326 3524 572 3580 Aliicam
606 3542 672 3581 eo
705 3527 926 3582 nomine
950 3527 1454 3599 peregrinationem
1493 3532 1774 3601 suscepit,
1820 3545 1931 3601 quo
2035 3547 2147 3587 sam
2177 3546 2197 3585 :
2222 3540 2279 3584 tu
2307 3528 2538 3600 pervides
2565 3528 2815 3602 plagam:
2836 3528 2977 3600 quod
3013 3528 3185 3585 solum
3212 3538 3467 3603 superest,
3494 3531 3650 3603 adju-

327 3618 734 3675 co:.tribulibus
760 3620 893 3686 suis,
922 3621 1108 3691 pravis
1134 3620 1515 3677 haereticorum
1543 3623 1830 3679 erroribus
1852 3624 1933 3679 in-
2035 3626 2185 3678 name
2212 3620 2462 3688 Domino,
2486 3620 2679 3694 largire
2706 3618 3044 3677 medicinam.

327 3708 511 3777 lectis,
546 3711 812 3766 medelam
846 3727 909 3768 ac
931 3712 1168 3769 salutem
1202 3729 1268 3769 ex
1296 3723 1486 3769 saneto
1506 3713 1808 3785 Augustino
1846 3729 1932 3771 re-
2109 3717 2188 3772 Ex
2219 3716 2417 3786 quibus
2439 3729 2570 3784 ergo
2602 3715 2767 3785 plane
2796 3713 3088 3769 coniicitur
3109 3754 3124 3780 ,
3160 3728 3254 3769 eos
3302 3727 3493 3769 errare
3529 3712 3647 3768 sive

325 3802 525 3861 ferret.
560 3802 613 3857 Id
636 3818 809 3875 porro
848 3819 975 3859 cum
1002 3804 1071 3860 ab
1095 3805 1213 3875 ipso
1243 3815 1438 3861 saneto
1455 3804 1710 3873 doctore,
1739 3814 1855 3861 tum
1879 3806 1932 3862 in
2037 3806 2128 3879 qui
2156 3806 2408 3863 Orosium
2434 3805 2503 3861 ab
2526 3803 2796 3874 Eutropio
2817 3812 2872 3858 et
2899 3803 3094 3869 Paulo,
3120 3803 3380 3874 lliSpanis
3403 3813 3464 3859 ut
3492 3803 3643 3859 vide-

328 3899 527 3969 primis
552 3898 620 3954 ab
651 3897 1055 3954 codemOrosio
1087 3898 1406 3954 edocemur.
1443 3898 1617 3954 Etille
1643 3898 1857 3969 quidem
1880 3900 1933 3954 in
2040 3910 2131 3957 tur
2147 3898 2419 3971 episcopis
2447 3897 2541 3969 (Ῑ),
2574 3896 2626 3952 in
2655 3895 2890 3952 Africam
2912 3896 2979 3952 ad
3010 3907 3259 3952 sanctum
3279 3897 3640 3968 Augustinum

329 3992 564 4062 epistola
575 3992 642 4047 ad
661 3998 904 4047 sanctum
924 3990 1313 4064 Hieronymum
1341 4010 1353 4045 :
1374 3992 1445 4063 (ε)
1462 3990 1615 4059 Ecce,
1642 3993 1833 4064 inquit,
1849 4008 1936 4048 ve-

329 4086 409 4139 nit
444 4084 514 4138 ad
541 4100 619 4139 me
670 4084 940 4158 religiosus
985 4086 1227 4159 juvenis,
1278 4084 1535 4141 catholica
1563 4103 1691 4158 pace
1741 4090 1934 4158 frater,

328 4190 487 4234 celate
505 4179 670 4249 ﬁlius,
700 4179 900 4234 honore
920 4181 1304 4254 compresbyter
1327 4190 1516 4248 noster,
1551 4181 1789 4248 Orosius,
1813 4181 1940 4255 uigil

329 4271 568 4341 ingenio,
603 4280 874 4340 promptus
892 4270 1117 4343 eloquio,
1146 4274 1379 4345 ﬂagrans
1395 4272 1591 4340 studio,
1620 4274 1745 4327 utile
1767 4288 1857 4327 vas
1886 4274 1937 4326 in

329 4364 490 4418 domo
514 4361 724 4417 Domini
744 4379 853 4418 esse
876 4363 1197 4432 desiderans,
1224 4364 1293 4418 ad
1316 4364 1625 4436 refellendas
1652 4363 1812 4437 falsas
1833 4379 1943 4432 per-

324 4458 387 4511 ni
393 4458 659 4528 riosasque
671 4457 933 4511 doctrinas
950 4473 1064 4528 quw
1083 4457 1284 4511 animos
1310 4457 1671 4527 Hispanorum
1690 4455 1852 4511 multo
1867 4457 1945 4511 in-

326 4549 563 4620 felicius,
588 4566 741 4619 quam
767 4568 987 4621 corpora
1008 4550 1307 4607 barbaricus
1325 4551 1554 4623 gladius,
1579 4549 1947 4607 trucidarunt!

327 4642 482 4699 Nam
524 4642 643 4697 inde
670 4644 739 4697 ad
767 4660 860 4698 nos
886 4660 1046 4715 usque
1075 4642 1139 4697 ab
1170 4644 1351 4698 oceani
1404 4644 1577 4697 littore
1617 4644 1943 4717 properavit,

326 4737 481 4808 fama
506 4736 726 4805 excitus,
752 4736 893 4808 quod
920 4754 951 4791 a
975 4753 1053 4791 me
1081 4745 1250 4808 posset
1273 4736 1335 4791 de
1366 4737 1447 4792 Itis
1474 4753 1589 4807 qua:
1617 4740 1749 4792 scire
1774 4737 1941 4802 vellet,

2041 3995 2209 4051 fuisse
2232 3994 2469 4066 legatum
2503 4001 2793 4059 asserunt;
2839 3992 2955 4048 sive
2984 3992 3074 4062 qui
3106 3992 3176 4047 ab
3217 3993 3424 4049 llerote
3451 4001 3509 4049 et
3537 3991 3643 4048 La-

2041 4104 2172 4145 zaro
2202 4087 2504 4145 Galliarum
2558 4085 2893 4158 prmsnlibus
2936 4085 3190 4141 eumdem
3242 4085 3373 4142 illuc
3416 4086 3644 4143 missum

2044 4180 2381 4237 existimant.
2420 4180 2568 4236 Duos
2595 4178 2818 4250 quidem
2848 4178 3063 4250 priores
3087 4178 3364 4233 antistites
3382 4186 3650 4234 memorat

2046 4271 2273 4336 Orosius
2300 4270 2380 4345 (g)
2412 4288 2425 4326 :
2458 4270 2555 4329 sed
2581 4286 2648 4326 ex
2673 4271 2794 4340 ejus
2826 4270 3006 4326 verbis
3037 4270 3070 4325 ii
3099 4270 3354 4326 videntur
3388 4270 3478 4325 vel
3522 4278 3651 4324 ante

2046 4363 2225 4437 ipsum
2246 4363 2303 4418 in
2322 4360 2559 4418 Africam
2585 4361 2912 4432 porrexisse,
2939 4361 3022 4416 vel
3047 4360 3243 4418 saltem
3260 4374 3384 4415 cum
3407 4375 3474 4416 eo
3488 4359 3650 4414 simul

2047 4455 2251 4511 ibidem
2283 4453 2592 4519 exstitisse;
2623 4467 2733 4523 quo
2770 4452 3011 4517 scilicet,
3061 4451 3202 4507 haud
3238 4465 3394 4507 secus
3425 4464 3490 4505 ac
3533 4451 3653 4519 ipse

2049 4545 2300 4614 Orosius,
2331 4560 2432 4617 pro
2461 4544 2830 4614 Hispanorum
2855 4542 3031 4597 salute
3060 4558 3089 4595 a
3130 4551 3322 4598 sancto
3351 4541 3653 4612 Augustino

2050 4638 2318 4696 auxilium
2333 4644 2654 4709 expeterent
2672 4634 3094 4705 acciperentque
3111 4652 3125 4689 :
3141 4633 3341 4705 quibus
3364 4643 3650 4705 propterea

2056 4732 2199 4789 idem
2229 4741 2455 4787 sanctus
2486 4738 2641 4801 pater
2663 4727 2864 4784 librum
2892 4728 2956 4782 de
2968 4726 3299 4798 Perfectione
3315 4726 3544 4799 justitiae
3563 4727 3657 4781 Ito-

322 4828 590 4899 quidquid
612 4828 787 4897 uellet,
818 4829 1024 4884 audire.
1068 4831 1132 4885 Et
1178 4830 1372 4885 iterum
1406 4829 1473 4885 ad
1526 4829 1794 4887 Evodium
1827 4830 1942 4901 epi-
1973 4842 2027 4904 ι)
2052 4824 2208 4881 minis
2230 4818 2993 4895 inscripsit‘(Iz).Posteriores
3007 4833 3141 4876 vero
3164 4817 3405 4889 episcopi
3421 4817 3658 4874 Gallica-

328 4939 568 4995 scopum
591 4924 838 4980 scribens
866 4924 970 4995 (ιι),
995 4925 1245 4981 meminit
1265 4925 1579 4980 sanctissimi
1594 4941 1657 4978 ac
1671 4925 1947 4979 studiosis-

326 5015 456 5070 simi
469 5015 680 5088 juvenis
707 5014 989 5086 presbyteri
1018 5015 1214 5083 Orosii,
1234 5016 1325 5089 qui
1350 5015 1421 5070 ad
1448 5032 1563 5083 nos,
1594 5014 1691 5085 ait,
1729 5015 1793 5071 ab
1823 5013 1947 5070 ulti-
1985 5034 1988 5037 λ

330 5125 427 5164 ma
458 5106 740 5178 Hispania,
789 5108 844 5162 id
886 5118 957 5163 est
982 5108 1047 5163 ab
1073 5108 1254 5164 oceani
1283 5109 1474 5177 littore,
1507 5107 1620 5165 solo
1648 5117 1947 5165 sanctarum

331 5198 737 5273 Scripturarum
753 5203 939 5259 ardore
964 5204 1343 5274 inflammatus,
1366 5204 1597 5259 advenit.
1617 5202 1743 5260 Hmc
1764 5204 1949 5274 Augu-

328 5293 538 5351 stinus.
569 5293 796 5349 Orosius
823 5308 956 5350 vero
982 5294 1034 5349 in
1077 5294 1327 5351 eamdem
1358 5294 1712 5363 sententiam,
1761 5292 1945 5366 ipsum

322 5387 626 5460 alloquens
655 5394 901 5443 sanctum
949 5386 1254 5455 doctorem,
1286 5386 1403 5443 [nec
1430 5386 1597 5444 habet
1628 5386 1702 5459 (e)
1740 5403 1754 5441 :
1787 5388 1870 5442 Ad
1896 5394 1950 5442 te

412 5549 499 5623 (α)
537 5548 785 5623 Gennad.
809 5549 877 5608 de
906 5550 1017 5608 Vir.
1043 5551 1243 5609 lllustr.
1269 5567 1390 5623 cap.
1423 5553 1514 5609 '59.

408 5618 492 5691 (b)
533 5621 688 5676 Oros.
726 5618 863 5679 liisl.
890 5622 983 5678 lib.
1014 5639 1108 5691 vn,
1136 5618 1355 5693 capﬁi'.

410 5694 494 5757 (ε)
532 5694 667 5765 aug.
694 5694 851 5763 epist.
881 5693 1005 5761 166,
1033 5712 1179 5750 num.
1198 5696 1254 5762 2,
1278 5712 1405 5765 opp.
1438 5706 1547 5752 tom
1570 5695 1633 5757 ll,
1657 5711 1777 5763 pag.
1797 5696 1928 5753 585.

410 5765 500 5839 (cl)
530 5762 801 5839 ζςιίριιὶξι.
837 5765 961 5829 ίϐῗ),
989 5780 1135 5839 ltlltt].
1174 5768 1258 5830 l3,
1289 5762 1426 5821 ibid.
1464 5782 1586 5839 ptg.
1617 5762 1749 5824 633.

408 5837 493 5909 (e)
533 5834 682 5891 Oros.
716 5837 958 5894 Consult.
991 5836 1058 5891 ad
1080 5837 1309 5909 August.
1337 5839 1367 5911 §
1399 5843 1415 5895 1
1445 5880 1457 5892 .

2056 4918 2137 4986 ni,
2168 4917 2401 4974 Herotes
2427 4926 2479 4970 et
2507 4914 2768 4980 Lazarus,
2793 4926 2917 4967 cum
2945 4910 3106 4966 ambo
3128 4910 3244 4965 suis
3262 4910 3402 4981 pulsi
3434 4909 3658 4966 sedibus

2055 5010 2118 5067 in
2154 5008 2503 5067 Palaestinam
2554 5005 2968 5063 contendissent
3014 5000 3342 5074 Pelagianos
3379 5016 3658 5076 oppugna-

2058 5106 2189 5171 turi,
2238 5104 2419 5175 ibique
2448 5102 2651 5158 dudum
2683 5107 2937 5172 agentem
2961 5096 3241 5167 Orosium,
3264 5096 3323 5153 ut
3345 5113 3478 5155 mox
3501 5098 3651 5159 dice-

2058 5211 2206 5264 mus,
2238 5211 2300 5252 ea
2343 5195 2458 5265 ipsa
2490 5194 2562 5251 de
2588 5207 2753 5249 causa
2785 5189 3317 5263 deprehendissent;
3343 5190 3523 5247 eidem
3547 5189 3657 5259 jam

2056 5293 2170 5363 jam
2218 5290 2271 5346 in
2308 5287 2547 5345 Africam
2593 5287 2995 5359 regressionem
3027 5285 3310 5343 meditanti
3356 5286 3566 5341 litteras
3594 5275 3661 5337 ad

2060 5382 2349 5442 concilium
2377 5379 2827 5453 Carthaginiense
2841 5378 3072 5452 dedere,
3094 5390 3231 5439 teste
3245 5377 3543 5452 Augustino
3560 5377 3625 5449 (ἱ)
3645 5392 3661 5430 :

2132 5550 2215 5623 (f)
2241 5549 2448 5607 Tillem.
2475 5547 2772 5617 tom.lell,
2795 5563 2919 5622 pag.
2944 5547 3103 5614 l006,
3124 5554 3238 5602 not.
3263 5542 3333 5597 5'7
3360 5552 3454 5598 sur
3470 5540 3528 5597 S.
3559 5540 3670 5597 Au-

2066 5627 2307 5697 gustin.“
2454 5692 2486 5697 _
2628 5692 2642 5697 _
2720 5692 2733 5697 _
2975 5640 2979 5642 ν

2144 5694 2224 5766 (g)
2268 5692 2420 5749 Oros.
2448 5692 2689 5748 Consult.
2720 5692 2835 5766 l__c.

2148 5754 2227 5832 llr)
2271 5766 2404 5836 Aug.
2433 5773 2725 5836 copulam.
2754 5761 2834 5828 Χ,
2865 5775 2991 5836 pag.
3023 5754 3144 5813 167.

2155 5826 2221 5909 (ἱ)
2261 5826 2541 5907 ld."epist'.
2569 5832 2700 5902 175,
2720 5826 2957 5902 ηυώίΙζ
2979 5843 3111 5901 opp.
3134 5837 3242 5885 tom
3290 5826 3363 5898 ll,
3396 5842 3521 5902 pag.
3542 5827 3675 5900 617,
