4076 6158
488 272 594 330 655

1523 265 1794 326 PAULUS
1829 264 2124 325 OllOSlUS
2161 262 2693 325 CHRONOLOGUS.

3673 264 3776 324 656

487 398 552 444 ut
573 393 865 458 propterea
895 383 1074 442 nullus
1101 399 1171 441 ex
1195 385 1427 442 laudatis
1459 387 1731 457 episcopis
1752 393 1947 443 auctor
1969 385 2084 444 iue-
2109 389 2162 452 Α
2187 387 2282 442 iret
2327 386 2563 442 hortatus
2605 402 2740 460 sunt.
2787 380 2956 457 idque
2999 383 3128 442 alibi
3171 390 3436 456 praeterea
3482 381 3684 452 tradit,
3716 385 3781 441 ad

490 484 564 538 rit
617 479 892 536 Africana:
957 479 1420 550 peregrinationis
1477 479 1697 546 Orosii;
1745 479 1947 550 quippe
1992 478 2086 548 qui

485 574 599 629 sine
624 571 923 639 voluntate,
956 572 1066 626 sine
1087 573 1412 637 necessitate,
1443 572 1554 626 sine
1591 587 1866 638 consensu,
1905 570 1969 626 de
1994 587 2089 642 pa-

489 667 593 721 tria
635 681 904 737 egressus,
951 665 1158 720 occulta
1186 665 1414 735 quadam
1450 667 1501 719 vi
1542 675 1688 732 aptus
1718 665 1845 720 illuc
1892 663 2086 731 fuerit,

490 755 953 827 quemadmodum
1011 771 1136 811 eum
1186 756 1498 827 loquentem
1542 756 1706 812 modo
1758 755 2084 812 audivimus.

493 850 681 920 Neque
706 862 838 904 vero
866 847 993 904 huic
1019 846 1304 903 Orosianae
1333 847 1626 904 assertioni
1668 862 1729 904 ea
1758 847 1978 904 obstare
2007 847 2090 902 vi-

493 947 714 1014 dentur,
744 959 867 1016 qua:
898 943 1014 1013 ipse
1044 943 1174 998 alibi
1215 952 1398 997 narrat
1427 939 1504 1013 (a)
1533 940 1604 998 de
1629 940 2008 1012 persecutione
2033 940 2087 995 in

495 1039 616 1096 solo
644 1037 822 1108 patrio
852 1053 881 1090 a
913 1035 1162 1090 barbaris
1190 1035 1294 1090 sibi
1325 1035 1495 1102 illata,
1525 1050 1632 1111 quo
1656 1042 1904 1105 tempore
1931 1034 2091 1090 nimi-

493 1149 615 1190 rum
663 1131 825 1188 Gothi
877 1116 942 1186 ac
999 1129 1165 1186 Suevi
1207 1129 1495 1200 Hispanias
1539 1130 1904 1186 invaserant:
1935 1127 2092 1199 cujus

491 1225 730 1297 proinde
772 1223 1170 1295 persecutionis
1225 1221 1564 1279 declinanda:
1610 1237 1812 1289 causa,
1858 1221 2091 1293 quadam

504 1319 808 1375 necessitate
827 1317 1142 1389 compulsus
1171 1315 1276 1371 sibi
1302 1315 1423 1386 fuga
1443 1314 1836 1371 consulendum
1855 1313 2090 1370 duxerit.

493 1415 631 1472 Nam
653 1413 1053 1486 persecutionis
1079 1411 1301 1484 quidem
1344 1408 1642 1465 barbarica:
1666 1407 1720 1463 vi
1749 1406 2002 1472 adactus,
2023 1419 2092 1460 ex

494 1507 774 1580 Hispaniis
834 1507 1030 1578 pedem
1085 1506 1298 1562 retulit.
1346 1502 1548 1559 Verum
1599 1501 1707 1557 alio
1755 1498 2096 1557 contendere

493 1617 657 1674 quam
688 1602 745 1657 in
768 1616 896 1658 oras
921 1600 1228 1668 Africanas,
1267 1599 1482 1669 integro
1505 1597 1690 1652 animo
1721 1595 1974 1652 aclibero
1999 1609 2097 1666 po-

496 1695 713 1760 tuisset,
748 1693 841 1749 ubi
873 1694 1045 1750 tutius
1074 1693 1241 1748 vitam
1275 1690 1504 1746 duceret
1535 1708 1547 1744 :
1580 1689 1827 1759 adeoque
1863 1689 1979 1744 sine
2006 1704 2099 1742 ne-

2192 481 2456 537 Evodium
2489 480 2808 552 episcopum
2835 480 3080 536 scribens
3110 477 3209 552 (j).
3238 478 3545 548 Augustino
3575 491 3783 535 morem

2189 575 2361 645 gessit
2385 573 2639 641 Orosius;
2672 575 2764 645 qui
2795 583 3082 645 propterea
3107 573 3176 628 de
3206 587 3308 628 suo
3337 570 3573 627 adventu
3599 570 3652 626 in
3687 571 3783 627 Pa-

2192 671 2458 726 laestinam
2478 669 2646 726 verba
2664 669 2893 736 faciens,
2921 669 3037 724 hate
3061 665 3226 736 ait(k)
3253 685 3266 721 :
3289 665 3537 721 Latebam
3558 667 3611 720 in
3629 664 3783 722 Beth-

2191 762 2376 828 leltem,
2411 762 2637 818 traditus
2661 779 2695 816 a
2724 771 2873 834 patre
2889 761 3206 832 Augustino,
3224 769 3282 814 ut
3304 759 3540 813 timorem
3573 758 3782 814 Domini

2191 856 2462 922 discerem,
2475 855 2656 910 sedens
2674 853 2740 908 ad
2751 854 2906 927 pedes
2917 852 3248 923 Hieronymi.
3265 850 3405 907 Hinc
3425 865 3591 924 porro
3609 851 3675 907 ad
3689 854 3785 908 Au-

2191 949 2468 1021 gustinum
2494 948 2800 1004 rescribens
2822 944 3522 1018 ipsemetHieronymus(t)
3557 961 3569 996 :
3609 941 3787 999 Virum

2193 1043 2569 1108 honorabilem,
2591 1041 2792 1111 inquit,
2821 1042 3037 1112 fratrem
3063 1055 3256 1103 meum,
3285 1037 3454 1108 ﬁlium
3475 1037 3787 1110 dignationis

2194 1143 2316 1203 tute,
2353 1133 2598 1189 Orosium
2623 1135 2997 1206 presbyterum,
3023 1141 3072 1186 et
3111 1131 3193 1185 sui
3223 1130 3404 1184 merito
3433 1139 3480 1185 et
3511 1139 3559 1184 te
3577 1128 3788 1201 jubente

2192 1227 2419 1297 suscepi.
2446 1224 2701 1295 Acceptis
2731 1225 2913 1294 itaque
2941 1223 3010 1279 ab
3029 1223 3332 1293 Augustino
3352 1221 3564 1276 duabus
3586 1221 3790 1293 episto-

2194 1318 2262 1372 lis
2290 1317 2361 1373 ad
2386 1317 2777 1389 Hieronymum
2796 1329 2967 1372 verno
2991 1323 3238 1385 tempore
3257 1313 3387 1368 anni
3406 1310 3514 1369 415
3544 1314 3790 1383 scriptis,

2196 1408 2446 1481 Hippone
2481 1409 2709 1464 solverit
2747 1407 2932 1464 statim
2973 1406 3205 1462 Orosius
3243 1412 3302 1461 et
3345 1405 3400 1462 in
3451 1405 3790 1461 Palaestinam

2195 1503 2501 1576 porrexerit
2533 1521 2548 1558 :
2597 1503 2710 1559 illic
2738 1502 2885 1560 enim
2914 1516 3039 1557 eum
3064 1500 3180 1572 jam
3214 1500 3391 1574 egisse
3425 1513 3616 1557 mense
3652 1499 3793 1556 Julio

2195 1607 2434 1655 exeunte
2477 1598 2723 1669 ejusdem
2768 1597 2894 1654 anni
2933 1597 3042 1653 415
3072 1611 3141 1654 ex
3190 1611 3317 1653 mox
3353 1594 3603 1653 dicendis
3648 1610 3794 1652 cotu-

2199 1705 2281 1761 pet
2301 1699 2411 1745 tum
2441 1689 2555 1746 (iet.

492 1785 754 1850 cessitate,
779 1793 837 1838 ut
865 1783 985 1854 ipse
1016 1783 1092 1838 ait
1125 1800 1138 1835 :
1171 1796 1236 1836 ac
1264 1781 1439 1838 libens
1472 1795 1537 1836 eo
1566 1779 1787 1834 demum
1830 1777 2090 1849 confugit.
2123 1783 2174 1844 B
2268 1786 2478 1840 [nterea
2507 1783 2635 1839 dum
2663 1782 2804 1854 apud
2839 1782 3234 1855 Hieronymum
3261 1781 3643 1839 diversaretur
3662 1781 3796 1840 Oro-

496 1878 614 1944 Qua
651 1877 719 1932 de
746 1890 805 1932 re
829 1875 1004 1946 ipsum
1035 1875 1320 1930 audiamus
1352 1873 1427 1944 (b)
1457 1890 1470 1928 :
1501 1871 1636 1927 Mihi
1657 1881 1850 1937 autem,
1886 1870 2093 1942 inquit,

497 1971 672 2040 prima
691 1969 1079 2040 qualiscumque
1105 1977 1277 2023 motus
1300 1966 1690 2037 perturbatione.
1713 1966 1958 2036 fugienti,
1978 1966 2101 2036 quia

499 2065 566 2118 de
591 2062 930 2134 confugiendi
958 2064 1184 2118 statione
1223 2078 1429 2129 securo,
1461 2060 1652 2132 ubique
1681 2061 1883 2130 patria,
1912 2061 2100 2131 ubique

498 2159 583 2212 lea:
607 2164 654 2210 et
680 2156 866 2227 religio
913 2172 1026 2210 mea
1062 2165 1134 2210 est
1165 2171 1184 2211 :
1215 2171 1351 2209 nunc
1379 2169 1459 2208 me
1497 2153 1680 2224 Africa
1718 2162 1826 2208 tam
1879 2153 2101 2209 libenter

501 2250 720 2322 excepit,
751 2265 908 2319 quam
929 2249 1253 2319 conﬁdenter
1277 2248 1468 2303 accessi
1491 2265 1510 2304 :
1535 2264 1673 2302 nunc
1703 2263 1784 2302 me
1801 2293 1814 2316 ,
1849 2248 2058 2318 inquam
2082 2289 2096 2311 ,

499 2342 604 2396 ista
617 2341 800 2414 Africa
829 2343 1028 2414 excepit
1056 2359 1185 2413 pace
1214 2341 1439 2413 simplici
1462 2384 1476 2409 ,
1518 2341 1637 2396 sinu
1689 2342 1902 2412 preprio
1922 2384 1937 2408 ,
1974 2344 2099 2413 jure

495 2435 778 2490 communi.
815 2434 882 2490 Et
927 2435 1160 2506 reliqua,
1196 2433 1357 2506 digna
1405 2450 1538 2492 sane
1567 2450 1690 2507 quae
1732 2435 1874 2506 apud
1921 2435 2098 2506 ipsum

496 2536 776 2582 auctorem
816 2527 1190 2597 perlegantur.

570 2618 813 2673 Primum
837 2617 1019 2674 Orosii
1044 2617 1331 2689 appulsum
1364 2619 1416 2673 in
1439 2618 1679 2674 Africam
1711 2619 1829 2675 sive
1859 2629 1980 2689 post
2005 2619 2101 2676 ini-

512 2713 648 2768 tium
663 2712 788 2768 anni
808 2710 939 2780 415,
957 2710 1074 2768 sive
1103 2723 1228 2767 ante
1252 2712 1495 2768 medium
1521 2711 1768 2782 ejusdem
1791 2713 2102 2783 auniiigen-

499 2805 629 2860 dum
651 2819 772 2860 cum
794 2804 924 2859 viris
955 2804 1133 2860 doctis
1155 2803 1230 2877 (c)
1260 2805 1507 2860 ducimus
1527 2823 1539 2858 :
1558 2819 1714 2861 secus
1732 2816 1900 2877 atque
1924 2807 2099 2862 visum

499 2895 716 2954 Norisio
739 2896 821 2970 (ιι)
847 2897 1074 2968 ejusque
1095 2897 1696 2971 assectatoriPagio(e),
1718 2914 1945 2969 quorum
1969 2899 2101 2955 utri-

500 3008 606 3064 que
627 2992 976 3067 przecedente
996 3007 1140 3050 anno
1169 2994 1274 3050 414
1297 2993 1349 3050 id
1380 2994 1697 3064 contigisse,
1718 3003 1961 3050 statuere
1981 2994 2099 3065 pla-

501 3087 632 3143 cuit.
651 3085 898 3157 Hippone
911 3086 1094 3158 itaque
1109 3086 1251 3157 apud
1266 3084 1620 3158 Augustinum
1641 3086 1843 3158 degens
1855 3087 2098 3156 Orosius,

2199 1875 2346 1944 sius,
2395 1883 2696 1947 cunctaque
2726 1874 3148 1931 ibienarrasset
3174 1889 3301 1946 qua:
3327 1871 3663 1946 Carthagine
3706 1874 3799 1930 ad-

2201 1983 2394 2024 versus
2421 1967 2748 2038 Pelagianos
2771 1976 2992 2038 peracta
3022 1965 3238 2022 fuerant
3265 1983 3280 2033 ;
3311 1966 3397 2022 bis
3415 1967 3622 2022 auditis
3645 1967 3800 2024 Joan-

2201 2077 2300 2139 nes
2329 2061 2856 2134 llierosolymitanus
2885 2061 3035 2133 quia
3077 2061 3298 2132 Pelagio
3327 2061 3443 2118 illic
3489 2061 3686 2118 itidem
3714 2063 3803 2119 dc-

2200 2165 2362 2226 gente
2390 2155 2674 2226 deceptus,
2707 2170 2833 2211 eum
2854 2155 3018 2211 veluti
3044 2154 3407 2210 orthodoxmn
3432 2155 3798 2224 existimabat,

2202 2263 2318 2304 rem
2364 2262 2526 2319 agere
2570 2246 2776 2316 judicio
2822 2244 3110 2302 decrevit:
3155 2245 3466 2317 indictaque
3509 2255 3800 2318 propterea

2201 2341 2406 2396 urbana
2420 2339 2652 2412 synodo,
2672 2337 2740 2393 ad
2763 2354 2886 2395 eam
2906 2338 3162 2394 Orosium
3185 2339 3400 2395 accivit.
3417 2337 3520 2407 Qui
3539 2337 3801 2409 deinceps

2200 2434 2408 2490 dolosis
2441 2432 2885 2488 adversariorum
2941 2433 3155 2489 artibus
3201 2440 3476 2504 tamquam
3533 2432 3802 2490 haereticis

2203 2525 2488 2596 pravitatis
2520 2533 2762 2580 assertor
2791 2531 3044 2594 notatus,
3081 2524 3281 2580 librum
3315 2523 3662 2594 postmodum
3690 2525 3800 2581 edi-

2201 2616 2284 2672 dit
2311 2616 2734 2687 apologeticum,
2772 2616 2863 2672 ubi
2893 2615 2976 2671 sui
3003 2615 3376 2672 defensionem
3406 2616 3651 2685 pluribus
3671 2630 3799 2689 pro-

2201 2719 2457 2778 secutus,
2500 2726 2668 2765 unum
2701 2710 3001 2765 insectatur
3033 2710 3336 2782 Pelagium.
3367 2709 3610 2781 Longum
3656 2721 3802 2768 esset

2201 2801 2281 2858 ire
2313 2817 2412 2873 per
2436 2801 2646 2872 singula
2669 2841 2683 2866 ,
2731 2815 2853 2873 qua:
2899 2801 2992 2857 illo
3019 2799 3089 2856 -in
3127 2812 3401 2857 conventu
3449 2810 3601 2871 gesta
3633 2800 3803 2859 fuisse

2202 2894 2590 2965 perhibentur.
2629 2893 2707 2950 Ea
2758 2909 2994 2966 namque
3028 2893 3199 2950 satius
3238 2894 3400 2950 luerit
3448 2893 3699 2951 ediscere
3736 2910 3806 2951 ex

2203 2989 2323 3059 ipso
2348 2988 2590 3044 auctoris
2623 2987 2796 3043 nostri
2825 2987 3205 3058 Apologetieo,
3228 3002 3389 3059 quem
3411 2987 3549 3044 inira
3579 2988 3804 3045 exhibe-

2203 3096 2346 3136 mus.
2369 3080 2590 3136 lnterim
2606 3095 2739 3137 vero
2757 3095 2918 3136 unum
2939 3079 3242 3136 alterumve
3258 3095 3356 3152 pro
3384 3081 3616 3137 instituti
3632 3082 3804 3138 nostri

498 3191 788 3252 postquam
819 3179 903 3236 sui
934 3195 1155 3237 causam
1186 3181 1396 3237 itineris
1423 3191 1611 3237 sancto
1631 3180 1840 3236 doctori
1872 3195 2100 3253 sugges-
2126 3171 2173 3235 C
2204 3175 2416 3230 ratione
2443 3173 2736 3230 advertere
2767 3182 3135 3244 opportunum
3161 3173 3428 3230 ducimus.
3464 3173 3536 3230 Et
3567 3176 3806 3244 primum

499 3273 688 3338 sisset,
713 3272 888 3329 eidem
913 3273 1258 3343 postmodum
1274 3273 1721 3329 Consultationem
1747 3288 1843 3329 seu
1862 3272 2102 3330 Commo-

497 3368 750 3421 nitorium
802 3367 998 3422 obtulit
1056 3368 1316 3422 deerrare
1369 3366 1903 3422 Priscillianistarum
1947 3379 2102 3440 atque

504 3457 920 3530 Origenistarum
941 3500 956 3524 ,
992 3456 1060 3512 ab
1090 3472 1156 3512 eo
1186 3457 1354 3512 enixe
1379 3466 1571 3526 petens
1599 3456 1700 3528 (ί),
1740 3467 1794 3511 ut
1821 3459 2102 3529 perspectis

501 3553 739 3609 omnibus
767 3552 959 3608 morbis
983 3551 1562 3608 ntediciuamadltibere
1587 3553 1876 3623 festinaret.
1895 3553 2100 3608 Annuit

503 3649 699 3706 Orosio
742 3649 1117 3720 Augustinus;
1167 3647 1396 3719 ejusque
1426 3646 1821 3703 Consultationi
1871 3661 2097 3718 respon-

498 3743 672 3810 dens,
703 3741 903 3798 librum
944 3740 1122 3797 eidem
1156 3739 1432 3811 inscripsit
1468 3739 1569 3813 (ῃ).
1599 3739 1894 3810 Utriusque
1918 3741 2099 3810 aperis

501 3834 672 3890 semel
694 3835 1004 3904 iterumque
1031 3833 1512 3889 meminitsanctus
1541 3841 1696 3903 pater
1719 3831 1816 3904 (lt).
1846 3831 2100 3900 Quando-

495 3925 717 3994 quidem
746 3940 878 3981 vero
918 3926 1062 3980 inter
1087 3924 1265 3980 Orosii
1297 3925 1628 3993 interrogata
1657 3933 1710 3978 et
1739 3924 1868 3980 illud
1900 3938 2096 3980 cense-

497 4014 659 4070 batur
698 4017 762 4070 de
799 4015 1002 4086 origine
1030 4015 1259 4082 animw;
1291 4015 1356 4069 ad
1390 4014 1529 4069 hanc
1574 4013 1948 4069 difﬁcillimam
1994 4015 2100 4070 sol-

495 4106 732 4162 vendam
767 4105 1126 4177 quzestionem
1157 4107 1419 4176 imparem
1459 4120 1520 4161 se
1569 4105 1848 4176 professus
1875 4117 2099 4163 sanctus

495 4198 874 4269 Augustinus,
934 4197 1316 4270 presbyterum
1378 4205 1624 4253 nostrum
1680 4196 1975 4268 Hispanum
2030 4199 2095 4255 ad

495 4291 886 4364 Hieronymum
909 4291 1192 4346 doctorem
1225 4290 1519 4347 maximum
1556 4291 1942 4348 remittendum
1967 4307 2097 4349 cen-

496 4384 639 4450 suit,
683 4399 808 4440 cum
837 4383 1047 4439 duabus
1089 4383 1234 4439 inter
1262 4393 1460 4440 cmtcra
1503 4385 1751 4455 epistolis
1787 4386 1964 4442 eidem
2014 4387 2098 4442 in-

497 4475 738 4547 scriptis,
762 4475 816 4531 in
841 4491 1071 4548 quarum
1103 4477 1283 4547 priore
1299 4477 1401 4533 sub
1424 4477 1765 4534 initiumltaec
1795 4479 1958 4534 habet
1985 4482 2050 4551 (ἰ)
2079 4498 2094 4536 :

2200 3267 2420 3337 quidem
2466 3268 2815 3323 statuendum
2848 3268 3099 3334 videtur,
3145 3269 3426 3339 pertinere
3469 3281 3807 3326 conventum

2199 3358 2350 3414 illum
2399 3357 2960 3432 Hierosolymitanum
3021 3359 3090 3414 ad
3137 3374 3339 3415 annum
3381 3360 3518 3428 415,
3571 3377 3685 3432 quo
3736 3377 3808 3418 ex

2199 3455 2385 3512 Africa
2407 3471 2575 3512 verna
2626 3465 2954 3528 tempestate
2987 3457 3272 3515 discedens
3303 3460 3568 3528 Orosius,
3615 3463 3672 3517 in
3705 3462 3814 3518 Pa-

2199 3548 2465 3604 lmstinam
2493 3549 2795 3615 contendit,
2827 3558 2886 3606 ut
2909 3551 3161 3620 superius
3189 3551 3443 3609 vidimus.
3477 3553 3635 3610 Diem
3672 3569 3817 3611 vero

2198 3654 2307 3709 quo
2337 3649 2643 3696 conventus
2668 3640 2814 3697 idem
2836 3651 3056 3698 coactus
3087 3653 3192 3710 est,
3238 3644 3405 3700 fuisse
3431 3644 3506 3701 ‘28
3526 3645 3702 3714 Julii,
3738 3662 3816 3702 ex

2200 3733 2437 3803 ipsemet
2482 3733 2679 3789 Orosio
2707 3735 3010 3794 erudimur.
3057 3735 3282 3793 Constat
3328 3739 3472 3794 enim
3507 3741 3633 3812 (tu),
3684 3757 3820 3796 eum

2197 3835 2311 3898 post
2343 3827 2455 3881 dies
2480 3828 2831 3902 quadraginta
2859 3839 2910 3883 et
2939 3838 3134 3899 septem
3173 3829 3243 3884 ab
3283 3829 3471 3886 habito
3498 3842 3821 3900 conventu,

2199 3918 2631 3990 Hierosolymam
2660 3919 2894 3977 rediisse
2925 3922 3095 3992 primo
3141 3920 3508 3977 Encwniorum
3545 3925 3637 3979 die
3671 3942 3691 3980 :
3727 3927 3823 3997 qui

2198 4011 2440 4079 quidem,
2467 4012 2586 4068 dies
2605 4024 2721 4068 erat
2752 4014 2819 4068 15
2844 4014 3186 4083 Septembris
3207 4057 3221 4080 ,
3246 4025 3305 4069 ut
3338 4015 3503 4070 tradit
3531 4015 3829 4089 Nicepbo-

2200 4117 2292 4158 rus
2319 4103 2422 4175 (η),
2456 4105 2846 4182 τρισκαιδεκάτῃ
2873 4106 2916 4162 δ’
2936 4105 2996 4167 ἦν
3035 4109 3377 4185 Σεπτεμϐρίου
3418 4111 3580 4182 μηνός
3616 4129 3634 4167 :
3671 4114 3826 4182 quod

2199 4200 2367 4272 probe
2393 4200 2773 4257 animadvertit
2811 4200 3062 4258 Valesius
3090 4201 3192 4274 (ο),
3227 4218 3292 4258 ac
3325 4214 3446 4273 post
3477 4220 3613 4260 eum
3643 4207 3830 4264 Tillc-

2198 4294 2436 4348 montius
2454 4292 2763 4363 (p).Verum
2789 4293 3035 4350 Noris’ius
3059 4294 3158 4366 (q),
3189 4295 3525 4352 Benedictiui
3562 4298 3676 4370 (r),
3701 4299 3834 4354 Val-

2199 4385 2394 4441 larsius
2439 4384 2512 4457 (s)
2545 4385 2749 4456 aliique
2777 4385 2846 4440 ab
2878 4387 3177 4458 interprete
3231 4387 3414 4458 Lange
3453 4389 3694 4462 decepti
3740 4394 3836 4463 qui

2197 4481 2345 4537 aliud
2363 4496 2528 4553 agens
2542 4482 2835 4554 Nicepltori
2865 4483 3030 4540 verba
3058 4483 3314 4552 reddidit,
3341 4485 3472 4540 Erat
3497 4486 3541 4542 is
3580 4488 3839 4543 decimus

497 4568 671 4624 Docui
705 4569 965 4626 hominem
1004 4569 1304 4643 (Orosium)
1335 4573 1472 4642 quod
1507 4572 1688 4642 potui:
1739 4573 1878 4643 quod
1900 4593 1902 4596 ν
1921 4582 2092 4628 autent
2120 4553 2176 4618 Ῑ)
2196 4587 2412 4647 quartus
2442 4577 2628 4631 mensis
2654 4577 2973 4650 Septembris
2997 4579 3126 4647 dies,
3159 4580 3389 4651 primum
3416 4580 3840 4638 Encmniomm

492 4680 598 4719 non
623 4664 790 4736 potui,
823 4665 959 4720 unde
978 4663 1178 4720 discere
1199 4673 1371 4736 posset
1392 4665 1665 4732 admonui,
1697 4674 1852 4736 atque
1880 4675 1936 4720 ut
1960 4666 2030 4721 ad
2051 4677 2099 4721 te

593 4847 645 4916 a)
687 4848 839 4902 Oros.
870 4846 1008 4901 Hist.
1040 4844 1135 4901 lib.
1167 4860 1242 4911 Ill,
1277 4859 1396 4916 cap.
1425 4843 1518 4901 20.

593 4916 645 4986 θ)
681 4917 770 4971 Id.
802 4917 932 4972 ibid.
966 4916 1062 4971 lib.
1095 4933 1149 4986 ν,
1175 4929 1294 4985 cap.
1327 4916 1383 4970 2.

564 4985 637 5058 (c)
678 4987 793 5059 BB.
845 4985 1144 5059 Admonitt'
1163 4995 1302 5059 tom.
1347 4985 1568 5059 Xmopp.
1605 4985 1742 5059 Aug.
1777 5003 1901 5059 pag.
1957 4989 2084 5056 165,

568 5055 640 5134 st.
665 5056 1087 5134 n‘ied_.:,_Baller:_
1110 5057 1343 5134 Observ.
1385 5055 1493 5113 lib.
1515 5055 1559 5124 i,
1591 5055 1715 5129 cap:
1736 5055 1792 5128 4,
1821 5055 1932 5132 μ,
1960 5055 2084 5134 pag.

527 5128 757 5199 65mm.
785 5128 852 5184 IV
882 5143 1008 5199 opp.
1037 5127 1223 5199 ,Noris.

559 5197 665 5325 I('11)I
679 5197 860 5254 Naris.
880 5197 1019 5254 Hist.
1035 5198 1224 5270 Pelag.
1253 5197 1350 5256 lib.
1375 5215 1413 5267 t,
1433 5214 1554 5272 cap.
1577 5199 1636 5268 6,
1657 5215 1711 5272 p.
1737 5200 1806 5259 68
1821 5215 1940 5275 seq.
1955 5218 2084 5277 opp.

491 5279 627 5326 tom.
643 5279 685 5325 Ι.

555 5341 632 5411 (c)
676 5339 832 5413 Pagi.
866 5339 933 5413 a_d
963 5354 1090 5413 ann_.
1113 5341 1238 5413 414,
1268 5340 1296 5413 §
1323 5343 1376 5398 6.

564 5412 647 5486 (f)
692 5410 846 5486 Oros.
875 5410 1121 5467 Consult.
1160 5410 1402 5486 _Aug.
1429 5413 1457 5486 ς

557 5482 640 5559 (ἐι)
676 5485 966 5559 disappe-
984 5491 1131 5559 jom-
1162 5482 1302 5549 Vl".
1332 5482 1454 5559 pas}
1482 5484 1610 5539 δυο

555 5553 638 5630 (tt)
678 5553 777 5630 Idi
795 5553 957 5630 lib.Att
984 5553 1362 5630 Retract_._eap.
1381 5555 1614 5630 44,9pp.
1637 5565 1768 5630 tom.
1784 5555 1826 5621 l,
1844 5571 1970 5629 pag.
1988 5557 2080 5629 57,

481 5643 539 5690 et
565 5625 626 5685 in
651 5628 815 5697 epist.
844 5626 972 5694 169,
1006 5641 1155 5681 num.
1193 5625 1280 5692 i5,
1308 5635 1437 5697 tom.
1473 5625 1511 5679 ll
1546 5640 1669 5695 pag.
1704 5628 1829 5683 608.

553 5701 618 5773 (i)_
657 5696 793 5773 Aug.
823 5699 998 5773 epist._
1021 5697 1148 5773 j66,
1181 5696 1416 5773 uttm.__2,
1450 5705 1583 5751 tom.
1616 5697 1656 5773 ll
1685 5714 1807 5773 pag.
1839 5699 1968 5759 6'84.

479 5840 493 5848 _
556 5768 627 5847 (j)
668 5768 753 5827 td.
787 5770 948 5844 epist.
978 5768 1103 5841 166,
1134 5785 1286 5829 num.
1318 5769 1407 5841 15,
1438 5783 1559 5848 pag.
1592 5768 1718 5830 608.

2199 4668 2341 4726 diem
2373 4671 2425 4725 in
2459 4669 2524 4726 14
2561 4669 2901 4742 Septembris
2931 4671 3189 4731 incidisse
3225 4685 3504 4732 asserunt.
3544 4675 3842 4734 Erratum

2267 4849 2348 4924 (It)
2382 4849 2545 4924 Qros.
2573 4850 2802 4923 Apolog.
2839 4852 2946 4924 55.

2265 4921 2335 5006 [ιλ
2372 4921 2596 5006 Hieron.
2627 4921 2804 4994 epist.
2835 4921 2960 4994 151,
2995 4940 3145 4982 num.
3176 4940 3217 4995 ι,
3249 4941 3377 5000 opp.
3409 4936 3557 4985 tom.
3602 4930 3656 5001 1,
3709 4948 3840 5006 pag.

2197 4991 2358 5057 1056,
2375 4993 2506 5048 edit.
2539 4991 2742 5049 Veron.

2267 5063 2365 5134 (nt)
2409 5064 2566 5148 Oros.
2589 5065 2820 5152 Applog.
2911 5068 2966 5122 7.

2267 5136 2344 5193 in)
2385 5134 2612 5193 Ntcenh.
2647 5138 2781 5193 (λιιι.
2824 5138 2964 5193 ltst.

2263 5134 2792 5220 (n)'Niceph;;(_.'_alt.'
2824 5134 2964 5196 Hist.
3015 5140 3155 5198 eccl.
3202 5140 3301 5198 lib.
3334 5157 3427 5199 vin
3463 5183 3478 5210 ,
3537 5158 3684 5218 cap.
3721 5151 3839 5217 50,

2194 5204 2334 5278 tota.
2361 5204 2561 5278 apag.
2589 5205 2718 5264 653.

2264 5274 2343 5408 ἕο)
2388 5274 2565 5360 vates.
2599 5278 2666 5333 ad
2697 5278 2900 5336 Euseb.
2930 5280 3042 5337 Vit.
3083 5280 3276 5367 Const.
3299 5283 3395 5340 lib.
3437 5300 3528 5351 tv,
3565 5303 3709 5365 cap.
3742 5293 3835 5351 46.

2289 5349 2347 5408 p)
2383 5346 2592 5403 Tillem.
2628 5349 2785 5406 Mem.
2817 5353 2953 5407 eccl.
2987 5363 3118 5408 tom.
3148 5354 3301 5408 λιιι.
3331 5370 3453 5408 nae.
3489 5357 3648 5408 668-

2289 5349 2347 5489 pg
2383 5346 2592 5403 Tillem.
2628 5349 2785 5406 Mem.
2817 5353 2953 5407 eccl.
2987 5363 3118 5409 tom.
3148 5354 3301 5422 Xlll,
3331 5370 3453 5426 pag.
3489 5346 3648 5415 668.

2289 5437 2318 5489 q
2383 5418 2563 5475 Naris.
2601 5421 2737 5476 llist.
2766 5421 2949 5489 Pelag.
2985 5423 3083 5480 lib.
3114 5439 3155 5489 ι,
3187 5440 3308 5489 cap.
3342 5427 3397 5489 7,
3429 5441 3585 5489 opp.
3621 5443 3648 5489 ι.

2190 5418 2563 5562 pag/)7l‘Vm-is.
2601 5421 2737 5476 llist.
2766 5421 2949 5492 Pelag.
2985 5423 3083 5480 lib.
3114 5439 3155 5494 ι,
3187 5418 3308 5497 cap.
3331 5418 3585 5500 '7,'opp.
3621 5443 3768 5494 tom.
3795 5435 3838 5506 l,

2261 5561 2335 5642 (ν)
2508 5563 2561 5617 in
2591 5562 2838 5642 Append.
2870 5564 2936 5642 ad
2966 5573 3099 5620 tom.
3146 5565 3195 5621 X
3221 5567 3356 5642 Aug.
3392 5583 3539 5642 pag.
3583 5573 3688 5642 τι,
3719 5590 3832 5636 ῃοι,

2260 5633 2333 5722 (ε)
2353 5633 2596 5722 vultur-3.
2626 5637 2690 5722 ad
2716 5651 2842 5704 opp.
2871 5636 3109 5722 llieron._
3127 5648 3256 5692 tom.
3283 5633 3520 5722 H.333”.
3552 5633 3833 5722 375,551,

2188 5703 2282 5764 tiu.
2310 5703 2370 5764 et
2395 5714 2526 5763 tom.
2555 5703 2596 5776 Ι,
2630 5704 2682 5762 in
2716 5703 2930 5766 recens.
2973 5709 3135 5782 epist.
3164 5723 3312 5768 num.
3346 5703 3478 5771 {55:
