4122 6174
269 196 277 206 ’
379 243 488 306 ses

1558 247 2034 310 lilSTORlARU-M
2075 249 2471 311 PRrEFATlO.

3579 256 3687 318 660

383 375 562 423 tamen
601 375 794 421 canum
835 376 965 420 cura
1003 361 1281 436 postrema
1316 378 1330 420 :
1361 365 1560 438 quibus
1599 368 1733 423 solis
1780 376 1974 424 natura
1999 380 2056 440 Α
2079 367 2388 426 Cbaaaurea
2419 383 2526 426 non
2558 368 2780 428 erubuit
2807 366 3018 440 dicere,
3049 376 3105 428 et
3131 367 3396 432 Dominus
3440 388 3549 432 non
3601 378 3685 434 fa-

381 458 603 514 insitum
625 466 709 514 est
733 499 749 526 ,
775 457 1081 515 voluntarie
1109 459 1130 490 θ
1152 458 1219 513 ad
1249 456 1300 513 id
1329 458 1394 513 ad
1427 458 1571 529 quod
1603 469 1978 530 praeparantur

383 554 436 623 2
459 550 663 622 urgeri,
684 561 741 606 ct
761 537 1175 622 peringenitam
1197 551 1492 621 quamdam
1515 550 1840 606 obedientina
1866 551 1978 608 for-

387 644 584 700 mulam
604 685 619 710 ,
641 642 756 698 sola
785 643 806 674 "
835 641 1167 713 disciplinati
1193 642 1403 698 timoris
1426 644 1831 713 exspectatione
1858 660 1979 700 sus-

384 735 588 807 pendi,
621 734 795 791 donec
825 735 891 790 ad
922 735 1215 806 peragendi
1259 735 1534 793 licentiam
1577 746 1708 792 nutu
1754 737 1979 809 signove

385 830 689 885 mittantur.
742 827 958 884 Habent
988 827 1134 885 enim
1164 827 1415 900 proprios
1441 830 1716 901 appetitus
1741 871 1757 897 ,
1807 845 1980 900 quau-

383 931 493 979 tum
551 923 730 978 brutis
780 921 1242 988 excellentiores,
1298 930 1508 978 tantum
1567 923 1981 980 rationabilibus

385 1020 859 1091 propinquantes:
889 1018 994 1076 hoc
1016 1029 1121 1088 est,
1145 1021 1480 1089 discernere,
1515 1035 1720 1088 amare,
1749 1023 1980 1079 servire.

382 1110 515 1166 Nam
557 1110 934 1169 discernentes
977 1112 1122 1168 inter
1149 1113 1400 1169 dominos
1430 1122 1592 1184 atque
1617 1124 1934 1182 extraneos,
1959 1115 1982 1148 ⁸

381 1223 492 1262 non
515 1221 613 1264 eos
641 1221 776 1279 quos
818 1206 1181 1277 insectantur,
1210 1207 1443 1264 oderunt
1469 1225 1482 1261 :
1514 1211 1535 1242 θ
1567 1209 1662 1263 sed
1712 1207 1798 1264 his
1842 1223 1980 1280 quos

381 1309 598 1368 amant,
639 1301 948 1358 zelant:et
993 1310 1241 1357 amantes
1286 1300 1564 1357 dominum
1611 1315 1676 1356 ac
1720 1301 1979 1367 domum,

383 1409 491 1449 non
521 1392 674 1463 quasi
717 1407 788 1448 ex
815 1400 1014 1448 natura
1043 1393 1152 1463 apti
1184 1395 1430 1462 corporis
1473 1393 1729 1463 vigilant,
1783 1392 1879 1447 sed
1913 1407 1980 1446 ex

379 1483 716 1540 conscientia
749 1482 972 1538 solliciti
1000 1483 1203 1538 amoris
1231 1483 1538 1552 invigilant.
1569 1482 1726 1539 Unde
1752 1485 1914 1539 etiam
1940 1483 1982 1514 ¹⁰

388 1575 621 1648 mystico
649 1584 992 1632 sacramento
1039 1574 1091 1629 in
1123 1574 1452 1645 Evangeliis,
1496 1573 1642 1647 quod
1685 1574 1850 1632 edant
1883 1575 1981 1630 mi-

378 1681 473 1726 cas
503 1670 544 1702 "
577 1669 760 1728 catelli
793 1670 836 1701 ¹²
860 1668 962 1725 sub
992 1681 1180 1723 mensa
1223 1667 1576 1724 dominorum
1614 1681 1842 1726 suorum
1865 1709 1880 1735 ,
1927 1677 1983 1724 et

2083 466 2295 522 stidivit
2322 465 2529 523 audire.
2561 467 2605 499 ¹³
2635 467 2836 524 Beatus
2859 467 3020 523 etiam
3049 467 3272 538 Tobias,
3303 469 3500 527 ducem
3530 487 3692 546 ange-

2084 557 2194 612 lum
2239 572 2504 630 sequens,
2553 575 2744 616 canem
2777 561 3033 618 comitem
3078 561 3280 620 habere
3317 580 3426 621 non
3456 568 3686 636 sprevit.

2087 648 2253 721 Igitur
2285 650 2329 683 ”
2355 651 2597 722 generali
2645 652 2818 708 amori
2867 663 2958 708 tuo
2997 663 3050 709 et
3093 655 3323 725 speciali
3365 671 3687 731 connexus,

2088 741 2350 798 voluntati
2435 751 2542 797 tua:
2618 743 2808 801 volens
2876 745 3051 816 parui.
3137 745 3270 802 Nam
3341 762 3464 804 cum
3553 751 3688 807 sub-

2083 833 2254 903 jectio
2312 849 2430 890 mea
2496 844 2770 906 praecepto
2832 837 3174 906 paternitatis
3229 847 3333 896 tua:
3390 841 3434 872 ”
3486 840 3686 898 factum

2084 925 2136 996 3
2164 925 2377 993 debeat,
2410 926 2456 958 ¹⁶
2487 934 2771 997 totumque
2798 937 2950 983 tuum
2991 929 3081 997 sit,
3116 930 3260 1000 quod
3313 947 3379 988 ex
3412 941 3464 989 te
3507 934 3575 991 ad
3633 945 3688 994 te

2086 1017 2245 1084 redit,
2281 1034 2418 1089 opus
2447 1035 2663 1086 meum;
2699 1020 2741 1053 ¹⁷
2769 1021 2875 1076 hoc
2906 1021 3029 1076 solo
3053 1037 3176 1077 meo
3206 1023 3536 1081 cumulatius
3563 1027 3687 1083 red-

2085 1110 2220 1178 didi,
2243 1111 2390 1183 quod
2417 1110 2611 1182 libens
2645 1111 2766 1168 ieci.
2799 1111 3149 1184 Prmceperas
3173 1113 3304 1168 mihi
3330 1114 3372 1146 ¹⁸
3393 1124 3452 1170 ιιι
3474 1117 3686 1173 scribe-

2086 1218 2201 1258 rem
2256 1203 2528 1260 adversus
2575 1205 2920 1276 vaniloquum
2967 1206 3294 1278 pravitatem
3342 1223 3558 1275 eorum,
3595 1211 3688 1281 qui

2086 1297 2313 1352 “alieni
2348 1312 2379 1353 a
2407 1296 2627 1354 civitate
2675 1298 2772 1355 Dei
2802 1313 2868 1354 ex
2913 1299 3157 1355 locorum
3203 1301 3500 1372 agrestium
3530 1317 3686 1358 com~

2088 1390 2214 1459 pitis
2237 1398 2295 1447 et
2332 1391 2483 1463 pagis
2515 1392 2706 1463 pagani
2749 1402 3035 1460 vocantur,
3067 1393 3184 1449 sive
3212 1395 3483 1464 gentiles:
3516 1398 3567 1432 ὀ
3596 1396 3690 1467 qui

2087 1493 2304 1563 terrena
2349 1485 2566 1555 sapiunt
2599 1503 2612 1541 :
2645 1485 2761 1556 qui,
2813 1500 2936 1541 cum
2989 1485 3169 1542 futura
3241 1502 3352 1542 non
3415 1497 3686 1559 qumraut,

2086 1576 2130 1607 ’ί
2167 1576 2441 1644 prreterita
2481 1586 2665 1632 autem
2707 1586 2800 1632 aut
2845 1577 3244 1634 obliviscantur
3276 1589 3370 1634 aut
3413 1581 3685 1652 nesciant,

2085 1668 2131 1699 ¹²
2157 1669 2455 1738 przesentia
2486 1675 2692 1724 tantum
2720 1677 2964 1740 tempora
2995 1669 3160 1725 veluti
3182 1671 3340 1727 malis
3364 1682 3520 1729 extra
3550 1675 3688 1730 soli-

1675 1786 1813 1842 HAV
1823 1785 2124 1843 ERCAMPI
2164 1785 2373 1843 NOTAE
2385 1829 2398 1844 .

461 1881 616 1954 6.Ad
633 1879 702 1954 id
728 1879 797 1933 ad
824 1880 965 1951 quod
991 1886 1375 1954 pra’parantur.
1410 1877 1549 1934 Editi
1581 1878 1801 1954 quidam
1831 1889 1981 1954 vcte-
2010 1883 2057 1943 B
2083 1878 2167 1934 sui
2189 1918 2204 1945 ,
2259 1887 2315 1934 et
2356 1878 2526 1954 patris
2554 1879 2873 1954 spiritualis,
2904 1881 3164 1951 fructum,
3196 1897 3305 1954 quo
3331 1885 3682 1954 ostenderet,

377 1967 494 2017 res,
526 1951 596 2005 ad
627 1951 680 2004 id
699 1967 801 2021 quo
833 1949 1230 2021 prwparantur,
1251 1950 1395 2021 inter
1427 1964 1562 2020 quos
1592 1949 1832 2004 omnium
1873 1950 1982 2018 pri-

377 2038 489 2078 ma.
518 2021 646 2076 Mss.
674 2019 808 2076 vero
832 2019 1045 2088 Omnes,
1080 2022 1149 2076 ad
1178 2020 1232 2073 id
1258 2019 1398 2090 quod
1427 2019 1814 2090 prazpurantur,
1843 2034 1899 2076 ut
1927 2033 1982 2076 et

379 2094 515 2148 edit.
562 2092 896 2160 Augustana.
947 2093 1128 2157 Quare
1158 2092 1480 2146 iuterseruit
1506 2092 1790 2147 Fabricius
1819 2108 1982 2148 vocu-

379 2165 486 2219 lam
517 2162 617 2228 ad,
658 2177 782 2231 quae
812 2164 1124 2218 necessario
1167 2161 1570 2232 requirebatur,
1619 2171 1675 2218 et
1713 2163 1981 2219 excidisse

379 2235 616 2301 videtur,
632 2234 886 2301 quoniam
913 2233 1016 2301 bis,
1045 2232 1368 2290 intermedia
1385 2249 1517 2289 voce
1538 2233 1613 2301 id,
1634 2235 1976 2290 occurrebat.

452 2307 508 2360 ‘7.
541 2303 878 2372 Disciplinati
903 2306 1126 2361 timoris.
1179 2303 1278 2358 llic
1325 2319 1423 2372 pro
1478 2304 1681 2358 timoris
1714 2305 1980 2361 exhibent

382 2376 618 2432 tremoris
647 2388 781 2446 mss.
809 2375 960 2431 Flor.
1007 2390 1119 2432 sec.
1153 2384 1206 2431 et
1223 2383 1360 2446 tert.
1391 2415 1406 2441 ,
1454 2375 1626 2446 Lugd.
1660 2375 1775 2428 Dat.
1823 2390 1931 2430 see.
1960 2420 1976 2445 ,

383 2449 520 2506 Ultr.
548 2455 606 2502 et
656 2445 788 2501 editi
821 2447 1176 2504 vetustiores.
1207 2444 1278 2500 At
1307 2460 1443 2503 mes.
1473 2444 1644 2516 Lugd.
1671 2446 1812 2516 νίΒςιι.
1847 2447 1977 2502 reli-

381 2520 473 2590 qui
498 2527 624 2590 utet
657 2517 832 2590 Meus,
862 2518 1087 2586 timoris,
1119 2527 1174 2574 et
1201 2527 1351 2590 recte
1375 2515 1615 2587 praatulit
1654 2515 1936 2590 Fabricius
1960 2559 1976 2581 ,

380 2587 448 2645 ex
473 2589 667 2644 timore
690 2588 836 2660 enim
866 2597 1070 2660 tremor
1099 2588 1363 2643 nascitur.
1385 2592 1489 2643 ιντο
1519 2588 1798 2660 peragendi
1826 2587 1888 2641 L.
1912 2589 1973 2644 Β.

383 2669 511 2717 tert.
543 2657 814 2731 pergendi.
841 2659 964 2714 Mox
1003 2660 1070 2731 ad
1095 2661 1183 2715 illa
1214 2674 1332 2727 qua:
1362 2657 1672 2731 sequuntur
1687 2700 1702 2721 ,
1725 2668 1978 2729 quantum

380 2729 552 2786 brutis
569 2729 719 2786 addit
740 2740 860 2785 sunt
893 2730 1061 2800 Lugd.
1098 2731 1214 2785 Bat.
1246 2745 1358 2785 sec.
1389 2729 1451 2786 et
1474 2729 1612 2786 Ultr.
1645 2729 1803 2784 Prior
1827 2731 1979 2800 ponit

381 2818 511 2858 mox
541 2801 852 2856 animalibus
876 2813 997 2873 post
1016 2800 1430 2869 rationabitibus,
1477 2801 1606 2871 legit
1643 2815 1860 2872 quoque
1881 2819 1979 2872 ap-

382 2875 806 2946 propinquantes.

452 2943 508 3000 8'.
535 2944 658 2999 Non
686 2960 772 3014 eos
802 2959 954 3014 quos.
987 2943 1137 2999 Flor.
1168 2957 1280 2999 sec.
1305 2958 1429 3014 non
1456 2943 1622 2998 solum
1653 2958 1770 3008 eos,
1809 2943 1972 2999 male.

378 3016 609 3071 Orosius
643 3013 789 3070 enim
816 3013 1134 3085 ingenitum
1174 3013 1402 3072 canibus
1444 3029 1568 3070 esse
1615 3015 1690 3068 ait
1731 3028 1974 3069 amorem

378 3103 510 3158 erga
541 3086 826 3152 dominos,
864 3087 944 3141 sic
970 3096 1030 3140 ut
1056 3102 1124 3142 eo
1153 3085 1449 3156 impulsore
1493 3093 1786 3158 extraneos
1827 3085 1976 3139 adla-

382 3156 558 3224 trent,
605 3172 810 3227 eosque
860 3158 1196 3215 insectentur
1223 3199 1239 3224 ,
1290 3173 1396 3212 non
1421 3156 1733 3227 quodipsos
1780 3167 1975 3210 natura

381 3229 598 3285 oderint
621 3272 636 3295 ,
670 3228 768 3284 sed
795 3243 895 3298 pro
921 3227 1244 3284 defensione
1271 3227 1498 3298 domini.

453 3300 508 3354 9.
543 3300 650 3356 Sed
671 3300 774 3368 his,
798 3296 931 3371 quos
956 3311 1154 3359 autaut.
1185 3299 1374 3371 zelant.
1401 3297 1502 3371 His
1529 3312 1636 3351 non
1671 3296 1765 3371 hos
1789 3306 1878 3371 est
1920 3299 1973 3371 in

379 3372 591 3426 nostris
618 3367 1032 3440 manuscriptis;
1059 3371 1238 3436 ζηλοῦν
1273 3369 1524 3440 etiamin
1572 3367 1750 3440 sacris
1787 3369 1980 3440 litteris

379 3458 505 3496 cum
527 3444 712 3498 dativo
743 3439 960 3512 legitur.
995 3441 1302 3512 Faustulus.
1323 3439 1543 3512 ——Mss.
1567 3439 1708 3496 Ultr.
1731 3449 1784 3512 et
1803 3439 1975 3509 Lugd.

381 3513 501 3568 Bat.
532 3527 726 3568 omnes
747 3510 838 3568 sed
861 3529 954 3576 pro
982 3511 1062 3566 his
1089 3515 1205 3568 sive
1229 3510 1356 3580 hiis,
1391 3523 1448 3566 ut
1479 3511 1568 3566 ed.
1597 3511 1841 3566 omnium
1869 3513 1980 3580 pri-

382 3600 468 3638 ma
505 3602 518 3637 :
551 3584 642 3639 Itos
683 3598 814 3639 mss.
838 3583 990 3639 Flor.
1015 3597 1128 3638 sec.
1156 3591 1212 3639 et
1233 3591 1360 3638 tert.
1393 3590 1452 3637 ut
1477 3591 1532 3638 et
1556 3582 1666 3637 edit
1697 3581 1978 3651 llittorp.;

381 3668 437 3710 at
465 3654 844 3711 Fabrieianom
872 3655 953 3708 his
980 3653 1336 3725 comprobant
1363 3664 1418 3710 et
1459 3651 1688 3724 August.
1738 3653 1875 3708 edit.
1926 3661 1982 3709 et

381 3727 554 3782 codex
583 3726 836 3780 Perizon.
861 3735 1022 3792 atque
1049 3726 1223 3780 Meus.

455 3799 545 3854 10.
580 3796 825 3868 Mystico.
876 3795 1095 3867 Mystice
1123 3793 1315 3868 Lugd.
1335 3793 1454 3850 Bat.
1485 3809 1597 3850 sec.
1649 3795 1738 3865 qui
1768 3802 1824 3850 et
1848 3809 1979 3868 mox

386 3867 539 3923 addit
567 3866 692 3940 poSt
735 3871 1012 3940 evangeliis
1041 3869 1267 3922 verbum
1299 3867 1540 3940 legimus,
1595 3880 1693 3936 pro
1719 3881 1828 3936 quo
1853 3866 1996 3938 legi-’

385 3947 490 4002 tur,
516 3937 829 4009 tert.qtiitit.
855 3937 908 3993 et
932 3937 1100 4002 Ultr.,
1118 3947 1408 4006 utrumque
1429 3937 1589 4009 male.

459 4011 544 4064 11.
570 4006 756 4065 Catelli
783 4011 880 4064 sub
919 4025 1114 4063 mensa.
1145 4009 1368 4079 Legitur
1409 4018 1465 4062 et
1503 4008 1568 4061 de
1597 4023 1792 4079 mensa.
1823 4006 1980 4079 Apud

385 4079 696 4153 blatthtnutn
721 4083 901 4150 capite
920 4079 1136 4135 decimo
1163 4078 1354 4153 quinto
1376 4087 1482 4153 est,
1505 4081 1572 4134 τὰ
1588 4078 1804 4153 κυνάρια
1827 4078 1983 4134 ἐσθίει

383 4153 489 4210 ἀπὸ
529 4161 629 4208 τῶν
665 4152 864 4224 ψιχίωγ
896 4159 997 4206 τῶν
1022 4151 1310 4224 mther
1338 4151 1853 4224 &n6_‘rﬁ5'_'jrpmra'§n;
1881 4158 1982 4206 τῶν

384 4219 782 4300 augendis;
810 4222 978 4300 FABI}.
1002 4223 1146 4300 -_—L.
1178 4222 1239 4277 Β.
1274 4229 1398 4278 tert.
1430 4219 1648 4276 Catuli."

460 4297 547 4350 12.
567 4295 682 4349 Sub
703 4311 878 4349 mensa
908 4293 1234 4348 dominorum
1261 4309 1493 4347 suorum.
1528 4300 1861 4362 postremam
1889 4305 1984 4346 vo-

382 4378 506 4420 cem
536 4366 716 4421 delent
736 4364 939 4429 Periz.,
965 4363 1134 4426 Ultr.,
1165 4363 1335 4434 Lugd.
1357 4365 1475 4418 Bat.
1499 4360 1638 4428 sec.,
1671 4370 1726 4418 et
1746 4360 1980 4434 Floren—

379 4438 483 4490 tin.
516 4452 624 4493 sec.
661 4445 718 4492 et
747 4446 872 4492 tert.
905 4435 1222 4506 Augustana
1250 4431 1472 4506 quoque
1493 4434 1692 4506 editio,
1722 4442 1778 4487 et
1798 4431 1981 4506 Codex

381 4507 556 4562 Meus.
598 4507 792 4562 Mensis
818 4504 1252 4576 autem'prail‘ert
1280 4504 1454 4574 Lugd.
1491 4505 1610 4559 Bat.
1643 4513 1824 4576 quart.
1879 4504 1984 4558 Po-

377 4580 589 4634 stulaut
620 4589 799 4634 tamen
824 4576 1011 4632 Graeca
1031 4573 1189 4632 unde
1218 4573 1506 4646 desumpta
1533 4573 1678 4630 sunt.
1712 4573 1833 4630 Mox
1863 4591 1981 4628 mu-

378 4650 481 4703 lier
519 4651 651 4706 editi
681 4649 902 4720 quidam
935 4647 1265 4720 iniarciunt;
1308 4716 1357 4720 Α-
1646 4716 1686 4720 _
1725 4688 1736 4694 -

455 4721 544 4776 15.
577 4716 770 4776 Beatus
798 4719 954 4774 etiam
979 4718 1195 4774 Tobias.
1221 4716 1410 4774 Tobiae
1434 4725 1615 4774 sexto.
1646 4716 1813 4774 FABR.

459 4793 546 4848 14.
595 4789 840 4847 Generali
878 4791 1046 4845 amori
1091 4799 1181 4845 tuo
1227 4789 1442 4860 speciali
1497 4805 1672 4842 amore
1693 4804 1979 4860 connexus.

377 4860 512 4918 Flor
542 4872 668 4920 tert.
693 4877 870 4917 amore
897 4871 1009 4916 tuo.
1037 4859 1276 4932 Vulgata:
1301 4860 1564 4932 hactenus
1594 4859 1811 4915 lectioni
1836 4875 1984 4932 pra:-

376 4933 500 4990 l‘ero
522 4934 670 4990 illam
693 4948 815 5004 qua:
834 4933 887 4988 in
910 4930 1281 4988 vetustissimo
1329 4931 1500 5004 Lugd.
1526 4931 1646 5004 Bal.
1671 4944 1810 4998 sec.,
1836 4930 1980 4986 Ultr.

377 5016 437 5059 et
487 5007 660 5076 prima
687 5003 822 5060 edit.
861 5004 1157 5073 invenitur,
1197 5003 1429 5075 generali
1467 5003 1633 5056 amori
1665 5011 1754 5056 tuo
1782 5008 1829 5056 et
1859 5017 1982 5072 spe-

379 5077 506 5129 ciali
537 5092 824 5131 connexus.

455 5148 545 5202 15.
584 5145 809 5203 Factum
837 5146 1037 5202 debeat.
1071 5146 1164 5203 Sic
1189 5159 1380 5201 omnes
1405 5159 1538 5200 mss.
1565 5153 1622 5200 et
1646 5142 1812 5209 editi;
1835 5158 1979 5199 unus

380 5216 547 5284 Ultr.,
583 5223 783 5290 factum
826 5219 1104 5288 inpendere
1146 5234 1275 5287 opus
1315 5214 1781 5290 debeatis._Unde_
1826 5224 1980 5290 vetus

377 5285 627 5359 suspicer
645 5305 769 5345 esse
795 5285 1081 5353 mendum;
1129 5285 1303 5359 neque
1327 5289 1474 5343 enim
1500 5287 1634 5343 satis
1659 5286 1818 5359 capio
1849 5285 1978 5356 quid

376 5358 492 5414 hoe
515 5362 614 5415 sibi
649 5361 798 5416 velit.
828 5359 887 5416 Si
912 5361 1025 5414 vult
1053 5358 1278 5415 innuere
1303 5359 1548 5429 Orosius,
1582 5358 1975 5426 subjeclionem

375 5447 535 5486 suam
568 5441 842 5501 praecepto
873 5431 1216 5498 paternitatis
1244 5429 1780 5501 AureliigA‘ugustini
1813 5429 1979 5501 debe-

376 5518 440 5555 re
482 5505 678 5557 tactum
706 5545 720 5570 ,
751 5499 819 5557 id
866 5512 949 5557 est
994 5517 1131 5571 opus
1169 5503 1294 5566 hoc,
1325 5499 1480 5570 quasi
1508 5499 1686 5564 dicat,
1730 5499 1784 5553 id
1827 5499 1972 5569 quod

378 5589 527 5628 nunc
551 5589 580 5628 a
607 5590 693 5628 me
722 5573 922 5628 factum
952 5582 1068 5635 est.
1104 5573 1319 5640 illepide
1340 5588 1470 5627 sane
1494 5571 1706 5625 loeutus
1737 5582 1850 5637 est,
1879 5585 1974 5624 ne-

377 5661 487 5711 que
521 5659 617 5714 pro
646 5659 712 5700 eo
738 5661 844 5714 quo
886 5643 1326 5713 polluitjudicio.
1359 5642 1620 5712 Suspicor
1649 5642 1821 5714 igitur
1835 5641 1972 5714 010-

376 5711 532 5769 simu
567 5732 672 5771 non
719 5711 918 5785 factum
945 5711 1254 5784 scripSisse,
1299 5715 1394 5769 sed
1440 5711 1685 5784 fructum.
1726 5711 1972 5785 Debebat

376 5799 562 5840 autem
592 5783 943 5857 praxieptioni
982 5797 1034 5844 et
1062 5783 1249 5855 Operae
1295 5785 1582 5856 Augustini
1619 5783 1971 5854 praeceptoris

2003 3267 2050 3330 C

2085 1960 2346 2022 quantum
2369 1951 2472 2006 hoc
2489 1949 2718 2006 doctore
2741 1949 3086 2021 profecisset.
3107 1949 3264 2011 ll'utic
3277 1954 3514 2012 fructum
3539 1949 3686 2015 nunc

2086 2020 2332 2095 prol_ert_,
2363 2030 2527 2090 atque
2554 2022 2668 2089 illi,
2693 2020 2780 2079 cui
2810 2023 3013 2082 debere
3061 2041 3122 2081 se
3154 2026 3460 2095 proﬁtetur,
3494 2029 3676 2087 ollert.

2159 2092 2248 2148 16.
2283 2091 2575 2166 Totumque
2625 2105 2766 2148 tuum
2804 2095 2891 2162 sit,
2927 2104 3036 2151 etc.
3071 2091 3502 2166 ita—corruptum
3534 2101 3678 2156 mala

2085 2162 2438 2242 distinctione
2494 2166 2675 2218 locum
2728 2166 3030 2242 emendavi.
3061 2165 3119 2221 In
3149 2162 3683 2242 editisanteailege-

2087 2235 2266 2314 batur,
2300 2243 2564 2314 totumque
2591 2244 2735 2288 luunt
2765 2236 2852 2314 sit,
2878 2237 3019 2314 quod
3046 2253 3109 2291 ea:
3136 2248 3184 2291 te
3209 2237 3472 2314 (additgsit
3505 2235 3679 2314 Ult'r.)

2085 2305 2155 2358 ad
2183 2313 2231 2358 te
2260 2304 2421 2371 redit,
2457 2304 2589 2373 Opus
2616 2321 2787 2360 meum
2816 2307 2916 2360 hoc
2938 2308 3052 2362 solo
3078 2324 3190 2362 meo
3216 2304 3534 2366 cumulatius
3563 2304 3683 2367 red:-

2083 2375 2218 2442 didi,
2246 2375 2388 2446 quod
2414 2374 2577 2429 libens
2603 2378 2722 2444 feci.
2753 2376 3170 2433 Distinctionem
3205 2377 3292 2434 hic
3319 2379 3521 2435 debere
3552 2383 3681 2449 poui

2086 2456 2206 2519 post
2256 2463 2387 2519 opus
2423 2461 2637 2519 meum,
2677 2461 2767 2502 res
2813 2449 3212 2519 ipsagclamare
3259 2450 3494 2506 videtur.
3545 2452 3684 2507 Dicit

2083 2517 2544 2590 enimAOrosius,
2579 2517 2895 2590 universum
2939 2517 3044 2575 hoc
3091 2535 3228 2590 opus
3274 2536 3431 2576 suum
3485 2524 3682 2579 merito

2082 2588 2292 2662 Aurelii
2319 2587 2812 2662 Augustinivocari
2843 2605 3027 2660 posse,
3055 2587 3217 2661 atque
3265 2592 3569 2662 profectum
3600 2595 3670 2649 ab

2081 2661 2274 2736 eodem
2321 2657 2700 2736 (_id’est,_e_jus
2748 2657 2967 2736 hortatu
2998 2672 3054 2736 et
3086 2657 3240 2736 jussu
3266 2657 3672 2736 conscriptum)

2083 2732 2278 2790 merito
2310 2729 2491 2784 eidem
2537 2730 2737 2786 debere
2763 2731 2968 2787 oll‘erri.
3003 2729 3179 2788 Verba
3209 2743 3354 2788 lunm
3383 2736 3474 2801 sit,
3498 2729 3676 2790 trans?

2083 2802 2234 2868 ponit
2265 2801 2420 2876 Flor.
2456 2810 2586 2856 tert.
2635 2801 2859 2870 Insuper
2890 2818 3022 2857 mss.
3056 2803 3232 2876 Lugd.
3267 2805 3385 2860 Bat.
3430 2807 3588 2876 prim.
3620 2815 3678 2862 ct

2079 2881 2256 2946 quart.
2289 2874 2360 2946 ita
2407 2871 2615 2940 legunt,
2650 2883 2913 2942 totumque
2953 2875 3022 2929 sit
3061 2871 3204 2929 tuum
3229 2878 3370 2946 quod
3394 2871 3461 2932 ea:
3500 2887 3547 2932 te
3586 2879 3674 2945 sit,

2079 2944 2148 2995 ad
2175 2953 2223 2997 te
2244 2943 2420 2997 redeat
2443 2960 2462 3008 ;
2488 2954 2613 3000 tert.
2643 2953 2908 3015 totumque
2931 2962 2983 3014 q.
3007 2962 3052 3000 e.
3083 2956 3130 3000 te
3155 2943 3249 3014 sit,
3271 2948 3339 3000 ad
3368 2957 3416 3002 te
3458 2949 3633 3003 redeat
3657 2943 3678 3014 ξ

2080 3029 2194 3069 sec.
2217 3029 2351 3087 vero
2382 3029 2566 3087 nempe
2595 3015 2743 3087 idern
2776 3031 2926 3087 opus,
2960 3026 3225 3087 totumque
3248 3028 3396 3073 tuum
3422 3019 3674 3087 sit,'quod

2079 3101 2143 3138 ex
2173 3096 2220 3140 te
2245 3084 2330 3148 sit,
2355 3085 2423 3137 ad
2463 3093 2509 3138 te
2545 3085 2699 3139 redit.
2726 3084 2784 3138 In
2814 3086 3013 3154 quibus
3049 3084 3153 3141 tria
3187 3089 3366 3154 priora
3403 3084 3568 3144 verba
3602 3089 3672 3144 ad

2079 3156 2460 3229 glossarnsuut
2490 3154 2794 3229 referenda,
2817 3171 2939 3229 qua:
2970 3157 3523 3229 explicettotumque.

2155 3225 2242 3279 17.
2281 3223 2393 3278 Hoc
2435 3223 2549 3278 solo
2595 3241 2708 3280 meo
2755 3223 3095 3282 cumulatius.
3128 3226 3277 3282 Multi
3305 3243 3370 3283 ex
3403 3223 3534 3283 mss.
3559 3245 3676 3285 meo

2081 3311 2186 3372 non
2238 3303 2559 3372 agnoscunt,
2591 3304 2650 3350 ut
2676 3296 2834 3354 Flor.
2877 3311 3014 3372 sec.,
3048 3298 3208 3362 Ultr.,
3255 3299 3453 3372 Peria,
3499 3299 3673 3372 Lugd.

2084 3368 2200 3422 Bat.
2227 3369 2558 3442 prim._sec.,
2581 3376 2635 3422 et
2660 3369 2955 3442 te_r_t.,edit.
2985 3384 3208 3442 quoque
3221 3371 3472 3442 princeps
3493 3368 3673 3427 etliu-

2079 3449 2330 3508 gustana.
2381 3437 2642 3495 Retiucnt
2690 3439 2838 3496 Flor.
2906 3437 3128 3506 tertius,
3173 3437 3358 3498 deex
3412 3437 3566 3498 incus
3619 3452 3676 3499 ct

2079 3509 2254 3579 Lugd.
2285 3511 2402 3566 Bat.
2437 3523 2618 3580 quart.
2645 3509 2698 3565 iu
2731 3526 2837 3580 quo
2860 3511 3050 3566 ultimo
3077 3521 3180 3578 est,
3213 3513 3312 3567 hoc
3342 3515 3508 3568 solum
3536 3530 3670 3570 meo.

2083 3580 2284 3654 Potest
2309 3589 2490 3654 autem
2525 3581 2717 3654 abesse
2756 3598 2890 3645 meo,
2917 3582 3174 3651 quoniam
3221 3584 3290 3639 de
3334 3599 3436 3638 suo
3480 3599 3670 3654 Opere,

2083 3665 2188 3722 non
2220 3653 2396 3707 alieno
2429 3653 2572 3721 loqui
2600 3651 2854 3707 Orosium
2885 3669 2951 3708 ex
2979 3668 3142 3707 sensu
3174 3655 3310 3707 satis
3339 3651 3675 3722 patetil‘ibi’,

2083 3721 2279 3790 inquit,
2309 3731 2463 3792 pater
2490 3725 2813 3792 Atigustine,
2851 3725 3085 3777 fraetum
3117 3723 3317 3791 debeo,
3341 3721 3508 3792 quem
3539 3723 3673 3778 οπο-

2083 3807 2168 3861 ro,
2197 3794 2302 3848 tuis
2332 3791 2589 3862 auspiciis
2625 3793 2954 3864 monitisque
2995 3803 3306 3864 susceptmn
3339 3791 3498 3862 opus,
3527 3794 3675 3863 quod

2085 3872 2234 3917 tuum
2271 3865 2370 3918 rite
2392 3864 2573 3918 vocari
2609 3863 2894 3932 propterea
2921 3873 3094 3933 potest
3123 3874 3172 3918 et
3195 3863 3394 3930 debet;
3422 3865 3674 3933 obsequii

2083 3935 2256 4002 gloria
2285 3933 2427 4003 apud
2461 3949 2547 3989 me
2569 3945 2677 3995 εει,
2709 3949 2883 4004 eoque
2931 3934 3049 3988 solo
3078 3935 3407 3990 cumulatius
3437 3935 3675 4003 reddidi,

2083 4006 2228 4075 quod
2263 4007 2438 4060 libens
2471 4006 2599 4077 feci.
2625 4005 2778 4060 lianc
2812 4006 3100 4077 praeceptis
3141 4007 3383 4076 magistri
3430 4005 3515 4062 sui
3546 4007 3679 4062 obc-

2083 4077 2342 4148 dientiam
2387 4077 2438 4130 in
2490 4075 2644 4130 initio
2682 4076 2965 4148 prmloqttii
2995 4075 3408 4148 'spOpouderat,
3443 4077 3495 4132 in
3536 4077 3675 4146 illis,

2089 4147 2368 4222 Prwceptis
2413 4148 2516 4201 tuis
2575 4149 2754 4222 parui,
2806 4147 3290 4222 beatissinic‘pater
3345 4149 3679 4222 Augustine:

2086 4230 2238 4290 atque
2259 4217 2458 4290 utinam
2490 4228 2593 4290 tam
2620 4219 2906 4288 efﬁcaciter
2928 4235 3080 4290 quam
3111 4217 3369 4273 libenter!

2161 4289 2248 4344 18.
2286 4288 2354 4344 Ut
2382 4289 2674 4344 scriberem.
2707 4290 2783 4342 Ex
2806 4289 3060 4344 omnibus
3090 4290 3252 4344 editis
3269 4301 3323 4344 et
3348 4288 3672 4358 quibusdam

2087 4375 2216 4415 mss.
2242 4360 2524 4416 exciderat
2539 4374 2639 4414 vox
2668 4360 2902 4414 secunda
2915 4359 3216 4424 scriberem;
3233 4359 3497 4415 exhibent
3517 4361 3677 4429 vulgo

2087 4432 2256 4502 utvel
2275 4433 2352 4484 uti
2374 4431 2640 4502 adversus,
2673 4439 2820 4502 ete.;
2859 4441 3147 4484 servarunt
3181 4430 3498 4502 (exquibus
3518 4444 3678 4502 repo-

2087 4501 2194 4572 sui)
2215 4516 2344 4557 mss.
2361 4501 2526 4569 Lugd.
2543 4500 2661 4572 Bat.
2686 4499 3244 4572 pript.,scc.,qt_tart.,
3268 4499 3442 4572 Periz.
3467 4500 3675 4555 etUltr.

2163 4569 2248 4628 19.
2267 4572 2437 4626 Alieni
2469 4589 2499 4624 a
2528 4571 2733 4624 civitate
2753 4570 2870 4624 Dei.
2903 4570 3127 4624 Adludit
3151 4569 3218 4624 ad
3241 4571 3504 4639 eximium
3538 4583 3675 4639 prae-

2006 4645 2062 4708 D
2086 4643 2320 4713 ceptoris
2348 4642 2552 4696 Aurelii
2576 4641 2859 4713 Augustini
2896 4654 3054 4710 opus,
3079 4640 3230 4713 quod
3245 4641 3336 4713 ille
3358 4639 3434 4694 De
3451 4638 3677 4713 diritate

2088 4711 2184 4769 Dei
2207 4713 2502 4783 inscripsit,
2532 4722 2586 4768 et
2628 4712 2784 4781 cujus
2805 4711 3099 4783 decimum
3147 4711 3397 4767 ediderat
3449 4711 3674 4780 librum,

2086 4801 2208 4839 cum
2241 4785 2356 4841 haec
2381 4782 2484 4840 sua
2510 4783 2756 4854 vulgarat
2783 4782 3026 4854 Orosius.

2157 4855 2248 4912 20.
2285 4856 2384 4922 Qui
2413 4850 2867 4926 terrena'sapiunt.
2901 4852 2995 4909 Sic
3023 4867 3230 4926 omnes
3258 4851 3391 4926 fere
3413 4850 3678 4926 exhibent

2087 4929 2259 4994 mss.;
2288 4941 2428 4982 unus
2455 4934 2551 4981 aut
2578 4922 2714 4980 alter
2735 4940 2860 4980 cum
2881 4923 3121 4996 vulgatis
3149 4922 3480 4980 editionibus
3515 4925 3666 4992 legit,

2086 5001 2209 5069 quia
2237 5009 2440 5053 terrena
2470 4999 2704 5067 sapiunt,
2735 4995 2891 5068 quasi
2912 4995 3152 5069 gentiles
3178 4996 3676 5069 vocarentur,quia

2091 5065 2303 5126 terrena
2333 5065 2582 5139 sapiunt;
2613 5065 3034 5139 quod'egoinde
3059 5065 3381 5139 exsculpere
3425 5081 3675 5137 nequeo;

2084 5150 2140 5195 at
2166 5142 2313 5206 illos,
2340 5136 2430 5210 qui
2462 5155 2491 5194 a
2538 5136 2765 5194 civitate
2802 5136 2905 5210 Dei
2949 5137 3116 5192 alieni
3158 5148 3305 5205 sunt,
3351 5136 3594 5208 paganos
3623 5145 3681 5191 et

2084 5213 2312 5279 gentiles
2356 5209 2669 5274 vocat;bos
2709 5209 2840 5265 dicit
2888 5217 3102 5264 terrena
3146 5223 3361 5280 sapere,
3393 5212 3520 5277 tios,
3552 5222 3675 5261 cum

2083 5283 2264 5338 futura
2293 5298 2397 5337 non
2426 5288 2693 5352 qtttet'ant,
2725 5290 2831 5352 etc.

2157 5353 2251 5410 21.
2279 5347 2554 5408 Prtetérita
2580 5362 2769 5406 autem.
2803 5349 2949 5406 Edit.
3002 5352 3231 5421 August.
3263 5365 3388 5421 non_
3426 5347 3678 5421 agnoscit

2081 5433 2275 5487 autem,
2301 5434 2360 5480 ut
2401 5439 2501 5479 nec
2549 5422 2736 5477 Venet.
2771 5437 2870 5478 nec
2914 5436 3017 5477 ms.
3063 5418 3262 5489 Periz.,
3295 5418 3391 5474 sed
3435 5418 3674 5485 llittorp.

2081 5499 2227 5552 delet
2269 5508 2504 5566 sequens
2531 5503 2664 5566 aut,
2696 5503 2754 5548 ut
2799 5505 2854 5549 et
2880 5492 3057 5563 Lugd.
3089 5492 3385 5566 Bat.itert._
3423 5493 3491 5566 At
3521 5490 3623 5558 peji
3647 5502 3675 5542 s

2082 5583 2268 5624 vocem
2318 5559 2420 5621 non
2455 5559 2805 5620 delent’edit.
2838 5559 3096 5633 princeps
3128 5571 3183 5633 et
3208 5565 3344 5629 Aug.
3370 5562 3423 5612 in
3456 5559 3522 5612 iis
3552 5575 3674 5627 qua:

2081 5649 2498 5709 praecesserunt,
2527 5653 2627 5709 non
2650 5632 2914 5709 quierant.
2948 5635 3069 5689 Mox
3098 5632 3471 5686 obliviscuntur
3496 5637 3552 5684 et
3581 5647 3673 5683 ne-

2077 5707 2249 5765 sciunt
2283 5723 2411 5763 mss.
2444 5707 2615 5774 Lugd.
2648 5708 2764 5762 Bal.
2791 5721 2900 5774 pr.,
2930 5712 3076 5766 tert.,
3109 5711 3162 5774 et
3201 5710 3382 5768 quart.

2149 5781 2241 5836 ‘22.
2273 5770 2563 5835 Praesentia
2613 5770 2834 5831 tantum.
2870 5773 3160 5829 Prwsentia
3206 5782 3376 5826 tamen
3421 5770 3669 5828 Floreat.
