4122 6174
542 265 643 325 671

1958 254 2167 316 PAULI
2204 252 2430 313 OROSll

3732 245 3846 304 672

543 375 772 458 "agitur
797 381 1031 441 mundus
1055 391 1110 439 et
1135 380 1624 439 homozbominem
1652 385 1858 448 autem,
1886 379 1980 452 qui
2006 393 2139 436 eon-
2165 382 2214 443 Α
2242 388 2413 446 usque
2436 371 2505 428 ad
2536 369 2741 428 Urbem
2767 366 3068 438 conditam,
3092 365 3292 423 dehinc
3319 377 3493 436 usque
3513 363 3582 419 ad
3611 361 3847 458 Caesaris

547 475 905 535 vertibilitate
936 483 1144 532 natura;
1171 484 1228 532 et
1261 475 1520 532 libertate
1557 475 1795 531 licentia:
1824 483 1878 532 et
1914 475 1959 506 ἰ
1989 473 2144 528 intir-

551 585 672 628 mus
709 579 765 627 et
803 578 1098 626 contumax
1138 576 1244 637 est,
1287 568 1427 625 sicut
1475 567 1562 640 pie
1590 567 1881 640 gubernari
1913 579 2145 638 egenum

549 664 671 734 Opis
697 670 939 740 oportet,
974 662 1047 716 ita
1087 660 1235 732 juste
1271 660 1476 731 corripi
1517 661 1942 717 immoderatum
1982 660 2148 714 liber-

551 755 679 810 tatis
700 768 928 810 necesse
959 761 1047 808 est
1072 771 1084 808 :
1109 752 1234 823 jure
1271 751 1341 808 ab
1380 751 1535 808 initio
1577 751 1816 807 hominis
1866 767 1964 822 per
2003 751 2146 806 bona

549 847 799 917 malaque
825 845 1176 909 alternantia,
1203 844 1451 901 exerceri
1482 846 1528 876 ²¹
1559 844 1703 899 hunc
1730 843 1992 899 mundum
2021 857 2149 898 sen-

553 940 640 1006 tit,
665 938 714 971 ²³
742 937 994 1009 quisquis
1026 953 1128 1008 per
1159 952 1220 992 se
1260 946 1425 1008 atque
1461 936 1513 992 in
1544 950 1604 992 se
1645 935 1942 991 humanum
1974 949 2148 1006 genus

553 1031 737 1088 videt:
769 1029 966 1087 deinde
995 1045 1117 1086 cum
1148 1029 1218 1085 ab
1247 1029 1367 1102 ipso
1401 1028 1577 1100 primo
1615 1028 1837 1085 homine
1867 1037 2147 1098 peccatum

556 1122 1012 1195 punitionemque
1057 1121 1264 1192 peccati
1311 1123 1547 1192 ccepisse
1593 1122 1892 1177 doceamur
1936 1135 2152 1191 :porro

553 1226 736 1272 autem
777 1230 902 1272 cum
943 1215 1110 1271 etiam
1141 1215 1188 1248 ³⁸
1217 1215 1307 1271 isti
1353 1215 1421 1271 de
1459 1215 1652 1272 mediis
1697 1215 2037 1285 temporibus
2066 1214 2152 1270 in-

554 1310 838 1376 choantes,
864 1309 1115 1381 quamvis
1145 1309 1492 1380 superiorum
1518 1311 1565 1342 ²¹⁵
1594 1325 1858 1381 nusquam
1884 1309 2154 1365 memine-

557 1403 691 1469 rint,
719 1403 854 1458 nihil
903 1403 1011 1458 nisi
1057 1403 1203 1460 bella
1245 1403 1540 1474 cladesque
1577 1402 1976 1472 descripserint
2007 1402 2154 1473 (qua:

558 1495 700 1552 bella
730 1495 862 1566 quid
893 1495 1039 1550 aliud
1081 1495 1313 1552 dicenda
1359 1505 1511 1562 sunt,
1553 1495 1656 1551 nisi
1688 1497 1736 1527 ’⁸
1777 1496 2055 1566 vergentia
2097 1495 2150 1550 in

557 1589 882 1644 alterutrum
907 1588 1046 1644 mala
1077 1607 1089 1642 :
1117 1589 1256 1644 mala
1284 1597 1464 1644 autem
1487 1590 1532 1621 ’⁷
1555 1587 1866 1659 hujusmodi
1890 1604 2011 1658 qua:
2029 1596 2155 1644 tunc

558 1682 805 1750 9erant,
840 1679 981 1735 sicut
1006 1688 1061 1734 et
1089 1695 1230 1736 nunc
1261 1688 1388 1734 sunt
1411 1681 1458 1712 ³⁸
1485 1678 1540 1734 in
1571 1689 1830 1750 quantum
1861 1687 2006 1744 sunt,
2038 1679 2156 1735 sine

560 1772 748 1839 dubio,
776 1781 870 1827 aut
915 1771 1203 1827 manifesta
1254 1780 1474 1842 peccata
1497 1779 1645 1839 sunt,
1679 1780 1774 1826 aut
1798 1771 2029 1826 occulta;
2060 1786 2159 1842 pu-
2190 1769 2236 1832 Β

559 1864 792 1918 nitiones
816 1863 1210 1932 peccatorum),
1238 1862 1364 1932 quid
1398 1860 1772 1933 impedimenti
1802 1869 1888 1917 est
1914 1876 2016 1916 nos
2035 1862 2156 1932 ejus

561 1953 640 2008 rei
665 1961 828 2023 caput
854 1952 1114 2022 pandere,
1145 1951 1300 2023 cujus
1327 1951 1405 2007 illi
1436 1968 1639 2024 corpus
1666 1952 2071 2022 expresserim;
2100 1962 2157 2009 ct

562 2046 606 2078 ⁸³
633 2045 813 2114 priora
843 2043 934 2099 illa
959 2044 1180 2111 saecula,
1211 2059 1332 2114 quae
1361 2046 1532 2101 multo
1578 2046 1955 2102 numerosiora
2003 2061 2160 2104 mon-

563 2136 880 2203 strabimus,
911 2135 998 2192 vel
1017 2137 1337 2193 tenuissimo
1365 2137 1552 2194 testari
1588 2139 1763 2194 relatu
1801 2139 2008 2196 similes
2057 2141 2159 2196 mi-

562 2228 734 2284 serias
757 2227 1082 2299 pertulisse?
1131 2228 1390 2286 Dicturus
1427 2228 1594 2302 igitur
1647 2230 1715 2286 ab
1767 2231 1901 2287 orbe
1939 2231 2159 2288 condito

2243 465 2625 537 principatum,
2657 461 3090 531 nativitatemque
3113 458 3344 524 Christi,
3375 471 3439 514 ex
3467 472 3578 529 quo
3607 456 3712 512 sub
3743 472 3842 528 po-

2248 570 2444 618 testate
2467 560 2630 617 Urbis
2659 558 2808 613 orbis
2829 557 2874 588 ”
2895 554 3192 626 permansit
3222 552 3512 622 imperium
3535 570 3547 606 :
3567 552 3652 607 vel
3683 552 3850 608 etiam

2248 653 2292 685 ³³
2325 667 2498 722 usque
2529 649 2597 704 ad
2627 649 2747 704 dies
2774 657 3013 710 nostros,
3037 647 3082 678 ³³
3104 645 3158 699 in
3190 655 3453 714 quantum
3479 643 3546 697 ad
3577 643 3849 714 cognitio-

2247 765 2373 806 nem
2401 748 2446 780 ³³
2475 761 2672 802 vacare
2738 744 3028 809 sutleccro,
3085 741 3132 773 “
3163 738 3605 795 conﬂictationcs
3635 739 3858 809 generis

2253 841 2476 898 humani
2507 849 2563 896 et
2591 838 2758 896 veluti
2787 853 2886 910 per
2903 837 3153 892 diversas
3179 844 3360 904 partes
3383 832 3667 889 ardentem
3694 834 3854 888 malis

2252 936 2536 1001 mundum,
2579 935 2699 990 face
2741 929 3055 1004 cupiditatis
3107 929 3418 992 incensum,
3472 927 3575 982 “e
3629 929 3854 997 Specu'a

2250 1039 2642 1095 ostentaturus,
2691 1023 3060 1082 necessarium
3094 1036 3220 1076 reor
3269 1029 3330 1076 ut
3378 1020 3616 1090 primum
3667 1021 3850 1090 ipsum

2255 1133 2527 1180 terrarum
2557 1120 2767 1186 orbem,
2793 1132 2954 1188 quem
3005 1114 3274 1170 inhabitat
3301 1113 3599 1169 humanum
3653 1129 3850 1183 genus,

2258 1214 2397 1272 sicut
2424 1221 2511 1271 est
2535 1229 2564 1269 a
2589 1210 2891 1282 majoribus
2913 1209 2960 1241 ³⁸
2987 1208 3248 1264 trifariam
3277 1206 3625 1271 distributus,
3657 1206 3860 1263 deinde

2253 1308 2567 1380 regionibus
2610 1304 3017 1378 provinciisque
3053 1300 3488 1368 determinatus,
3515 1300 3804 1370 expediam
3842 1319 3856 1354 :

2254 1419 2362 1474 qna
2387 1401 2431 1434 ³⁷
2458 1399 2671 1456 facilius
2713 1412 2838 1453 cum
2883 1395 3089 1452 locales
3118 1393 3385 1449 bellorum
3432 1392 3863 1462 morborumque

2259 1493 2445 1550 clades
2475 1492 2520 1525 ³⁸
2551 1490 2992 1554 ostentabttntur,
3033 1485 3265 1541 studiosi
3293 1483 3494 1556 quique
3525 1497 3633 1538 non
3682 1482 3862 1538 solum

2256 1602 2439 1644 rerum
2471 1600 2534 1641 ac
2561 1581 2947 1656 temporum,”
2974 1577 3071 1635 sed
3103 1579 3269 1636 etiam
3294 1578 3546 1633 locorum
3575 1575 3865 1633 scientiam

2257 1685 2681 1750 consequantur.

2765 1769 2869 1842 ιο
2897 1765 3129 1824 CAPUT
3157 1763 3226 1821 ιι.

2260 1863 2494 1938 Majores
2521 1864 2794 1938 mundum
2821 1862 2874 1916 in
2903 1870 3006 1915 tres
3030 1868 3202 1938 partes
3223 1855 3513 1938 _diuisisse,_
3536 1871 3755 1938 quarum
3790 1853 3866 1908 si-

2330 1925 2457 2000 tum,
2489 1936 2744 2004 regiones,
2777 1933 2988 2003 locaque
3030 1925 3332 1986 'celebriora
3375 1925 3633 1983 succincte
3679 1925 3866 1980 adnuo-

2331 2007 2458 2062 dum
2479 2005 2743 2061 describit.

2334 2143 2350 2175 ¹
2373 2141 2603 2213 Majores
2624 2138 2797 2195 nostri
2840 2138 3028 2192 orbem
3056 2136 3221 2191 totius
3252 2143 3439 2202 terrae,
3467 2132 3666 2189 Oceani
3693 2131 3868 2188 limbo

2261 2235 2683 2303 circumscptum
2696 2274 2709 2301 ,
2727 2229 3062 2303 triquadrum
3083 2236 3330 2285 statuere
3349 2243 3363 2284 :
3381 2226 3611 2299 ejusque
3626 2234 3738 2280 tres
3751 2241 3873 2297 par-

1850 2323 2304 2383 llAVERCAMPl
2341 2324 2571 2383 NOTAE.

564 2423 649 2488 rat
688 2414 846 2488 bicia
890 2415 1214 2488 glossemate
1257 2415 1439 2472 nescio
1479 2425 1704 2488 quo,et
1743 2417 1851 2488 pia.
1895 2416 2065 2473 ιΑυτ.
2094 2449 2166 2460 --

567 2486 736 2556 Lugd.
782 2486 906 2560 Bat.
934 2496 1066 2560 _tert.
1107 2488 1198 2560 pia
1231 2486 1514 2560 agnoscit,
1547 2487 1642 2543 sed
1674 2486 1808 2560 bona
1847 2503 1978 2554 non,
2011 2499 2066 2544 et
2097 2491 2167 2546 ab

565 2568 797 2626 utroque
821 2557 1039 2627 quidem
1081 2557 1185 2612 ms.
1230 2557 1376 2612 Flor.
1421 2572 1533 2614 sec.
1565 2568 1620 2613 et
1661 2557 1840 2622 tertio,
1883 2569 1937 2614 et
1963 2560 2162 2626 Periz.,

569 2629 784 2698 absunt,
815 2643 935 2698 qua:
955 2627 1124 2683 deleri
1153 2629 1268 2683 vult
1289 2628 1535 2691 Lautius,
1564 2638 1613 2682 et
1641 2629 1746 2698 pia,
1774 2630 1963 2698 immo,
1991 2646 2168 2697 neque

571 2697 734 2766 Ultr.,
778 2697 954 2769 neque
1003 2698 1190 2762 Meus,
1230 2713 1406 2769 neque
1449 2699 1592 2755 Edit.
1635 2697 1773 2769 Aug.
1825 2711 2166 2767 agnoscunt;

570 2778 750 2824 utrum
774 2768 954 2823 tamen
977 2769 1145 2824 deleri
1167 2768 1384 2829 debeat.
1406 2768 1761 2826 vehementer
1779 2771 1985 2837 dubito,
2003 2774 2169 2827 immo

572 2854 894 2910 nego;rnam
924 2853 1048 2895 cum
1078 2839 1276 2894 bonam
1319 2842 1632 2910 pronuntiet
1662 2843 1887 2897 Orosius
1917 2841 2163 2899 Divinam

572 2909 986 2982 providentiam,
1028 2909 1329 2966 bonitatem
1372 2911 1517 2982 illam
1565 2927 1593 2966 a
1635 2913 1835 2982 pietate
1869 2924 1922 2968 et.
1949 2914 2162 2982 jnstitia

571 2980 820 3053 deducit;
848 2982 987 3050 quod
1018 2982 1095 3036 sic
1121 2996 1250 3038 eum
1279 2980 1518 3038 voluisse
1545 2980 1743 3039 docent
1772 2980 2058 3053 sequentia
2089 2986 2161 3041 de

570 3052 794 3109 homine
826 3053 1055 3126 ejusque
1094 3063 1282 3108 natura
1302 3097 1316 3123 ,
1347 3069 1469 3124 quae
1507 3053 1757 3110 divisioni
1788 3052 1910 3110 huic
1941 3070 2166 3126 rcSpon-

569 3126 720 3198 dent,
751 3133 914 3198 atque
941 3123 1145 3198 divina}
1171 3123 1379 3179 naturai
1406 3134 1771 3198 opponuntur,
1793 3128 1938 3198 sicut
1963 3123 2046 3198 pie
2071 3143 2166 3198 gu-

570 3195 778 3252 bernari
807 3209 1023 3265 egenum
1045 3196 1389 3268 opisoportet,
1409 3196 1484 3268 ita
1502 3199 1648 3268 juste
1668 3196 1880 3267 corripi,
1905 3195 2037 3260 etc.,
2066 3195 2163 3266 pro

570 3282 679 3341 quo
706 3274 764 3341 et_
783 3267 1166 3341 justeeorripi
1188 3267 1332 3337 Aug.
1365 3267 1455 3322 ed.
1494 3267 1552 3322 et
1576 3283 1690 3339 pr.;
1725 3269 1778 3322 in
1821 3284 1903 3339 pr.
1946 3283 2165 3341 quoque

523 3366 536 3373 ’
572 3335 921 3392 immoderata:
943 3337 1215 3393 libertatis.

641 3406 1412 3479 9.0.Agitarmundusethomo.
1437 3407 1610 3479 Lugd.
1627 3408 1743 3463 Bat.
1761 3417 1909 3474 tcrt.,
1926 3408 2012 3462 hic
2023 3426 2169 3462 mun-

573 3479 671 3549 dus
690 3487 736 3530 et
757 3476 931 3549 homo.
954 3477 1009 3549 l_n
1037 3477 1125 3531 ed.
1157 3476 1751 3548 Aug.lcgitnr,'Aqitur;
1773 3479 1912 3533 alius
1937 3495 1952 3537 :
1975 3481 2168 3549 regitur

572 3545 890 3620 Iticntundus
903 3557 949 3600 et
963 3545 1137 3620 homo,
1160 3545 1444 3620 promere,
1462 3545 1568 3617 quo
1583 3550 1712 3604 illud
1725 3551 1868 3620 quod
1883 3551 1936 3604 in
1953 3545 2168 3620 scriptis

572 3619 734 3675 codd.
787 3617 1421 3690 reperiebantLlideliter
1461 3617 1855 3690 reprarsentant
1893 3617 2164 3676 nonnum-

574 3707 735 3763 quam
770 3689 959 3759 prima:
981 3688 1107 3763 edd.
1137 3688 1655 3763 TranSponunt'alii,
1679 3693 1849 3763 agitur
1870 3702 1918 3746 et
1939 3693 2092 3746 homo
2120 3700 2167 3745 et

575 3759 905 3834 mundus_,_u_t
931 3759 1100 3834 editio
1131 3759 1328 3834 prima,
1353 3778 1476 3830 qua:
1498 3763 1616 3818 sine
1643 3759 1786 3834 auito
1811 3764 2008 3834 prodiit
2034 3777 2166 3819 cura

575 3833 766 3888 Atinam
791 3831 981 3904 )[ulpis
1003 3830 1297 3898 Viccutini,
1329 3841 1494 3904 atque
1519 3834 1646 3890 edd.
1680 3830 1917 3890 Venetae.

645 3905 737 3959 2|.
781 3900 851 3954 Et
879 3900 1118 3972 inﬁrmus
1145 3912 1193 3956 et
1217 3900 1500 3958 contumax
1525 3915 1620 3959 est.
1649 3905 1722 3959 Ex
1753 3904 1899 3961 Flor.
1932 3919 2070 3969 sec.,
2100 3904 2164 3959 L.

576 3973 638 4027 Β.
671 3981 796 4044 tert.
829 3981 989 4044 atque
1020 3973 1156 4026 edit.
1187 3989 1272 4042 pr.
1300 3983 1355 4029 et
1399 3973 1540 4044 Aug.
1577 3976 1827 4044 copulant
1869 3986 1918 4028 et
1945 3975 2164 4029 addidi:

576 4052 623 4116 et
651 4043 955 4116 inﬁrmitate
982 4052 1260 4116 contumax
1299 4054 1394 4109 est,
1428 4043 1554 4115 legit
1583 4043 1728 4100 Fler.
1765 4053 1890 4100 tert.
1924 4046 2044 4101 Mox
2073 4063 2170 4116 gu-

577 4113 790 4167 bernare
817 4113 903 4166 ed.
929 4127 1012 4182 pr.
1041 4125 1095 4166 et
1135 4112 1373 4167 Venetas.

646 4183 736 4239 22.
780 4183 939 4237 Hunc
955 4182 1226 4237 mundum.
1253 4183 1401 4239 Flor.
1427 4192 1550 4240 tcrt.
1582 4184 1722 4239 hunc
1748 4187 1980 4251 modum,
2000 4185 2163 4251 male;

580 4255 914 4379 respondent
940 4255 1086 4311 enim
1117 4256 1183 4309 iis
1213 4270 1334 4326 qum
1364 4257 1706 4326 praecedunt,
1741 4258 1918 4328 agitur
1943 4258 2168 4312 mundus

580 4337 623 4379 ει
687 4343 822 4379 orno.

575 4337 623 4383 et
647 4337 822 4383 homo.

646 4399 739 4456 ‘23.
785 4397 1030 4469 Quisquis
1076 4414 1167 4470 per
1195 4414 1249 4452 se
1291 4408 1444 4469 atque
1471 4399 1525 4453 in
1552 4414 1628 4468 se,
1659 4408 1766 4455 etc.
1809 4398 1865 4454 Id
1904 4406 2010 4465 est,
2042 4398 2167 4468 qui-

576 4484 811 4538 cmnqne
840 4478 896 4525 et
917 4485 978 4526 se
1011 4471 1186 4539 ipsum
1216 4478 1478 4540 agnoscat
1505 4485 1632 4527 esse
1659 4471 1962 4535 hominem,
1994 4483 2169 4540 eaque

576 4540 970 4612 imbecillitate,
1002 4556 1120 4612 quae
1145 4541 1212 4597 ab
1233 4542 1470 4597 humano
1499 4557 1700 4611 genere
1722 4543 1914 4598 abesse
1944 4557 2049 4596 non
2081 4555 2169 4610 po-

578 4621 713 4684 test,
740 4611 1047 4681 praeditum,
1077 4621 1134 4668 et
1179 4613 1417 4684 reliquos
1463 4614 1715 4684 homines
1741 4629 1806 4668 ex
1851 4614 2032 4683 seipso
2063 4612 2167 4684 sibi

575 4683 804 4747 similes,
836 4699 1055 4780 sumque
1087 4683 1656 4780 nat'uraaconsideret.
1689 4684 1751 4741 L.
1790 4685 1852 4740 Β.
1889 4692 2016 4739 tert.
2045 4683 2162 4753 quis
2189 4719 2238 4780 ο

574 4769 663 4825 per
694 4764 954 4826 se,_atque
979 4767 1150 4826 perse
1170 4755 1224 4808 It.
1253 4771 1308 4825 g.

578 4822 582 4825 ’
643 4823 736 4880 24.
760 4822 946 4880 Ιδιῖἀε
970 4822 1149 4880 mediis
1176 4822 1509 4897 temporibus.
1538 4822 1674 4897 Ipsi,
1705 4835 1835 4897 etc.,
1865 4825 1964 4884 Ed.
1995 4826 2157 4897 Aug.;

578 4893 658 4947 isti
685 4895 748 4950 L.
777 4897 839 4952 Β.
869 4905 997 4952 tert.

573 4905 658 4947 εδει
685 4905 748 4950 L.
777 4905 839 4952 Β.
869 4905 997 4952 tert.

643 4966 735 5039 ἓξ.
779 4966 1072 5039 plusquam.
1103 4965 1254 5039 Elor.
1281 4975 1413 5039 _l_ert.
1440 4983 1745 5039 numquam.

643 5033 738 5122 2'6.
786 5033 1083 5122 Verg'entia.
1135 5036 1236 5122 Ed.
1280 5033 2153 5122 Hittorp.‘.et_alite,_urguentia.

573 5104 718 5182 Mala
739 5122 868 5164 vero
889 5104 943 5164 in
962 5111 1297 5182 alterutrum
1324 5104 1598 5178 vergentia
1621 5109 1782 5180 dicit,
1806 5104 1972 5168 ’δίουῙὶ
1994 5127 2155 5182 supra

571 5191 665 5249 per
682 5177 831 5249 bona
865 5181 1103 5249 malaque
1124 5177 1442 5234 alternantid
1468 5182 1694 5236 exerceri
1718 5177 1852 5238 hunc
1884 5177 2153 5239 mundum.

641 5246 733 5303 27.
761 5246 1097 5326 Ilujusmodi.
1119 5251 1269 5326 Flor.
1293 5265 1404 5307 sec.
1430 5261 1658 5326 et_tert.,
1683 5263 1742 5308 ut
1761 5265 1815 5313 et
1838 5255 2010 5326 Lugd.
2034 5256 2152 5312 Bat.

568 5331 932 5406 quartiatque
959 5322 1106 5376 Meus
1135 5322 1291 5406 hujus
1319 5324 1522 5406 mundi.
1545 5324 1659 5406 .Sed
1689 5327 1827 5406 mala
1854 5322 2158 5399 hujusmodi

567 5391 827 5462 dicuntur
847 5407 962 5462 quae
984 5391 1244 5461 vergentia
1269 5405 1388 5447 sunt
1416 5395 1471 5448 in
1501 5395 1834 5452 alterutrum.

637 5461 726 5517 28.
759 5461 825 5517 In
852 5461 1100 5535 quantum
1121 5473 1261 5518 sunt.
1289 5464 1498 5520 Excidit
1520 5476 1794 5535 postrema
1816 5483 1918 5522 vox
1942 5467 1995 5522 in
2021 5468 2155 5523 edit.

564 5543 635 5610 ct‘
651 5548 779 5589 mss.
807 5533 1108 5610 nonnullis:
1143 5535 1196 5588 in
1221 5535 1421 5610 quibus
1438 5533 1655 5606 quoque
1679 5538 1895 5609 legitur,
1922 5554 2022 5592 non
2044 5543 2159 5610 ejus

563 5605 819 5678 nicath
852 5606 1096 5673 pandere,
1116 5619 1228 5678 _pro
1254 5623 1345 5678 nos
1372 5609 1487 5678 ejus
1514 5605 1610 5671 rei,
1633 5605 1740 5663 etc.

631 5674 721 5728 29.
757 5675 947 5750 Priora
969 5678 1084 5750 illa.
1116 5674 1520 5732 Posterior—vox
1548 5694 1580 5750 _a
1614 5679 1786 5750 Lugd.
1820 5680 1937 5735 Bal.
1974 5691 2149 5748 quart.

561 5742 734 5797 abest.
765 5746 1172 5820 Monstravimus
1197 5742 1727 5820 prontoustrabimus',
1751 5753 1802 5807 in
1835 5742 2002 5820 Lugtb
2032 5752 2148 5808 Bat.

560 5825 694 5877 sec.,
722 5827 924 5886 quart.,
956 5819 1104 5876 Flor.
1140 5828 1240 5876 ter.
1270 5818 1424 5875 etcd.
1455 5821 1592 5890 Aug.
1625 5836 1758 5880 mss.
1789 5818 1945 5880 error
1966 5825 2152 5893 vulga-

2269 2421 2345 2476 ris
2373 2428 2476 2475 est.

2341 2492 2430 2548 50.
2467 2489 2760 2544 Permansit
2789 2488 3085 2558 imperium.
3115 2484 3283 2553 Ultr.,
3311 2484 3587 2553 Perizon.,
3615 2491 3671 2540 et
3696 2482 3760 2540 L.
3796 2483 3862 2541 Β.

2274 2571 2422 2627 tcrt.,
2457 2561 2645 2614 mansit
2675 2560 2966 2630 imperium.

2341 2626 2431 2686 31.
2465 2631 2635 2702 Usque
2656 2631 2724 2684 ad
2748 2626 2856 2685 dies
2888 2629 3056 2702 Lugd.
3093 2629 3210 2684 Bat.
3252 2641 3364 2684 sec.
3397 2627 3465 2681 ad
3490 2626 3622 2681 dies.

2343 2703 2432 2758 '52.
2463 2701 2530 2755 In
2551 2695 2808 2773 quantum
2847 2702 2914 2754 ad
2970 2695 3314 2772 cognitionem
3349 2715 3532 2752 vacare
3583 2695 3858 2773 suﬁ'ecrro.

2272 2774 2482 2844 angati
2512 2770 2934 2844 ctr'tnanuscripti
2966 2770 3159 2844 omnes
3187 2786 3369 2844 uocare
3394 2777 3610 2824 tuentur
3644 2786 3657 2821 :
3688 2770 3786 2823 sed
3810 2778 3868 2822 ut

2273 2842 2511 2912 ineptum
2541 2843 2670 2897 illud
2699 2844 2920 2897 verbum
2967 2846 3018 2898 in
3046 2842 3427 2897 latinissimum
3468 2856 3650 2894 vacare
3688 2849 3868 2894 muta-

2272 2931 2410 2982 rem,
2441 2916 2644 2969 monuit
2671 2929 2756 2968 me
2789 2913 3136 2968 doctissimum
3166 2912 3499 2982 Palmerius,
3530 2912 3616 2966 cui
3644 2920 3867 2980 propter

2271 2981 2545 3056 egregium
2578 2985 2628 3039 in
2653 2986 2964 3056 auctoribus
2990 2982 3337 3056 restituendis
3357 2981 3640 3050 judicium,
3670 2982 3865 3056 lubens

2273 3052 2478 3112 rnorem
2509 3056 2679 3126 gessi.
2699 3066 2774 3120 et,
2811 3055 2856 3110 si
2887 3071 2993 3111 non
3021 3055 3218 3111 Orosio
3244 3069 3394 3108 suam
3424 3068 3637 3126 vocem,
3670 3052 3863 3126 saltem

2272 3122 2555 3183 sententia:
2583 3125 2730 3182 dedi.
2758 3126 2922 3198 Laur.
2953 3126 3120 3198 ——7Ad
3148 3123 3659 3198 cognitionemdelct
3680 3122 3858 3198 Peril.

2347 3202 2436 3255 55.
2482 3198 2680 3252 Vacarc
2724 3195 2994 3264 διηγείρετο.
3027 3194 3233 3252 Laudat
3279 3195 3534 3252 Palmerii
3586 3194 3861 3264 ingenium

2273 3271 2512 3325 Lautius.
2544 3269 2649 3324 Sed
2680 3277 2731 3323 et
2758 3267 2887 3323 olim
2916 3269 2986 3323 ita
3015 3267 3384 3322 exhibuerunt
3439 3265 3572 3320 edit.
3606 3267 3780 3334 prima
3808 3275 3864 3319 et

2195 3339 2241 3402 C
2271 3349 2494 3413 August.
2527 3355 2685 3410 quam
2725 3337 3044 3394 Conﬁrmant
3076 3339 3316 3413 _insuper
3350 3353 3481 3413 mss.
3532 3335 3705 3413 Lugd.
3741 3335 3856 3389 Bst.

2270 3406 2410 3478 sec.,
2429 3406 2566 3466 -terl'.
2592 3420 2644 3466 et
2671 3418 2872 3480 quart.,
2903 3419 2963 3464 ut
2991 3418 3050 3465 et
3076 3407 3350 3474 Pcrizon.,
3384 3406 3527 3480 Ultr.
3572 3407 3855 3480 meusque;

2269 3482 2435 3537 immo
2463 3478 2758 3538 Florentini
2811 3495 3049 3550 quoque,
3101 3479 3559 3550 quorumtertius
3587 3479 3735 3533 clare
3790 3478 3858 3531 ita

2269 3553 2418 3622 legit.
2447 3555 2496 3606 in
2528 3551 2767 3606 secundo
2790 3549 2952 3620 supra
2981 3567 3162 3605 rocare
3188 3549 3445 3622 scribitur
3485 3563 3694 3622 vacare.

2341 3625 2429 3681 54.
2446 3617 2887 3692 Conﬂictationes.
2909 3622 3055 3677 Flor.
3079 3635 3192 3676 sec.
3210 3620 3668 3692 conﬂictationem,
3687 3617 3855 3689 Lugd.

2270 3695 2390 3751 Bat.
2445 3689 2645 3764 quart.,
2695 3694 3046 3762 conﬂictioncs
3077 3709 3096 3749 :
3125 3707 3248 3746 mox
3277 3692 3472 3745 divisas
3503 3706 3600 3764 pro
3630 3689 3855 3764 diuersas

2270 3766 2443 3836 Lugd.
2465 3760 2596 3820 'Bat.
2629 3772 2757 3836 tert.
2793 3760 2908 3836 qui,
2939 3764 3095 3819 sicuti
3123 3772 3405 3833 etquart.,
3437 3761 3588 3815 matis
3615 3761 3765 3817 delet
3807 3760 3858 3814 in

2268 3838 2534 3892 ardentem
2563 3835 2718 3889 malis
2746 3835 3018 3889 mundum.

2341 3910 2429 3964 55.
2456 3906 2504 3961 Ε
2527 3905 3020 3979 δρεοιιιᾳκδρεσηια
3065 3903 3234 3961 editio
3263 3902 3490 3979 August.
3519 3910 3575 3958 ct
3607 3917 3713 3979 ms.
3761 3901 3859 3956 Pe-

2271 3979 2468 4045 rizon.,
2498 3974 2746 4047 ct'Lugtl.
2774 3976 2890 4030 Bal.
2923 3991 3034 4032 sec.
3069 3984 3123 4031 et
3144 3986 3346 4047 quart.,
3370 3974 3466 4047 sed
3488 3974 3703 4047 speculo
3735 3980 3855 4026 tcrt.

2341 4051 2433 4106 56.
2455 4043 2751 4114 ντνίῙανὶἲηη
2772 4047 3096 4102 distributus.
3129 4043 3266 4103 Ultr.
3296 4053 3351 4100 et
3373 4044 3547 4114 Lugd.
3579 4043 3693 4098 Bat.
3735 4051 3855 4114 tcrt.

2269 4121 2475 4191 trifarie
2501 4113 2868 4191 distributum._
2883 4117 3060 4191 _Lugd.
3095 4118 3213 4191 Bal.
3243 4129 3353 4171 sec.
3383 4113 3585 4191 trifarie
3615 4113 3859 4191 distribu-

2270 4187 2372 4246 tus.
2408 4191 2553 4247 Flor.
2583 4198 2709 4246 tert.
2739 4189 2824 4244 cui
2852 4187 3001 4244 Meus
3023 4200 3080 4244 et
3105 4188 3261 4243 cditt.
3287 4202 3366 4256 pr.
3399 4196 3452 4241 et
3483 4189 3624 4255 Aug.
3654 4187 3856 4250 astipu-

2271 4263 2476 4328 lantur,
2509 4260 2841 4316 distributum
2871 4260 3150 4329 trifariam.
3186 4257 3294 4315 Sed
3333 4271 3470 4324 sec.,
3513 4256 3857 4329 multifariam

2272 4334 2624 4399 distributum,
2659 4331 2712 4386 in
2737 4345 2843 4400 quo
2873 4328 3298 4402 superscribitur
3348 4328 3626 4402 trifariam.
3646 4329 3854 4402 _Umnes

2273 4404 2437 4460 iidem
2459 4398 2906 4475 propterea—mox
2933 4398 3146 4475 quoque
3176 4398 3428 4475 scribunt
3443 4398 3855 4475 determinatam.

2341 4477 2432 4532 57.
2459 4467 2527 4526 Ῥ
2529 4467 2736 4527 acilius.
2764 4467 3081 4542 LugdﬂBat'.
3123 4486 3234 4526 sec.
3269 4479 3331 4542 et
3366 4470 3503 4542 Ultr.
3524 4467 3712 4542 facile.

2343 4548 2430 4602 58.
2478 4540 2902 4600 Ostentabuntur.
2937 4542 3292 4598 Ostenduntur
3314 4540 3486 4612 Lugd.
3522 4541 3638 4595 Bat.
3671 4545 3850 4612 quat}.

2341 4617 2431 4674 59.
2466 4616 2574 4671 Sed
2597 4616 2752 4669 etiam
2783 4615 3015 4670 locorum
3058 4614 3325 4668 scientiam
3352 4609 3755 4680 consequantur.
3803 4609 3858 4664 In

2271 4703 2372 4743 ms.
2405 4686 2575 4757 Lugd.
2617 4685 2739 4740 Bat.
2771 4693 2895 4757 tert.
2942 4686 3228 4757 invenitur
3260 4683 3386 4757 dein
3420 4681 3564 4757 hmc_
3587 4680 3854 4757 rubrica:

2268 4748 2783 4830 Empticit‘Prtefatio.
2800 4755 2990 4830 Incipit
3006 4755 3134 4830 liber
3159 4754 3510 4809 Historiarum
3527 4753 3565 4810 S
3577 4795 3589 4808 .
3608 4750 3782 4830 Orosii
3793 4748 3856 4802 de

2267 4821 2504 4885 Orntesta
2533 4821 2734 4882 mundi.
2763 4827 2819 4882 lu
2843 4821 3202 4882 Pc'rizoniano
3223 4839 3463 4895 quoque,
3495 4821 3741 4895 sequenti
3767 4835 3856 4895 ca_-_

2261 4902 2385 4971 pili,
2419 4911 2694 4971 tamquam
2727 4898 2924 4971 primo,
2954 4889 3391 4971 prtetigituﬁhacc
3423 4889 3673 4971 rubrica:
3696 4889 3855 4971 Pauli

2265 4961 2438 5028 Orosii
2459 4961 2740 5041 presbyteri
2766 4961 3134 5041 Historiarum
3154 4967 3217 5021 de
3242 4966 3514 5041 H_armesta
3533 4961 3860 5041 (superscri-

2261 5042 2406 5099 bitur
2436 5031 2736 5105 Orcheitra)
2766 5040 2948 5093 mundi
2972 5039 3220 5094 adversus
3271 5037 3520 5110 Paganos
3542 5031 3553 5038 “
3573 5034 3699 5110 liber
3732 5031 3862 5110 _pri-

2261 5131 2373 5168 mus
2394 5114 2600 5185 incipit.
2635 5111 2691 5185 In
2719 5102 2865 5185 Flor.
2899 5119 3028 5185 _l_ert.
3053 5102 3859 5185 ‘qttoqueJegiturhOrosii_d¢

2259 5185 2441 5238 mundi
2463 5174 2862 5240 calamitatibus
2890 5181 3018 5236 liber
3047 5174 3249 5250 incipit.
3281 5174 3492 5250 Deique
3519 5176 3640 5232 libri
3669 5174 3857 5250 titulo,

2258 5265 2315 5310 ct
2343 5264 2519 5309 utrum
2550 5252 2831 5309 Orchestra
2869 5268 2935 5308 an
2972 5246 3208 5307 Oratesta
3233 5251 3317 5304 vel
3344 5246 3648 5315 IIormesta,
3680 5246 3752 5302 sit
3785 5246 3856 5300 lc-

2259 5326 2520 5396 gendum,
2563 5324 2686 5380 vide
2715 5323 3097 5396 Praefationem
3125 5332 3389 5396 nostram.

2334 5397 2465 5451 CAP.
2499 5396 2565 5452 ll.
2589 5426 2659 5435 —
2691 5399 2741 5451 1.
2776 5393 3007 5465 Majores
3031 5394 3213 5465 nostri.
3254 5390 3621 5465 Posteriorem
3665 5399 3854 5465 vocem

2261 5467 2405 5523 delet
2439 5467 2712 5533 Perizon.,
2745 5466 2835 5535 qui
2860 5459 3030 5518 'idcm
3062 5464 3262 5535 eodcx.
3289 5477 3437 5535 moxg
3465 5460 3600 5535 legit
3645 5459 3854 5535 ejusque

2261 5547 2455 5607 partes,
2489 5530 2706 5593 sublata
2725 5530 2861 5590 voce
2884 5534 3206 5607 intermedia
3240 5543 3364 5607 tres.
3412 5530 3716 5607 Admoneri
3760 5542 3852 5607 au:

2261 5595 2370 5666 iem
2405 5595 2576 5665 lector
2613 5607 2773 5662 debet
2805 5607 3120 5660 universum
3151 5605 3253 5659 hnc
3281 5605 3462 5660 Orosii
3495 5611 3682 5672 caput,
3711 5595 3850 5672 quod

2259 5681 2327 5736 de
2357 5682 2623 5736 divisione
2673 5677 2822 5732 orbis
2875 5686 3144 5749 terrarum
3197 5675 3327 5746 agit,
3381 5669 3714 5749 verbotenus
3743 5669 3850 5749 fere

2257 5751 2365 5821 legi
2397 5753 2538 5807 inter
2568 5757 2822 5821 excerpta
2857 5747 3127 5821 qumdam,
3157 5740 3356 5821 satiras
3383 5744 3648 5821 inlibello
3679 5740 3847 5815 publi-

2256 5816 2398 5892 cata,
2433 5822 2523 5892 qui
2546 5819 2750 5876 Aithici
2776 5817 3204 5889 Cosmograpbia
3235 5816 3570 5873 inscribitur.
