4122 6174
283 266 390 329 675

1399 264 1874 328 illSTORlARUH
1911 266 2122 328 LIBER
2160 267 2204 326 ι.
2246 268 2400 326 CAP.
2441 267 2505 325 ll.

3481 270 3588 329 671

284 395 392 456 tes,
420 386 629 454 Asiam,
656 385 1023 458 Europam,et
1053 384 1292 443 Africam
1316 396 1887 458 vocaverunt:quam-
1914 386 1959 446 A
1991 401 2218 458 quarum
2251 385 2516 443 immensa
2549 388 2594 420 ¹²
2621 386 2916 444 exundatio
2950 384 3104 458 juxta
3137 384 3182 417 “
3223 384 3584 443 Theodosiam

286 480 369 536 vis
395 481 563 551 aliqui
595 481 754 550 duas,
782 481 887 536 hoc
913 488 1017 547 est,
1047 480 1252 551 Asiam,
1287 495 1351 536 ac
1392 481 1590 538 deinde
1642 481 1883 538 Africam

284 575 308 606 ²
340 574 395 630 in
445 575 717 646 Europam
766 573 1138 644 accipiendam
1189 575 1447 645 putarint.
1483 575 1668 630 i-Asia
1715 573 1885 630 tribus

286 665 538 737 partibus
592 663 814 722 Oceano
863 665 1274 734 circumcinela,
1318 682 1415 738 per
1454 675 1626 722 lotam
1657 665 1678 698 ⁸
1707 674 1885 722 trans-

284 755 431 812 versi
452 756 665 828 plagam
697 755 923 812 orientis
953 755 1286 814 extenditur.
1326 757 1452 813 llaec
1476 772 1730 813 occasum
1762 773 1882 813 ver-

286 863 405 917 sus,
438 851 466 892 ’ν
487 865 520 906 a
547 849 741 906 dextra
763 849 868 916 sui,
901 849 1004 906 sub
1030 865 1130 907 axe
1165 852 1564 923 septentrionis
1615 852 1885 922 incipien-

285 941 711 1013 tem‘contingit
735 941 1011 1012 Europam
1045 959 1059 997 :
1086 943 1107 976 "
1132 956 1163 998 a
1192 943 1411 999 sinislra
1440 952 1618 1000 autem
1648 942 1886 1000 Africam

290 1037 392 1108 ιι
419 1034 686 1092 dimittit:
729 1034 832 1092 sub
880 1035 1120 1108 Egypto
1156 1051 1286 1092 vero
1311 1045 1367 1092 et
1401 1036 1558 1109 Syria
1600 1053 1750 1094 mare
1780 1037 1889 1094 Nn-

285 1137 460 1183 strum
489 1169 504 1193 ,
535 1127 680 1199 quod
723 1126 975 1198 Magnum
1017 1129 1353 1199 generaliter
1381 1129 1616 1186 dicimus
1641 1173 1657 1196 ,
1691 1129 1880 1187 habet.

287 1216 506 1288 Europa
528 1217 740 1287 incipit,
773 1219 796 1249 ⁸
825 1225 883 1272 ιιι
911 1217 1022 1272 dixi
1043 1261 1056 1280 ,
1086 1218 1192 1275 sub
1221 1219 1376 1291 plaga
1407 1219 1824 1290 septentrionis,
1853 1235 1883 1275 a

1993 482 2181 538 urbem
2214 481 2481 537 Euxinum
2517 483 2746 538 Pontum
2779 483 2888 538 late
2919 479 3242 552 ingreditur.
3278 479 3410 535 lmle
3434 480 3586 549 juxta

1988 573 2516 646 Constantinopolim
2549 576 2594 608 ’δ
2630 576 2806 647 longas
2835 575 3124 631 mittuntur
3152 573 3447 643 angustias,
3484 572 3587 626 do-

1991 683 2094 725 nec
2119 682 2213 725 eas
2243 669 2285 700 ’δ
2333 684 2481 726 mare
2529 669 2634 726 hoc
2661 670 2805 741 quod
2852 668 3086 724 dicimus
3118 667 3370 722 Nostrum
3390 709 3405 736 ,
3439 666 3587 722 acci-

1993 762 2125 830 piat.
2158 759 2390 832 Europae
2411 761 2464 816 in
2493 760 2746 832 Hispania
2767 760 3122 817 occidentalis
3143 773 3382 815 oceanus
3412 759 3455 790 ¹⁶
3481 771 3589 814 ter-

1993 853 2176 908 minus
2204 863 2307 921 est,
2344 855 2586 911 maxime
2614 855 2705 910 ubi
2733 853 2874 924 apud
2901 852 3082 910 Gades
3111 853 3314 909 insulas
3344 851 3590 908 Herculis

1989 946 2260 1002 columnas
2319 947 2606 1015 visuntur,
2664 955 2722 1004 et
2770 947 3041 1018 Tyrrheni
3109 946 3273 1002 maris
3343 946 3588 1002 faucibus

1993 1038 2200 1096 Oceani
2229 1049 2396 1096 aestus
2423 1041 2754 1098 immittitur.
2777 1040 2970 1096 Africa:
3001 1039 3322 1110 principimn
3353 1050 3436 1095 est
3465 1053 3494 1093 a
3526 1039 3590 1092 ti-

1990 1132 2150 1188 nibus
2180 1133 2403 1205 Egypti
2437 1135 2697 1206 urbisque
2723 1134 3092 1202 Alexandriae,
3116 1133 3209 1190 ubi
3259 1134 3300 1165 "
3340 1132 3584 1188 Parzclo-

1989 1224 2138 1278 nium
2153 1224 2344 1279 civitas
2359 1227 2460 1280 sita
2477 1235 2581 1295 est,
2606 1229 2708 1299 12
2743 1228 2787 1260 ¹⁸
2811 1241 2978 1296 super
3007 1225 3109 1281 hoc
3137 1241 3287 1281 mare
3309 1224 3584 1296 Magnum,

285 1308 514 1365 ﬂumine
555 1308 761 1375 Tanai,
794 1312 947 1380 “qua
996 1309 1208 1381 Riphaei
1263 1321 1517 1377 montes,
1579 1311 1885 1368 Sarmatico
1983 1315 2131 1386 quod
2194 1330 2386 1373 omnes
2451 1317 2637 1388 plagas
2705 1327 2991 1388 terrasque
3057 1316 3273 1373 medias
3321 1316 3586 1373 interluit.

282 1401 466 1459 aversi
489 1415 717 1469 oceano,
733 1401 960 1457 Tanaim
990 1401 1214 1458 (luvium
1247 1401 1479 1459 fundunt
1505 1422 1517 1457 :
1544 1403 1636 1474 qui
1660 1413 1886 1475 prmter-

285 1493 409 1550 iens
436 1508 562 1552 aras
589 1509 654 1550 ac
684 1495 948 1551 terminos
977 1495 1276 1550 Alexandri
1301 1495 1514 1566 Magni,
1556 1497 1599 1527 ⁸ο
1627 1497 1681 1552 in
1707 1496 1889 1553 Roxo-

279 1587 531 1645 lanorum
568 1588 772 1644 ﬁnibus
804 1589 938 1644 sitos
963 1632 978 1658 ,
1033 1589 1312 1646 Mmotidas
1352 1591 1391 1622 “
1425 1599 1584 1663 auget
1615 1591 1839 1662 paludes
1871 1611 1886 1648 :

1997 1412 2040 1444 ¹⁹
2071 1409 2227 1467 Unde
2260 1427 2358 1483 per
2403 1413 2521 1469 loca
2550 1429 2672 1485 quae
2711 1414 2916 1470 accolae
2963 1412 3324 1470 Catabatmon
3361 1421 3589 1478 vocant,

1992 1501 2136 1559 haud
2166 1505 2357 1574 procul
2397 1520 2428 1561 a
2469 1507 2664 1562 castris
2701 1506 2996 1563 Alexandri
3037 1505 3246 1578 Magni,
3278 1507 3402 1562 et’Io
3429 1521 3594 1578 super

1992 1595 2171 1652 lacum
2202 1596 2559 1669 Calearlium,
2592 1598 2788 1655 deinde
2814 1599 2968 1670 juxta
2999 1600 3040 1631 ’ί
3073 1599 3417 1671 superiorum
3455 1599 3593 1654 ﬁnes

1573 1708 2020 1766 llAVEBCAMPI
2061 1711 2298 1771 ΝΟΤιΕ.

354 1797 412 1876 _2.
445 1797 818 1876 lnAEuropam
864 1799 1236 1876 accipiendam.
1291 1799 1574 1855 Editioncs
1623 1807 1877 1876 vetustas,
1917 1807 1964 1867 B
1991 1812 2045 1858 et
2069 1813 2194 1876 tert.
2215 1804 2403 1876 Lugd.
2432 1804 2552 1862 Bal.
2571 1821 2679 1875 pr..
2707 1815 2830 1862 tert.
2858 1815 2915 1862 et
2943 1817 3145 1876 quart..
3172 1808 3322 1864 Meus
3345 1818 3400 1864 et
3425 1809 3589 1870 Ultr..

277 1871 488 1938 prima,
519 1872 831 1939 Augustana
856 1881 912 1926 et
953 1871 1195 1936 Veneta),
1246 1879 1457 1926 sextum
1511 1884 1695 1926 casum
1729 1871 1885 1926 exhi—

279 1943 440 2005 bent,
469 1948 632 2010 atque
661 1942 844 2010 legunt
874 1943 927 1995 in
959 1941 1174 2013 Europa
1222 1941 1601 2009 accipiendam.
1661 1941 1886 1999 Veteres

282 2027 426 2066 vero
455 2013 920 2083 praepositionem
971 2014 1025 2064 in
1073 2027 1196 2065 cum
1228 2023 1423 2081 quarto
1453 2023 1718 2083 sextoque
1756 2029 1890 2069 casu

284 2082 602 2153 promiscue
652 2091 1056 2153 usurpasse.et
1111 2085 1430 2153 plerumque
1482 2082 1638 2139 sono
1672 2088 1888 2140 aurium

288 2152 658 2226 consuluisse,
691 2155 936 2226 pluribus
961 2152 1147 2226 docuit
1171 2155 1254 2208 vir
1274 2152 1626 2226 doctissimus
1653 2156 1891 2226 mihique

286 2223 677 2291 amicissimus,
712 2224 980 2279 llenricus
1009 2225 1392 2294 Canncgieter,
1424 2225 1476 2279 in
1503 2223 1891 2283 dissertatione

288 2296 358 2348 ad
381 2294 667 2355 Avicnnm.
701 2311 820 2363 cap.
857 2296 945 2362 l9,
982 2310 1035 2364 p.
1059 2295 1166 2350 500
1192 2306 1248 2351 et
1292 2295 1418 2351 501.
1445 2297 1503 2350 In
1528 2296 1727 2352 ASthiei
1759 2313 1892 2354 vero

288 2366 720 2439 Cosmographia
746 2367 834 2439 vel
855 2367 971 2439 alia
1021 2367 1209 2431 lectio,
1236 2367 1321 2421 vel
1354 2367 1584 2439 vulgata:
1616 2369 1889 2439 interpre-

299 2439 434 2491 tatio
457 2437 727 2502 occurrit;
760 2437 961 2506 legitur
985 2439 1132 2492 enim
1164 2439 1262 2503 ibi,
1290 2437 1520 2508 Africam
1554 2455 1674 2493 vero
1701 2437 1893 2494 in'Eu-

290 2524 476 2577 rapam
529 2508 888 2579 adjiciendum
936 2509 1274 2575 deﬁnierunt.
1337 2509 1457 2564 Mox
1513 2511 1682 2565 codex
1714 2510 1890 2578 Lugd.

295 2581 418 2652 Bal.
444 2580 679 2652 primus,
709 2580 763 2634 in
800 2594 910 2649 quo
938 2579 1127 2652 lolium
1157 2589 1243 2652 est
1268 2581 1506 2636 lacerum
1539 2580 1608 2634 ab
1634 2581 1740 2652 illis
1769 2597 1889 2652 cap.

295 2648 480 2721 primi,
507 2648 732 2718 Ninum,
765 2648 1010 2721 magnum
1053 2648 1132 2721 (ut
1161 2651 1364 2716 dicunt)
1401 2666 1593 2721 regem,
1628 2651 1716 2706 hic
1773 2648 1895 2708 rur—

292 2735 391 2796 s_us
423 2721 628 2796 incipit,
661 2721 972 2796 videlicet_a
1018 2722 1218 2788 verbis,
1262 2722 1389 2776 Asia
1415 2723 1579 2777 tribus
1629 2724 1890 2796 partibus.

299 2793 410 2849 Pro
435 2794 666 2864 putarint
693 2793 864 2864 Lugd.
908 2793 1028 2864 B._It.
1059 2807 1168 2864 sec.
1200 2803 1462 2864 putarent.

373 2862 592 2935 5.7Asia
622 2862 794 2918 tribus
813 2862 1066 2935 partibus.
1102 2862 1460 2935 Pomponium
1496 2865 1686 2921 Melam
1711 2867 1894 2935 sequi-

299 2946 425 3000 tur;
453 2934 499 2990 is
529 2934 640 3005 lib.
661 2951 701 2997 ι.
728 2949 847 3005 cap.
880 2934 935 2994 2.
961 2934 1032 2990 de
1083 2933 1206 2989 Asia
1240 2933 1254 2988 ὲ
1284 2934 1474 2990 Tribus
1506 2938 1637 2991 hanc
1669 2955 1696 2992 e
1722 2933 1893 3005 parti-

299 2955 425 3000 tur;
453 2955 499 2990 IS
530 2955 624 2991 un.
661 2955 701 2997 ι.
728 2955 847 3005 cap.
880 2955 935 2994 κ.
961 2955 1032 2990 ue
1083 2955 1206 2989 ﬂSla
1240 2955 1254 2988 :
1287 2955 1474 2990 tribus
1506 2955 1637 2991 nanc
1669 2955 1696 2992 e
1759 2955 1890 2992 aru-

299 3007 396 3061 bus
422 3007 585 3075 tangit
616 3004 874 3072 Oceanus,
905 3005 979 3059 ita
1009 3005 1323 3075 norninibus,
1357 3017 1411 3059 ut
1448 3005 1575 3062 locis
1628 2955 1890 3075 difliirens.

299 3077 540 3206 goushab
587 3079 803 3146 oriente,
857 3094 888 3130 a
941 3077 1155 3131 meridie
1202 3075 1443 3145 Indicus,
1477 3094 1508 3131 a
1556 3080 1900 3150 septentrione

349 3159 434 3206 rut
474 3165 604 3203 acus.

349 3150 604 3203 ruthicus.

374 3165 762 3276 iiniir'i'imra
783 3219 1014 3292 plagam.
1046 3219 1220 3275 Periz.
1252 3229 1306 3275 et
1335 3218 1484 3276 Meus
1511 3221 1764 3293 transfusi
1786 3220 1900 3292 pla-

300 3309 449 3363 gum.

385 3363 440 3418 5.
467 3361 512 3416 Α
540 3362 725 3445 dextra
767 3363 872 3418 sui.
901 3361 1051 3420 Meus
1079 3373 1137 3422 ct
1162 3361 1335 3435 Lugd.
1365 3363 1487 3418 Bal.
1519 3370 1642 3418 Iert.
1676 3363 1746 3416 ad
1782 3364 1906 3418 dea:-

313 3445 451 3489 tmm
480 3451 581 3488 sui.

379 3509 434 3561 6.
458 3504 722 3576 Contingit
751 3503 1049 3577 Europam.
1081 3504 1231 3561 Flor.
1269 3513 1394 3560 terl.
1440 3506 1721 3577 contragit,
1755 3506 1906 3575 quasi

304 3577 497 3648 vellet,
521 3575 700 3631 contra
726 3578 834 3647 agit
868 3575 1154 3648 Eni-apem,
1189 3593 1285 3646 pro
1306 3578 1530 3632 adversa
1566 3575 1794 3644 litirOpae
1816 3591 1910 3648 oc-

305 3647 630 3714 currit,vel,
662 3658 720 3702 ut
739 3648 979 3718 loquitur
993 3647 1325 3717 Pomponius
1350 3648 1484 3702 Mela
1509 3649 1602 3703 lib.
1631 3665 1669 3705 ι.
1703 3663 1823 3717 cap.
1849 3647 1904 3712 2,

306 3722 368 3788 fit
399 3719 620 3774 venienti
641 3719 860 3774 obviam.
891 3718 1095 3775 Verum
1123 3722 1190 3772 ita
1209 3721 1496 3787 scripsisse
1519 3719 1772 3773 Orosium
1799 3733 1907 3772 non

309 3799 466 3862 puto,
499 3790 589 3862 qui
644 3800 775 3862 apte,
820 3789 954 3862 dicit
996 3789 1349 3862 incipientem
1378 3790 1653 3862 Euroram
1679 3791 1780 3843 suh
1809 3804 1910 3862 axe

307 3860 701 3931 septentrionis
729 3860 798 3915 ab
819 3861 946 3915 Asia
991 3862 1241 3932 contingi,
1273 3860 1512 3915 Africam
1544 3876 1672 3915 vero
1717 3875 1748 3914 ιι
1778 3861 1912 3914 sini-

309 3944 423 3987 stra
454 3933 676 3995 dimitti,
706 3933 960 4002 quoniam
1018 3943 1179 3987 tenue
1202 3932 1266 3986 ad
1307 3932 1758 4002 septentrionem,
1804 3946 1908 4001 qua

312 4004 458 4059 Asia:
483 4003 753 4074 jungitur,
790 4003 1018 4074 Europae
1049 4015 1133 4057 est
1177 4003 1435 4073 spatium,
1469 4018 1590 4057 cmn
1643 4002 1840 4074 Ali-ica
1879 4018 1910 4057 a

311 4076 538 4130 sinistra
596 4076 755 4143 longe
786 4089 908 4128 sese
941 4073 1210 4135 dimittat,
1257 4083 1314 4129 ut
1357 4073 1667 4143 inspicienti
1701 4073 1910 4128 tabulas

313 4144 515 4216 quibus
539 4155 801 4200 terrarum
823 4144 962 4200 situs
993 4144 1341 4214 describitur,
1370 4146 1596 4214 patebit.
1624 4145 1758 4199 Cum
1791 4145 1908 4199 vul-

312 4227 439 4288 gata
474 4217 740 4288 scriptura
764 4216 1039 4271 consentit
1066 4216 1268 4272 IEthici
1301 4216 1746 4288 Cosmographia.

387 4289 441 4342 7.
476 4287 520 4342 A
542 4289 753 4341 sinistra
774 4297 968 4341 autem.
998 4288 1338 4342 Postrematn
1362 4303 1555 4344 vocem
1587 4287 1775 4344 delent
1803 4301 1908 4342 ms.

318 4358 459 4415 Ultr.
495 4368 549 4429 et
577 4359 730 4413 editt.
758 4359 931 4429 prima
959 4368 1015 4414 et
1043 4362 1270 4429 August.

387 4431 441 4486 8.
492 4428 560 4501 Ut
590 4429 702 4484 dixi
732 4470 747 4493 ,
797 4428 891 4501 sub
931 4429 1108 4501 plaga.
1137 4428 1278 4484 ’lla-c
1319 4445 1425 4485 non
1459 4429 1811 4484 inveniuntur
1857 4428 1911 4484 in

315 4515 453 4556 mss.
499 4500 642 4557 Ultr.
688 4511 745 4557 et
791 4500 1124 4568 edd.’prtma
1163 4511 1217 4554 ct
1253 4500 1393 4571 Aug.
1420 4545 1434 4569 ,
1462 4517 1586 4570 qua:
1616 4502 1781 4555 Editt.
1813 4516 1913 4570 pro

1928 3189 1975 3253 C

1993 1884 2064 1947 et
2093 1874 2332 1930 edition;
2383 1874 2623 1947 antiqua:
2671 1887 2727 1932 et
2772 1874 3061 1938 Etlticus.
3110 1881 3460 1934 Robascornm
3500 1883 3587 1935 Vel

1993 1945 2410 2018 Bitobaseorum.
2461 1945 2634 2018 Lugd.
2689 1949 2805 2003 Bal.
2855 1964 2967 2004 sec.
2998 1991 3013 2012 ,
3051 1949 3395 2006 Robustornm
3451 1963 3504 2006 ut
3537 1962 3592 2007 et

1994 2017 2246 2090 Pcrizgn.
2302 2029 2352 2074 et
2400 2017 2574 2084 Ultr.}
2628 2021 2881 2074 rocltbaos
2927 2019 3200 2075 bascorum
3257 2023 3391 2078 edit.
3446 2023 3586 2090 Aug.

1993 2087 2295 2162 bio_x_Flo_r_.
2348 2104 2463 2162 sec.
2485 2090 2678 2159 ﬁnibus
2721 2093 2855 2146 situs
2900 2090 3172 2146 Meotidas.
3207 2093 3262 2147 lu
3295 2109 3464 2162 marg.
3502 2087 3587 2149 Al.

1995 2158 2207 2214 Scitltas
2235 2158 2618 2230 Meotidasqne.
2663 2165 2735 2216 At
2764 2171 2890 2217 lert.
2913 2163 3116 2228 ﬁmbria
3141 2164 3270 2218 siccs
3302 2158 3590 2218 Meo'cidas.

2068 2230 2156 2285 11.
2201 2231 2368 2306 Auget
2396 2230 2849 2306 paludesLLugd.
2899 2232 3016 2287 But.
3053 2242 3173 2287 lert.
3221 2245 3412 2306 augent
3443 2234 3594 2305 palu-

1997 2300 2109 2365 des,
2144 2300 2308 2374 quasi
2324 2317 2392 2374 eo
2429 2316 2599 2374 usque
2633 2300 2828 2374 Riphei
2855 2311 3067 2357 molitos
3096 2300 3332 2371 porrccii
3357 2300 3591 2359 decursu

1997 2387 2260 2442 aquarum
2292 2371 2573 2427 Mreolidas
2602 2371 2829 2440 paludes
2859 2383 3139 2441 augerent.

2070 2443 2186 2517 i2.
2207 2441 2508 2517 Exundatio
2534 2483 2548 2496 .
2585 2443 2838 2501 IEthicus
2866 2444 3176 2514 inundatio,
3209 2445 3350 2517 quod
3376 2460 3443 2502 ex
3472 2462 3595 2502 meo

1999 2529 2102 2568 ms.
2137 2514 2224 2569 hic
2256 2514 2630 2570 conﬁrmatur.

2070 2585 2158 2641 15.
2201 2583 2568 2660 Ίξρεράιιεὲαηι.
2603 2587 2973 2660 interoppida
3005 2587 3333 2644 Cimmerica
3364 2605 3588 2645 enume-

1998 2665 2152 2731 ratur
2176 2671 2206 2710 a
2227 2655 2364 2711 Mela
2394 2657 2490 2731 lib.
2513 2672 2724 2731 It,_cap.
2756 2659 2782 2713 1
2809 2655 2828 2713 Ξ
2849 2655 2914 2713 In
2940 2661 3184 2731 paludem
3209 2662 3469 2730 rergentia
3496 2663 3598 2715 Sa-

1999 2727 2192 2804 tarchae
2221 2734 2436 2804 tenent;
2465 2729 2516 2782 in
2547 2727 2841 2804 Bosporum
2863 2727 3172 2804 Cimnterica
3183 2727 3414 2804 oppida,
3448 2732 3594 2803 Myr-

1999 2799 2196 2870 mecion
2221 2841 2235 2864 ,
2279 2798 2673 2869 Panticapteum
2697 2843 2712 2868 ,
2753 2800 3047 2858 Theodosia
3071 2845 3087 2870 ,
3149 2798 3466 2858 ﬁerinisium
3493 2798 3527 2858 ε’
3542 2806 3593 2858 in

2001 2867 2268 2923 Euxinum
2295 2886 2457 2931 mare.
2490 2867 2599 2927 etc.

2073 2940 2161 3016 11.
2192 2940 2390 3011 Longa:
2416 2942 2692 2996 mittuntur
2721 2946 2992 3016 angustiae.
3027 2945 3084 3000 ld
3112 2955 3216 3013 est,
3249 2961 3348 3016 per
3377 2947 3592 3012 longum

2000 3011 2233 3080 spatium
2282 3027 2456 3086 mare,
2496 3011 2826 3086 coarctatae.
2879 3011 3210 3069 Emittuntnr
3251 3011 3424 3086 Lugd.
3474 3011 3592 3072 Bal.

2002 3097 2112 3151 pr.,
2139 3089 2266 3137 tert.
2291 3122 2306 3147 ,
2337 3082 2544 3157 P£I'_iz.,
2579 3093 2634 3138 et
2663 3085 2846 3151 Meus;
2888 3087 3081 3157 reliqui
3124 3082 3418 3153 mittuntur,
3449 3091 3594 3157 quod

2004 3163 2060 3208 et
2088 3162 2308 3227 servant
2340 3151 2545 3227 IEthici
2573 3163 2849 3227 excerpta.
2888 3151 3061 3226 Vulgo
3090 3157 3261 3227 longe.

2081 3221 2170 3277 15.
2214 3221 2361 3276 Mare
2395 3222 2495 3277 hoc
2533 3225 2672 3295 quod
2702 3221 2925 3279 dicimus
2966 3221 3237 3281 Nostrum.
3272 3226 3442 3297 Lugd.
3475 3227 3594 3282 Bal.

2007 3301 2186 3362 quart.
2215 3311 2354 3349 mare
2373 3299 2533 3364 quod,
2553 3305 2684 3360 εις..
2707 3297 2888 3352 deleto
2906 3298 3019 3352 hoc.
3046 3297 3167 3353 Sec.
3197 3315 3340 3352 mare
3371 3304 3466 3353 hoc
3485 3299 3598 3352 No-

2006 3375 2173 3442 strum
2197 3367 2334 3437 quod
2359 3366 2615 3442 dicimus.
2632 3367 2878 3424 Perizon.
2907 3369 3169 3442 mare/ioc
3191 3369 3444 3441 Magnum
3463 3371 3602 3442 quod

2009 3437 2251 3512 dicimus,
2281 3438 2524 3512 accipiat.
2553 3437 2695 3496 Ultr.
2729 3457 2871 3494 mare
2894 3440 2991 3496 Itoc
3024 3437 3442 3512 Nostrum'quod
3474 3437 3598 3497 Μα-

2009 3525 2164 3580 gnum
2193 3509 2432 3580 dicimus.

2082 3579 2166 3635 16.
2217 3578 2491 3656 Terminus
2505 3590 2612 3656 _est.
2641 3582 2921 3656 Edition_es
2950 3587 3196 3656 quazdam
3238 3586 3474 3655 antiqua:
3494 3627 3508 3647 ,
3545 3593 3602 3638 nt

2011 3649 2244 3726 l'li‘ttorp.
2275 3659 2330 3706 et
2356 3648 2685 3726 Cervicorn.
2697 3655 2816 3726 sive
2845 3648 3247 3726 Bolsiiingiana,
3283 3648 3602 3726 leguntter-

2010 3721 2154 3774 mino
2180 3729 2278 3797 est,
2310 3722 2450 3797 quod
2467 3730 2539 3797 _et
2564 3723 2784 3797 exhibet
2810 3738 2910 3797 ms.
2939 3721 3186 3780 Florént.
3220 3721 3363 3788 sec;
3389 3725 3484 3797 sed
3512 3741 3603 3797 su-

1972 3831 1977 3836 .
2013 3793 2317 3866 perscripta
2328 3792 2590 3866 _leetione
2618 3834 2632 3859 ,
2679 3793 2802 3866 quae
2850 3796 2903 3848 in
2954 3806 3080 3851 lert.
3116 3797 3262 3850 Flor.
3293 3805 3348 3849 et
3375 3795 3599 3866 reliqui.-

2012 3876 2142 3917 mss.
2171 3863 2426 3918 omnibus
2449 3872 2612 3932 atque
2633 3864 2821 3930 editis,
2851 3875 2988 3920 utet
3016 3867 3256 3932 Aithico,
3293 3863 3567 3922 invenitur
3586 3909 3600 3931 ,

2013 3933 2262 3988 terminus
2292 3943 2386 3987 est.
2427 3934 2556 4002 Qua:
2587 3944 2891 4004 sequuntur
2920 3937 2990 3991 ita
3020 3940 3242 3994 exhibet
3270 3937 3442 4006 Lugd.
3482 3940 3600 3994 Bal.

2015 4011 2167 4080 lert._,
2211 4014 2259 4080 et
2297 4009 2520 4080 maxime
2545 4051 2559 4074 ,
2611 4007 2699 4060 ubi
2746 4008 2887 4076 apud
2924 4006 3096 4064 Gades
3126 4010 3324 4065 insulas
3349 4007 3607 4080 Tyrrheni

2013 4077 2172 4148 maris
2199 4075 2434 4148 faucibus
2463 4081 2646 4131 oceani
2672 4075 2826 4132 (estus
2856 4080 3098 4148 mittitur.

2089 4147 2175 4201 17.
2200 4145 2597 4204 Ραναῖιοηίιιιιι.
2631 4148 2778 4204 Flor.
2817 4159 2943 4205 lert.
2981 4145 3366 4216 I’hrentorinm,
3397 4167 3508 4209 sec.
3547 4163 3606 4208 ut.

2014 4226 2070 4274 et
2083 4218 2217 4292 edit.
2231 4217 2463 4292 August.
2478 4219 3021 4292 ParethonioJEthici
3039 4235 3292 4292 excerpta
3316 4224 3601 4278 l'artheno.

2088 4289 2176 4343 18.
2220 4289 2395 4356 Super
2422 4289 2523 4343 hoc
2553 4307 2695 4344 mare
2717 4291 2988 4362 Magnum.
3019 4293 3154 4348 Cum
3185 4289 3264 4348 sic
3300 4294 3351 4348 in
3385 4293 3607 4350 Ethice

2014 4369 2190 4434 exstet
2210 4399 2226 4426 ,
2257 4369 2311 4416 et
2351 4375 2548 4434 magno
2569 4375 2838 4416 consensu
2869 4378 3062 4419 omnes
3091 4365 3208 4419 fere
3241 4365 3420 4434 legant
3451 4379 3604 4431 mss,

2017 4429 2204 4502 nescio
2232 4446 2330 4502 cur
2359 4429 2489 4486 editi
2522 4443 2880 4502 lransponant
2907 4450 3050 4488 mare
3075 4434 3194 4491 hoc.
3244 4429 3350 4488 Pro
3373 4429 3606 4489 interluit

2017 4501 2189 4571 Lugd.
2223 4501 2342 4572 Bal.
2376 4516 2516 4568 sec.,
2545 4501 2797 4572 interﬂuit
2825 4545 2838 4566 ,
2878 4514 2940 4559 ιιι
2967 4513 3023 4560 et
3049 4505 3198 4559 Flor.
3231 4514 3358 4559 tert.
3386 4515 3439 4560 et
3464 4504 3606 4560 Ultr.

314 4571 688 4646 septentrionis
712 4570 1687 4646 habentsaptentrionalis,legumque
1706 4571 1922 4646 Europa
1952 4573 2000 4633 D
2097 4570 2186 4627 19.
2233 4570 2384 4646 {Inde
2404 4589 2494 4644 per
2519 4573 2650 4646 loca.
2682 4570 2858 4643 Lugd.
2880 4574 3011 4646 Bal.
3051 4583 3178 4646 tert.
3201 4584 3263 4646 iet
3289 4585 3465 4646 quart.
3501 4592 3606 4631 una

313 4644 506 4712 incipit
531 4643 969 4712 septentrionalis,
996 4643 1148 4713 quasi
1171 4652 1538 4713 opponeretur
1556 4644 1632 4697 illi
1655 4644 1797 4713 quod
1819 4643 1921 4696 ali-

317 4711 532 4785 quanto
566 4711 687 4785 post
732 4711 1264 4785 sgquitur,’Europaa
1293 4717 1350 4785 in
1383 4712 1648 4785 Hispania
1674 4711 1924 4768 occiden-

318 4783 467 4841 fatis.
519 4784 674 4853 Apud
725 4783 1039 4852 tEthicum,
1111 4784 1336 4840 mutatis
1391 4784 1669 4855 paululum
1715 4785 1920 4851 verbis,

320 4855 556 4928 Humpga
581 4857 764 4928 incipit
790 4855 997 4910 initium
1025 4856 1118 4910 sub
1141 4857 1299 4928 plaga
1327 4857 1720 4927 septentrionali
1750 4873 1782 4910 a
1814 4858 1920 4926 [lu-

277 4973 288 4980 .
321 4929 464 4981 mine
496 4925 698 4989 Tanai,
713 4935 816 4982 etc.

396 5004 454 5054 υ.
501 4997 619 5065 Qua
647 4997 855 5070 Riphaei
900 5007 1117 5052 montes.
1171 4997 1278 5053 Pro
1320 5015 1422 5070 qua
1470 4995 1634 5063 Ultr.,
1780 4996 1922 5051 Ball.

325 5084 440 5124 sec.
465 5077 521 5124 et
535 5067 739 5139 quart.,
769 5086 892 5141 quo,
917 5080 970 5124 et
991 5084 1115 5125 mox
1145 5067 1434 5141 inﬂtndunt
1460 5084 1477 5121 :
1508 5076 1632 5123 tert.
1662 5067 1788 5123 dein
1809 5083 1922 5123 sec.

327 5158 470 5213 oras,
503 5156 604 5212 pro
633 5139 794 5208 aras,
839 5151 894 5195 ct
923 5143 1173 5213 fundunt.
1204 5139 1362 5213 Flor.
1391 5155 1504 5196 sec.
1549 5150 1604 5195 et
1632 5147 1758 5195 ιρι-ι.
1791 5149 1848 5195 ιιι
1875 5147 1932 5195 et

331 5211 464 5283 cdd.
493 5211 670 5283 prima
696 5223 750 5267 et
779 5211 931 5282 Aug.
951 5212 1164 5283 [luvium
1195 5211 1446 5282 fundunt.

406 5282 497 5337 ιο.
539 5281 607 5337 In
641 5281 1055 5338 Roxolanornm.
1087 5283 1143 5338 In
1167 5281 1269 5337 hoc
1289 5284 1488 5352 capite,
1520 5295 1627 5351 quo
1648 5281 1803 5337 orbis
1825 5290 1933 5338 ler-

331 5367 526 5409 rarum
575 5353 889 5410 summatim
931 5353 1282 5422 describitur,
1319 5362 1445 5409 sunt
1483 5352 1742 5408 nonnulla
1773 5367 1936 5408 voca-

338 5424 470 5479 bula
511 5425 774 5490 barbara,
813 5442 932 5490 qua:
963 5425 1106 5495 apud
1138 5425 1274 5479 alios
1310 5425 1607 5493 scriptores
1638 5438 1746 5478 non
1781 5425 1936 5479 facile

348 5495 595 5550 invenias
624 5513 640 5562 ;
695 5495 748 5550 in
781 5497 846 5551 iis
893 5511 992 5550 nos
1021 5496 1380 5567 antiquorum,
1408 5495 1667 5567 librorum
1699 5495 1938 5550 auctori-

346 5567 446 5620 tati
471 5567 765 5639 plurimum
813 5565 1169 5639 tribuendum
1205 5566 1529 5639 putavimus.
1573 5565 1631 5639 lu
1657 5579 1724 5620 eo
1757 5575 1936 5621 tamen

343 5635 488 5709 quod
512 5637 600 5692 hic
624 5639 849 5709 legitur,
876 5639 930 5692 in
962 5635 1356 5693 Roxolanbrum
1379 5637 1592 5708 ﬁnibus,
1618 5635 1936 5709 impressam

346 5707 642 5764 lectionem
686 5707 1048 5766 'relinuimus.
1113 5709 1245 5764 Nam
1297 5709 1349 5764 in
1381 5707 1784 5774 'manuscriptis
1826 5718 1939 5775 est,

351 5775 768 5852 thobascornm,
804 5789 862 5842 ut
893 5780 982 5838 alii
1017 5795 1232 5854 quoque
1253 5789 1602 5839 anu0larunl.
1647 5778 1794 5848 Flor.
1826 5794 1940 5839 sec.

2026 4658 2151 4698 cum
2178 4643 2311 4698 edit.
2343 4646 2512 4712 prima
2542 4652 2596 4698 et
2622 4645 2758 4713 Aug.
2787 4645 2993 4698 malunt
3019 4645 3163 4699 inde.
3196 4643 3606 4702 Pro'Catabalh-

2028 4730 2148 4788 mon
2188 4715 2244 4788 in
2273 4713 2499 4788 edition.
2556 4715 2672 4788 illis
2702 4724 2800 4788 est
2817 4714 3214 4788 Catabattlynon
3239 4758 3254 4783 ,
3298 4727 3354 4772 et
3405 4719 3457 4772 in
3504 4735 3608 4772 tus.

2027 4783 2169 4841 Ultr.
2204 4783 2630 4859 Calliopatmon;
2665 4787 2715 4840 in
2761 4785 2908 4859 Flor.
2942 4783 3487 4844 lerthIlatabitinum
3508 4831 3524 4859 ,
3559 4792 3610 4844 in

2027 4870 2135 4927 quo
2163 4871 2260 4927 pro
2283 4858 2464 4912 castris
2495 4857 2697 4926 legitur
2722 4874 2753 4910 a
2774 4857 3040 4914 Chaxitre.

2097 4928 2190 5002 :20.
2214 4926 2601 5002 Δδιιρειζζξιιειιηι
2620 4929 2953 5002 Calcartium.
2995 4931 3269 4988 Gerardus
3301 4931 3613 5002 Bolsuiuge,

2027 4997 2118 5070 qni
2148 4997 2376 5070 primam
2403 4999 2800 5070 llittorpianam
2829 5001 3121 5056 editionem
3155 5019 3186 5057 e
3216 5004 3442 5058 vetustis
3463 4997 3555 5060 libi
3575 5009 3618 5058 is

2032 5069 2365 5144 eluendavit,
2398 5084 2462 5125 ex
2494 5069 2604 5144 illis
2631 5073 2915 5144 annotavit
2948 5073 3084 5144 legi,
3108 5072 3380 5128 Alearsum
3403 5085 3451 5130 et
3481 5075 3618 5130 Clu-

2033 5139 2260 5194 learsum
2283 5157 2334 5215 ;Δ
2354 5155 2452 5215 nos
2499 5143 2550 5196 in
2599 5139 3027 5215 manuscriptis;
3041 5143 3380 5210 llalearzum,
3407 5144 3623 5202 Calcar-

2033 5227 2146 5286 snm
2170 5251 2184 5275 ,
2215 5221 2264 5264 et
2278 5209 2614 5286 ‘Cateartum,
2636 5209 2981 5286 invenimus.
3009 5215 3175 5272 Fauu.
3198 5246 3268 5258 --
3290 5209 3534 5286 Magnam
3567 5226 3619 5269 rt

2035 5282 2152 5352 ipse
2179 5282 2496 5353 va_rietatcm
2541 5285 2826 5353 scriptura:
2858 5285 2912 5340 in
2945 5302 3076 5342 mss.
3103 5288 3307 5342 inveni.
3343 5282 3619 5342 E'xhibcnt

2037 5353 2180 5408 enim
2199 5422 2208 5423 ί
2227 5351 2374 5407 Flor.
2425 5368 2538 5410 sec.
2586 5351 2892 5411 Catearzum
2918 5397 2933 5423 ,
2965 5367 3095 5413 terl.
3119 5368 3174 5414 et
3203 5358 3351 5414 Meus
3375 5359 3624 5413 (Μαίων--

2038 5440 2179 5496 eum;
2195 5422 2367 5495 Lttgd.
2401 5424 2519 5480 But.
2539 5441 2645 5495 pr.,
2665 5436 2789 5483 lert.
2821 5436 2876 5482 et
2889 5422 3090 5496 quart.,
3119 5429 3452 5494 Calearsum;
3481 5427 3619 5482 Ultr.

2041 5493 2362 5569 Helearzum
2385 5538 2398 5562 ,
2429 5493 2682 5569 Berizon.
2707 5493 3115 5569 rCalear‘zaruni,
3145 5500 3277 5556 edit.
3311 5502 3621 5568 Anguslana

2040 5565 2369 5641 Leazarum,
2403 5566 2656 5625 Ethicus
2689 5568 2988 5625 Galearum.
3040 5565 3145 5627 Sed
3176 5565 3421 5624 omnium
3450 5573 3622 5641 prima

2041 5651 2224 5694 servat
2254 5638 2590 5707 Calcarlium,
2623 5650 2682 5695 ut
2709 5651 2765 5696 et
2799 5641 3018 5698 Venetae
3043 5653 3254 5697 omnes.

2114 5707 2206 5762 21.
2251 5709 2604 5787 superiorum
2643 5713 2790 5787 fines:
2826 5711 2973 5770 Flor.
3023 5725 3136 5770 sec.
3185 5712 3455 5785 superiora
3516 5712 3624 5787 [ille

2048 5779 2102 5838 in
2133 5781 2398 5854 margine,
2429 5779 2721 5860 superiores
2751 5784 2901 5855 ﬁnes.
