4122 6174
319 276 427 340 G77

277 410 375 457 ~et
420 399 592 457 Media
640 418 655 456 :

319 491 367 525 δι
398 493 492 548 the
521 508 550 547 a
600 494 970 563 septentrione
1011 493 1211 551 habent
1263 504 1505 553 montem
1535 497 1861 567 Caucasum,
1889 515 1919 555 a

311 580 551 644 meridie
596 600 749 644 mare
790 588 1031 645 Rubrum
1083 598 1140 645 et
1184 590 1359 647 sinum
1418 592 1697 648 Persicum
1731 612 1744 647 :
1784 594 1830 626 “
1863 594 1917 649 iu

261 736 271 741 _
318 682 504 757 medio
527 691 707 737 autem
739 683 842 749 sui,
884 681 1104 740 ﬂumina
1125 685 1405 756 “pratcipua
1436 685 1482 717 “
1512 686 1820 758 Hydaspem
1867 697 1922 743 et

316 773 531 832 Arbim.
567 774 624 830 In
648 772 742 830 'bis
770 783 895 830 sunt
945 784 1137 847 gentes
1186 780 1404 848 triginta
1435 778 1578 834 dote.
1611 777 1717 834 Sed
1750 793 1918 849 gene-

314 868 506 923 raliter
528 864 757 923 i’arthia
782 867 1004 936 dicitur,
1021 870 1374 939 quantumvis
1400 870 1446 902 “
1472 871 1767 941 Seripturac
1795 886 1917 927 san-

280 1037 285 1047 ‘
317 970 421 1016 cla:
450 961 762 1018 universam
808 977 954 1033 smpe
981 963 1211 1019 Mediam
1247 974 1461 1020 vocent.
1488 965 1533 1021 A
1578 965 1800 1021 tiumine
1831 964 1923 1022 Ti-

326 1055 431 1125 gri,
462 1072 636 1128 usque
666 1057 732 1113 ad
772 1055 973 1114 llumen
1009 1060 1366 1131 Euphratem,
1394 1058 1782 1134 Mesopotamia
1812 1072 1915 1130 est,

317 1148 588 1220 incipiens
619 1163 650 1205 a
681 1151 1061 1220 septentrione
1109 1152 1252 1208 inter
1302 1163 1544 1208 montem
1594 1153 1833 1209 Taurum
1865 1164 1920 1211 et

317 1240 619 1298 Caucasum
660 1242 746 1296 :'*8
769 1243 854 1299 cui
883 1243 950 1299 ad
986 1243 1272 1301 meridiem
1302 1246 1552 1302 succedit
1596 1245 1916 1319 Babylonia,

313 1336 513 1392 deinde
539 1335 817 1406 Chaldtea,
840 1337 1139 1395 novissime
1154 1339 1202 1371 “
1225 1339 1425 1396 Arabia
1439 1339 1736 1395 Eudmmon
1758 1358 1769 1394 :
1790 1353 1914 1411 qua:

314 1429 457 1485 inter
486 1422 687 1485 sinum
728 1424 1005 1487 Persicum
1051 1440 1105 1487 et
1141 1431 1321 1488 sinum
1365 1432 1655 1487 Arabicum
1689 1439 1917 1502 augusto

312 1530 477 1577 terra:
514 1532 686 1578 tractu
717 1524 986 1580 orientem
1014 1539 1210 1579 versus
1236 1525 1568 1581 extenditur.
1601 1524 1657 1580 ltt
1689 1525 1772 1579 bis
1793 1532 1921 1579 sunt

310 1624 502 1686 gentes
515 1614 559 1648 ‘7
585 1616 688 1689 15
703 1616 954 1688 vigintiet
969 1624 1113 1672 octo.
1139 1615 1184 1671 A
1206 1616 1431 1673 ﬂumine
1457 1615 1750 1688 Euphrate,
1775 1615 1919 1688 quod

310 1715 397 1763 est
422 1707 490 1764 ab
514 1709 746 1775 oriente,
769 1720 942 1780 usque
966 1709 1033 1764 ad
1066 1724 1214 1766 mare
1238 1708 1520 1778 Nostrum,
1564 1711 1707 1782 quod
1737 1718 1821 1765 est
1851 1711 1920 1766 ab

1420 287 1899 348 tusronttaun
1942 286 2146 349 LIBER
2185 291 2227 349 ι.
2268 292 2424 350 cae.
2464 256 2534 350 u.

3515 295 3623 354 678

700 401 808 457 situ
862 408 1126 459 terrarum
1180 401 1228 436 ‘°
1278 415 1529 463 montoso
1585 418 1637 464 et
1691 424 1919 480 aspero.
1950 407 2003 469 A
2028 409 2462 477 oceasu,deinde
2482 424 2511 464 a
2534 409 2929 481 septentrione,
2952 408 3006 467 id
3032 418 3117 467 est
3138 409 3185 444 ⁸⁸
3208 425 3237 466 a
3261 410 3482 469 civitate
3509 413 3615 470 Da-

2026 518 2176 572 cusa,
2220 518 2341 575 quae
2376 502 2429 559 in
2457 503 2694 560 conﬁnio
2728 503 3086 576 Cappadociae
3118 512 3173 562 et
3198 505 3471 564 Armeniae
3511 506 3615 562 sita

2027 603 2134 661 est,
2165 593 2305 650 haud
2339 595 2581 666 procula
2623 597 2740 651 loco
2763 596 2851 651 ubi
2883 595 3189 668 Euphrates
3223 598 3484 669 nascitur,
3525 615 3619 656 us-

2025 704 2129 760 que
2156 687 2221 743 ad
2247 687 2539 761 Aigyptnm
2570 688 2614 723 ⁸³
2652 701 2708 745 et
2738 698 3045 746 extremum
3078 690 3255 746 sinum
3287 689 3578 748 Arabicum
3601 736 3615 760 ,

2024 782 2221 853 quiest
2248 781 2316 836 ad
2349 782 2663 848 meridiem,
2693 781 2853 853 longo
2892 793 3226 855 angustoque
3268 786 3423 840 sulco
3467 787 3617 842 saxis

2026 874 2322 946 insulisque
2349 873 2395 906 “
2421 875 2759 930 creberrimo
2788 920 2801 941 ,
2829 889 2859 928 a
2900 873 3083 931 Rubro
3111 876 3279 946 mari,
3322 877 3371 933 id
3402 887 3485 934 est
3510 920 3526 946 ,
3550 878 3620 934 ab

2022 966 2245 1023 Oceano
2271 1010 2286 1032 ,
2316 982 2573 1023 occasum
2614 982 2808 1023 versus
2849 966 2893 999 ⁸¹
2934 967 3248 1024 extenditur
3277 969 3432 1043 Syria
3456 1013 3469 1037 ,
3498 987 3617 1042 qua:

2022 1060 2103 1116 sic
2136 1060 2467 1129 generaliter
2498 1059 2844 1125 nominatur,
2896 1058 3169 1130 habetque
3199 1062 3463 1118 maximas
3493 1077 3619 1134 pro-

2020 1153 2250 1224 vincias,
2277 1155 2321 1187 ⁸⁸
2346 1155 2786 1221 Commagenam,
2810 1152 3148 1209 Phoenicium
3171 1164 3223 1209 et
3243 1153 3610 1222 Paltestinam,

2027 1247 2132 1319 ιθ
2161 1246 2364 1317 absque
2404 1245 2693 1303 Saracenis
2729 1255 2784 1301 et
2824 1244 3114 1314 Nabatzeis,
3157 1260 3387 1317 quorum
3428 1256 3619 1318 gentes

2018 1338 2466 1396 suntduodecim.
2483 1337 2721 1408 lucapite
2739 1338 2907 1410 Syriae
2921 1338 2993 1394 Ca
3003 1338 3261 1410 ppado.-ia
3273 1347 3376 1406 est,
3390 1355 3510 1413 quae
3526 1340 3621 1396 ba-

2019 1428 2114 1485 bet
2140 1431 2208 1484 ab
2228 1429 2440 1485 oriente
2472 1428 2809 1497 Armeniam,
2842 1430 2911 1485 ab
2933 1444 3128 1486 occasu
3155 1428 3363 1499 Asiam,
3381 1432 3451 1488 ab
3475 1432 3622 1502 aqui-

2022 1520 2148 1576 lone
2176 1520 2223 1554 ⁸³
2246 1521 2655 1592 Themiscyrios
2685 1535 2907 1592 campos
2935 1530 2992 1577 et
3015 1536 3169 1578 mare
3196 1519 3614 1578 Cimmericnm:

2023 1632 2053 1670 a
2106 1613 2335 1671 meridie
2362 1613 2601 1671 Taurum
2631 1625 2907 1683 montem,
2937 1614 3025 1671 cui
3070 1615 3316 1686 suhjacet
3342 1616 3527 1673 Cilicia
3567 1628 3622 1674 et

2023 1705 2233 1776 Isauria
2265 1704 2309 1738 “
2333 1722 2503 1778 usque
2528 1705 2595 1762 ad
2635 1704 2860 1761 issicum
2894 1705 3095 1776 sinum,
3128 1707 3221 1779 qui
3254 1717 3466 1780 spectat
3493 1723 3620 1766 con-

1604 1818 2059 1881 lIAVERCAMl’I
2096 1819 2331 1876 ΝΟΤιΕ.

387 1916 479 1993 ις).
516 1914 754 1972 Hoatoso
793 1918 841 1972 et
874 1933 1075 1990 aspero.
1097 1916 1277 1993 Lugd.
1314 1916 1430 1972 Bat.
1482 1918 1810 1993 tert.,_l\l_cus_
1854 1926 1910 1973 et
1941 1921 1988 1982 Β
2015 1914 2105 1970 ille
2130 1914 2199 1993 _in
2224 1914 2375 1993 Notis
2397 1913 2511 1993 suis
2536 1914 2751 1993 probat.
2781 1914 3004 1993 Urbium
3036 1932 3167 1993 vero
3198 1918 3449 1993 nomina,
3475 1937 3615 1993 pne-

310 1986 601 2061 Perizon”
630 1986 1023 2061 mon_tuoso,'et
1067 1989 1151 2061 sic
1193 1986 1407 2059 quoque
1448 1989 1581 2044 edit.
1627 1990 1904 2061 Bolsuing.

311 2071 439 2111 cum
477 2057 721 2131 Venetis.
742 2058 1045 2131 Utrumque
1070 2074 1097 2112 a
1133 2057 1337 2113 Latinis
1360 2061 1719 2131 scriptoribus
1746 2057 1911 2116 usur-

316 2140 500 2204 patnr,
537 2130 681 2183 unde
699 2131 866 2204 Asicuti
903 2130 990 2204 hic
1038 2140 1285 2204 montoso
1324 2130 1483 2203 atque
1516 2148 1723 2204 aspero,
1756 2132 1912 2204 iuve-

317 2201 435 2254 nies
484 2201 737 2254 montosis
774 2201 974 2263 asperis
1010 2200 1347 2270 coniunctim
1389 2200 1528 2269 apud
1563 2200 1725 2259 (Plin.
1774 2202 1907 2257 edit.

323 2269 588 2344 llarduin_.
649 2279 803 2344 tom.
833 2271 898 2339 li,
947 2288 1003 2342 p.
1044 2272 1181 2337 Mil;
1229 2280 1422 2327 contra
1468 2276 1606 2344 apud
1659 2274 1910 2328 eumdem

319 2341 983 2418 montuosisApartibushet
1023 2353 1307 2418 montuosa
1352 2341 1525 2418 planis
1563 2345 1910 2418 proferenda,

290 2470 297 2475 δ
324 2413 457 2484 ibid.
489 2430 540 2481 p.
578 2412 683 2469 108
714 2422 768 2469 et
800 2429 851 2484 p.
879 2413 969 2469 49.
1006 2412 1252 2468 .llontosa
1281 2412 1412 2469 vero
1441 2412 1578 2470 dixit
1607 2412 1745 2472 idem
1777 2427 1910 2470 tom.

325 2483 392 2550 ll,
429 2500 479 2558 pr.
513 2485 569 2553 5,
604 2486 719 2558 sive
741 2483 833 2540 lib.
863 2500 975 2553 xvr,
1005 2500 1125 2558 cap.
1158 2486 1213 2554 5,
1233 2487 1347 2558 jam
1375 2488 1534 2541 etiam
1557 2489 1610 2543 in
1640 2487 1911 2554 montosis,

321 2557 594 2627 planisque
612 2556 826 2610 distant.

397 2629 487 2683 41.
518 2626 634 2700 Har
666 2644 699 2681 a
748 2626 1097 2700 septentrione
1144 2627 1358 2684 habent.
1407 2629 1536 2685 Mss.
1578 2627 1749 2700 Lugd.
1794 2629 1913 2686 But.

325 2706 458 2753 tert.
492 2708 542 2752 et
586 2697 757 2765 Meus,
786 2697 951 2769 atque
981 2698 1151 2761 Ultr.,
1186 2701 1251 2753 ad
1299 2700 1469 2755 Solam
1515 2697 1759 2756 referunt
1806 2702 1916 2759 Mc-

222 2806 227 2813 -
324 2769 496 2842 diam,
527 2779 580 2842 et
608 2767 877 2836 scribunt,
908 2767 1033 2824 Ηατ
1054 2786 1086 2823 a
1112 2771 1458 2842 septentrione
1485 2770 1656 2833 habet,
1699 2783 1805 2828 etc.

396 2840 488 2894 Η.
522 2839 587 2893 In
620 2842 787 2895 medio
816 2852 986 2895 autem
1010 2843 1115 2895 sui.
1140 2839 1309 2902 Meus.
1343 2844 1394 2897 in
1418 2844 1588 2897 medio
1616 2845 1718 2898 sui.

398 2913 491 2985 43.
520 2909 827 2985 Hydaspem
855 2920 903 2966 et
935 2912 1131 2985 Arhim.
1165 2913 1221 2967 ln
1251 2914 1674 2985 Cosmographia
1710 2913 1917 2973 )Ethici

328 2983 550 3057 legitur.
580 2982 980 3057 Hydraspemet
1002 2983 1215 3057 Carbin.
1251 2982 1523 3057 EdaAtt'g.
1555 2983 1830 3057 Itidaspen
1869 2995 1919 3040 et

326 3056 586 3109 Arbimt’n.
620 3053 767 3127 Flor.
794 3070 906 3111 sec.
932 3053 1175 3127 Ydaspen
1215 3066 1262 3110 et
1287 3053 1584 3122 Arbin,’sed
1611 3053 1918 3127 correctum

328 3127 438 3181 alia
470 3142 629 3180 mantt
658 3125 863 3192 Arben;
895 3135 1022 3182 lcrt.
1074 3124 1336 3195 lallasper
1363 3136 1409 3180 et
1438 3127 1623 3181 Arbra.
1656 3126 1827 3191 Lugd.
1858 3129 1916 3182 Β.

328 3210 447 3271 sec.
472 3212 594 3271 cum
626 3196 761 3271 edit.
798 3197 1051 3271 Attgust.,
1077 3195 1296 3253 Venetis
1323 3199 1614 3271 etApritna,
1638 3196 1922 3271 Hydaspen

327 3277 380 3340 et
410 3268 627 3335 Arabia,
660 3270 749 3340 vel
776 3269 1033 3333 Arabim;
1086 3284 1184 3339 pro
1226 3284 1333 3340 quo
1381 3268 1555 3340 Lugd.
1599 3268 1716 3325 Bat'.
1771 3268 1919 3339 lerl.,

329 3338 440 3392 Ara
472 3341 668 3393 Arbim.
715 3339 871 3395 llunc
908 3348 1113 3406 autem,
1144 3338 1253 3408 qui
1281 3339 1336 3393 in
1377 3338 1637 3397 Gedrosia
1681 3351 1783 3407 est,
1825 3338 1925 3397 llu-

327 3411 478 3464 viunt
510 3412 656 3466 varie
685 3410 825 3481 apud
855 3419 1072 3481 veteres
1110 3420 1361 3466 auctores
1403 3412 1569 3466 Scribi
1599 3412 1783 3467 docuit
1803 3412 1929 3468 Cel-

331 3481 504 3553 larius
550 3480 1008 3552 Geograph.\’et.
1040 3490 1172 3537 tom.
1217 3482 1279 3547 ll,
1335 3498 1390 3550 p.
1439 3482 1581 3549 849,
1630 3484 1921 3553 nimirum,

328 3552 516 3621 Arbin,
549 3554 765 3618 Arabia,
792 3552 1058 3619 Arabium,
1092 3554 1305 3608 Artabin
1337 3554 1695 3609 etzlrtabium.

403 3624 495 3679 44.
533 3625 824 3695 Scriptura:
861 3632 1074 3678 sancite.
1105 3626 1203 3681 Ed.
1252 3630 1388 3693 Aug.
1423 3628 1701 3695 scriptura:
1740 3642 1924 3692 sacrm,

333 3707 498 3765 prout
530 3711 695 3751 voces
723 3696 832 3750 illa:
861 3695 1160 3765 saepissime
1190 3696 1241 3751 in
1277 3712 1408 3751 mss.
1443 3705 1501 3751 et
1527 3697 1763 3765 antiquis
1805 3699 1923 3753 edi-

335 3767 582 3822 tionilms
634 3767 937 3838 permutan
988 3767 1337 3822 solent.Mox
1389 3768 1577 3823 eadem
1612 3768 1746 3822 edit.
1795 3771 1924 3838 legit

337 3840 393 3911 Α
427 3839 642 3909 [lumine
682 3838 841 3909 igitur
895 3836 1089 3910 Tigri:
1127 3838 1403 3911 aliquanto
1436 3850 1555 3908 post
1601 3854 1703 3893 vox
1735 3836 1871 3911 saepe
1895 3856 1923 3893 a

336 3907 486 3981 Iflor.
523 3918 646 3965 tert.
693 3907 879 3981 abest;
912 3907 1132 3964 montem
1169 3907 1334 3964 Tauri
1373 3907 1528 3979 vero,
1562 3926 1662 3981 pro
1705 3907 1925 3965 montem

335 3980 572 4034 Taurum
602 3980 727 4049 legit
763 3979 905 4034 Flor.
932 3988 1061 4035 tert.

408 4054 504 4106 45.
534 4051 629 4106 Cui
652 4053 723 4105 ad
744 4052 1031 4105 meridiem.
1063 4050 1210 4106 Flor.
1237 4058 1386 4117 lerl.,
1414 4052 1499 4107 cui
1524 4069 1556 4105 a
1581 4052 1815 4107 meridie.

408 4123 505 4179 46.
541 4124 730 4177 Arabia
763 4121 1065 4195 Eudmou.
1095 4123 1270 4195 Editio
1295 4123 1537 4195 omnium
1568 4127 1824 4195 princeps
1852 4124 1923 4178 ita

343 4193 491 4249 hunc
520 4195 698 4249 locum
726 4194 1029 4256 constituit,
1066 4194 1340 4249 norisaime
1385 4194 1601 4262 Arabia,
1632 4211 1693 4250 ea
1720 4193 1927 4250 demum

337 4267 474 4320 inter
503 4267 673 4319 sinum
705 4265 995 4330 Persicum,
1029 4275 1134 4321 etc.
1166 4268 1270 4322 Sed
1317 4277 1507 4321 contra
1538 4283 1673 4322 mss.
1698 4268 1785 4323 ed.
1820 4271 1927 4322 Au-

338 4345 484 4408 gust.
512 4335 800 4408 Eutla'mon
823 4336 988 4393 delet.

412 4406 505 4462 47.
544 4407 741 4478 Viginti
758 4416 804 4463 et
821 4417 953 4462 octo.
1001 4407 1261 4476 Copulam
1287 4416 1333 4463 et
1361 4425 1427 4464 ex
1447 4423 1581 4466 mss.
1605 4408 1928 4465 melioribus

338 4480 778 4535 intcrscruimus.
826 4478 1027 4549 Viginti
1066 4489 1290 4549 quatuor
1332 4480 1552 4536 exhibet
1589 4480 1764 4551 Lugd.
1810 4480 1927 4535 But.

339 4560 598 4622 quartus;
626 4554 677 4605 in
706 4551 846 4620 quod
873 4558 966 4616 est,
1003 4554 1365 4622 posteriorem
1389 4567 1579 4608 vocem
1608 4553 1757 4609 delet
1778 4551 1839 4607 L.
1867 4551 1927 4605 Β.

340 4633 469 4678 181⁵1.
1706 4637 1715 4644 ”

2013 1987 2201 2062 sertitn
2225 1987 2711 2062 tninusrillustrium
2731 2031 2745 2053 ,
2765 1988 2916 2062 apud
2945 1990 3196 2061 antiquos
3220 1987 3536 2062 scriptores,
3561 2008 3617 2052 et

2013 2057 2067 2113 in
2083 2058 2633 2135 ipsisnummiquuod
2650 2057 3138 2135 Saxite,Cretetisis
3154 2057 3609 2135 urbis,exemplo,

2015 2129 2349 2201 nuperrime,
2377 2131 2443 2184 ad
2466 2129 2720 2201 Syllogen
2749 2130 3074 2201 scriptorum
3105 2133 3173 2188 de
3194 2129 3316 2189 vera
3348 2129 3611 2192 Pronum.

2012 2199 2232 2270 Linguae
2248 2200 2451 2274 Cimetra
2466 2199 2835 2269 probavimus,
2858 2199 2961 2274 non
2980 2220 3085 2274 uno
3104 2203 3265 2257 modo
3282 2220 3454 2274 neque
3474 2224 3615 2262 nunc

2015 2274 2214 2336 scripta
2247 2270 2597 2327 inveniuntur
2624 2287 2799 2341 neque
2828 2272 2957 2326 olim
2988 2273 3167 2328 eii'erri
3190 2270 3459 2330 Solebant.

2086 2341 2179 2398 49.
2216 2341 2283 2395 Et
2312 2352 2597 2398 extremum
2645 2344 2820 2395 sinum
2864 2343 3159 2399 Arabicunt.
3200 2344 3479 2401 Editiones
3504 2347 3608 2402 Vc-

2018 2424 2159 2470 netaa
2180 2424 2228 2468 et
2252 2415 2343 2480 ad,
2373 2422 2479 2469 etc.
2522 2411 2627 2467 Sed
2653 2415 2827 2484 prima
2871 2415 3133 2484 omnium,
3159 2422 3207 2468 et
3228 2415 3297 2468 ad
3327 2426 3610 2472 extremum

2018 2486 2192 2561 sinum
2223 2485 2449 2561 A‘tjabiw.
2484 2484 2604 2540 Mox
2635 2483 2707 2539 est
2728 2483 2873 2539 delet
2900 2483 2961 2539 L.
2993 2484 3056 2543 Β.
3088 2495 3213 2543 tert.
3251 2495 3306 2543 et
3350 2487 3499 2561 leglt,
3527 2491 3613 2560 qui

2018 2558 2087 2611 ad
2112 2557 2395 2610 meridiem.

2091 2628 2182 2703 5t).
2207 2627 2542 2684 Creberrimo.
2566 2628 2704 2703 Aug.
2725 2628 3067 2703 gebat-imis;
3082 2627 3357 2701 aliquanto
3376 2638 3516 2703 post,
3530 2648 3616 2687 oc-

2019 2701 2249 2755 tenditur
2285 2715 2383 2769 pro
2413 2699 2709 2755 extenditur
2737 2699 2981 2757 Florent.
3012 2716 3124 2757 see.

2090 2771 2183 2844 51.
2217 2770 2533 2844 Extenditur
2573 2770 2751 2844 Syria.
2801 2770 3004 2829 Omnes
3049 2773 3309 2830 hactenus
3341 2773 3611 2832 editiones

2020 2840 2379 2915 fcedissimum
2409 2842 2495 2898 hic
2518 2840 2800 2915 occupavit
2827 2845 3102 2915 utendum,
3124 2861 3188 2901 ex
3221 2846 3364 2901 mala
3386 2848 3613 2904 distinc—

2023 2914 2170 2969 tione
2217 2923 2424 2977 uatum,
2453 2910 2629 2983 qualis
2656 2910 2856 2984 passim
2892 2918 2943 2971 in
2987 2910 3118 2969 mss.
3151 2931 3365 2986 quoque
3395 2918 3606 2974 inveni—

2023 2992 2130 3039 tur.
2176 2985 2231 3059 ln
2263 2986 2516 3041 omnibus
2543 2986 2688 3039 enim
2729 2986 2901 3056 majOr
2942 2985 3218 3042 distinctio
3248 2990 3465 3059 ponitur
3493 2999 3614 3059 post

2023 3056 2320 3129 extenditur
2341 3097 2355 3119 ,
2390 3071 2513 3129 Cum_
2548 3063 2729 3111 tamen
2774 3059 3002 3129 minime
3036 3059 3105 3129 ibi
3134 3056 3328 3113 senSus
3354 3056 3609 3129 distingui

2025 3127 2255 3200 debeat,
2285 3140 2461 3200 neque
2499 3126 2708 3200 integer
2741 3127 2835 3193 sit,
2860 3128 2963 3182 nisi
2988 3126 3261 3200 cohaereat
3284 3143 3405 3200 cum
3435 3126 3611 3200 Syria,

2025 3199 2297 3268 quomodo
2318 3195 2810 3268 inimembranaceo
2826 3214 2946 3252 meo
2967 3198 3178 3265 codice,
3203 3199 3423 3265 optimae
3445 3195 3609 3267 noue,

2029 3265 2233 3324 inveni.
2267 3267 2343 3323 lta
2363 3265 2615 3323 videlicet
2645 3266 2906 3324 hactenus
2936 3271 3132 3324 lectum
3165 3269 3286 3335 fuit,
3310 3269 3371 3323 ab
3406 3265 3613 3327 Oceano

2031 3356 2267 3413 occasum
2297 3355 2472 3394 uersus
2493 3341 2817 3413 extenditur.
2842 3341 3002 3412 Syria
3035 3341 3343 3413 generaliter
3369 3343 3610 3397 nomina-

2030 3420 2134 3485 tur,
2169 3411 2358 3485 habens
2388 3412 2645 3485 matr-iuta:
2675 3411 2987 3485 provincias,
3016 3411 3123 3468 etc.
3154 3454 3168 3477 ,
3194 3423 3249 3469 et
3286 3412 3363 3468 sic
3397 3428 3612 3485 quoque

2031 3483 2082 3538 in
2130 3484 2367 3538 editione
2406 3483 2646 3554 principe
2682 3490 2739 3538 et
2790 3484 3038 3553 reliquis,
3090 3486 3190 3539 nisi
3231 3487 3373 3554 quod
3409 3483 3611 3541 reetius

2028 3554 2343 3624 Augustana
2368 3552 2857 3627 retionathabetque
2878 3552 3128 3610 maximas
3148 3552 3611 3627 prorincias,quod

2029 3639 2061 3678 a
2112 3634 2344 3693 quatuor
2392 3624 2566 3696 Lugd.
2618 3624 2734 3679 Bal.
2780 3632 2941 3696 atque
2990 3624 3209 3696 insuper
3261 3624 3613 3696 Ultrajectiuo

2028 3696 2404 3763 conlirn‘tatur,
2430 3696 2521 3765 qui
2548 3696 2996 3767 legunthabctque
3024 3713 3164 3767 mox.
3190 3713 3375 3767 prov.;
3418 3698 3613 3752 unicus

2027 3783 2159 3822 vero
2198 3767 2619 3833 Perizonianus,
2663 3766 2980 3821 ehartaee’us
3025 3766 3243 3836 quidem
3289 3779 3343 3822 et
3390 3781 3608 3836 recens,

2028 3844 2122 3894 sed
2154 3837 2334 3891 multis
2360 3837 2788 3893 membranaceis
2818 3846 2872 3893 et
2896 3836 3293 3907 antiquioribus
3322 3838 3460 3892 haud
3486 3854 3610 3892 raro

2031 3910 2223 3964 melior
2242 3950 2255 3973 ,
2287 3907 2413 3964 huic
2442 3907 2563 3962 loco
2588 3907 2908 3981 medicinam
2934 3909 3111 3981 all'ert,
3144 3907 3271 3962 dum
3301 3919 3422 3979 post
3451 3910 3611 3981 Syria

2030 3981 2331 4046 interserit,
2363 3995 2480 4051 qua:
2508 3982 2600 4034 sic.
2637 3980 2817 4047 Quare
2848 3996 2950 4033 non
2975 3979 3346 4035 dubitavimus
3373 3996 3436 4036 ex
3471 3979 3618 4038 hisce

2029 4050 2381 4106 adminiculis
2411 4052 2586 4124 locum
2613 4051 2684 4106 ita
2722 4051 3080 4116 constituere,
3111 4050 3407 4124 extenditur
3430 4051 3611 4124 Syria,

2028 4141 2143 4195 qua:
2209 4124 2284 4177 sic
2348 4122 2671 4195 generaliter
2734 4124 3070 4195 nominatur,
3134 4120 3387 4194 habetque
3433 4120 3615 4179 niaxi-

2030 4193 2162 4260 mas,
2186 4206 2316 4258 etc.,
2347 4194 2475 4250 licet
2501 4193 2693 4249 habens
2714 4195 2783 4249 sit
2805 4196 2856 4249 in
2887 4194 3035 4250 Flor.
3060 4207 3199 4262 sec.,
3225 4193 3377 4260 ιω..
3399 4205 3455 4251 et
3472 4194 3612 4264 Meo,

2030 4268 2219 4323 eodem
2242 4280 2406 4321 sensu
2421 4304 2433 4316 .

2104 4338 2192 4393 52.
2224 4334 2640 4408 Commagenam.
2662 4334 2894 4408 Propius
2915 4334 2980 4389 ad
3012 4332 3332 4408 scripittram
3365 4334 3612 4408 Cra-cam

2032 4408 2408 4478 Commagenen
2432 4404 2598 4462 editio
2628 4407 2799 4476 prima
2820 4406 3052 4478 liitturp.
3077 4404 3131 4461 et
3158 4404 3474 4462 Cervicorn.
3506 4407 3611 4461 Sed

2033 4490 2211 4536 tamen
2239 4476 2554 4533 constanter
2581 4492 2713 4548 mss.
2747 4491 2938 4548 om_nes
2968 4476 3390 4548 Commagenam,
3420 4479 3615 4548 quibus

2034 4559 2089 4607 ct
2112 4551 2198 4606 ed.
2225 4548 2363 4619 Aug.
2396 4557 2454 4603 ut
2491 4558 2546 4603 et
2579 4546 2783 4603 [Etltici
2812 4546 3237 4619 Cosmographia
3266 4549 3496 4619 accedit.
3526 4546 3619 4602 Ul-

2036 4625 2162 4677 tima
2196 4617 2354 4689 hujus
2391 4619 2674 4675 commotis
2697 4627 3053 4689 transpunuut
3078 4617 3166 4673 ed.
3197 4634 3283 4689 pr.
3314 4626 3368 4673 et
3399 4618 3616 4674 Veneta:

414 4693 512 4749 48.
541 4693 585 4747 Α
607 4694 808 4748 civitate
824 4692 1053 4748 Dacusa.
1074 4691 1153 4747 Ita
1187 4707 1367 4750 nosex
1394 4692 1586 4750 iisdem
1617 4693 1793 4759 libris,
1827 4710 1923 4759 pro
1957 4696 2001 4757 Ι)
2029 4693 2299 4749 duodecim
2331 4699 2471 4747 sunt.

339 4781 453 4836 quo
490 4765 678 4836 vulgo,
723 4763 986 4825 Dascuta.
1012 4774 1065 4819 et
1095 4765 1325 4836 Dagusa,
1356 4766 1570 4836 legitur.
1620 4766 1773 4836 Apud
1815 4765 1925 4820 Pli-

340 4781 453 4836 quo
490 4781 678 4890 vutg)»,
723 4781 986 4825 uascula.
1012 4781 1065 4819 et
1095 4781 1325 4836 uagusa,
1356 4781 1570 4836 tegitur.
1620 4781 1773 4836 Apuu
1816 4781 1925 4820 l'lt-

340 4838 496 4892 nium
544 4836 578 4890 li
625 4852 687 4890 ro
735 4844 890 4892 sexto
930 4837 1103 4906 capite
1131 4837 1393 4906 vigesimo
1430 4846 1660 4906 quarto,
1691 4846 1748 4891 et
1788 4836 1928 4890 libro

342 4917 507 4963 sexto
527 4910 707 4975 capite
738 4908 948 4962 decimo
972 4923 1117 4978 nono
1142 4908 1244 4962 hoc
1266 4907 1522 4978 oppidum
1544 4907 1800 4970 Dascusa,
1830 4923 1926 4959 no-

341 4978 606 5034 minatur.
660 4979 824 5034 ana.
878 5009 949 5018 —
981 4977 1139 5033 Varie
1177 4977 1337 5048 hujus
1372 4980 1521 5034 urbis
1567 4992 1787 5043 nomen,
1821 4993 1927 5033 non

343 5050 516 5105 modo
540 5051 593 5105 in
634 5048 812 5105 Orosii
844 5049 1143 5118 codicibus,
1175 5050 1271 5105 sed
1300 5058 1354 5105 et
1381 5051 1610 5105 aliorum
1648 5047 1927 5113 scribitur,

344 5121 504 5176 sicuti
567 5134 754 5191 patere
818 5130 998 5192 potest
1053 5120 1397 5192 exCellarii
1470 5119 1667 5192 Geogr.
1742 5120 1928 5190 Antiq.

348 5200 481 5247 tom.
507 5190 579 5259 ll,
606 5208 657 5262 p.
686 5190 897 5260 553,6
926 5192 1075 5247 Notis
1101 5191 1312 5248 clariss.
1344 5192 1489 5247 Petri
1512 5190 1834 5262 Wesselingi
1859 5194 1925 5246 ad

348 5264 608 5319 Antonini
637 5265 975 5318 ltiuerarlum
1003 5277 1056 5332 p.
1076 5262 1204 5319 209.
1239 5265 1313 5318 Ex
1343 5278 1474 5319 mss.
1505 5263 1681 5319 Oresii
1715 5263 1929 5317 Darusa

346 5339 495 5392 clare
518 5335 780 5391 exhibent
818 5333 966 5390 Flor.
990 5350 1101 5391 see.
1123 5380 1137 5401 ,
1164 5334 1505 5390 Pcrizonian.
1530 5342 1585 5390 et
1612 5335 1793 5400 Meus;
1823 5334 1928 5388 Do-

348 5416 488 5478 tttsa,
522 5406 668 5464 Flor.
701 5415 826 5460 Icrt.
852 5422 868 5472 ;
906 5405 1107 5478 Decus}
1128 5407 1298 5477 Lugd.
1328 5406 1443 5461 Bat.
1474 5421 1582 5478 pr.,
1608 5421 1747 5473 sec.,
1781 5415 1931 5478 lerl.,

347 5476 553 5548 quart.,
589 5488 648 5534 ut
673 5486 730 5534 et
755 5478 918 5542 Ultr.;
945 5478 996 5533 itt
1029 5476 1232 5533 [Ethici
1263 5476 1546 5548 Cosmogr.
1576 5477 1781 5530 Adcusa
1803 5477 1935 5546 legi-

351 5557 462 5620 tur.
516 5550 662 5605 Edit.
706 5550 960 5620 princeps
1006 5549 1249 5604 omnium
1289 5548 1498 5603 Dacusa
1545 5562 1758 5619 quoque
1790 5563 1931 5617 pra:-

352 5617 485 5693 [ert,
509 5636 631 5693 curn
654 5617 756 5693 qua
786 5617 1055 5676 consentit
1082 5625 1411 5693 Augustam.
1445 5622 1511 5674 At
1533 5617 1698 5693 vero;
1715 5620 1939 5693 llascuta

360 5692 563 5747 habent
583 5689 802 5747 Veneta:
821 5705 1011 5747 omnes
1036 5689 1448 5761 etllittorpiana
1475 5699 1636 5759 atque
1666 5689 1939 5761 Bolsuing.

359 5764 478 5820 sive
500 5764 809 5818 Cet-vicem.
836 5805 851 5828 ,
896 5764 949 5818 in
990 5778 1091 5830 qua
1130 5764 1195 5819 ad
1226 5759 1393 5833 marg.
1441 5772 1680 5827 notatur,
1723 5759 1808 5816 Al.
1840 5760 1946 5814 Da-

362 5851 512 5909 gusa.
539 5835 772 5893 Fabricii
798 5838 929 5892 vero
960 5834 1228 5893 editiones
1258 5833 1469 5893 Dacusa
1495 5833 1774 5905 exhibent,
1804 5834 1947 5908 quod

2105 4762 2195 4820 55.
2220 4759 2890 4834 ThemiscyriosLMonstra
2915 4758 3207 4834 lectionum
3227 4802 3241 4827 ,
3273 4767 3330 4815 ut
3360 4773 3538 4834 smpe,
3560 4759 3613 4816 in

2033 4850 2165 4890 mss.
2184 4850 2199 4888 :
2224 4833 2413 4906 cheruis
2427 4831 2595 4906 egrios
2619 4832 2764 4906 Flor.
2773 4847 2925 4906 sec.,
2945 4831 3285 4906 Themisciros
3305 4840 3456 4906 tert.,
3471 4831 3615 4906 The-

2031 4907 2286 4961 misterios
2312 4901 2538 4962 Ultrfet
2567 4903 2741 4974 Lugd.
2772 4902 2890 4958 Bat.
2924 4917 3060 4972 sec.,
3098 4901 3438 4958 Themistrios
3468 4903 3615 4959 Peri-

2032 4993 2181 5044 zou.,
2210 4987 2266 5032 et
2287 4991 2411 5031 mox
2442 4976 2753 5047 Cimbricutn
2777 4990 2874 5047 pro
2902 4974 3268 5031 Cintmericum
3302 4974 3474 5045 Lugd.
3498 4974 3614 5030 Bat.

2034 5064 2118 5122 pr.
2165 5048 2525 5122 fl‘itemiscxrii
2569 5046 2746 5122 campi
2780 5046 2913 5119 (per
2951 5062 2985 5118 ῃ
3019 5047 3191 5114 enim,
3212 5060 3402 5122 __secus
3434 5061 3617 5122 ‘quant

2036 5115 2133 5192 per
2164 5120 2217 5186 i,
2250 5119 2326 5173 uti
2356 5134 2385 5173 a
2423 5115 2917 5174 Fabricio—factum
2954 5115 3078 5184 est,
3120 5115 3619 5243 scribunturz'noti

2036 5199 2163 5243 sunt
2191 5188 2334 5243 anud
2370 5191 2710 5243 aeuaraoltos
2743 5196 2797 5243 et
2840 5188 3137 5243 scriptores
3174 5187 3395 5243 Graecos
3452 5188 3619 5243 ertili-

2035 5187 2163 5248 sunt
2191 5188 2334 5260 apud
2370 5191 2710 5262 geograpltos
2743 5196 2797 5246 et
2840 5188 3137 5260 scriptores
3174 5187 3395 5245 Graecos
3431 5187 3622 5244 fertili-

2036 5270 2147 5318 tate
2171 5276 2290 5317 sua.

2111 5332 2199 5388 5t.
2232 5330 2406 5403 Usque
2426 5330 2741 5403 adrlssicum
2769 5330 2967 5403 sinum.
2995 5326 3135 5403 Edit.
3160 5329 3391 5402 Hittorp.
3417 5336 3470 5383 et
3494 5326 3624 5403 Cer-

2040 5405 2249 5459 vieorn.
2273 5399 2387 5459 sive
2414 5402 2695 5474 Bolsuiug.
2721 5418 2881 5474 usque
2901 5402 2970 5474 ad
2992 5402 3266 5457 Cilicinmn
3289 5399 3628 5474 sinunt.__l’ri-

2042 5488 2150 5552 ma,
2177 5483 2233 5529 ut
2261 5481 2317 5531 et
2346 5467 2725 5552 Augustiua'et
2757 5467 3109 5552 Habt-icianae,
3134 5490 3293 5542 usque
3318 5471 3387 5552 ad
3409 5467 3626 5552 Cilicum

2043 5547 2233 5615 sinum,
2257 5540 2528 5618 quomodo
2547 5546 2750 5618 intnss.
2776 5540 3256 5618 lt'lor.‘sec.,'tert.,
3284 5550 3339 5596 et
3364 5540 3417 5595 in
3447 5542 3625 5593 omni-

2048 5619 2148 5674 bus
2192 5616 2364 5688 Lugtl.
2418 5617 2532 5673 Bat.
2567 5617 2794 5688 ilicoque
2825 5627 2880 5688 et
2928 5616 3173 5688 Perizon.
3209 5621 3421 5688 exstat,
3451 5625 3627 5680 neque

2049 5688 2192 5746 Ultr.
2225 5682 2425 5759 aliquid
2458 5696 2661 5753 mutat,
2693 5682 2787 5743 sed
2817 5687 2884 5740 ad
2910 5683 3281 5759 deletaVetus
3316 5682 3450 5759 adeo
3478 5697 3630 5737 mun-

2053 5762 2179 5815 dum
2204 5753 2398 5828 est,'ut
2416 5762 2468 5815 in
2490 5759 2693 5815 :Ethici
2713 5755 3138 5827 Cosmegraphia
3166 5768 3381 5828 quoque
3402 5753 3631 5828 legatur.

2056 5830 2235 5891 Scribi
2260 5824 2437 5891 tamen
2468 5830 2649 5900 debet,
2680 5838 2739 5886 ut
2762 5824 3195 5900 repositi,'nsque
3219 5825 3288 5882 ad
3300 5824 3533 5883 ’lssicum
3563 5824 3632 5884 si-
