4122 6174
292 299 397 358 697

1362 298 1833 358 IIIS'I‘ORIARUM
1873 298 2084 356 LIBER
2124 301 2165 356 I.
2205 296 2363 356 CAP.
2414 297 2499 354 111.

3487 296 3593 356 698

290 414 492 468 sinum.
518 412 694 468 Tenet
715 419 896 467 autem
928 411 1067 468 miu
1097 411 1260 483 longo
1284 412 1451 468 millia
1482 426 1741 482 passuum
1762 427 1888 468 cen-
1915 420 1972 484 Α
1995 410 2160 466 homo
2186 451 2200 474 ,
2249 425 2411 480 quem
2457 415 2664 466 rectum
2719 414 2879 481 atque
2924 407 3330 465 immaculatum
3395 409 3598 468 iecerat

292 517 407 562 tum
438 507 747 576 sexaginta,
775 507 828 561 in
855 507 965 560 lato
1009 506 1173 562 millia
1207 506 1396 577 viginti
1427 523 1542 562 sex.
1572 507 1764 563 lusulm
1793 507 1894 561 Ba-

295 598 470 654 leares
498 599 619 654 dua:
649 609 800 666 sunt,
835 599 1010 668 major
1036 610 1090 654 et
1114 605 1310 666 minor,
1338 601 1532 670 quibus
1558 601 1738 655 insunt
1767 601 1890 656 bina

293 689 490 759 oppida
541 706 556 747 :
603 689 774 759 maior
819 690 1210 758 Tarraconem,
1263 692 1538 760 IIiSpauiae
1591 693 1889 759 civitatem,

293 783 472 835 minor
487 780 556 812 ’³⁸
571 781 925 836 Barcinonem
943 784 994 836 in
1013 781 1526 852 ’"septcntrionem
1556 799 1750 839 versus
1765 799 1894 840 con-

295 882 375 926 tra
405 889 466 928 se
498 873 680 929 habet.
710 873 898 942 Majori
929 873 1175 942 subjacet
1217 873 1391 928 insula
1417 875 1655 930 Ebusus.
1689 876 1892 932 Deinde

293 965 362 1017 ab
389 966 602 1020 oriente
631 964 960 1030 Sardiniam,
987 967 1054 1017 ab
1079 966 1335 1035 aquilone
1359 982 1507 1023 mare
1537 967 1829 1032 Gallicum,
1862 983 1893 1022 a

294 1056 520 1110 meridie
537 1067 588 1112 et
605 1056 788 1112 Africo
813 1057 1232 1114 Mauritauicum
1260 1060 1503 1130 pelagus,
1523 1061 1593 1092 ³³⁵
1619 1062 1892 1119 aboccasu

295 1147 562 1203 Ibericum
596 1151 818 1220 pelagus
849 1161 1080 1220 spectat.
1109 1153 1196 1206 II.I'
1223 1165 1350 1209 sunt
1381 1155 1573 1210 insulae
1594 1157 1894 1212 ab'llcllcs-

294 1250 459 1309 ponto
489 1256 660 1313 usque
687 1243 754 1298 ad
777 1245 1052 1300 Oceanum
1076 1260 1170 1316 per
1199 1254 1368 1302 totum
1399 1247 1650 1318 Magnum
1671 1250 1893 1320 pelagus

290 1335 601 1389 constituta:
632 1352 645 1389 :
678 1351 800 1404 qute
825 1345 878 1392 et
908 1337 1054 1392 cultu
1082 1340 1416 1395 ctmemoria
1447 1343 1619 1412 magis
1646 1344 1894 1398 celebres

293 1425 582 1482 habentur.
617 1427 724 1500 35
757 1429 826 1461 ⁸³⁷
855 1429 1146 1486 Percensui
1171 1433 1412 1488 breviter
1464 1435 1544 1506 (ut
1575 1435 1749 1506 petui)
1772 1452 1896 1506 pro-

293 1519 498 1574 vincias
527 1528 582 1575 et
613 1522 816 1576 insulas
843 1522 913 1554 ³³⁸
935 1523 1085 1578 orbis
1132 1525 1368 1579 universi
1423 1541 1437 1579 :
1493 1543 1639 1580 nunc
1691 1527 1895 1584 locales

292 1611 363 1644 ³⁸⁵⁸
385 1614 626 1681 gentium
651 1613 984 1682 singularum
1009 1617 1515 1685 miscrias,sicutab
1541 1620 1690 1674 initio
1713 1619 1892 1676 inces-

289 1705 535 1760 sahiliter
556 1708 908 1773 exstiterunt,
932 1707 1003 1738 "°
1035 1721 1088 1764 et
1118 1709 1352 1780 qualiter
1374 1710 1440 1742 ³³⁸
1471 1712 1773 1785 quibusque
1800 1730 1895 1770 ex-

287 1804 424 1850 ort-n
458 1806 606 1864 sunt,
635 1797 688 1853 in
720 1806 982 1868 quantum
1008 1799 1297 1871 suffecere,
1329 1803 1622 1874 proferam.

906 1956 1134 2016 CAPUT
1175 1959 1267 2016 Ill.

795 2051 871 2106 De
891 2053 1088 2108 diluvio
1113 2054 1207 2107 sub
1237 2052 1372 2108 Noe.

366 2166 378 2196 ¹
412 2164 549 2222 Cum
583 2176 703 2237 post
733 2166 1024 2236 fabricam,
1055 2177 1418 2241 ornatumque
1464 2173 1651 2228 mundi
1684 2174 1846 2246 hujus
1870 2217 1884 2242 ,

1997 503 2171 568 Deus,
2207 504 2226 533 '
2257 517 2321 558 ac
2350 502 2577 571 perinde
2612 501 2908 556 humanum
2937 517 3106 572 genus
3137 501 3456 557 libidinibus
3499 502 3596 558 de-

1996 603 2274 664 pravatum
2306 593 2545 664 peccatis
2573 591 2950 648 obsorduisset
2981 634 2995 658 ,
3044 594 3304 649 continuo
3336 593 3594 660 injustam

1993 686 2265 740 licentiam
2310 685 2419 758 36
2460 685 2605 754 justa
2629 685 2838 755 punitio
2863 685 2883 715 ³
2914 694 3208 740 consecuta
3237 695 3340 741 cst.
3367 688 3596 741 Senten-

1995 781 2122 834 tiatn
2149 784 2413 836 creatoris
2445 780 2538 835 Dei
2569 788 2624 834 ct
2647 779 2868 850 judicis;
2896 779 3143 850 peccanti
3168 769 3371 836 homini
3395 796 3458 836 ac
3485 790 3596 836 lcr-

1993 891 2069 931 rre
2101 884 2326 945 propter
2376 875 2653 930 hominem
2683 873 3012 930 deStiuatam
3041 915 3057 941 ,
3115 889 3434 946 semperque
3465 875 3595 932 dum

1995 967 2247 1023 homines
2275 974 2476 1023 terram
2530 965 2898 1022 habitaverint
2951 965 3306 1034 duraturam,
3359 983 3593 1037 omnes,

1993 1059 2015 1090 ‘
2037 1060 2192 1114 inviti
2221 1060 2373 1122 licet.
2405 1068 2499 1114 aut
2529 1058 2824 1130 probamus
2852 1058 3122 1130 negando,
3153 1069 3250 1115 aut
3276 1060 3590 1116 conﬁtendo

1993 1151 2290 1206 toleramus
2321 1167 2336 1208 :
2371 1151 2392 1181 ⁵
2419 1150 2816 1221 obstinatisque
2857 1150 3131 1207 mentibus
3162 1152 3318 1207 testis
3361 1152 3464 1208 sibi
3513 1153 3596 1207 iu-

1993 1244 2222 1300 ﬁrmitas
2278 1259 2375 1300 sua
2431 1243 2627 1310 inurit,
2684 1243 2881 1313 quibus
2934 1243 3109 1300 ﬁdelis
3159 1245 3429 1315 scriptura
3485 1261 3593 1300 non

1995 1338 2244 1394 suaserit.
2271 1337 2291 1368 ⁰
2313 1335 2522 1394 Deinde
2553 1337 2739 1392 refuso
2763 1337 2817 1392 in
2840 1351 3059 1393 omnem
3087 1347 3288 1392 terram
3311 1338 3469 1405 mari,
3495 1339 3599 1393 im-

1997 1434 2273 1502 missoque
2299 1430 2526 1497 diluvio,
2550 1447 2671 1488 cum
2706 1439 2820 1488 toto
2846 1432 2979 1488 orbe
3009 1441 3265 1488 contecto
3287 1449 3454 1488 unum
3475 1449 3600 1502 spa-

1997 1525 2128 1581 tium
2157 1525 2280 1580 coeli
2309 1533 2458 1581 esset
2481 1539 2544 1580 ac
2572 1524 2779 1596 pelagi,
2809 1523 3047 1580 deletum
3075 1523 3243 1580 luisse
3283 1526 3597 1580 universum

1997 1619 2297 1672 hmnanum
2343 1632 2519 1687 genus
2543 1661 2558 1686 ,
2597 1616 2784 1688 paucis
2822 1617 2874 1671 in
2905 1631 3029 1672 arca
3059 1616 3186 1672 lidei
3233 1631 3347 1672 sua:
3401 1617 3600 1673 merito

1997 1712 2017 1743 "
2038 1710 2109 1766 ad
2136 1709 2576 1767 substituendatn
2607 1710 2873 1780 originem
2921 1709 3234 1772 reservatis.
3256 1709 3603 1767 evidentissi-

1918 1810 1966 1871 Β
1995 1820 2082 1860 me
2107 1806 2129 1836 ⁸
2158 1803 2498 1860 veracissimi
2547 1801 2844 1873 scriptores
2898 1800 3118 1858 docent.
3146 1805 3167 1836 ⁹
3199 1801 3390 1858 Fuisse
3420 1812 3600 1861 tamen

1992 1899 2156 1955 etiam
2187 1897 2263 1953 illi
2293 1895 2581 1953 conlesmti
2607 1904 2768 1962 sunt,
2801 1894 2890 1966 qui
2916 1895 3196 1966 prmterita
3217 1896 3434 1968 quidem
3455 1906 3601 1954 tem-

1992 2005 2150 2060 pora,
2185 1989 2474 2061 ipsumque
2501 1995 2782 2044 auctorem
2817 1998 3128 2058 temporum
3155 1987 3486 2055 nescientes,
3520 1997 3602 2042 ta-

1996 2103 2118 2142 men
2153 2087 2195 2119 ¹⁰
2224 2102 2290 2143 ex
2331 2085 2536 2143 indicio
2581 2097 2636 2142 et
2682 2085 2998 2156 conjectura
3051 2082 3327 2155 lapidum,
3377 2097 3516 2154 quos
3543 2081 3599 2137 in

1999 2183 2224 2239 remotis
2251 2181 2532 2238 montibus
2560 2182 2788 2237 conchis
2816 2192 2872 2238 et
2901 2181 3096 2236 ostreis
3141 2179 3368 2236 scabros
3391 2220 3406 2247 ,
3454 2193 3602 2251 saepe

1585 2325 2036 2387 IIAVERCAMPI
2077 2331 2314 2390 ΝΟΤᾸΕ.

367 2458 494 2513 255.
527 2457 592 2512 lu
633 2457 788 2530 longo
822 2458 989 2513 millia
1017 2474 1280 2527 passuum.
1313 2458 1572 2527 Quaedam
1626 2460 1750 2516 cdd.
1803 2463 1892 2519 hic

298 2531 350 2584 in
376 2532 605 2600 longunt,
630 2539 686 2584 et
713 2544 852 2603 tuoxr
870 2531 930 2603 in,
953 2531 1118 2583 latttm
1139 2532 1282 2603 mille
1303 2547 1485 2598 passus
1541 2531 1712 2603 Lugd.
1744 2535 1888 2589 Ball.

297 2617 419 2674 pr.:
454 2602 594 2674 idem
620 2616 716 2674 pro
754 2602 933 2674 viginti
955 2618 1046 2655 scx
1070 2601 1260 2674 scribit
1289 2617 1460 2656 xxv".

371 2673 498 2742 255.
526 2671 882 2725 Barcinoneiu.
915 2673 970 2742 In
1013 2688 1144 2726 mss.
1194 2671 1558 2742 Barcelonam,
1618 2675 1893 2730 Bttrcltilo-

299 2760 444 2807 nam,
471 2741 801 2817 Batcinolam
823 2751 879 2797 et
910 2741 1156 2817 l_iarcilon
1212 2745 1429 2812 legitur.
1480 2741 1888 2817 Inquibusdam

297 2831 490 2882 supra,
516 2813 887 2884 Tarraconem,
916 2813 1230 2884 Tragonam.
1255 2825 1362 2870 etc.

370 2887 499 2959 9-53.
531 2883 597 2959 In
625 2883 1042 2959 septentrionali.
1071 2885 1136 2938 In
1161 2887 1312 2940 abest
1343 2902 1373 2940 a
1405 2887 1573 2959 Lugd.
1630 2887 1746 2943 Bat.
1806 2905 1888 2959 pr.

298 2957 418 3012 Mox
455 2957 639 3010 habent
669 2971 769 3026 pro
788 2955 939 3026 habet
961 2957 1050 3010 ed.
1086 2963 1223 3024 Aug.

368 3027 513 3101 23-6.
533 3027 608 3101 Ab
630 3025 814 3101 occasu
836 3025 1094 3101 Ibericum
1116 3031 1329 3097 pelagus
1347 3039 1562 3101 spectat.
1587 3030 1684 3084 Illa
1711 3029 1774 3083 ab
1803 3047 1893 3084 oc-

296 3116 422 3154 casu
464 3097 719 3153 lbericum
746 3099 938 3154 desunt
972 3100 1022 3152 in
1055 3101 1142 3171 ed.
1179 3103 1316 3167 Aug.
1352 3097 1506 3171 Legit
1549 3117 1678 3156 vero
1702 3102 1891 3156 eadem

295 3186 421 3244 cum
446 3181 676 3244 quatuor
706 3171 1032 3244 mss._Lugd.
1067 3169 1106 3223 B
1125 3180 1182 3244 it.
1209 3169 1451 3244 spectant
1468 3173 1706 3244 pelagus,
1739 3173 1892 3242 quasi

293 3243 366 3296 de
399 3240 594 3295 insulis
634 3241 970 3298 Balearibus.
1003 3256 1107 3294 non
1130 3241 1198 3294 de
1225 3240 1478 3306 Corsica,
1509 3240 1658 3298 esset
1688 3240 1890 3299 sermo.

295 3313 430 3368 I'ost
467 3311 871 3365 Mauritanicum
898 3313 1043 3366 delet
1072 3314 1286 3380 pelagus
1317 3312 1462 3370 Flor.
1497 3330 1611 3368 sec.

368 3385 498 3438 257.
536 3382 843 3445 Percensui.
871 3382 1014 3436 Flor.
1047 3391 1196 3442 tert..
1229 3383 1501 3440 lict-cnsui.

367 3455 496 3508 “23%.
534 3453 590 3526 ο.
611 3454 687 3507 bis
728 3455 976 3508 universi.
1013 3453 1342 3520 Transponit
1374 3457 1545 3524 Lugd.
1587 3459 1704 3511 Bat.
1735 3473 1815 3526 pr.

367 3527 495 3580 259.
532 3525 770 3599 Gentium
816 3527 1160 3599 singularum.
1190 3527 1316 3581 M55.
1351 3528 1519 3599 Lugd.
1555 3525 1746 3583 Batavi
1780 3546 1897 3584 om-

297 3613 396 3652 nes
437 3598 670 3667 gentium
719 3597 1124 3666 insularumque,
1149 3614 1211 3650 ex
1245 3597 1451 3666 quibus
1471 3601 1740 3655 secandus
1771 3617 1893 3656 cum

296 3666 444 3743 Ultr.
469 3670 686 3743 insuper
714 3666 844 3736 legit
866 3670 1099 3743 gentium
1139 3668 1526 3743 insularumque
1545 3671 1893 3743 singularum.

299 3741 404 3794 Sed
430 3741 722 3813 vulgatam,
756 3751 954 3808 praeter
976 3739 1317 3794 Florentinos
1349 3739 1478 3796 mss.
1510 3739 1658 3796 Meus
1681 3759 1896 3813 quoque

295 3827 420 3883 cuin
454 3810 632 3866 I’eriz.
661 3818 862 3876 tuetur,
894 3825 1123 3880 eamque
1150 3827 1332 3866 verum
1353 3825 1405 3867 et
1441 3810 1752 3883 germanam
1775 3810 1897 3868 eSse

300 3882 504 3936 ItltItcn.

294 3898 504 4007 μυὲἕᾶ
532 3950 599 4006 Et
627 3951 866 4022 qualiter.
904 3950 1094 4008 Deleut
1143 3962 1190 4006 tt
1238 3952 1412 4025 Lugd.
1473 3955 1612 4009 Batt.
1664 3963 1792 4010 ωτι.
1839 3963 1896 4010 et

337 4035 548 4078 llﬂl’lllS.

297 4039 1090 4168 quartlIMQnibusqueexorta:
1135 4104 1274 4149 sunt.
1342 4097 1493 4153 Delet
1547 4097 1716 4168 Lugd.
1775 4097 1892 4152 Bal.

295 4178 476 4234 quart.
504 4182 601 4236 que
631 4176 750 4237 post
776 4165 980 4235 quibus.
1012 4168 1080 4222 At
1103 4168 1419 4237 temporibus
1447 4165 1895 4237 superscribcba-

299 4249 386 4292 tur
416 4238 467 4291 in
503 4238 669 4306 Lugd.
707 4236 822 4290 But.
859 4239 1051 4310 primo.
1090 4236 1318 4293 Videtur
1347 4241 1398 4294 id
1424 4236 1563 4295 haud
1596 4244 1896 4310 incongrue

300 4316 482 4380 pesscj
506 4311 664 4380 addi,
697 4322 872 4378 neque
903 4309 1045 4362 enim
1076 4312 1237 4364 modo
1261 4313 1505 4366 narrabit
1525 4310 1751 4366 Orosius
1775 4309 1896 4380 qua:

298 4379 475 4442 mala,
505 4379 762 4450 qualiter,
792 4391 1047 4452 reSpectu
1080 4381 1467 4450 magnitudinis
1489 4424 1505 4447 ,
1549 4379 1852 4452 quibusque
1877 4422 1893 4447 ,

297 4449 550 4522 respectu
603 4449 910 4523 hominibus
937 4451 1051 4505 sive
1076 4449 1363 4520 gentibus,
1413 4455 1508 4508 sed
1553 4449 1608 4508 et
1639 4449 1897 4523 tempori-

297 4519 440 4588 bus'.
469 4520 776 4578 evenerint.
817 4519 875 4575 In
923 4519 1200 4589 postremo
1247 4523 1391 4578 enim
1441 4526 1675 4580 maxime
1702 4519 1898 4579 enituit

295 4593 481 4649 Orosii
530 4594 818 4658 industria,
850 4598 939 4662 qui
971 4605 1258 4662 prepterea
1290 4595 1540 4650 omnibus
1572 4597 1800 4650 eruditis
1839 4595 1892 4648 in
1925 4602 1975 4662 ι)

295 4682 460 4719 manu
490 4665 675 4720 haberi
693 4703 707 4723 .
732 4665 1223 4736 auctoritatemque
1245 4680 1398 4719 suam
1425 4666 1776 4722 eomtnodare
1803 4681 1893 4721 so-

295 4737 392 4793 let.
421 4739 603 4808 Quare
627 4738 771 4808 hunc
805 4737 984 4808 locum
1004 4735 1084 4790 sic
1110 4735 1244 4808 puto
1273 4750 1406 4808 esse,
1427 4739 1736 4807 legendum,
1761 4753 1896 4792 nunc

294 4807 490 4862 locales
519 4807 767 4877 gentium,
795 4807 1218 4878 singularumque
1237 4807 1490 4873 miserias,
1513 4809 1727 4863 sicutab
1748 4810 1898 4863 initio

295 4879 680 4951 incessabiliter
708 4879 1045 4944 exstiterunt,
1077 4883 1323 4951 qualiter,
1367 4881 1551 4948 quibus
1579 4922 1594 4947 ,
1617 4880 1898 4950 quibusque

297 4949 620 5018 temporibus
640 4958 835 5004 exorta!
853 4959 995 5012 sunt,
1029 4949 1137 5006 etc.

373 5024 503 5077 CAP.
523 5023 608 5077 Ill.
625 5051 698 5066 -ο
713 5024 734 5078 1
748 5061 764 5076 .
781 5022 910 5077 Cum
937 5032 1052 5093 post
1068 5024 1338 5094 fabricam,
1362 5034 1702 5095 ornatumque
1720 5023 1899 5076 mundi

300 5094 462 5166 liujus
489 5097 673 5160 homo,
707 5111 858 5165 quem
883 5106 1079 5150 rectum
1113 5108 1267 5166 atque
1294 5099 1685 5151 immaculatum
1713 5098 1903 5165 fecerat

300 5164 472 5230 Deus,
501 5169 654 5221 morti
673 5164 727 5221 se
750 5167 1108 5222 substravisset
1129 5183 1148 5222 :
1169 5164 1230 5222 ac
1261 5170 1480 5238 proinde
1508 5164 1795 5238 humanum
1819 5182 1906 5235 ge-

301 5252 403 5290 nus
427 5238 724 5311 libidinibus
751 5239 1087 5311 depravatum
1113 5242 1332 5308 peccatis
1355 5240 1590 5311 funditus
1610 5237 1907 5311 obsorduis-

299 5318 396 5362 set.
461 5308 594 5364 Illud
636 5311 788 5363 morti
810 5308 863 5364 se
886 5310 1242 5366 substravisset
1270 5308 1404 5366 liber
1435 5311 1673 5364 Venetus
1710 5310 1904 5363 Urosio

300 5381 560 5434 reddidit.
604 5381 868 5437 Similiter
913 5390 968 5436 et
1021 5383 1172 5447 illud,
1229 5383 1500 5450 funditas;
1553 5380 1739 5434 omisit
1771 5393 1902 5435 vero

297 5451 748 5506 Marcodurauus.
784 5453 896 5522 Ego
925 5468 991 5507 ex
1038 5453 1400 5514 obsorbuisset,
1449 5461 1506 5506 ct.
1554 5451 1902 5522 obsurbuissct

296 5523 407 5575 t‘eci
459 5521 846 5578 obsorduisset.
883 5522 1051 5580 Recte
1082 5527 1336 5580 fortasse.
1389 5525 1580 5579 Posset
1623 5531 1678 5576 ct
1718 5521 1899 5576 obsor-

294 5593 490 5647 buisset
529 5604 738 5650 rectutn
785 5609 930 5660 esse,
959 5596 1042 5650 vel
1065 5596 1434 5652 obsurdulsset.
1469 5595 1634 5648 Laur.
1661 5623 1731 5632 ——
1755 5593 1900 5647 i'rae-

297 5675 389 5717 ter
426 5665 654 5721 Venetas
685 5665 812 5720 edit.
848 5674 905 5720 ct
942 5666 1139 5732 Paris,
1169 5667 1301 5722 llitt.
1334 5681 1385 5722 et
1418 5669 1732 5722 Cervicortt.
1767 5664 1899 5719 illud

296 5742 454 5788 morti
483 5754 536 5790 se
564 5737 923 5791 substravisset
967 5742 1137 5805 prima
1170 5755 1388 5808 quoque
1417 5739 1638 5808 exhibet
1664 5751 1678 5798 ;
1713 5750 1898 5790 verum

293 5824 478 5878 neque
509 5813 816 5879 Augustana
844 5850 861 5877 ,
915 5825 1092 5880 neque
1136 5807 1274 5867 ullus
1303 5807 1378 5866 ex
1411 5807 1565 5866 libris
1596 5821 1730 5863 mss.
1759 5821 1901 5876 quos

1919 3211 1966 3274 C

1997 2467 2396 2533 consuluimus,
2430 2465 2561 2523 illud
2595 2475 2943 2536 augmentum
2983 2474 3306 2538 agnoscunt.
3337 2466 3392 2522 In
3425 2469 3598 2537 prima

1998 2539 2085 2593 ed.
2116 2554 2334 2610 quoque
2364 2547 2447 2594 est
2476 2539 2713 2610 funditus
2741 2539 3124 2604 absorberetur,
3156 2555 3254 2610 pro
3280 2556 3388 2610 quo
3409 2539 3461 2595 itt
3494 2540 3600 2595 Ve-

1999 2609 2140 2666 uctt.
2184 2621 2238 2666 et
2283 2609 2746 2678 Parissfunditus
2798 2609 3178 2666 absorberetur.
3227 2609 3334 2666 Sed
3376 2611 3427 2664 in
3461 2627 3594 2666 mss.

2000 2680 2330 2736 Florentinis
2359 2690 2413 2736 et
2443 2681 2688 2748 reliquis,
2741 2697 2880 2751 quos
2915 2681 3126 2748 insuexi
3154 2725 3170 2750 ,
3213 2683 3427 2738 cunctis
3453 2723 3468 2749 ,
3524 2684 3602 2736 le-

1998 2755 2142 2812 gitur
2173 2754 2398 2820 peccatis
2431 2753 2809 2821 obsorduisset,
2861 2753 3004 2822 quod
3034 2753 3260 2808 verbutn
3305 2755 3602 2822 respondet

2001 2823 2107 2889 illi,
2133 2825 2275 2894 quod
2306 2839 2469 2893 supra
2500 2822 2797 2883 invenitur.
2821 2825 3237 2878 immaculatum.
3269 2823 3327 2878 In
3355 2825 3598 2894 Mogunt.

1997 2911 2128 2950 vero
2156 2895 2287 2949 edit.
2318 2911 2477 2965 quam
2510 2895 2720 2948 curavit
2753 2895 2924 2950 Andr.
2955 2896 3237 2958 Schottus,
3271 2896 3465 2964 legitur
3499 2899 3597 2949 Ita-

1997 2983 2098 3026 nto,
2127 2982 2279 3037 quem
2309 2967 2375 3018 ad
2398 2967 2674 3035 imaginem
2701 2982 2848 3037 suam
2880 2977 3076 3020 rectum
3103 2977 3255 3035 atque
3279 2966 3596 3020 immaculn.

1996 3047 2108 3090 tum
2140 3035 2184 3107 Ῑ.
2244 3037 2334 3102 1).,
2389 3037 2615 3091 intrusis
2659 3035 2834 3090 tribus
2878 3038 3104 3092 vocibus
3136 3045 3325 3091 contra
3355 3040 3599 3091 omnium

1999 3123 2135 3162 mss.
2168 3118 2223 3161 et
2252 3108 2413 3161 editt.
2452 3107 2635 3160 tidem.

2067 3181 2120 3231 tt.
2153 3178 2226 3230 Ac
2253 3177 2466 3248 perinde
2496 3179 2777 3248 humanum
2807 3193 2970 3248 genus
3004 3175 3308 3248 libidinibus
3347 3177 3603 3248 deprava-

2001 3261 2108 3302 tum
2139 3247 2359 3319 peccatis
2390 3247 2759 3302 obsorduissct.
2794 3251 2932 3302 Ante
2956 3247 3070 3302 hmc
3090 3247 3255 3302 verba
3291 3248 3344 3302 in
3370 3247 3602 3319 vulgatis

2000 3318 2238 3387 additur,
2270 3321 2422 3373 morti
2453 3335 2508 3374 se
2532 3320 2890 3372 substravissct
2922 3335 2940 3373 :
2967 3333 3089 3389 qua:
3110 3318 3328 3389 quando
3356 3319 3408 3372 iu
3435 3318 3599 3373 nullis

2001 3391 2155 3446 libris
2211 3391 2451 3461 antiquis
2496 3391 2823 3454 invenimus,
2871 3401 3145 3460 tamquam
3192 3389 3544 3461 supposititia
3575 3430 3592 3458 ,

2000 3463 2133 3517 nihil
2169 3460 2360 3518 tamen
2386 3461 2827 3531 pr:vjudirantes,
2858 3461 3182 3516 delevimus.
3212 3460 3378 3516 Fann.

2070 3537 2121 3589 5.
2158 3533 2442 3589 Consecuta
2471 3544 2560 3587 est.
2594 3532 2764 3600 Lugd.
2816 3533 2931 3588 Bat.
2967 3549 3078 3588 sec.
3126 3547 3179 3588 et
3213 3535 3342 3587 llitt.
3374 3543 3425 3586 et
3458 3531 3596 3587 Ultr.

1997 3605 2264 3659 subsecuta
2293 3616 2390 3659 est.
2426 3604 2628 3660 Scribit
2665 3604 2790 3658 dein
2823 3609 3048 3674 Augest.
3089 3605 3260 3672 Quam
3288 3603 3599 3657 sententiam

1999 3677 2244 3730 creatoris
2280 3676 2396 3741 Dei,
2431 3685 2542 3730 etc.

2069 3745 2123 3800 4.
2157 3746 2314 3800 Inviti
2343 3746 2481 3798 licet.
2519 3745 2620 3799 Ed.
2649 3743 2818 3809 prima
2848 3744 3101 3798 videlicet.

2071 3817 2124 3872 5.
2182 3816 2592 3885 Obstitiatisque.
2629 3816 2799 3879 Meus,
2839 3815 3127 3868 obstinatis.
3177 3812 3317 3869 Edd.
3353 3813 3597 3880 \‘enetm,

2000 3887 2357 3955 obstinathue
2385 3888 2640 3940 mentibus
2673 3897 2846 3954 testes,
2875 3895 3008 3951 ctc.,
3044 3885 3216 3941 l'aris.
3250 3885 3600 3952 obstinatique

1999 3961 2253 4012 mentibus
2282 3967 2452 4014 testes.

2071 4031 2121 4085 6.
2156 4029 2356 4084 Deinde
2383 4031 2558 4098 refuso
2589 4027 2684 4082 sub
2717 4025 2854 4081 Noe.
2883 4029 3010 4083 Duae
3037 4036 3322 4097 postrema:
3349 4042 3516 4082 voces
3545 4028 3598 4082 in

1999 4102 2123 4156 libr.
2154 4113 2264 4157 vet.
2296 4117 2399 4155 non
2450 4103 2716 4170 leguntur,
2753 4111 2806 4154 et
2854 4108 3080 4170 possunt
3106 4116 3213 4154 non
3260 4099 3602 4156 incommode

1998 4175 2208 4227 abesse.
2249 4173 2410 4228 ΡΑΒιι.
2443 4200 2514 4211 -
2545 4171 2739 4226 Delent
2767 4171 2984 4226 easdem
3019 4185 3151 4225 tnss.
3177 4170 3319 4226 Ultr.
3349 4181 3405 4224 et
3429 4171 3598 4225 Meus.

1999 4244 2143 4299 Inter
2168 4245 2336 4315 Lugd.
2371 4244 2600 4298 Batavos
2630 4242 2683 4295 in
2715 4256 2825 4296 sec.
2857 4253 2910 4297 et
2966 4252 3092 4296 tcrt.
3134 4241 3348 4315 legitur
3399 4241 3600 4315 stt/fuso

1997 4316 2092 4369 sub
2123 4311 2318 4369 Nocitt
2349 4333 2397 4368 ο.
2424 4326 2460 4370 t.
2491 4331 2596 4375 m..
2647 4323 2828 4378 quarl.
2860 4317 3034 4382 refuso
3060 4311 3153 4365 sub
3188 4311 3304 4368 Noe
3324 4313 3516 4382 ipsein
3544 4327 3598 4366 ο.

1998 4395 2039 4440 t.
2071 4403 2140 4439 ru.
2188 4385 2400 4456 lleliqui
2436 4399 2560 4439 cum
2590 4383 2756 4456 editt_._
2781 4380 3006 4456 vetustis
3055 4385 3237 4456 refuso
3279 4386 3370 4436 sub
3403 4380 3518 4434 Noe
3545 4382 3600 4434 in

1999 4474 2050 4510 ο.
2080 4467 2118 4508 t.
2152 4474 2222 4512 m.
2249 4451 2368 4512 Mox
2398 4457 2654 4526 missoque
2680 4451 2897 4508 diluvio.
2931 4454 3076 4510 Meus
3104 4451 3156 4508 et
3183 4451 3327 4508 Flor.
3356 4467 3468 4507 sec.
3502 4467 3600 4522 pro

1997 4529 2346 4597 immissaque.

2073 4601 2124 4652 7.
2154 4592 2662 4653 Ad‘substituendam
2691 4593 2964 4666 originem.
2988 4596 3139 4652 Meus
3160 4597 3228 4651 ad
3246 4592 3603 4665 suﬁiciendam

2007 4684 2279 4724 ortatnem.

2079 4687 2500 4796 "ﬁrmissimi
2521 4737 3086 4811 scriptores._Pritnatn
3112 4752 3302 4811 vocem
3331 4735 3479 4792 delet
3501 4735 3604 4811 Pc-

2007 4812 2130 4878 riz.,
2161 4812 2258 4867 sed
2280 4816 2439 4868 editt.
2473 4808 2704 4882 llittorp.
2739 4819 2794 4862 et
2820 4808 3100 4882 Bolsuing.
3146 4809 3350 4880 legunt,
3382 4809 3604 4863 veracis-

2005 4884 2129 4937 simt'
2147 4884 2423 4956 scriptorcs
2448 4881 2802 4956 doctoresque.

2081 4956 2134 5010 9.
2168 4948 2354 5010 Fuisse
2381 4964 2552 5008 tamen
2576 4948 2752 5008 etiam.
2786 4950 2956 5024 Lugd.
2997 4953 3116 5009 Bat.
3149 4965 3261 5008 sec.
3315 4961 3370 5007 et
3419 4948 3559 5006 Ultr.
3583 4989 3601 5015 ,

2011 5023 2141 5083 Haec
2170 5029 2329 5097 fuisse
2351 5036 2541 5079 tamen.

2086 5093 2180 5153 1οζ
2211 5098 2294 5152 Ea:
2321 5097 2511 5168 indicio
2539 5103 2586 5148 et
2619 5094 2923 5168 conjectura
2949 5094 3206 5168 lapidum.
3240 5093 3378 5150 Gen.
3404 5108 3498 5149 vttt
3525 5093 3602 5168 le-

2009 5171 2186 5237 gimus
2216 5184 2394 5222 arcam
2423 5166 2538 5223 Noe
2570 5164 2900 5234 requievisse
2929 5164 3096 5235 super
3115 5174 3329 5221 montes
3351 5164 3600 5237 Araratlt,

2011 5234 2063 5294 id
2093 5249 2179 5296 cst
2208 5238 2513 5301 Armeniae;
2539 5238 2652 5301 ubi,
2676 5246 2901 5294 auctore
2923 5234 3275 5308 Ilioronytno,
3305 5251 3478 5304 usque
3497 5234 3598 5308 ho-

2010 5313 2100 5366 die
2129 5311 2248 5381 ejus
2278 5318 2598 5381 permanent
2627 5309 2867 5378 vcstigia.
2895 5309 2981 5381 De
3012 5302 3236 5381 Ararath
3268 5302 3407 5381 idem
3437 5302 3603 5381 unde-

2008 5374 2176 5438 citno'
2199 5374 2730 5438 Commentariorum
2767 5374 2834 5432 in
2889 5380 3122 5436 Esaiam.
3155 5378 3425 5447 .Iosephus
3453 5374 3546 5428 lib.
3585 5387 3602 5428 ι

2007 5454 2274 5524 Autiquit.
2301 5451 2510 5519 scribit,
2543 5454 2809 5524 Armenos
2837 5452 2977 5518 ιοοο,
3013 5454 3064 5506 in
3087 5465 3204 5524 quo
3234 5450 3438 5524 Noae:
3472 5457 3595 5497 arca

2009 5515 2260 5597 egressus
2299 5533 2404 5591 est,
2438 5515 2802 5597 o'zrioCarriptou
2829 5515 3026 5597 nomen
3075 5515 3288 5597 fecisse.
3331 5515 3497 5597 Fatus.
3528 5543 3600 5554 ~—

2008 5586 2092 5650 Ιίζε
2109 5597 2316 5669 judicio
2345 5614 2373 5650 e
2392 5586 2715 5669 'collecturt't.
2750 5593 2990 5669 sielego
3018 5609 3083 5648 ex
3119 5593 3222 5646 lide
3251 5586 3596 5669 codatjolonn.

2007 5656 2129 5741 non.
2143 5672 2466 5741 conjectura.
2517 5666 2687 5741 Laur.
2711 5694 2785 5741 —‘
2811 5656 3154 5741 Nihi'l_tnu_t'o,
3181 5656 3600 5741 quamvisjitdif

2006 5740 2085 5792 cio
2103 5726 2315 5809 quoq'ue
2331 5746 2509 5794 exstat
2535 5743 2586 5793 in
2605 5737 2735 5792 edit.
2761 5736 2896 5807 Aug.
2919 5734 3036 5790 Mos
3063 5726 3273 5789 Ultrict
3303 5726 3512 5784 concitis
3551 5736 3599 5782 ct

2009 5813 2212 5866 ostreis.

2298 5882 2356 5914 η
