4122 6174
252 189 358 246 757

1294 179 1766 243 lllSTORlARUM
1807 179 2013 240 LIBER
2055 179 2098 237 l.
2137 178 2294 238 CAP.
2333 175 2478 236 XXI.

3435 180 3542 237 758

246 303 392 363 illius
433 309 616 369 ratus,
649 311 862 358 taurum
893 313 1105 358 aeneum
1153 300 1310 373 iecit,
1338 301 1361 332 ‘
1389 303 1480 358 cui
1517 299 1736 358 fabrica:
1759 298 1842 370 ja-
1866 301 1921 364 Α
1945 297 2060 368 ipsa
2091 297 2144 351 iu
2173 293 2366 365 primis
2393 291 2660 364 religione
2682 291 2993 362 compositi,
3027 298 3152 361 post
3178 290 3542 350 comminutas

246 412 412 455 nuam
439 397 548 468 78
564 411 595 452 e
618 395 789 452 latere
809 395 1135 467 composuit,
1159 410 1280 466 quae
1308 395 1376 450 ad
1393 397 1415 429 ⁸
1431 393 1838 451 contrudendos

246 488 542 544 damnatos
599 487 846 557 recepturi
893 487 1035 543 foret
1082 505 1097 542 :
1145 496 1205 543 ut
1238 503 1363 543 cum
1416 488 1659 542 inclusus
1688 487 1710 518 ⁶
1738 486 1840 542 ibi-

242 580 372 636 dem
395 579 657 650 subjectis
679 579 896 650 ignibus
924 587 1258 649 terreretur,
1279 581 1299 610 ⁷
1329 595 1525 637 sonum
1549 580 1701 636 vocis
1733 595 1837 635 ex-

245 681 406 730 torta:
455 671 727 743 eapacitas
766 672 991 728 concavi
1038 671 1166 728 aeris
1215 681 1475 744 augeret,
1506 675 1528 705 ⁸
1573 671 1839 743 pulsuque

244 764 402 822 ferali
443 772 759 834 competens
795 763 1018 836 imagini
1061 780 1308 822 murmur
1343 767 1655 832 emitteret,
1689 765 1840 822 nefa-

245 859 438 929 rioque
484 858 798 930 spectaculo
842 861 1077 930 mugitus
1122 859 1389 930 pecudis,
1444 875 1552 916 non
1598 859 1838 917 hominis

245 954 482 1024 gemitus
556 953 854 1009 videretur.
919 953 1026 1010 Sed
1083 952 1331 1010 Phalaris
1363 994 1380 1022 ,
1450 954 1650 1011 factum
1716 968 1837 1008 am-

246 1047 478 1118 plexus,
527 1044 790 1101 factorem
819 1047 840 1078 ο
869 1054 1218 1114 exsecratus,
1250 1054 1306 1102 et
1331 1044 1525 1102 ultioni
1556 1046 1836 1102 materiam

257 1138 489 1210 praebuit
511 1179 527 1206 ,
564 1147 621 1194 et
649 1137 998 1194 crudelitati:
1031 1155 1157 1194 nam
1191 1141 1364 1211 ipsum
1389 1138 1642 1210 Opiﬁcem
1667 1140 1710 1170 ¹⁰
1741 1155 1838 1195 sua

247 1231 567 1288 inventione
615 1231 846 1301 punivit.
879 1230 1081 1288 Fuerat
1127 1233 1292 1289 etiam
1348 1233 1510 1304 paulo
1549 1233 1837 1304 superiore

249 1332 496 1396 tempore
548 1323 694 1396 apud
746 1323 970 1382 Latinos
1023 1342 1121 1382 rex
1155 1327 1195 1358 “
1244 1327 1576 1396 Aremulus,
1608 1328 1700 1400 qui
1743 1343 1840 1398 per

247 1431 425 1473 annos
454 1417 757 1474 octodecim
793 1418 1013 1489 ﬂagitiis
1041 1418 1521 1490 impietatibusque
1549 1435 1802 1476 crescens
1822 1467 1837 1492 ,

249 1509 321 1566 ad
373 1519 707 1581 postremum
745 1511 930 1567 divino
968 1511 1178 1582 judicio
1208 1513 1434 1569 fulmine
1479 1515 1838 1584 interceptus,

244 1610 460 1657 matura
499 1601 768 1674 supplicia
801 1601 1090 1658 immatura
1121 1612 1284 1659 aetate
1317 1605 1358 1635 ¹²
1404 1604 1672 1660 dissolvit.
1724 1605 1836 1661 Eli-

1943 389 2281 460 Reipublicae
2323 388 2466 444 bono
2497 387 2829 467 tyrannides
2855 426 2872 455 ,
2925 400 2996 443 ne
3037 386 3283 458 ipsorum
3326 387 3544 458 quidem

1941 481 2169 552 injurias
2190 481 2415 552 exigunt
2439 489 2821 552 tyrannorum.

2469 573 2576 644 79
2624 570 2854 628 CAPUT
2894 571 3039 627 χχι.

1942 663 2148 721 Bellum
2174 665 2309 719 inter
2344 663 2763 733 Peloponnenses
2802 674 2851 718 et
2879 663 3215 720 Athenienses
3247 681 3264 719 :
3290 666 3354 720 de
3382 664 3545 719 Ama-

2012 753 2203 790 zonum
2224 745 2274 790 et
2300 735 2698 791 Cimmeriorum
2722 735 2775 788 in
2801 733 2979 788 Asiam
3000 736 3240 791 incursu:
3261 735 3326 790 de
3343 737 3546 791 diutina

2013 807 2281 862 obsidione
2307 815 2355 862 et
2386 809 2773 876 expugnatione
2817 804 3090 876 Messenia.
3122 805 3328 861 Bellum
3380 807 3541 861 Athe-

2014 879 2272 933 niensium
2303 875 2488 932 contra
2515 875 2934 948 Lacedaemonios
2958 875 3467 948 :Pelaponnensium
3496 888 3544 933 et

2022 948 2340 1004 Baectiorum
2372 947 2931 1003 contra‘AtItcnienses.

2017 1051 2033 1081 ¹
2050 1051 2212 1105 Anno
2240 1058 2368 1105 ante
2391 1049 2594 1105 Urbem
2615 1047 2892 1103 conditam
2914 1063 3021 1102 xxx
3043 1047 3544 1120 Peloponnensium

1941 1141 2471 1211 Atheniensiumque
2523 1139 2821 1194 maximum
2877 1139 3082 1195 bellum
3141 1141 3273 1196 totis
3330 1142 3545 1197 viribus

1944 1233 2254 1304 animisque
2279 1233 2631 1289 commissum
2664 1239 2748 1287 est
2779 1249 2792 1283 :
2827 1231 2881 1286 in
2911 1245 3022 1302 quo
3051 1233 3257 1289 mutuis
3293 1233 3538 1290 caedibus

1945 1327 1967 1357 ³
2004 1325 2071 1380 ad
2105 1325 2210 1381 hoc
2252 1326 2426 1380 coacti
2473 1332 2622 1390 sunt,
2649 1332 2708 1378 ut
2735 1323 3034 1378 velutvicti
3075 1338 3135 1380 se
3165 1323 3234 1379 ab
3275 1324 3544 1381 alterutro

1944 1417 2352 1484 subtraherent,
2386 1418 2406 1450 ³
2436 1417 2748 1486 bellumque
2800 1415 3138 1472 desererent.
3174 1416 3333 1473 Tunc
3372 1418 3536 1473 etiam

1942 1511 2276 1567 Amazonum
2307 1510 2485 1583 gentis
2511 1509 2570 1566 et
2595 1509 3013 1565 Cimmeriorum
3036 1510 3089 1564 in
3122 1509 3307 1565 Asiam
3342 1525 3538 1580 repen-

1945 1605 2090 1662 tinus
2145 1605 2401 1662 incursus
2450 1604 2472 1635 ⁸
2527 1604 2819 1675 plurimam
2878 1604 2972 1660 diu
3023 1603 3133 1660 late
3184 1605 3540 1661 vastationem

241 1704 372 1764 gant
411 1709 557 1750 nunc
589 1695 668 1766 (si
707 1693 959 1764 videtur)
984 1694 1163 1750 Latini
1208 1704 1266 1751 et
1310 1696 1515 1764 Siculi,
1555 1706 1734 1752 utrum
1785 1697 1838 1753 in
1870 1695 1919 1756 B
1945 1705 2296 1767 stragemque
2325 1697 2516 1752 edidit.

238 1786 436 1845 diebus
483 1787 725 1843 Aremuli
772 1796 828 1843 et
856 1787 1161 1843 Phalaridis
1203 1803 1329 1845 esse
1371 1789 1726 1859 maluissent,
1755 1789 1839 1846 in-

239 1885 540 1932 nocentum
569 1875 710 1933 vitas
744 1877 923 1948 poenis
953 1878 1390 1948 extorquentium
1415 1918 1430 1943 ,
1462 1894 1534 1933 an
1577 1877 1665 1933 his
1691 1885 1834 1935 tem-

236 1971 472 2041 poribus
523 1969 880 2039 Christianis,
940 1984 1063 2026 cum
1107 1970 1463 2041 imperatores
1507 1970 1735 2026 Romani
1786 1973 1833 2004 ³³

2016 1791 2177 1845 Auno
2218 1789 2483 1846 vicesimo
2530 1799 2659 1844 ante
2714 1788 2914 1846 Urbem
2959 1789 3234 1844 conditam
3286 1789 3539 1846 Lacedm-

1942 1883 2113 1938 monii
2137 1891 2324 1938 contra
2374 1881 2674 1938 Messenios
2713 1881 2733 1912 "
2763 1888 2988 1952 propter
3035 1893 3254 1952 spretas
3301 1883 3542 1952 virgines

1935 1989 2062 2031 suas
2086 1977 2107 2006 ⁸
2130 1975 2184 2031 in
2214 1975 2447 2032 solemni
2493 1975 2886 2032 Messeniorum
2919 1975 3218 2046 sacriﬁcio,
3244 1978 3358 2049 80
3380 1979 3398 2009 ⁷
3434 1993 3530 2049 per

1535 2101 1985 2164 HAVERCAMPI
2021 2107 2250 2165 NOTZE.

312 2222 371 2278 4.
412 2219 510 2278 Cui
550 2221 694 2290 fabre
725 2219 969 2287 jannam.
996 2216 1310 2290 Editiones,
1342 2216 1593 2290 adfabre,
1624 2219 1722 2290 sed
1747 2236 1843 2277 ve-

250 2303 340 2350 tus
364 2294 494 2350 illud
521 2288 840 2347 vocabulum
870 2291 1128 2360 quoniam
1159 2289 1331 2360 Colon
1351 2327 1366 2342 .
1397 2289 1570 2344 codex
1601 2288 1837 2360 retinet,

244 2367 414 2421 etiam
453 2379 557 2418 nos
587 2358 900 2418 maluimus;
931 2363 1102 2416 Laur.
1132 2389 1204 2400 —
1229 2358 1398 2414 Fabre
1427 2374 1639 2430 quoque
1665 2358 1844 2418 exstat

243 2438 302 2492 in
330 2437 502 2491 tribus
527 2433 859 2490 Florentinis
880 2477 894 2499 ,
921 2433 1049 2488 item
1067 2430 1238 2501 Lugd.
1271 2430 1413 2501 Batt.
1444 2431 1636 2497 tribus,
1667 2431 1835 2500 Ultr.,

239 2508 368 2563 Meo
409 2515 466 2562 et
509 2504 786 2571 Perizon.,
838 2512 897 2558 ut
926 2512 982 2558 et
1006 2500 1335 2557 editiduibus
1380 2500 1716 2570 Hittorpiana
1749 2518 1857 2558 ve--

239 2577 570 2634 tustioribus
589 2616 606 2642 ,
635 2578 690 2630 in
738 2589 844 2644 qua
885 2575 1118 2644 primum
1150 2575 1204 2627 in
1234 2573 1452 2644 adfabre
1473 2614 1492 2644 ,
1523 2571 1680 2644 quod,
1711 2575 1839 2629 reli-

237 2657 608 2722 Qttazsecutae
645 2642 811 2708 sunt,
851 2642 1348 2722 immutatum_fuit._
1381 2642 1488 2722 ξω
1519 2657 1647 2698 vera
1669 2643 1830 2700 lectio

237 2713 327 2776 ést
363 2719 570 2790 fabrica:
586 2757 607 2790 _,
637 2731 816 2790 quam
838 2725 1037 2786 praeter
1062 2729 1170 2790 ms.
1202 2713 1374 2790 Lugd.
1394 2713 1511 2767 Bat.
1541 2729 1622 2782 pr.
1647 2730 1834 2769 serva-

236 2793 320 2845 vit
353 2786 671 2846 Vin-centius
705 2786 1106 2842 Bellovaeeusis
1129 2827 1144 2849 ,
1187 2787 1279 2855 qui
1323 2786 1832 2854 integrampartent

239 2862 408 2932 hujus
455 2859 654 2932 capitis
699 2859 934 2932 priorem
964 2858 1253 2932 descripsit
1274 2896 1298 2932 ,_
1318 2866 1484 2926 atque
1513 2870 1711 2932 magno
1740 2871 1835 2912 vo-

239 2927 439 2989 lut'nini
467 2972 483 2999 ,
515 2927 659 3001 quod
702 2927 997 3001 Speculum
1046 2927 1338 3001 llistoriale
1377 2927 1836 3001 _vocavit,_i_nse-

239 3005 354 3059 ruit
375 2995 573 3066 ιιδζιιί,
591 3015 714 3070 cap.
736 2995 859 3070 {07.
883 2998 1015 3052 Dein
1035 3000 1259 3068 januam
1282 3013 1345 3052 ea:
1370 2995 1526 3050 latere
1555 2997 1833 3067 ms.Ultr.,

241 3093 308 3132 ea:
341 3075 505 3129 latere
522 3063 744 3142 januant
771 3069 926 3142 Edit.
957 3063 1097 3142 Aug.
1297 3137 1328 3142 Α
1374 3136 1408 3142 μ
1634 3139 1644 3142 Α
1690 3139 1700 3142 Δ
1817 3063 1827 3067 -
1865 3063 1912 3125 c

315 3147 374 3200 5.
416 3144 497 3197 Ad
522 3136 539 3142 ⁷
561 3141 959 3196 contradendas.
992 3136 1239 3194 Vincent.
1295 3136 1504 3193 Bellov.
1527 3180 1542 3206 ,
1575 3139 1644 3192 ad
1683 3139 1851 3193 intru-

263 3218 487 3273 dendas.

321 3292 380 3342 ϋ.
425 3284 650 3340 Ibidem.
673 3283 871 3356 Lugd.,
901 3283 1042 3338 Batt.
1070 3295 1184 3338 sec.
1208 3288 1264 3337 et
1288 3289 1492 3350 quart.,
1510 3279 1579 3334 ibi
1604 3296 1700 3348 ex;
1743 3279 1848 3338 Pe-

253 3361 385 3424 riz.,
411 3359 504 3412 ibi.

320 3423 378 3484 7.
422 3430 622 3484 Sanum
648 3427 806 3481 uocis.
833 3424 1037 3490 Periz.,
1061 3432 1106 3477 et
1135 3439 1316 3478 sonum
1342 3423 1490 3480 vocis.

323 3503 380 3555 8.
408 3499 676 3569 Pulsuque
698 3498 870 3567 ferali.
898 3496 1072 3569 Peril.
1094 3495 1246 3568 pulsu
1276 3496 1447 3566 ferali.
1476 3493 1598 3549 Mox
1624 3494 1850 3566 nefarios

248 3587 352 3646 pro
381 3567 694 3646 nefarieque.
727 3569 880 3646 Viue.
911 3567 1115 3646 Βειιυν3

323 3645 378 3699 9.
422 3635 753 3695 Exsecratns.
784 3639 876 3695 Sic
898 3652 1034 3692 mss.
1055 3637 1252 3709 plures
1274 3645 1328 3692 et
1347 3651 1539 3709 omnes
1564 3635 1694 3692 editi
1722 3645 1848 3692 ante

252 3713 560 3770 Fabricium
581 3752 597 3778 ,
630 3712 720 3782 qui
771 3707 1083 3782 exsecratur,
1113 3707 1282 3762 edidit
1313 3726 1325 3761 :
1376 3708 1555 3762 minus
1597 3719 1844 3782 venuste.

252 3785 549 3840 Exsecrans
581 3777 734 3838 iet'in
767 3781 938 3852 Lugd.
981 3780 1101 3834 Bat.
1150 3788 1348 3849 quarto
1372 3788 1454 3850 εει
1511 3778 1655 3849 apud
1686 3777 1844 3834 Vinc.

255 3858 466 3912 Bellov.

328 3928 416 3982 10,
448 3926 558 3981 Sua
584 3924 896 3979 inventione.
927 3920 1028 3976 Ed.
1055 3919 1198 3990 Aug.
1221 3936 1314 3974 sua
1343 3919 1723 3974 adinventione.

331 4000 422 4054 Η.
465 3996 760 4050 Aremulus.
794 3993 920 4048 Fuit
947 3993 1036 4047 hic
1067 3989 1258 4046 xu’rex
1293 3991 1646 4060 Latinorum,
1673 3989 1762 4060 qui
1791 3989 1847 4045 in

257 4071 398 4126 Livii
437 4069 529 4123 lib.
565 4066 764 4122 dicitur
799 4065 1052 4119 Romulus
1091 4063 1306 4126 Silvius,
1338 4061 1439 4116 Dio
1463 4059 1698 4120 ’Λλλάδην
1751 4075 1847 4114 no-

257 4144 467 4205 minat,
493 4141 670 4207 deque
715 4138 856 4191 illius
905 4135 1184 4207 impietate
1233 4134 1387 4202 plura
1430 4134 1657 4207 scribit;
1674 4131 1844 4207 Fsea.

255 4243 329 4254 —
362 4203 649 4274 Remulus,
700 4207 871 4278 Lugd.
932 4203 1101 4278 Batt.
1150 4219 1282 4278 pr.,;
1313 4211 1437 4278 ιρι-ι.
1497 4211 1563 4278 Δει
1627 4203 1843 4278 Periz.,

259 4284 410 4340 Flor.
448 4295 659 4352 queque
699 4274 812 4333 sec'.
837 4286 891 4333 et
935 4293 1016 4352 pr.
1052 4274 1139 4330 hic
1168 4284 1222 4352 e_t
1269 4274 1440 4352 infra,
1496 4275 1556 4352 in_
1580 4274 1723 4352 quod
1768 4284 1848 4352 ta-

259 4371 386 4409 men
448 4343 499 4406 ιῖι
553 4343 794 4419 margine
856 4343 1112 4401 stribilur
1173 4345 1467 4399 Aremulus.
1533 4343 1612 4419 ln’
1667 4343 1840 4414 Lugd.

263 4427 404 4518 Ιιειι.Ι
435 4431 628 4493 quarto
673 4415 763 4476 cst
812 4418 1105 4485 Romulus,
1160 4424 1221 4469 ut
1275 4427 1330 4470 et
1378 4419 1432 4471 in
1480 4415 1608 4473 edd.
1657 4424 1843 4470 vetus-
1873 4456 1929 4518 Β

256 4497 736 4622 ιιοὶἓῖυῗῑεδοιυὶι.
787 4562 1006 4618 Scottus
1049 4555 1219 4614 edidit
1268 4556 1513 4625 exsolvit,
1557 4555 1850 4626 astipulan-

261 4638 405 4692 tibus
453 4632 863 4691 edd.vetustiss.
898 4646 1012 4702 pr.,
1057 4633 1220 4698 Aug.,
1267 4626 1720 4702 Yenet.,jParis.,
1753 4628 1847 4702 sed

259 4711 313 4763 in
349 4709 511 4762 Fabr.
543 4705 768 4769 aliisque
793 4744 808 4769 ,
841 4697 917 4757 ιη’
951 4711 1006 4756 et
1035 4701 1086 4754 in
1134 4697 1387 4753 omnibus
1415 4711 1554 4767 quos
1605 4697 1851 4752 consului

259 4795 372 4832 mss
386 4821 419 4843 .,
455 4786 632 4832 exstat
661 4769 898 4830 dissoluit
918 4813 932 4839 ,
959 4771 1104 4843 quod
1133 4769 1549 4843 mutarenolui.
1580 4769 1853 4843 Supplicia

260 4838 444 4904 debila
472 4847 723 4902 dissolvit
753 4838 1017 4916 tyrannus
1038 4884 1053 4910 ,
1088 4841 1254 4916 veluti
1281 4838 1521 4916 debitum
1554 4838 1850 4916 quoddam,

260 4921 408 4991 quod
439 4933 550 4991 tere
577 4917 756 4991 aliene
775 4911 1302 4991 contraseratLPari
1333 4911 1496 4991 modo
1524 4925 1723 4979 pwnam
1749 4911 1857 4991 dis-

263 4981 467 5045 s'olrere
515 4989 647 5042 dixit
698 4987 892 5042 Cicero
936 4985 1033 5039 lib.
1086 4982 1295 5037 tTusc.
1329 4981 1536 5046 Quaast.
1583 4996 1705 5050 cap.
1739 4981 1853 5033 ωε

266 5063 378 5129 Ego
435 5076 551 5115 vero
593 5059 674 5113 illi
722 5058 1004 5111 maximam
1045 5055 1268 5129 gratiam
1297 5052 1495 5129 habeo,
1521 5053 1612 5122 qui
1664 5066 1747 5104 me
1782 5065 1858 5129 _ea

265 5121 422 5203 plina
469 5130 838 5203 mulctaoerit,‘
872 5121 1184 5203 quam'sine
1233 5121 1589 5203 mutuaticae,
1641 5130 1691 5203 et
1749 5121 1860 5175 sine

265 5191 512 5264 i-ersura,
545 5217 750 5272 possent
785 5191 1084 5272 dissolvere.
1116 5191 1860 5272 Loquitur_i_bi_Lace_da3tno-

266 5274 424 5335 nius.
469 5264 560 5343 qui
607 5274 676 5327 ad
717 5277 946 5326 mortem
978 5264 1303 5335 damnatus,
1349 5264 1512 5321 hilari
1563 5265 1717 5320 vultu
1757 5265 1854 5320 du-

265 5345 514 5400 ccbatur.

341 5417 430 5470 15.
456 5415 768 5486 Ιρδᾳεηιεε.
798 5409 968 5481 Lugd.
1003 5407 1331 5486 Batt.pr:fet
1360 5415 1509 5474 tcrt.,
1529 5405 1651 5486 ipsi.

339 5476 651 5540 CAL'XXI.
680 5514 752 5524 —
783 5487 836 5538 ‘l.
868 5476 1040 5552 Ᾰηιιο,
1073 5476 1180 5536 etc;
1215 5476 1320 5536 Pro
1354 5495 1460 5535 xxx
1489 5479 1616 5535 edd.
1666 5476 1864 5548 prima,

266 5557 499 5613 Veneta:
529 5566 586 5610 et
619 5555 791 5611 Paris.
829 5555 1032 5609 habent
1057 5568 1172 5608 χιιι.

341 5629 397 5682 2.
432 5627 512 5682 Ad
537 5627 634 5681 hoc
659 5626 825 5697 coacti
850 5635 992 5680 sunt.
1025 5625 1082 5683 lu
1111 5639 1214 5685 ms.
1248 5621 1422 5697 Lugd.
1457 5622 1578 5681 Bal.
1610 5633 1721 5681 sec.
1745 5617 1866 5677 duae

269 5699 487 5784 priores
507 5712 672 5762 voces
703 5696 920 5758 absunt.

2019 2224 2074 2278 'o'.
2107 2223 2413 2300 Bellumque
2441 2228 2752 2300 desererent.
2788 2225 2888 2300 Ms.
2931 2225 3081 2282 Meus
3105 2229 3420 2300 bellumque
3461 2233 3542 2286 di-

1948 2296 2228 2367 mitterent.
2258 2294 2360 2350 Ed.
2391 2311 2474 2367 pr.
2508 2296 2683 2367 Paris.
2714 2306 2770 2349 et
2820 2296 3062 2362 Venetm,
3096 2294 3342 2365 belloque
3376 2302 3544 2356 disce-

1948 2367 2144 2419 derent.
2178 2365 2420 2438 Justino}
2441 2366 2600 2435 cujus
2631 2367 2865 2438 plurima
2899 2378 3151 2438 excerpta
3198 2369 3363 2424 habet
3400 2371 3538 2426 Oro-

1947 2439 2083 2509 sius,
2125 2437 2395 2492 familiare
2416 2448 2516 2509 est
2565 2437 2798 2491 deserere
2847 2437 3037 2491 bellum
3076 2455 3175 2507 pro
3206 2441 3458 2509 omittere,
3485 2452 3543 2497 ut

1945 2507 2043 2562 lib.
2076 2523 2148 2579 ll,_
2163 2522 2286 2579 cap.
2322 2509 2376 2572 8,
2406 2507 2735 2579 Megarenses
2760 2524 3008 2561 memores
3039 2509 3188 2563 inlati
3217 2507 3544 2567 Atheniensi-

1945 2579 2039 2632 bus
2069 2577 2192 2632 belli
2214 2587 2259 2631 et
2282 2577 2516 2643 deserti,-
2552 2579 2654 2632 lib.
2681 2594 2735 2647 v,
2770 2593 2889 2647 cap.
2916 2579 2972 2645 2,
3011 2579 3244 2635 Eatenus
3283 2583 3543 2638 sustinen-

1944 2649 2068 2724 dum
2100 2648 2310 2724 bellum,
2339 2665 2404 2702 ne
2441 2651 2624 2724 inopia
2670 2650 2956 2716 deseratur,
2990 2659 3046 2706 et
3090 2651 3188 2707 lib.
3223 2666 3301 2721 ιχ,
3327 2667 3449 2724 cap.
3481 2655 3540 2722 2,

1942 2736 2006 2774 ne
2033 2721 2216 2790 inopia
2241 2721 2475 2775 deserere
2504 2719 2696 2774 bellum
2718 2732 2955 2790 cogatur.

2013 2791 2070 2844 4.
2099 2791 2397 2863 Plurimum
2424 2792 2516 2863 diu
2542 2793 2646 2846 tate
2671 2807 2722 2844 υ.
2749 2808 2795 2845 s.
2827 2792 3012 2846 edidit.
3038 2792 3140 2848 Ed.
3169 2809 3254 2863 pr.
3281 2809 3404 2849 eum
3432 2795 3538 2851 Ve-

1942 2863 2088 2936 netis
2115 2874 2171 2918 et
2193 2862 2394 2936 Parim,
2427 2862 2517 2936 diu
2533 2863 2760 2936 lateque,
2793 2875 2847 2918 et
2870 2865 2950 2918 sic
2978 2862 3198 2934 quoque
3231 2881 3334 2919 ms.
3365 2868 3536 2936 Lugd.

1947 2933 2064 3006 βω.
2087 2942 2257 3006 λιθιῖιά
2282 2933 2384 2986 late
2409 2933 2501 2986 diu
2533 2932 2683 2986 Flor.
2703 2947 2846 3006 ἰιι-,λι
2880 2932 3206 3006 stragemque
3230 2936 3375 2990 dedit
3401 2932 3535 2992 mss.

1950 3002 2122 3072 Lugd.
2158 3004 2300 3058 Balt.
2331 3019 2438 3072 pr.,
2471 3011 2596 3057 tert.
2621 3012 2676 3058 et
2703 3003 2956 3057 Perizon.

2097 3073 2320 3144 Propter
2349 3083 2568 3144 spretus.
2605 3074 2757 3142 Apud
2790 3074 2930 3128 Just.
2965 3075 3092 3130 libr.
3123 3091 3180 3130 ιιι
3230 3075 3376 3129 unde
3425 3076 3542 3132 hare

1955 3143 2230 3217 descripta
2272 3143 2670 3217 sunt,l_e_gitnr,
2727 3153 3250 3217 prapter_stuprat_as
3298 3146 3540 3217 rirgines.

1954 3215 2116 3270 l’aus.
2143 3215 2238 3286 lib.
2266 3228 2319 3268 Iv
2343 3214 2533 3268 scribit
2563 3213 2614 3268 in
2641 3215 2760 3283 ipso
2783 3215 2925 3286 bello
2943 3213 3255 3286 Caryatidas
3281 3213 3540 3286 virgines,

1954 3287 2138 3341 Dianae
2167 3285 2367 3339 choros
2395 3286 2684 3357 agitantes,
2718 3300 2746 3357 a
2779 3284 3066 3340 Messeniis
3107 3296 3293 3355 raptas
3342 3284 3540 3357 fuisse,

1951 3371 2086 3427 quas
2111 3357 2370 3428 juventus
2404 3356 2653 3426 quidem,
2686 3355 2816 3428 vino
2842 3358 3122 3428 calefacta,
3150 3368 3403 3428 stuprare
3445 3355 3543 3414 vo;

1956 3426 2089 3491 luit,
2143 3427 2236 3482 sed
2271 3426 2645 3481 Aristomenes
2684 3427 2794 3481 dux
2840 3427 3075 3498 integras
3117 3426 3538 3497 suis‘reddidit,

1953 3498 2207 3573 Fana._——
2226 3499 2426 3553 Omnes
2457 3499 2633 3552 Orosii
2657 3497 2896 3573 codices,
2915 3497 3160 3568 impressi
3177 3510 3378 3557 etmss.
3403 3517 3548 3573 spre-

1952 3579 2032 3624 tas
2063 3571 2285 3635 habent,
2319 3584 2439 3623 cum
2474 3576 2653 3623 tamen
2689 3571 2911 3623 omnino
2936 3579 3201 3640 stupratas
3227 3574 3394 3626 fuisse
3429 3571 3548 3626 vir-

1951 3642 2104 3710 gines
2151 3656 2218 3694 ex
2258 3641 2474 3694 .lustino
2514 3648 2750 3707 constet,
2780 3640 2870 3710 ubi
2921 3641 3047 3695 vide
3076 3656 3200 3709 quae
3248 3643 3348 3695 viri
3398 3642 3545 3697 docti

1952 3709 2228 3765 notarunt.
2261 3709 2489 3764 Videtur
2533 3719 2714 3763 autem
2764 3709 2990 3764 Orosius
3040 3721 3298 3775 corrupto
3344 3711 3545 3767 Justini

1951 3781 2144 3836 codice
2181 3780 2234 3834 iu
2264 3795 2372 3850 quo
2400 3789 2602 3850 spretus
2643 3779 2936 3841 exstiterit,
2968 3795 3100 3834 usus
3138 3780 3330 3844 luisse,
3361 3783 3447 3835 vel
3478 3797 3546 3837 ex

1950 3849 2293 3922 compendio
2307 3849 2583 3922 scribendi
2611 3859 2838 3922 stpratas
2865 3849 2948 3922 vel
2972 3860 3200 3921 spratas,
3232 3853 3540 3918 superscri-

1950 3933 2038 3993 pta
2071 3919 2153 3993 (ut
2197 3937 2316 3976 mos
2356 3921 2499 3993 erat)
2540 3919 2764 3993 lineola,
2792 3919 2844 3993 in
2877 3919 3011 3990 ipsis
3036 3922 3218 3976 Orosii
3259 3923 3544 3978 codicibus

1949 3990 2373 4062 antiquioribus,
2406 3991 2676 4062 vulgatum
2707 3990 2841 4044 illud
2871 4001 3071 4062 spretas
3113 4001 3298 4048 natum
3349 3994 3541 4050 fuisse.
3586 4000 3589 4001 ⁷

2020 4061 2170 4119 6.“1ιι
2189 4063 2406 4118 solemni
2428 4061 2809 4134 Messeniorum
2832 4061 3110 4134 saeriﬁcio.
3134 4063 3189 4117 ld
3217 4067 3399 4134 quoin
3426 4066 3547 4120 loco

1949 4143 2130 4190 actum
2166 4136 2351 4201 luerit,
2376 4149 2476 4186 nos
2509 4134 2670 4188 docet
2701 4133 2904 4187 Strabo
2946 4136 3038 4188 lib.
3070 4150 3186 4198 vm,
3214 4133 3264 4203 p.
3300 4137 3425 4200 5132,
3463 4139 3547 4190 vel

1948 4216 2006 4260 ut
2034 4205 2087 4278 in
2118 4215 2386 4278 postrema
2419 4205 2551 4258 edit.
2581 4221 2638 4278 p.
2661 4204 2768 4278 5ρρ
2795 4220 2808 4255 :
2841 4206 2906 4258 Τὸ
2937 4203 2980 4260 δ’
3004 4206 3049 4259 ἓν
3079 4209 3292 4276 Λίμναις
3322 4216 3414 4266 τῆς
3440 4217 3550 4278 Ἀρο

1947 4272 2312 4353 τέμιδοξ-ἑερὸν
2342 4272 2600 4353 advenio-1,
2630 4274 2704 4353 ip’
2730 4272 3066 4353 diuiso-atrium
3080 4272 3210 4353 _1répi
3235 4272 3549 4353 'ra'rgArrapo'é-

1947 4347 2066 4423 γοὺς
2097 4347 2312 4423 diripiant
2350 4347 2590 4410 δοκοῦσι,
2621 4348 2717 4404 τὰς
2757 4347 3032 4418 ἀφιγμένοις
3072 4347 3302 4423 ἐπῖτῆιμ
3323 4349 3506 4423 Ova-ictu
3529 4390 3545 4413 ,

1952 4419 2000 4471 ἐν
2023 4417 2275 4494 μεθορἰις
2297 4420 2408 4494 ἐστὶ
2434 4425 2525 4475 τῆς
2555 4425 2828 4494 ᾼακονικῆς
2855 4417 2941 4494 rati
2965 4424 3057 4494 τῆς
3083 4419 3388 4494 Μεσσςηνίας,
3415 4417 3546 4494 ὄποιξ

1953 4495 2113 4562 gown»
2135 4488 2764 4562 éyjaa‘rélopv‘rravﬁyuptu,
2788 4489 2874 4539 καὶ
2896 4489 3074 4540 θυσίαν
3097 4488 3389 4562 ἀμφότερον
3415 4490 3549 4559 μετὰ

1953 4558 2008 4614 δὲ
2034 4565 2123 4618 τὴν
2151 4559 2299 4634 ὕϐριν
2327 4559 2400 4634 ιιιξΔ
2430 4555 2674 4634 διδόν-ςῲῦ
2699 4555 2844 4616 δίκας
2871 4565 2973 4611 τῶν
2999 4555 3316 4634 μεσαῖῃὶιίςιν’,
3351 4555 3554 4617 cru-arri-

1952 4634 2035 4684 ναὶ
2062 4650 2189 4702 φασι
2213 4625 2298 4702 se
2319 4627 2773 4702 πόλ-ιμον.ζ⁴ἀηιι1η
2803 4641 2959 4702 porro
2987 4625 3185 4702 Limnis
3213 4626 3400 4682 Diana:
3422 4645 3548 4702 con-

1955 4696 2212 4753 secratum
2235 4696 2544 4762 Limnwum,
2569 4699 2623 4750 in
2649 4713 2750 4765 quo
2792 4696 3035 4750 Messenii
3056 4706 3304 4768 putantur
3330 4701 3549 4754 violasse

1956 4772 2209 4842 uirgines,
2233 4787 2354 4842 guw
2375 4770 2446 4842 ad
2478 4768 2798 4842 sacrificium
2819 4783 2880 4842 eo
2904 4783 2959 4820 se
2983 4769 3324 4842 contulerant,
3349 4772 3402 4822 in
3424 4787 3550 4824 con-

1959 4838 2089 4910 finio
2115 4852 2189 4895 est
2221 4838 2494 4894 Laconica:
2523 4850 2569 4893 et
2602 4838 2896 4904 Messeniaz,
2919 4848 2965 4891 et
2990 4849 3200 4908 uterque
3229 4841 3298 4894 ibi
3323 4844 3552 4910 papulas

1960 4911 2153 4966 solebat
2184 4914 2464 4966 solemnem
2491 4920 2802 4982 retiaculum
2839 4925 2920 4982 ac
2948 4911 3266 4982 sacri/icium
3310 4915 3554 4982 frequen-

1963 4992 2071 5038 tare
2105 4999 2122 5037 :
2147 4999 2266 5036 cum
2292 4991 2464 5034 autem
2500 4980 2741 5034 Messenii
2767 4979 2831 5035 de
2860 4979 3012 5034 illata
3042 4981 3239 5050 injuria
3265 4998 3366 5037 non
3401 4979 3556 5038 satis-

1964 5055 2218 5122 facerent,
2245 5051 2438 5107 bellum
2456 5053 2603 5104 aiunt
2629 5063 2862 5105 coortum
2888 5051 3072 5121 fuisse.

2035 5125 2089 5177 7.
2122 5123 2232 5177 Per
2251 5139 2417 5177 annos
2439 5123 2639 5192 viginti.
2666 5122 2771 5176 Per
2796 5129 2875 5192 tot
2895 5137 3069 5176 annos
3097 5121 3325 5180 durasse
3347 5123 3551 5180 bellum

1963 5201 2197 5248 testatur
2223 5208 2440 5263 quoque
2468 5191 2776 5266 Pausanias
2799 5191 2894 5246 lib.
2929 5208 3015 5266 iv,
3037 5208 3158 5263 cap.
3190 5210 3290 5266 xu,
3322 5211 3378 5266 p.
3409 5196 3554 5250 509:

1962 5267 2056 5342 Kal
2081 5266 2178 5342 γᾲρ
2202 5266 2431 5342 timaret!
2455 5263 2594 5342 ,ἕῖρς
2634 5265 2777 5336 ἐπῄει.
2817 5271 2890 5336 τῷ
2937 5264 3162 5337 πολέμῳ.
3209 5263 3403 5342 Aderat
3442 5270 3558 5342 iatn

1970 5333 2239 5389 vicesimus
2289 5336 2403 5401 ejus
2445 5333 2570 5405 belli
2602 5333 2790 5397 annus,
2823 5333 2878 5389 et
2927 5333 3070 5389 mox'
3101 5333 3220 5405 pag.
3269 5337 3376 5390 512
3424 5333 3560 5389 dicit

1971 5405 2188 5461 tandem
2219 5404 2542 5470 Messenios,
2576 5405 2794 5460 amissis
2829 5405 3059 5460 ducibus
3088 5404 3297 5461 cunctis
3338 5415 3392 5458 et
3421 5408 3562 5473 opti-

1969 5493 2060 5532 mo
2103 5475 2622 5547 quoque,lthomen
2677 5477 2871 5530 collem
2924 5477 3253 5547 deseruisse,
3286 5476 3560 5547 ﬁnemque

1969 5540 2135 5603 bello'
2160 5540 2341 5602 victos
2380 5548 2574 5602 l'ecisse
2622 5563 2634 5600 :
2672 5548 3053 5619 Πολεμήσαντες
3080 5545 3166 5604 ἔτη
3192 5548 3258 5601 τὰ
3285 5540 3564 5619 πάνταέἶ·

1969 5640 2103 5685 κοσι,
2136 5621 2266 5695 καφὰῇ
2293 5622 2380 5695 xui
2406 5621 2642 5695 Τυρταίῳ
2666 5618 2978 5695 πεπονιημ-ἐνᾳς
3008 5621 3160 5681 εἰσὶν,
3191 5624 3465 5692 postquam
3508 5618 3563 5695 in

1975 5699 2135 5752 totum
2166 5691 2344 5766 viginti
2373 5685 2540 5747 annos
2562 5685 2862 5768 pugnantes
2878 5689 3067 5750 bellum
3094 5685 3369 5759 gessissent
3386 5701 3406 5755 ς
3426 5685 3564 5762 quod
