4122 6174
325 266 432 325 745

1403 263 1876 327 HISTORIARUM
1915 261 2124 328 LIBER
2161 262 2226 326 ll.
2268 266 2423 326 CAP.
2465 260 2530 324 Il.

3511 268 3622 335 ‘MB

323 390 471 436 nunc
499 381 682 436 manet
712 393 728 435 :
757 376 1060 452 eademque
1103 376 1368 438 inetiabili
1418 378 1769 437 ordinatione
1814 395 1917 451 per
1941 386 1994 446 Α
2019 390 2197 436 mater
2224 378 2439 435 Romuli
2468 379 2589 447 ruit,
2621 392 2853 452 regnare
2876 380 3064 454 coepit.
3108 378 3180 440 Ut
3225 381 3405 442 autem
3436 391 3621 444 omnia

324 485 557 547 quatuor
587 474 775 531 mundi
816 475 1092 545 cardines,
1122 484 1357 548 quatuor
1383 491 1678 548 regnorum
1710 478 1918 549 princi-

328 578 487 640 patus
516 577 559 610 ιο
587 567 838 638 fuerunt,
888 570 1160 626 distinctis
1187 571 1445 641 gradibus
1483 572 1817 637 eminentes,
1862 578 1923 625 ut

326 663 685 736 Babylonium
717 678 943 735 regnum
974 664 1042 720 ab
1072 664 1308 731 oriente,
1339 679 1370 720 a
1393 650 1622 721 meridie
1643 664 1925 735 Carthagi-

328 773 521 825 nense,
550 774 578 812 a
604 759 977 829 septentrione
1004 758 1437 827 Macedonicum,
1472 760 1515 791 ¹¹
1543 758 1614 815 ab
1638 757 1925 815 occidente

330 853 635 909 Romanum
662 871 678 910 :
700 867 931 925 quorum
954 853 1101 910 inter
1126 853 1362 924 primum
1387 853 1432 886 ¹¹
1453 868 1518 909 ac
1544 852 1920 917 novissimum.

332 945 386 1001 id
414 954 526 1010 est,
559 945 704 1001 inter
734 944 1092 1017 Babylonium
1126 955 1182 1002 et
1211 946 1515 1002 Romanum
1535 989 1550 1014 ,
1597 946 1752 1017 quasi
1783 946 1926 1002 inter

333 1046 546 1107 patrem
573 1050 764 1092 senem
807 1052 872 1093 ac
901 1037 947 1070 ⁸³
976 1037 1147 1093 tilium
1186 1038 1497 1109 parvulum,
1526 1036 1840 1093 Africanum
1870 1046 1927 1093 et

333 1129 761 1199 Macedonicum,
794 1129 981 1187 brevia
1002 1141 1057 1187 et
1077 1131 1279 1200 media,
1312 1132 1465 1203 quasi
1498 1140 1646 1187 tutor
1674 1141 1925 1187 curator-

330 1238 440 1294 que
469 1233 764 1291 venerunt,
797 1232 1068 1295 potestate
1098 1226 1382 1297 temporis,
1415 1240 1523 1281 non
1538 1225 1663 1297 jure
1690 1223 1924 1280 hmredi-

334 1314 485 1383 tatis,
520 1313 567 1346 ⁸⁸
593 1314 857 1373 admissa.
904 1314 1061 1384 Quod
1106 1325 1288 1373 utrum
1331 1318 1407 1373 ita
1443 1316 1537 1385 sit,
1578 1315 1926 1386 apertissime

330 1404 594 1477 expedire
626 1406 853 1463 curabo.

881 1521 992 1595 s7
1030 1519 1264 1581 CAPUT
1302 1521 1365 1578 ιι.

332 1609 771 1681 Supradictorum
798 1614 953 1685 quasi
997 1614 1239 1685 epilogus
1278 1612 1703 1686 diuersorumque
1740 1630 1927 1686 regno-

399 1701 520 1739 rum
548 1701 610 1740 ac
640 1695 927 1756 temporum
966 1687 1184 1740 collatio
1208 1727 1224 1756 ,
1262 1687 1428 1757 deque
1454 1686 1811 1753 vicissitudine
1837 1701 1923 1739 re-

398 1772 645 1828 gnarum.

399 1866 519 1923 Rex
549 1866 759 1937 primus
788 1867 804 1899 ⁸
833 1866 976 1937 apud
1004 1867 1289 1940 Assyrios,
1316 1869 1407 1939 qui
1434 1868 1678 1925 eminere
1708 1868 1920 1925 caeteris

326 1962 544 2031 potuit,
576 1959 750 2016 Ninus
782 1959 906 2019 fuit.
938 1960 1132 2017 Occiso
1171 1959 1346 2027 Nino,
1385 1961 1702 2017 Semiramis
1726 2003 1742 2030 ,
1784 1976 1921 2017 uxor

324 2052 482 2124 ejus,
517 2052 685 2109 totius
720 2053 866 2108 Asia:
896 2052 1117 2125 regina,
1153 2052 1506 2125 Babyloniam
1550 2054 1778 2110 urbem”
1809 2055 1924 2111 ins-

328 2145 586 2212 tauravit,
613 2154 885 2216 caputque
923 2146 1076 2215 regni
1110 2142 1131 2176 ³
1162 2145 1373 2216 Assyrii
1403 2153 1463 2200 ut
1488 2155 1637 2203 esset
1662 2145 1916 2202 instituit.

329 2236 352 2267 ⁸
370 2235 615 2307 Regnum
641 2235 996 2307 Assyriorum
1016 2236 1111 2290 diu
1133 2234 1459 2292 inconcussa
1486 2238 1729 2307 potentia
1748 2237 1921 2307 Stetit,

331 2328 427 2383 sed
453 2342 577 2383 cum
598 2326 621 2358 ⁸
641 2325 898 2394 Arbatus,
932 2342 1092 2396 quem
1117 2326 1209 2383 alii
1239 2328 1509 2384 Arbacern
1535 2338 1751 2394 vocant,
1784 2344 1929 2399 prae-

332 2422 509 2478 fectus
538 2420 849 2488 Medorum,
874 2419 1131 2492 idemque
1160 2423 1384 2477 natione
1412 2421 1598 2478 Medus
1616 2466 1631 2492 ,
1660 2422 1933 2479 Sardana-

332 2514 516 2586 palum
547 2529 733 2585 regem
762 2528 923 2569 suum
965 2513 1113 2585 apud
1142 2514 1499 2587 Babyloniam
1538 2514 1928 2582 interfecisset,

332 2606 486 2678 regni
514 2620 712 2662 nomen
742 2615 801 2663 et
827 2621 1096 2663 summam
1136 2607 1204 2662 ad
1244 2608 1432 2664 Medos
1470 2608 1768 2663 transmlit.
1800 2609 1822 2639 ⁸
1853 2609 1931 2666 lta

334 2698 458 2755 Nini
485 2709 541 2755 et
570 2698 866 2771 Babylonis
896 2715 1123 2771 regnum
1152 2715 1220 2757 eo
1244 2715 1393 2756 anno
1422 2701 1475 2756 in
1506 2700 1691 2758 Medos
1715 2700 1932 2758 deriva-

335 2801 451 2849 tum
482 2802 602 2861 est,
637 2809 748 2865 quo
776 2808 922 2849 anno
951 2793 1095 2865 apud
1127 2793 1356 2849 Latinos
1377 2793 1604 2861 Procas,
1638 2794 1842 2851 Amulii
1876 2802 1933 2851 et

334 2883 635 2941 Numitoris
672 2891 831 2955 pater
855 2925 872 2954 ,
908 2898 1043 2942 avus
1083 2892 1268 2942 autem
1315 2884 1484 2942 Rhea:
1525 2886 1764 2958 Sylviae,
1806 2901 1929 2958 quae

2027 473 2144 529 haec
2162 472 2526 529 ineﬂ‘abilibus
2553 474 2833 545 mysteriis
2853 484 2907 531 et
2936 476 3375 545 profundissimis
3400 479 3495 535 Dei
3528 481 3620 552 juo

2026 565 2182 621 diciis
2211 564 2505 635 disposita,
2538 566 2557 596 ⁷
2590 579 2699 621 non
2734 575 2915 623 autem
2946 567 3199 624 humanis
3229 570 3435 626 viribus
3468 612 3483 636 ,
3528 580 3623 628 aut

2026 660 2253 716 incertis
2280 659 2499 716 casibus
2537 661 2801 717 accidisse
2836 663 3159 732 perdoceam
3187 705 3202 731 ,
3228 681 3418 721 omnes
3441 668 3620 723 histo-

2031 753 2130 808 rite
2160 754 2398 823 antiqua:
2429 768 2460 808 a
2500 752 2641 809 Nino
2672 754 2967 825 incipiunt,
3005 772 3196 814 omnes
3230 759 3469 816 historice
3507 760 3623 818 Ro-

2027 859 2202 900 manae
2222 862 2253 900 a
2276 845 2447 901 Proca
2479 846 2820 902 exoriuntur.
2858 848 3067 904 Deinde
3092 866 3120 903 a
3153 852 3328 919 primo
3356 868 3500 909 anno
3521 855 3624 910 im-

2029 938 2166 1009 perii
2194 938 2318 993 Nini
2349 953 2521 1010 usque
2561 955 2670 1010 quo
2698 941 2942 1013 Babylon
2965 957 2994 996 a
3023 943 3381 1000 Semiramide
3412 948 3622 1003 instau-

2026 1031 2136 1086 rari
2160 1039 2342 1102 coepta
2365 1040 2469 1098 est,
2501 1033 2874 1088 interveniunt
2895 1035 2917 1065 ⁸
2942 1036 3071 1089 anni
3108 1037 3385 1106 sexaginta
3407 1049 3461 1093 et
3489 1054 3597 1109 qua
3619 1068 3627 1085 -

2029 1131 2172 1179 tuor.
2206 1124 2273 1179 Et
2306 1139 2336 1178 a
2378 1123 2554 1194 primo
2583 1139 2730 1180 anno
2769 1125 2979 1194 Procae,
3018 1142 3141 1182 cum
3171 1143 3398 1198 regnare
3420 1132 3617 1201 etrapit,

2027 1230 2200 1288 usque
2229 1218 2297 1273 ad
2330 1218 2696 1274 conditionem
2724 1221 2745 1251 ⁹
2784 1217 2950 1275 Urbis
2980 1262 2995 1287 ,
3045 1218 3242 1274 factam
3278 1222 3392 1293 88
3440 1237 3469 1277 a
3513 1222 3626 1277 Ro-

2029 1311 2209 1380 mulo,
2237 1311 2513 1367 intersunt
2536 1313 2666 1367 anni
2696 1312 2738 1343 ¹⁰
2768 1327 2925 1383 teque
2954 1315 3232 1384 sexaginta
3270 1328 3324 1369 et
3366 1326 3622 1385 quatuor.

2028 1401 2105 1457 Ita
2128 1414 2390 1475 regnante
2411 1404 2581 1460 Proca
2600 1404 2797 1462 futurae
2819 1405 3006 1461 Romae
3028 1408 3289 1464 sementis
3311 1409 3350 1439 “
3365 1410 3626 1481 jactaest,

2029 1495 2135 1551 etsi
2159 1494 2397 1551 nondum
2428 1496 2470 1527 ¹¹
2491 1511 2716 1567 germen
2744 1508 3051 1567 appareret.
3081 1498 3283 1553 Eodem
3309 1513 3455 1555 anno
3477 1504 3632 1571 regni

2030 1588 2204 1658 ipsius
2233 1588 2453 1657 Procae,
2488 1589 2784 1661 Babylonis
2812 1606 3036 1660 regnum
3065 1591 3297 1658 defecit,
3323 1595 3426 1649 etsi
3451 1594 3631 1650 adhuc

2031 1682 2276 1754 Babylon
2298 1681 2413 1753 ipsa
2440 1684 2710 1739 consistit.
2742 1684 2786 1715 ¹³
2813 1685 3193 1741 Descendente
3218 1695 3398 1740 autem
3427 1688 3636 1743 Arbato

1950 1775 2001 1838 Β
2028 1775 2081 1830 in
2110 1775 2295 1831 Medos
2318 1816 2333 1841 ,
2368 1774 2414 1807 “
2437 1783 2643 1845 partem
2672 1778 2823 1846 regni
2855 1792 3026 1847 penes
3073 1792 3133 1833 se
3166 1782 3451 1835 retinuere
3473 1780 3637 1835 Chal—

2024 1865 2128 1921 dmi
2154 1907 2170 1933 ,
2212 1866 2304 1937 qui
2333 1866 2690 1937 Babyloniam
2721 1866 2825 1923 sibi
2856 1856 3126 1923 adversus
3153 1869 3338 1924 Medos
3384 1871 3633 1926 vindica-

2024 1967 2244 2015 verunt.
2274 1958 2350 2013 lta
2376 1958 2692 2030 Babyloniae
2713 1967 2957 2029 potestas
2983 1960 3124 2030 apud
3149 1960 3356 2029 Medos,
3380 1964 3633 2033 proprie-

2026 2060 2111 2107 tas
2148 2049 2290 2121 apud
2332 2048 2620 2105 Chaldaeos
2660 2049 2801 2105 fuit:
2841 2048 3085 2106 Chaldaei
3128 2062 3309 2107 autem
3342 2092 3356 2119 ,
3407 2062 3633 2123 propter

2012 2141 2302 2219 antiquam
2339 2143 2505 2212 regite
2537 2141 2687 2197 urbis
2728 2141 3047 2213 dignitatem
3070 2184 3087 2210 ,
3123 2160 3229 2198 non
3260 2145 3410 2199 illam
3437 2161 3627 2214 suam,

2030 2235 2127 2291 sed
2149 2250 2209 2291 se
2227 2235 2375 2291 illius
2396 2235 2442 2267 ¹⁸
2468 2249 2665 2291 vocare
2688 2237 2996 2291 maluerunt
3015 2238 3059 2269 “
3084 2254 3097 2291 :
3121 2238 3263 2293 unde
3295 2238 3497 2295 factum
3520 2254 3629 2309 est,

2037 2338 2096 2384 ut
2135 2327 2673 2394 Nabuchodmtosor,
2709 2329 3003 2399 eaeterique
3050 2339 3176 2399 post
3225 2347 3347 2385 eum
3387 2332 3428 2362 ’⁷
3462 2347 3636 2402 usque

2036 2422 2105 2478 ad
2135 2421 2339 2494 Cyrum
2369 2436 2528 2494 reges
2551 2463 2564 2487 ,
2598 2423 2846 2492 quamvis
2876 2422 3253 2478 Chaldaeorum
3286 2424 3502 2480 viribus
3534 2441 3637 2496 po-

2038 2523 2217 2571 tentes
2238 2524 2292 2570 et
2314 2513 2629 2585 Babyloniae
2656 2514 2877 2569 nomine
2906 2514 3040 2570 clari
3070 2514 3319 2585 legantur
3342 2556 3357 2580 .
3384 2517 3427 2548 ¹⁸
3456 2516 3508 2571 in
3534 2534 3637 2573 nu-

2039 2620 2196 2663 mero
2254 2613 2431 2660 tamen
2475 2615 2529 2659 et
2578 2604 2800 2660 cardine
2840 2620 3030 2677 regum
3089 2621 3196 2661 non
3247 2608 3288 2639 ¹⁹
3333 2606 3639 2666 habeantur

2039 2699 2350 2755 illustrium.
2384 2697 2624 2769 Babylon
2649 2697 2834 2769 itaque
2858 2713 2925 2754 eo
2954 2713 3100 2755 anno
3129 2699 3231 2754 sub
3260 2697 3467 2757 Arbato
3493 2715 3639 2771 prte-

2039 2790 2184 2848 fecto
2205 2790 2253 2823 ²⁶
2275 2788 2612 2846 dehonorata
2637 2797 2743 2856 est,
2767 2804 2877 2861 quo
2899 2789 3072 2847 Roma
3095 2791 3194 2847 sub
3219 2791 3388 2847 Proca
3410 2808 3538 2863 rege
3558 2792 3643 2863 (ut

2037 2884 2259 2957 proprie
2284 2883 2541 2955 dixerim)
2570 2885 2614 2916 "
2641 2883 2906 2941 seminata
2932 2894 3035 2941 est.
3069 2885 3311 2958 Babylon
3341 2887 3639 2944 novissime

1637 3071 2093 3132 llAVERCAMPl
2131 3070 2358 3129 NOTAE.

412 3216 502 3273 lt).
542 3213 809 3286 Fuerunt.
843 3212 983 3271 Malo
1002 3214 1259 3286 exemplo
1277 3214 1511 3271 verbum
1543 3213 1649 3269 hoc
1673 3213 1832 3286 abest
1847 3210 1928 3286 ab
1955 3211 2003 3275 C
2033 3218 2139 3286 taa,‘
2153 3223 2255 3286 non
2281 3214 2393 3286 aut,
2419 3214 2526 3262 etc.

337 3287 468 3344 edd.
495 3286 660 3342 Febr.
685 3294 744 3343 et
768 3285 1007 3356 Mogunt.
1032 3283 1224 3344 contra
1251 3300 1383 3342 mss.
1406 3299 1708 3357 omnesque
1729 3283 1925 3340 editio.

337 3373 461 3424 nes,
491 3367 716 3428 escepta
740 3358 1077 3427 Augustana.

413 3430 504 3485 11.
543 3427 940 3484 Λσοεοὶάειιιρ.
979 3429 1117 3486 'l'res
1145 3427 1317 3499 Lugd.
1350 3427 1496 3484 Batt.
1530 3427 1796 3485 etCron.
1818 3469 1835 3497 ,
1865 3427 1931 3482 ab

337 3517 621 3627 “igne
645 3572 1002 3634 nouissimum.
1045 3569 1351 3627 Florentini
1391 3579 1524 3637 tres,
1555 3584 1680 3626 cum
1720 3570 1933 3627 duobus

339 3644 518 3729 Lugd.
546 3646 684 3699 Batt.
704 3687 719 3711 ,
754 3642 931 3698 Gron.
964 3643 1215 3714 Meoque,
1249 3643 1329 3698 sic
1354 3650 1541 3697 amant
1560 3655 1659 3711 pro
1684 3651 1732 3696 et
1763 3643 1937 3698 novis—

339 3731 553 3771 ειηιιιηι.

418 3788 508 3841 15.
553 3783 754 3841 Filium
779 3784 1076 3853 paruulum.
1118 3784 1509 3839 Diminutivnm
1540 3783 1673 3839 illud
1714 3783 1936 3853 reposui

342 3873 411 3914 es
456 3857 634 3913 tribus
670 3856 830 3913 codd.
880 3856 1054 3928 Lugd.
1103 3855 1245 3912 Batt.
1296 3864 1354 3911 et
1389 3855 1480 3912 ed.
1522 3854 1695 3925 Aug.;
1743 3854 1937 3925 reliqui

341 3944 797 4082 μςῖἷᾜμιηὲηα.
815 3997 919 4082 Ed.
944 3998 1081 4082 Aug.
1101 4013 1224 4082 cum
1247 4012 1356 4082 uno
1376 4012 1441 4082 ex
1466 4010 1596 4082 mss.
1618 3997 1788 4081 Lugd.
1816 3997 1935 4082 Bat.

339 4082 400 4126 et
427 4072 516 4126 ed.
549 4070 816 4141 Mogunt.,
841 4069 1080 4137 admissi,
1107 4079 1169 4124 ut
1200 4070 1469 4125 referatur
1496 4069 1564 4123 ad
1592 4071 1935 4141 principatus,

341 4152 485 4206 cte.,
514 4144 659 4213 quod
691 4142 856 4197 nimis
896 4141 1058 4213 longe
1087 4142 1261 4196 abest.

416 4210 547 4295 Car:
589 4212 655 4296 ll.
691 4242 779 4296 -—.
804 4213 857 4266 1.
898 4210 1055 4282 Apud
1102 4211 1362 4283 Assyrios.
1406 4210 1542 4268 Edd.
1572 4211 1705 4269 llitt.
1734 4219 1791 4269 et
1810 4211 1941 4267 Bol-

339 4286 526 4354 suing.
554 4326 569 4347 ,
601 4284 953 4355 Assyriorum.

339 4355 483 4480 ηιΞὶ
521 4352 864 4410 lnstauravit.
910 4352 1052 4410 Ultr.
1087 4361 1143 4410 et
1169 4353 1345 4426 Lugd.
1385 4354 1503 4410 Bat.
1544 4368 1692 4422 sec.,
1739 4363 1945 4411 restau-

463 4443 506 4482 t.

338 4443 481 4553 mg.
510 4498 737 4568 Assyrii.
769 4495 998 4567 Assyriis
1029 4495 1205 4553 Periz.
1230 4540 1245 4565 ,
1274 4497 1605 4564 Assyriorum
1638 4497 1807 4568 Meus.

423 4569 483 4622 4.
513 4566 752 4639 Regnum
771 4566 1136 4639 Assyriorum.
1161 4568 1330 4637 Lugd.
1360 4568 1477 4623 Bat.
1515 4583 1627 4623 sec.
1654 4610 1669 4633 ,
1704 4567 1941 4639 Regnum

346 4648 525 4693 autem
549 4639 901 4709 Assyriorum.
932 4638 1053 4693 Mox
1074 4638 1164 4693 ed.
1196 4642 1332 4763 Aulg.
1353 4678 1369 4701 ,
1395 4640 1701 4692 inconcussa
1723 4638 1815 4693 diu
1842 4654 1936 4711 po-

347 4711 538 4763 tentia.
568 4709 700 4763 Post
724 4710 861 4763 stetit
904 4712 957 4763 in
1001 4709 1243 4763 ntaraine
1316 4713 1416 4763 lor.
1448 4710 1608 4763 primi
1635 4711 1894 4763 scribitur
1914 4748 1930 4763 .

347 4711 538 4763 tentia.
568 4709 700 4763 Post
724 4710 861 4764 stetit
904 4712 957 4765 in
1001 4709 1243 4779 margine
1268 4709 1416 4763 Flor.
1448 4710 1608 4778 primi
1635 4709 1894 4765 scribitur
1914 4748 1930 4775 ,

345 4780 808 4852 Sardanapallum
837 4782 968 4852 (quo
1009 4795 1165 4852 more
1193 4780 1395 4851 passim
1428 4794 1618 4835 omnes
1672 4795 1803 4852 mss.
1839 4796 1935 4835 no-

345 4851 556 4923 meniid
584 4851 781 4908 eB'erre
813 4851 1014 4923 solum)
1054 4851 1276 4907 Arbatus
1309 4851 1587 4923 prtefectus
1615 4851 1847 4920 occidit,
1890 4857 1938 4905 et

343 4923 421 4977 ad
443 4922 628 4977 Medos
657 4922 920 4979 transtulit
949 4922 1246 4990 imperium.

426 4992 482 5048 ὅ.
511 4993 767 5059 Arbatus,
796 5010 949 5065 quem
976 4995 1075 5065 alii
1102 4994 1338 5049 Arbacen
1376 5000 1583 5065 uocant.
1623 4990 1699 5047 lla
1730 5006 1854 5065 esse
1884 4990 1939 5047 in

349 5063 511 5157 libris
546 5062 930 5157 antiquisjam
972 5064 1229 5157 dixin-tus:
1271 5066 1536 5157 liiodolrus
1565 5062 1716 5157 hunc
1765 5062 1861 5145 lib.
1883 5076 1940 5157 ,ιι

350 5135 623 5212 ’Δρϐαικήν
674 5134 945 5201 nominat,
990 5137 1131 5192 sicut
1174 5144 1230 5191 et
1280 5135 1482 5191 Euseb.
1524 5134 1579 5189 in
1637 5134 1934 5191 Chronico.

350 5206 514 5289 I_J_nde
541 5206 790 5289 impressi
832 5207 952 5289 libri
975 5206 1167 5289 Velleii
1190 5206 1470 5289 Paterculi
1492 5215 1618 5289 sunt
1640 5205 1939 5289 emendan-

349 5276 438 5350 di,
468 5277 522 5332 in
551 5275 755 5350 quibus
768 5280 1028 5349 scriptum
1051 5288 1159 5344 est,
1183 5276 1620 5350 Sardanapalumi
1636 5275 1941 5350 Pharnaces

356 5347 547 5422 Aledus
570 5347 790 5422 imperio
839 5347 1039 5422 uitaque
1073 5349 1331 5422 privavit;
1364 5347 1588 5422 cu'm‘sit
1610 5348 1938 5422 l_egendu_m_,

352 5418 583 5475 Arbaca
629 5419 835 5475 Medus.
883 5417 1170 5476 Ρηιιξ-
1226 5418 1450 5475 Arbatus
1508 5419 1563 5473 itt
1613 5417 1943 5474 Florentinis

352 5505 575 5562 quoque
602 5492 853 5562 omnibus
879 5494 1152 5548 invenitur
1177 5532 1195 5560 ,
1225 5501 1282 5547 ut
1320 5502 1376 5548 et
1419 5490 1668 5561 pluribus
1717 5490 1945 5559 reliquis

518 5561 1144 5715 ligutsiﬁnAlligbytonis
1191 5649 1428 5715 regnu‘m.
1472 5632 1601 5689 “33c
1626 5646 1692 5688 ex
1734 5628 1956 5687 Eusebii

357 5700 633 5761 Chronico
657 5718 848 5773 aperte
873 5700 1298 5773 cognoscuntur.
1327 5703 1491 5760 Fasn.

432 5774 488 5833 7.
517 5773 642 5833 Non
663 5784 854 5832 autem.
886 5773 1026 5832 Edd.
1069 5779 1209 5845 Aug.
1241 5776 1432 5848 prima,
1478 5775 1651 5836 Paris.
1695 5783 1751 5834 et
1775 5773 1957 5834 Vene-

641 5868 916 5932 Parnot.
964 5866 1213 5932 XXXI.

2112 3282 2165 3337 8.
2200 3280 2334 3334 Anni
2356 3293 2528 3334 utut.
2553 3276 2770 3336 Primus
2811 3291 2883 3335 ex
2920 3277 3094 3349 Lugd.
3123 3278 3240 3337 Bat.
3271 3294 3444 3341 annos
3473 3300 3641 3343 Lxsnt

2037 3358 2337 3408 ςθῐιιιιιιιςιι.

2427 3421 2582 3477 Delet
2606 3421 2746 3478 idem
2775 3419 2949 3492 Lugd.
2983 3422 3101 3477 Bat.

2110 3495 2201 3551 10.
2254 3493 2433 3565 AEqu
2466 3493 2621 3569 anni.
2683 3493 2833 3549 llanc
2881 3494 3358 3569 transpositionem
3407 3501 3639 3569 probant

2034 3567 2217 3641 Flore.
2248 3564 2358 3641 tres
2378 3576 2433 3621 et
2465 3564 2641 3641 Periz.
2666 3580 2789 3619 eum
2834 3565 2924 3621 ed.
2968 3568 3109 3636 Aug.
3158 3583 3259 3637 pro
3299 3564 3426 3625 anni
3462 3588 3632 3641 a'que.

2036 3638 2157 3693 Mox
2188 3637 2449 3707 Perizon.
2468 3633 2657 3707 Itaque
2684 3645 2960 3706 regnante,
3007 3633 3112 3693 etc.

2113 3709 2202 3761 11.
2228 3705 2406 3761 Jacta.
2442 3706 2541 3759 Ed.
2569 3705 2986 3776 'Ang.,’jactata.

2113 3779 2200 3833 12.
2237 3776 2455 3831 Germen
2478 3788 2773 3848 appareret.
2807 3776 2908 3848 Ed.
2941 3777 3078 3844 Aug.
3111 3784 3168 3831 et
3202 3776 3351 3833 Flor.
3395 3794 3476 3848 pr.
3511 3796 3636 3838 cum

2041 3849 2200 3904 tertio
2224 3864 2431 3919 germen
2455 3843 2716 3919 apparet;
2763 3846 2815 3898 in
2846 3843 2994 3899 Flor.
3048 3861 3160 3901 sec.
3207 3843 3637 3918 superscribitur

2039 3916 2278 3992 apparet.
2309 3916 2639 3992 Cod._Meus,
2669 3931 2843 3992 semen
2874 3926 3168 3992 appareret.

2115 3986 2203 4047 15.
2224 3987 2575 4043 Descendenle
2595 3998 2768 4061 autem
2794 3986 3042 4061 Arlracto.
3060 3986 3230 4043 Codd.
3255 3990 3365 4045 duo
3390 4002 3602 4049 veteres
3617 4036 3634 4061 ,

2041 4072 2094 4117 et
2124 4061 2229 4117 loci
2252 4072 2439 4115 natura
2473 4069 2697 4132 monent
2726 4058 2797 4112 ita
2813 4058 2999 4132 _fuiss_c
3021 4058 3317 4132 legendum
3351 4078 3451 4132 pro
3471 4058 3639 4119 disce;

2042 4133 2213 4188 dente.
2242 4132 2415 4187 thur.
2447 4161 2518 4172 --
2543 4129 2782 4186 Probant
2811 4127 2983 4199 Lugd.
3018 4127 3161 4186 Batt.
3188 4148 3273 4202 pr.
3306 4127 3368 4189 et'
3387 4147 3635 4206 quartus,

2044 4216 2101 4259 ut
2129 4215 2183 4259 et
2212 4204 2303 4259 ed.
2337 4206 2471 4259 Atta.

2044 4216 2101 4259 ut
2129 4215 2183 4259 et
2212 4215 2303 4259 ed.
2337 4215 2471 4259 ABR.

2118 4217 2615 4342 :;.egiit3cgg.regni
2634 4287 2788 4343 penes
2809 4286 2864 4343 se
2881 4269 3134 4326 Chaldazi.
3162 4273 3429 4329 Arhaeem
3447 4284 3637 4332 contra

2045 4346 2470 4411 Sardanapalntn
2499 4342 2641 4414 jnvit
2687 4342 2951 4414 Belochus
2983 4343 3295 4412 Babylonia:
3324 4346 3638 4414 praefectus.

2048 4419 2237 4488 Itaque
2268 4417 2410 4471 victo
2433 4413 2802 4488 Sardanapalo
2830 4412 3075 4488 A_rb_aees
3102 4412 3379 4488 Medorum
3414 4427 3465 4469 et
3494 4416 3631 4471 Per-

2049 4483 2232 4543 sarum
2262 4501 2429 4556 regno
2459 4485 2659 4556 potitus
2707 4494 2810 4551 est,
2858 4483 3123 4538 Beluchus
3152 4484 3483 4555 Babylonem
3509 4501 3639 4543 cum

2049 4553 2558 4630 Assyriaretinuit._
2580 4553 2740 4630 FA_s_n.

2120 4622 2207 4684 1'5.
2251 4626 2466 4682 Vocare.
2503 4625 2594 4681 Sic
2635 4622 2937 4678 Florentini
2968 4638 3180 4688 onmes.
3218 4623 3384 4693 Ultr.,
3409 4625 3561 4683 Mens
3581 4635 3639 4684 et

2043 4701 2216 4779 Lugd.
2245 4698 2386 4754 Batt.
2418 4696 2490 4753 At
2518 4694 2768 4751 l’erizon.
2799 4709 2922 4749 eum
2950 4695 3109 4751 editis
3148 4695 3498 4779 quibusdam,
3543 4716 3638 4754 uo-

2040 4790 2148 4827 cart
2158 4813 2170 4825 .

2118 4844 2206 4900 16.
2252 4840 2418 4896 Unde.
2451 4839 2551 4894 Ed.
2590 4840 2748 4908 Aug.,
2784 4835 2936 4891 Inde.

2117 4916 2205 4970 17.
2239 4912 2410 4980 Usque
2435 4911 2503 4966 ad
2531 4907 2719 4983 Cyrum
2736 4924 2908 4983 reges.
2934 4907 3036 4963 Ed.
3066 4907 3233 4980 Aug.,
3261 4926 3422 4981 usque
3448 4910 3645 4983 Cyrum

2044 5003 2207 5058 reges.
2241 4979 2413 5058 Meus,
2446 4979 2608 5054 usque
2628 4980 2697 5034 ad
2723 4979 2915 5050 Cyrum
2946 4996 3138 5058 regem.

2122 5058 2209 5113 18.
2244 5053 2312 5109 In
2341 5050 2556 5108 numero
2580 5063 2753 5105 tamen
2782 5060 2831 5104 et
2875 5050 3109 5104 cardine.
3157 5050 3379 5108 Poterat
3416 5053 3644 5109 tolerari

2048 5128 2222 5200 prius,
2255 5125 2483 5200 ordine};
2515 5125 2640 5200 nisi,
2672 5120 2816 5191 quod
2844 5121 3180 5200 melius_est,
3211 5125 3419 5200 cardine
3446 5124 3642 5200 Mater-

2042 5190 2096 5254 t'ti
2129 5190 2267 5253 liber
2288 5190 2583 5251 habniSset.
2616 5190 2787 5248 Laur.
2816 5221 2887 5232 —
2914 5190 3143 5246 Cardine
3174 5194 3473 5263 praeferunt
3516 5195 3637 5248 Flu.

2043 5269 2246 5353 rentini
2296 5281 2487 5324 omnes
2526 5274 2582 5321 et
2618 5263 2793 5334 Lugd.
2838 5263 2981 5319 Batt.
3030 5262 3185 5333 see.,’
3221 5275 3401 5336 quart.
3433 5271 3490 5319 et
3534 5262 3640 5318 Pe-

2042 5356 2218 5397 l'lZOﬂ.

2120 5412 2209 5469 19.
2236 5408 2558 5465 Habeantur.
2585 5405 2726 5462 Editi
2749 5405 2991 5476 quidam,
3018 5404 3291 5474 habentur,
3312 5411 3499 5460 contra
3526 5418 3643 5461 me-

2044 5484 2212 5540 liores
2237 5493 2398 5549 atque
2424 5493 2553 5534 tnss.
2580 5477 2695 5534 fere
2716 5491 2926 5549 omnes.

2121 5555 2213 5612 20.
2246 5543 2581 5609 Delionorata
2610 5559 2703 5605 est.
2736 5548 2888 5603 Multi
2913 5563 2980 5604 ex
3003 5547 3166 5603 editis
3191 5545 3371 5600 delent
3400 5543 3503 5598 hoc
3542 5554 3644 5613 est,

2064 5639 2249 5683 contra
2281 5624 2498 5680 codices
2522 5623 2775 5692 scriptos.

2135 5698 2228 5753 21.
2258 5695 2530 5751 Seminata
2550 5685 2649 5751 est.
2670 5693 2804 5746 Tres
2824 5706 2888 5746 ex
2909 5689 3078 5759 Lugd.
3111 5687 3275 5748 Batt.,
3301 5685 3522 5759 fundata
3546 5699 3647 5754 est,

2068 5776 2209 5827 utet
2235 5765 2374 5825 Coll.
2402 5766 2570 5825 Gron.
2618 5778 2741 5837 quae
2766 5762 2909 5819 delet
2939 5756 3057 5824 illa,
3088 5767 3142 5812 ut
3171 5756 3376 5828 proprie
3408 5759 3653 5829 dixerint,

3054 5847 3133 5915 2’s
