4082 6154
519 235 630 296 7‘55

1923 237 2126 295 PAULI
2164 237 2390 295 OROSll

3711 243 3819 302 ’158

515 353 738 425 puniret
771 368 782 405 :
816 366 940 423 qua:
985 365 1098 418 res,
1129 353 1176 393 ³ο
1208 349 1262 406 in
1311 349 1406 405 illo
1451 357 1583 405 tunc
1626 349 1772 407 bello
1828 351 2122 424 plurimum
2153 359 2202 418 Α
2230 369 2335 425 que
2359 352 2964 423 partorma,utamlsso
2982 356 3218 428 plurimo
3235 357 3827 426 exercitu,occisisque

515 450 558 488 ³¹
593 447 946 502 emolumenti
981 447 1127 502 tulit.
1165 446 1426 518 Sequitur
1449 445 1717 501 discessio
1745 447 1915 518 plebis
1947 463 1976 502 a
2022 463 2116 518 pa-

520 541 715 597 tribus.
750 543 792 574 ²²
830 541 964 595 Cum
996 539 1064 595 Μ.
1097 540 1320 596 Valerio
1360 539 1626 595 dictatore
1667 540 1938 595 delectum
1975 541 2118 596 mili-

520 647 634 690 ttnn
675 645 889 708 agente,
919 636 1085 690 variis
1114 635 1347 706 populus
1395 636 1707 690 stimulatus
1747 636 1981 707 injuriis,
2015 637 2117 693 Sa-

518 747 670 787 crum
704 741 942 786 montem
967 731 1167 786 insedit
1195 741 1460 786 armatus.
1487 730 1602 797 Qua
1636 731 1680 767 ²³
1707 731 1947 801 pernicie
1978 730 2109 801 quid

518 824 784 888 atrocius,
808 838 932 878 cum
956 807 1068 896 98
1098 837 1300 894 corpus
1329 839 1360 877 a
1395 825 1574 892 capite
1611 823 1888 879 desectum
1919 823 1963 854 ’θ
1994 838 2117 895 per-

519 914 783 992 ditionem
824 914 942 984 cjus
969 955 985 981 ,
1031 929 1129 985 per
1170 913 1313 985 quod
1359 913 1406 948 "
1433 915 1702 986 Spirabat,
1748 915 1793 945 ’³
1832 914 2115 971 minitare-

518 1009 643 1063 tur?
665 995 707 1042 "
735 1016 1026 1078 actumque
1049 1006 1117 1064 de
1138 1006 1386 1063 Romano
1415 1009 1634 1064 nomine
1660 1008 1913 1064 intestina
1934 1008 2116 1080 perni-

517 1099 601 1154 cie
629 1097 791 1165 l‘oret,
829 1099 929 1154 nisi
960 1107 1227 1154 maturata
1261 1100 1638 1155 reconciliatio
1670 1100 1715 1131 ’⁸
1743 1099 2115 1169 subrepsisset

517 1194 691 1260 prius,
715 1181 878 1264 quam
908 1181 967 1248 se
1005 1191 1270 1247 discessio
1301 1193 1416 1261 ipsa
1454 1200 1834 1262 cognosceret.
1871 1193 1912 1232 ιθ
1947 1191 2113 1262 Urget

516 1303 575 1342 se
615 1297 777 1357 atque
819 1285 1071 1342 imminet
1095 1287 1199 1342 sibi
1238 1268 1391 1342 extra
1430 1286 1552 1341 illas
1581 1296 1800 1356 apertas
1840 1285 2112 1341 bellorum

519 1379 704 1435 clades
759 1394 1016 1444 successu
1099 1379 1298 1434 misero
1363 1379 1704 1434 clandestina
1767 1378 2040 1448 pernicies
2096 1396 2108 1432 :

520 1475 720 1546 quippe
745 1473 790 1505 '°
818 1473 884 1528 T.
926 1473 1167 1543 Geganio
1200 1481 1257 1528 et
1290 1473 1350 1528 P.
1385 1471 1620 1528 Minucio
1643 1471 1982 1536 consulibus,
2007 1469 2114 1526 duo

513 1566 603 1621 vel
633 1565 864 1620 maxima
888 1565 1135 1619 omnium
1165 1563 1432 1619 malorum
1457 1564 1925 1630 abominamenta,
1945 1561 2116 1615 fames

516 1669 571 1714 ct
621 1658 933 1727 pestilentia
975 1658 1172 1713 fessam
1207 1657 1408 1713 Urbem
1455 1657 1797 1727 corripuere.
1828 1654 2112 1710 Cessatum

2227 447 2279 500 in
2309 463 2483 518 pugna
2512 449 2713 503 Manlio
2734 451 2964 505 consule
2987 460 3041 506 et
3070 451 3240 506 Fabio
3264 451 3620 519 "consulari,
3641 454 3710 508 Μ.
3729 454 3826 508 Fa-

2221 542 2341 598 bius
2381 543 2570 597 consul
2617 544 2728 614 99
2767 544 3005 598 oblatum
3049 544 3149 599 sibi
3189 560 3220 599 a
3256 555 3447 599 senatu
3490 545 3824 615 triumphum

2222 634 2267 666 "
2280 635 2557 703 suscipere
2573 637 2992 708 recusarit,quia
3009 637 3168 691 tantis
3181 637 3511 707 Reipublicae
3527 639 3827 695 detrimen-

2221 727 2288 780 tis
2311 727 2484 782 luctus
2522 728 2698 798 potius
2725 728 3046 784 debebatur.
3081 728 3483 784 Gloriosissima
3522 731 3565 760 ³⁷
3590 731 3678 786 illa
3725 749 3829 786 nu-

2228 835 2377 873 mero
2389 830 2442 874 et
2457 820 2656 876 viribus
2674 820 2963 874 Fabiorum
2982 820 3617 889 lamilia,”Veientanum
3633 823 3826 878 sortita

2218 913 2789 983 certanten,[quantatn
2821 913 3154 984 Reipublicae
3185 914 3480 970 orbitatem
3504 929 3702 971 occasu
3725 931 3826 972 suo

2216 1004 2477 1071 intulerit,
2510 1006 2802 1061 infamibus
2825 1006 2868 1039 ⁸⁹
2895 1006 3141 1077 usquead
3159 1021 3302 1061 nunc
3327 1008 3628 1076 voeabulis,
3656 1018 3827 1064 testes

2215 1107 2343 1152 sunt
2363 1096 2407 1128 ⁸ο
2430 1097 2627 1152 ﬂuvius
2648 1097 2737 1168 qui
2761 1097 3018 1168 perdidit,
3039 1109 3092 1154 et
3117 1108 3267 1168 porta
3290 1097 3332 1130 δι
3357 1115 3476 1169 qua:
3499 1099 3667 1155 misit.
3688 1100 3824 1155 Nam

2215 1203 2336 1244 cum
2364 1189 2410 1220 "
2440 1205 2535 1244 sex
2564 1199 2621 1245 et
2649 1191 2881 1245 trecenti
2908 1189 3088 1257 Fabii,
3117 1204 3246 1246 vere
3265 1191 3567 1245 clarissima
3590 1191 3823 1246 Romani

2216 1292 2390 1339 status
2416 1283 2641 1352 lumina,
2673 1284 2911 1355 speciale
2940 1282 3045 1338 sibi
3075 1284 3336 1339 adversus
3361 1283 3406 1315 ’⁵³
3441 1282 3696 1339 Veientes
3724 1283 3824 1340 de-

2217 1377 2363 1431 cerni
2387 1376 2588 1432 belluin
2614 1377 3004 1446 expetivissent
3021 1419 3035 1441 ,
3062 1391 3213 1443 Spem
3242 1385 3446 1431 temere
3471 1387 3704 1446 sumpta:
3729 1393 3829 1431 ex-

2219 1467 2513 1539 peditionis
2552 1469 2740 1538 primis
2786 1469 3134 1525 successibus
3180 1467 3530 1524 ﬁrmaverunt
3570 1486 3583 1522 :
3623 1469 3831 1525 dehinc

2219 1561 2426 1618 inducti
2471 1565 2522 1618 in
2565 1563 2811 1629 insidias,
2853 1563 3311 1632 circumventique
3348 1561 3394 1592 “
3431 1562 3500 1615 ab
3545 1561 3828 1629 hostibus,

2220 1671 2408 1712 omnes
2430 1657 2629 1712 ibidem
2658 1655 2907 1711 trucidati
2934 1664 3062 1711 sunt
3085 1671 3099 1716 :
3125 1670 3234 1710 uno
3259 1664 3464 1710 tanttun
3490 1653 3535 1685 ⁸³
3560 1655 3628 1710 ad
3652 1671 3832 1710 enun-

517 1761 603 1807 cst
626 1752 898 1822 paulisper
926 1765 956 1804 a
986 1751 1208 1821 praeliis,
1228 1761 1501 1805 cessatum
1532 1749 1768 1804 tamen"
1789 1763 1818 1802 a
1843 1748 2108 1802 mortibus
2141 1749 2189 1810 B
2217 1748 2452 1803 tiandam
2485 1749 2694 1803 cladem
2726 1747 2772 1778 ⁸⁸
2800 1755 3104 1814 reservato,
3137 1756 3194 1802 ut
3215 1745 3464 1803 miserius
3488 1745 3710 1801 audiret
3735 1763 3833 1817 ιιςιο

516 1860 624 1898 non
655 1854 760 1898 est.
792 1842 837 1873 ³²
872 1841 1124 1896 Veientes
1163 1850 1217 1896 et
1259 1841 1494 1909 Etrusci,
1538 1856 1736 1912 graves
1790 1843 1997 1907 hostes,
2030 1838 2126 1894 ad-

510 1935 715 2003 junctis
754 1934 857 1989 sibi
890 1934 1245 1990 ﬁnitimorum
1288 1935 1494 2004 copiis,
1533 1936 1584 1989 in
1625 1935 1762 1990 bella
1802 1944 2122 2005 surgentes,

514 2027 686 2083 obviis
711 2028 778 2083 Μ.
804 2026 989 2098 Fabio,
1010 2039 1063 2083 et
1080 2028 1181 2084 Gn.
1204 2028 1249 2059 ³⁸
1266 2029 1462 2084 Manlio
1495 2029 1818 2086 consulibus
1849 2032 2132 2102 excipiun-

512 2118 744 2174 turzubi
775 2129 889 2191 post
921 2129 1319 2176 sacramentum
1333 2121 1648 2191 jurationis,
1672 2139 1782 2194 quo
1806 2137 1866 2179 se
1899 2117 2132 2179 Romani

527 2211 886 2280 devoverant,
913 2230 1021 2268 non
1054 2213 1158 2288 nisi
1187 2226 1304 2285 pust
1336 2217 1620 2272 victoriam
1655 2219 1720 2273 ad
1767 2229 1948 2276 castra
1982 2222 2130 2279 redi-

528 2311 700 2373 turos,
733 2305 1041 2362 adeoatrox
1061 2316 1339 2364 certamen
1355 2303 1605 2376 luit,”et
1627 2309 1782 2366 victis
1815 2299 2129 2370 victoribus-

2231 1841 2330 1896 tria
2379 1841 2654 1911 perditos,
2685 1856 2845 1912 quam
2884 1839 3224 1911 perdidisset.
3259 1839 3339 1894 Ad
3365 1839 3478 1893 lia-c
3504 1854 3612 1892 non
3638 1839 3833 1893 Bonna:

2230 1943 2436 1989 tantum
2471 1933 2596 1987 talia
2627 1934 2975 2004 gerebantur,
3005 1930 3099 1986 sed
3133 1945 3360 2002 quaeque
3405 1931 3686 2000 provincia
3716 1932 3838 1986 suis

2232 2026 2447 2098 ignibus
2486 2026 2786 2081 aestuabat:
2818 2035 2894 2090 et,
2925 2023 3067 2094 quod
3101 2031 3260 2094 poeta
3293 2023 3603 2105 prmcipuus
3633 2023 3687 2078 in
3720 2039 3835 2078 una

2230 2123 2364 2179 urbe
2389 2121 2698 2192 descripsit,
2727 2135 2829 2191 ego
2857 2120 2925 2176 de
2957 2128 3068 2175 toto
3099 2119 3230 2174 orbe
3258 2118 3302 2150 ⁸⁷
3331 2117 3561 2174 dixerim
3593 2134 3607 2171 :

2619 2299 2662 2326 ί.
2919 2253 3141 2326 Crudelis
3171 2253 3358 2326 tibique
3398 2305 3428 2326 λ.
3486 2314 3496 2324 υ

2356 2316 2556 2380 Luctus,
2581 2315 2766 2382 ubique
2795 2329 2960 2379 pavor,
2987 2321 3038 2366 et
3058 2315 3264 2379 plurima
3282 2315 3460 2365 mortis
3484 2315 3663 2379 imago.

1808 2511 2260 2592 ttAVERCAMPt
2301 2517 2534 2591 Nom.

589 2694 681 2750 20.
708 2691 777 2748 In
800 2693 892 2748 illo
913 2701 1032 2747 tunc
1047 2692 1200 2765 bello.
1222 2691 1421 2765 lnedd.
1440 2690 1787 2750 Fabricianis
1809 2701 1864 2748 et
1893 2694 2116 2765 MOgun-

525 2767 638 2821 tina
681 2767 882 2820 {rustra
914 2779 1133 2833 quarras
1169 2763 1304 2818 illud
1330 2764 1406 2831 in,
1435 2764 1581 2834 quod
1610 2778 1801 2821 omnes
1824 2776 1953 2822 ante
1981 2763 2119 2823 editi

528 2851 651 2908 cum
682 2850 815 2908 mss.
846 2835 1066 2908 cunctis
1087 2834 1366 2908 exhibent:

591 2907 681 2961 21.
719 2904 1068 2961 Emolumenti
1095 2906 1234 2960 tulit.
1252 2905 1312 2961 ln
1339 2904 1618 2973 Perizon.,
1643 2906 1974 2964 emolumenti
1993 2925 2117 2964 con-

522 2979 672 3044 tulit;
716 2975 767 3032 in
816 2975 988 3048 Lugd.
1018 2976 1160 3032 Batt.
1205 2991 1316 3045 pr.,
1345 2987 1540 3048 quarto
1581 2987 1635 3033 et
1669 2979 1810 3034 Coll.
1845 2978 2115 3048 Gronov.,

521 3048 848 3106 emolumenti
879 3047 999 3102 tulit
1026 3048 1120 3103 eis.

591 3119 681 3174 22.
714 3118 843 3174 Cum
865 3117 942 3174 Μ.
991 3117 1193 3192 V_a_lerio
1223 3117 1496 3192 dictatore.
1531 3119 1701 3192 Hujus
1746 3121 1942 3176 Valerii
1975 3137 2111 3191 prte-

521 3206 726 3264 nomen
749 3201 984 3264 est,_non
1011 3187 1244 3255 Marcus,
1277 3193 1372 3264 sed
1402 3187 1634 3264 Manius,
1667 3206 1721 3248 ut
1746 3210 1814 3248 ex
1840 3187 2113 3264 fragtiien-

521 3263 598 3318 tis
619 3261 1436 3334 Triumphorumcognoscitur.
1469 3263 1760 3334 Dionysius
1781 3261 1947 3319 etiam
1971 3265 2113 3320 libro

518 3342 676 3387 sexto
707 3332 862 3409 illum
893 3331 1128 3409 appellat
1150 3333 1331 3388 Μάνιον
1343 3331 1623 3409 ’(ξραλέριοῦ
1645 3335 1853 3409 ἀδελφὸν
1873 3337 2110 3409 Ποπιλίφυ

519 3410 614 3527 ἑοῦ
664 3407 874 3527 πρὲτου
927 3405 1340 3464 ὑπατεύσαντος.
1384 3405 1463 3459 Tu
1511 3409 1628 3476 lege
1677 3405 2000 3462 Cicet'Ottetn
2058 3408 2109 3462 in

568 3481 707 3527 ruto.
783 3489 903 3527 sua.
1215 3519 1220 3527 .

568 3481 707 3528 Γυιο.
738 3481 903 3528 FABB.

1007 3546 1180 3618 Lugd.
1207 3519 1347 3601 Βυιι.
1379 3557 1490 3602 tres
1521 3563 1643 3602 cum
1666 3547 1806 3606 Coll.
1839 3551 2107 3622 Gronov.,
2138 3531 2183 3594 (ἶ

463 3640 486 3648 ’λ
518 3615 837 3687 pernicitate.

595 3689 686 3742 24.
718 3687 1086 3763 I’ertlitionem.
1138 3689 1308 3758 Lugd.
1338 3691 1451 3743 Bat.
1484 3702 1688 3758 quart.,
1732 3711 1821 3760 per
1851 3696 2108 3763 proditio-

523 3775 659 3833 nem,
690 3759 844 3833 quasi
875 3761 1058 3833 vellet,
1091 3763 1430 3833 proditionem
1469 3767 1606 3833 ejus,
1630 3759 1740 3819 etc.

706 3831 973 3903 Spirabat.
1005 3831 1135 3888 Cod.
1170 3832 1413 3903 LOugob.
1439 3830 1560 3887 cum
1593 3835 1728 3889 Ultr.
1759 3835 2104 3898 :inspirabal.

591 3900 682 3952 ‘26.
719 3900 1066 3956 Mittitaretur.
1116 3904 1207 3960 Sic
1253 3900 1464 3958 rustitui
1488 3947 1501 3970 ,
1534 3904 1635 3959 hoc
1667 3924 1730 3960 ex
1773 3909 2105 3961 meditaretur

520 3981 576 4024 et
608 3971 899 4024 imitaretur
925 3987 944 4025 .'
973 3983 1028 4026 et
1061 3973 1289 4030 imitatio
1328 3986 1413 4029 est
1455 3974 1803 4031 Sallustiana.
1832 3977 1998 4037 Laur.
2034 4009 2103 4020 --

520 4040 601 4096 Ex
661 4057 790 4094 mss.
851 4043 1003 4113 solus
1055 4041 1194 4097 hanc
1242 4045 1564 4113 comprobat
1609 4045 1748 4100 Ultr.
1803 4047 2099 4104 Verissima

520 4122 700 4189 tamen
730 4111 1042 4189 emendatio
1071 4121 1177 4189 est.
1213 4126 1267 4189 et
1293 4111 1385 4189 vel
1412 4115 1887 4189 unosuﬂ‘ragante
1912 4120 2099 4176 codice

517 4181 852 4258 recipienda,
872 4182 1136 4258 Meditari
1164 4186 1307 4240 enim
1327 4184 1397 4240 de
1427 4187 1628 4258 capite,
1652 4189 1703 4242 in
1728 4181 1834 4257 ἷιιιο
1859 4191 2099 4258 pruden-

519 4254 590 4307 tia
625 4262 728 4318 est,
755 4251 983 4308 minitari
1012 4255 1081 4331 de
1109 4271 1358 4331 corpore,
1388 4257 1533 4329 quod
1561 4257 1612 4312 vi
1643 4251 1895 4314 manuum
1926 4263 2092 4331 valet,

512 4338 752 4391 congrue
774 4335 829 4379 et
857 4334 1006 4381 recte
1027 4326 1248 4383 dicitur.

582 4395 683 4477 ‘27..
710 4395 1016 4478 fictumque.
1043 4396 1216 4469 Lugd.
1251 4400 1366 4454 Bat.
1415 4416 1525 4470 pr.,
1565 4403 1770 4470 Actum,
1803 4413 1857 4459 et
1885 4417 2007 4459 mox
2039 4406 2094 4459 ni

510 4481 608 4535 pro
630 4483 750 4521 nisi.

581 4538 669 4613 28.
697 4538 1066 4613 Subrepsisset.
1105 4541 1334 4613 Vulgata
1369 4542 1484 4598 hare
1523 4553 1576 4600 et
1609 4562 1732 4601 vera
1781 4545 1944 4602 lectio
1981 4557 2086 4603 est.

505 4606 677 4692 Lugd.
724 4606 875 4692 pati;
897 4621 1014 4692 tres
1057 4630 1179 4668 cum
1212 4606 1370 4692 ‘Coll.
1415 4614 1663 4672 Gronov.
1705 4626 1761 4674 et
1790 4618 1880 4672 ed.
1920 4621 2084 4689 Aug.,

502 4682 859 4750 subripuisset.
896 4683 1070 4751 Meus,
1097 4689 1424 4742 surrexisset.

576 4751 664 4805 29.
699 4751 858 4824 Urget
885 4770 957 4827 se.
993 4755 1227 4811 Vetusta:
1252 4759 1502 4827 quaedam
1537 4759 1804 4816 editiones
1836 4763 1974 4815 enim
2004 4761 2086 4816 in-

505 4830 799 4898 terserunt,
828 4834 901 4898 at_
927 4825 1085 4898 Aug.
1109 4841 1214 4882 non
1255 4825 1516 4898 agnoscit.
1547 4839 1603 4885 et
1632 4843 1778 4886 recte
1809 4832 1938 4888 fecit
1979 4831 2081 4886 Fa-

498 4889 727 4973 bricius,
759 4889 905 4973 quod
931 4889 1190 4973 exsulare
1209 4889 1451 4968 jusserit.
1489 4899 1704 4972 Urguet,
1736 4911 1866 4971 etc.,
1892 4905 2084 4960 scribit
2109 4913 2162 4973 D

496 4961 628 5039 cod:
654 4961 998 5039 [ρης-οι)πὼ
1027 4977 1082 5024 et
1109 4968 1186 5023 sic
1209 4961 1450 5039 semper.

567 5034 659 5088 50.
689 5033 748 5086 T.
780 5034 1012 5107 Geganio
1031 5049 1076 5094 et
1105 5039 1172 5092 Ρ.
1199 5033 1452 5096 Minucio.
1487 5043 1694 5098 Prioris
1716 5046 1962 5101 consulis
1983 5063 2081 5100 no-

494 5117 618 5156 men
643 5108 902 5160 mendose
933 5120 1049 5164 erat
1075 5109 1128 5163 in
1163 5111 1312 5166 libris
1341 5113 1544 5168 Orosii.
1576 5113 1819 5170 Fuerunt
1850 5117 1901 5171 hi
1929 5133 2076 5174 coss.

487 5174 677 5256 ortuab
703 5175 764 5256 υ⁵
796 5190 846 5231 c.
875 5192 1048 5256 (ζει-ξι.
1081 5180 1224 5251 Lege
1248 5184 1565 5256 yionysium
1592 5187 1745 5242 initio
1773 5189 1892 5243 libri
1921 5206 1992 5244 vu
2022 5199 2079 5246 et

487 5242 802 5327 Ll't'ittmmitl
852 5263 912 5302 ιι.
959 5249 1124 5327 Fami.
1154 5242 1453 5327 Z—ljomén
1495 5258 1692 5327 prioris
1731 5242 1991 5315 consulis
2019 5242 2075 5317 in

489 5316 658 5402 tribus
684 5315 927 5402 Florent.
953 5325 1215 5402 scribitur
1235 5315 1606 5402 Corsorum-sed
1647 5331 1696 5382 in
1729 5346 1841 5386 sec.
1874 5315 2072 5399 super:

484 5391 739 5471 scribitur
769 5389 1035 5471 Ges-aonio,
1060 5411 1181 5471 gnte
1204 5398 1367 5471 lectio
1391 5389 1479 5454 est.
1503 5402 1554 5454 in
1591 5403 1822 5455 Vetttstis
1849 5389 1974 5457 edd.
2008 5413 2064 5457 et

482 5462 815 5534 l-ttas.ill'il)u3
857 5463 1023 5534 Lugd.
1063 5466 1200 5520 Batt.
1233 5478 1287 5523 et
1327 5469 1462 5523 Meo.
1514 5472 1758 5528 I’ct'iZOII.
1807 5474 1956 5534 dein,
1997 5473 2061 5530 Ρ.

481 5529 655 5614 {lucio
681 5549 788 5614 .pro
823 5534 894 5614 Ρ.
936 5529 1440 5614 Minucioprol‘ert.
1484 5541 1718 5596 Munisio
1761 5543 1860 5597 Ed.
1895 5529 2062 5614 Aug.,

479 5599 725 5657 Numisio
755 5608 922 5672 prima
943 5647 957 5671 ,
990 5599 1230 5662 Numitio
1260 5611 1432 5665 Paris.

545 5673 632 5753 ξι.
657 5674 700 5728 Α
747 5679 1015 5755 mortibus.
1045 5679 1214 5755 Meus,
1252 5683 1488 5755 motibus.
1515 5684 1620 5740 Sed
1662 5684 1886 5755 Vulgata
1940 5703 2057 5741 tnu-

471 5745 574 5795 tari
620 5759 727 5802 non
758 5745 944 5817 debet,
977 5767 1010 5806 a
1056 5754 1305 5809 mortibus
1353 5754 1603 5812 videlicet
1641 5745 1896 5812 cessatum
1945 5774 2052 5815 non

2220 2705 2325 2756 est.
2358 2704 2586 2766 propter
2618 2693 2815 2750 famem
2863 2701 2918 2766 et
2965 2690 3358 2766 pestilentiam,
3389 2706 3510 2766 qua:
3541 2691 3742 2766 multa;
3776 2707 3847 2754 οι

2221 2762 2478 2823 imbelles
2507 2777 2564 2823 et
2613 2767 2786 2822 fortes
2824 2763 2992 2820 etiam
3037 2763 3249 2819 animas
3293 2762 3360 2818 ad
3404 2763 3606 2818 inferos
3648 2765 3840 2821 raise-

2222 2849 2366 2894 runt.

2294 2909 2385 2966 52.
2424 2908 2660 2964 Veientes
2709 2916 2756 2962 et
2800 2904 3032 2961 Etrusci.
3064 2905 3328 2976 Copulam
3371 2913 3418 2959 et
3461 2903 3640 2960 delent
3686 2906 3842 2964 Flo-

2221 2990 2384 3036 rentt.
2421 2996 2501 3049 pr.
2533 2990 2589 3035 et
2622 2993 2738 3035 see.
2781 2994 2908 3033 cum
2948 2977 3088 3034 Coll.
3121 2977 3361 3034 Gronov.
3398 2985 3457 3031 ut
3489 2987 3540 3032 et
3577 2990 3839 3049 quatuor

2221 3049 2390 3120 Lugd.
2427 3052 2569 3106 Batt.
2601 3066 2724 3106 cum
2758 3049 2929 3104 Periz.
3202 3118 3247 3120 η
3293 3118 3301 3120 Δ
3334 3119 3339 3120 γ
3857 3086 3862 3090 .

2295 3118 2383 3177 35.
2420 3123 2641 3177 Manlio.
2669 3121 2840 3190 Lugd.
2877 3121 2994 3176 Bat.
3029 3129 3159 3187 tres,
3191 3118 3400 3191 Mallio,
3431 3134 3546 3188 qua:
3572 3135 3836 3191 corrup-

2224 3192 2434 3249 tiobuic
2466 3189 2820 3262 nominiapud
2845 3194 3163 3247 Suetonium
3195 3201 3248 3246 et
3275 3189 3410 3245 alios
3435 3191 3736 3261 scriptoses
3760 3189 3833 3250 in

2222 3281 2353 3319 mss.
2380 3267 2580 3333 passim
2612 3265 2854 3319 accidere
2883 3265 3041 3318 solet.

2293 3337 2381 3391 54.
2409 3337 2474 3389 Et
2500 3339 2665 3391 victis.
2696 3335 2832 3389 Edd.
2853 3342 3012 3401 vett.,
3040 3334 3108 3390 Ut
3138 3333 3279 3389 victis
3310 3333 3676 3404 victoribusquc
3711 3356 3836 3407 par

2222 3407 2391 3474 forma
2414 3419 2560 3463 esset.
2587 3408 2692 3465 Sed
2726 3419 2853 3462 esset
2887 3408 2954 3461 ab
2976 3409 3065 3462 ed.
3101 3410 3235 3475 Aug.
3263 3407 3439 3461 abest.

2291 3477 2378 3532 55.
2405 3477 2699 3534 Consulari.
2729 3480 2825 3534 Ed.
2854 3479 3015 3546 Aug.,
3047 3479 3424 3545 proconsulari.

2288 3551 2374 3604 36.
2407 3550 2684 3621 Suscipere
2712 3554 2985 3604 recusarit.
3019 3551 3256 3618 Reposui
3291 3565 3356 3603 cx
3389 3550 3554 3604 tribus
3579 3549 3834 3608 Floron-

2216 3619 2343 3674 tinis
2383 3634 2435 3676 ct
2477 3619 2611 3678 Ultr.
2656 3622 2879 3689 Meoque
2925 3638 3020 3690 pio
3068 3632 3346 3675 recusaret.
3382 3621 3624 3676 Pcrizou.
3652 3625 3836 3683 delet

2212 3695 2490 3758 suscipere,
2525 3711 2620 3760 pro
2660 3710 2765 3761 quo
2796 3695 3018 3754 recipere
3053 3695 3211 3746 habet
3241 3691 3381 3747 Coll.
3417 3693 3649 3746 Gronov.

2283 3765 2369 3816 57.
2404 3763 2509 3819 Illa
2557 3783 2764 3819 numero
2793 3775 2839 3817 ct
2870 3766 3082 3818 viribus.
3114 3765 3262 3818 Meus
3291 3765 3489 3820 mavult
3517 3778 3560 3816 et
3588 3783 3834 3823 numero

2206 3845 2254 3887 ct
2293 3837 2515 3902 viribus,
2558 3849 2609 3889 at
2653 3837 2810 3890 codd.
2845 3835 3016 3903 Lugd.
3060 3835 3199 3888 Batt.
3247 3852 3348 3901 pr.,
3387 3846 3589 3899 tert.,et
3618 3854 3828 3904 quart.

2208 3921 2347 3960 cum.
2383 3909 2520 3960 (’Ioll.
2546 3910 2781 3963 Gronov.
2811 3910 2890 3963 sic
2921 3921 3092 3960 locum
3122 3906 3456 3959 onusti-nunt
3485 3905 3712 3962 :Clot‘io
3750 3913 3832 3964 is-

2204 3976 2334 4030 aima
2371 3980 2464 4032 illa
2499 3979 2681 4032 cohors
2725 3996 2936 4032 numero
2969 3989 3015 4031 et
3043 3979 3234 4041 viribus
3265 3976 3572 4045 Fabiorum,
3616 3977 3832 4035 Vcien-

2202 4054 2400 4102 Ianum.

2273 4119 2362 4173 58.
2408 4119 2761 4175 Veientanum.
2799 4121 2896 4174 Ed.
2926 4118 3094 4190 Aug.,
3133 4119 3446 4173 Veientium.

2273 4190 2362 4245 59.
2401 4192 2572 4261 Usque
2598 4193 2666 4246 ad
2697 4207 2851 4246 nunc.
2887 4193 2969 4246 Ita
2998 4207 3130 4246 mss.
3160 4190 3431 4246 Florcntt.
3458 4206 3643 4247 omnes
3678 4211 3823 4252 cum

2199 4260 2450 4326 reliquis:
2483 4260 2539 4319 at
2569 4263 2692 4319 edd.
2728 4274 2980 4329 veteres,
3013 4278 3174 4331 usque
3206 4277 3365 4315 nunc.

2267 4331 2361 4387 40.
2392 4333 2612 4389 Flavius
2638 4337 2728 4405 qui
2755 4335 2998 4406 perdidit,
3025 4344 3072 4386 et
3105 4345 3272 4406 porta.
3304 4331 3522 4406 Fluvius
3547 4332 3822 4394 Cremera

2195 4399 2312 4469 fuit,
2351 4416 2501 4464 porta
2543 4399 2903 4460 Carmentalis.
2948 4405 3152 4468 Livius,
3199 4403 3500 4472 Dionysius,
3532 4416 3584 4459 et
3625 4406 3814 4466 Ovid.

2195 4472 2318 4525 libr.
2347 4491 2382 4529 ιι
2403 4476 2549 4530 Fast.
2577 4477 2740 4532 Faun.
2768 4507 2830 4518 -—
2855 4478 3026 4534 Fluvii
3053 4491 3250 4530 nomen
3282 4477 3334 4530 in
3365 4477 3500 4530 Meo.
3535 4475 3812 4537 i’erizon.

2193 4553 2247 4597 et
2284 4545 2457 4616 Lugd.
2499 4549 2622 4602 Bat.
2663 4557 2856 4619 quarto
2884 4548 3173 4603 ascribitur
3203 4545 3472 4602 Chiemera
3504 4547 3625 4616 (pro
3663 4553 3806 4605 Cre-

2191 4621 2354 4685 mera)
2384 4619 2598 4687 ﬂuvius,
2639 4631 2742 4676 etc.

2259 4689 2348 4743 41.
2388 4691 2516 4756 Qum
2542 4693 2698 4745 misit.
2729 4694 2820 4748 Sic
2847 4701 3030 4746 amant
3057 4689 3355 4764 Florentini
3388 4698 3497 4744 tres
3525 4700 3577 4744 et
3601 4689 3802 4764 Lugd.

2189 4755 2306 4838 iiut.
2343 4755 2425 4838 pr.
2448 4777 2574 4838 cum
2602 4765 2742 4820 (Soli.
2773 4764 3015 4838 Gronov.
3046 4773 3101 4817 et
3129 4760 3216 4817 ed.
3250 4761 3389 4832 Aug.
3424 4777 3658 4830 meoque
3695 4755 3804 4822 Eo-

2185 4829 2592 4903 dice.’\'ulgati,
2620 4853 2736 4903 qua:
2763 4836 2948 4889 emisit.
2999 4887 3002 4889 λ
3341 4829 3361 4832 ⁷
3515 4883 3522 4892 .

2258 4901 2348 4976 42.
2389 4901 2497 4960 Sea:
2539 4901 2587 4961 et
2629 4901 2837 4962 trecenti
2880 4905 3048 4962 Fabii.
3082 4903 3334 4961 Ridicule
3373 4904 3462 4960 ed.
3490 4903 3659 4976 Aug.,
3699 4925 3805 4964 sex

2185 4974 2352 5029 millia
2378 4987 2423 5030 et
2451 4993 2547 5032 ccc
2576 4979 2750 5034 Fabii.

2255 5047 2647 5122 45.__Veientes.
2689 5051 2858 5122 Lugd.
2908 5051 3046 5106 Batt.
3095 5065 3200 5119 pr.,
3234 5057 3358 5104 tert.
3392 5059 3443 5106 et
3472 5050 3609 5106 Coll.
3642 5051 3805 5108 Gro-

2185 5132 2312 5172 nov.
2349 5119 2678 5176 Veientanus.

2252 5190 2341 5262 rit.
2374 5191 2450 5244 Ab
2493 5194 2743 5249 hostibus.
2781 5193 2948 5262 Lugd.
2980 5193 3098 5248 Bat.
3129 5209 3268 5259 sec.,
3293 5193 3357 5246 ab
3384 5193 3548 5248 hoste.

2250 5259 2340 5315 45.
2373 5263 2455 5316 Ad
2483 5259 3116 5320 enuntiandam—cladem.
3138 5267 3275 5320 Coll.
3295 5265 3533 5321 Gronov.
3561 5277 3621 5322 et
3649 5269 3785 5324 cod.

2181 5331 2318 5406 Ultr.
2351 5345 2405 5387 ut
2437 5345 2491 5388 et
2520 5333 2690 5406 Lugd.
2728 5337 2865 5391 Batt.
2897 5351 3000 5404 pr.,
3027 5351 3139 5391 sec.
3168 5351 3220 5392 et
3245 5337 3522 5404 Perizon.,
3544 5342 3613 5392 ad
3644 5357 3793 5394 nun-

2167 5405 2418 5482 tiandam.
2439 5405 2621 5482 ‘Flor.’
2647 5422 2784 5474 sec.,
2814 5409 2881 5462 ad
2920 5409 3345 5462 denuntiandam.
3382 5408 3479 5465 Ed.
3506 5412 3674 5482 Aug.,
3705 5415 3788 5465 ad

2167 5477 2539 5530 enuntiandum
2555 5519 2567 5531 .

2236 5545 2327 5621 4b.
2361 5548 2654 5621 Iieservato.
2689 5550 2861 5621 Lugd.
2893 5552 3012 5606 Bat.
3045 5562 3246 5618 quart.,
3275 5563 3496 5607 servato.

2237 5618 2326 5694 t7.
2371 5617 2627 5694 Diaei-im.
2673 5617 2793 5678 lidf
2817 5639 2903 5692 pr.
2951 5633 3007 5679 et
3037 5617 3254 5680 Venetae
3283 5641 3405 5680 cum
3437 5625 3641 5694 Paris,
3675 5628 3779 5682 de-

2167 5690 2478 5760 scripserint.
