4088 6170
520 243 631 311 759

1925 245 2134 307 PAULI
2168 246 2396 308 OROSII

3712 246 3811 311 700

519 376 858 440 reparatam,
908 367 1065 427 multi
1120 367 1431 441 prodidere.
1479 366 1607 424 llaec
1628 405 1644 436 ,
1683 366 1864 437 campi
1903 366 2127 435 planitie
2150 366 2209 429 Δ
2231 367 2403 437 prima
2432 366 2481 400 ³⁸
2504 370 2626 437 post
2650 366 3050 439 reparationem
3078 366 3301 425 humani
3332 363 3546 441 generis
3574 363 3806 435 condita,

523 467 764 537 undique
792 468 1105 537 conspicua,
1137 474 1328 521 natura
1352 465 1454 521 loci
1492 463 1790 533 laetissima,
1818 470 2128 520 castrorum

520 560 666 615 facie
691 558 963 615 moenibus
988 559 1212 628 paribus
1240 572 1337 628 per
1365 557 1631 627 quadrum
1672 555 1966 625 disposita,
2002 569 2126 610 mu-

522 664 710 705 rorum
732 650 851 720 ejus
879 650 965 704 vix
998 650 1039 683 ¹⁹
1070 649 1356 704 credibilis
1381 649 1555 703 relatu
1583 648 1815 703 ﬁrmitas
1844 655 1901 703 et
1920 647 2130 718 magni-

522 744 682 809 tudo,
717 745 768 799 id
810 754 915 813 est,
960 744 1006 776 ²⁰
1054 743 1343 799 latitudine
1371 742 1679 798 cubitorum
1712 742 2126 813 quinquaginta,

526 837 810 892 altitudine
837 845 1029 908 quater
1070 844 1237 891 tanta.
1279 835 1550 891 Caeterum
1582 834 1818 890 ambitus
1843 834 1964 904 ejus
1997 848 2131 904 qua-

528 929 832 999 dringentis
853 938 907 984 et
932 929 1209 1000 octoginta
1240 927 1435 983 stadiis
1458 927 1909 983 circumvenitur.
1944 927 2130 985 Murus

525 1020 571 1052 ²¹
600 1019 783 1075 coctili
825 1020 992 1076 latere
1021 1030 1185 1091 atque
1222 1022 1269 1052 ²²
1299 1020 1567 1075 interluso
1609 1019 1878 1075 bitumine
1907 1034 2130 1090 compa-

525 1122 664 1183 ctus,
700 1112 842 1168 fossa
883 1113 1227 1170 extrinsecus
1267 1114 1377 1169 late
1416 1123 1628 1184 patens,
1660 1114 1778 1169 vice
1820 1113 1996 1168 amnis
2024 1113 2131 1169 cir-

525 1206 793 1263 cumﬂuit.
827 1208 876 1263 A
901 1207 1082 1264 fronte
1134 1223 1439 1276 murorum,
1486 1217 1706 1264 centum
1738 1215 1913 1278 portae
1941 1221 2123 1263 aereae.

522 1299 647 1370 Ipsa
696 1308 875 1356 autem
932 1300 1164 1357 latitudo
1220 1301 1274 1356 in
1333 1301 1803 1356 consummatione
1840 1299 2132 1371 pinnarum

523 1401 760 1463 utroque
809 1393 979 1448 latere
1031 1392 1354 1449 habitaculis
1404 1393 1755 1449 defensorum
1811 1407 1969 1463 aeque
2014 1390 2131 1447 dis-

526 1483 757 1553 positis,
829 1483 879 1516 ¹³
937 1485 1116 1541 media
1180 1486 1588 1556 intercapedine
1651 1486 1737 1541 sui
1800 1485 1935 1542 citas
1998 1498 2133 1556 qua-

527 1575 714 1644 drigas
769 1576 933 1647 capit.
996 1577 1200 1634 Domus
1268 1579 1597 1634 intrinsecus
1651 1578 1807 1650 103
1846 1586 2134 1648 quaterge-

525 1666 693 1723 minte
720 1710 736 1736 ,
793 1666 840 1699 “
869 1667 1220 1724 habitationis
1253 1668 1451 1723 minaci
1507 1669 1836 1737 proceritate
1886 1668 1933 1699 "
1972 1667 2136 1723 mira-

2228 473 2375 515 nunc
2404 472 2547 530 pene
2570 459 2733 515 etiam
2760 461 2981 516 minima
3009 463 3054 496 ”
3083 475 3234 516 mora
3264 462 3405 516 victa
3432 500 3448 526 ,
3475 467 3657 530 capta,
3687 459 3807 516 sub-

2230 566 2387 607 versa
2419 560 2521 608 est.
2553 551 2631 609 lbi
2672 560 2799 610 tunc
2823 553 3066 622 Crmsus,
3090 570 3182 611 rex
3224 554 3497 627 Lydorum
3526 595 3541 622 ,
3577 554 3811 610 famosus

2230 645 2443 715 opibus,
2494 660 2618 702 cum
2664 649 2733 702 ad
2780 646 3149 703 auxiliandum
3197 646 3512 719 Babyloniis
3560 646 3811 712 venisset,

2229 736 2405 793 victus
2447 735 2492 768 ³⁰
2521 738 2757 799 sollicite
2795 738 2852 794 in
2882 754 3105 810 regnum
3146 739 3366 809 refugit.
3398 740 3574 811 Cyrus
3613 748 3814 805 autem,

2230 836 2578 899 posteaquam
2606 829 2650 861 εί
2680 829 3029 902 Babyloniam
3061 838 3120 886 ut
3157 830 3330 887 hostis
3358 831 3583 896 invasit,
3616 838 3680 885 ut
3704 831 3815 886 vic-

2231 930 2316 977 tor
2363 922 2580 988 evertit,
2633 930 2692 977 ut
2724 938 2821 979 rex
2859 922 3157 994 disposuit,
3199 924 3404 980 bellum
3450 925 3726 982 transtulit
3767 925 3817 981 in

2231 1013 2455 1086 Lydiam
2495 1030 2509 1071 :
2557 1014 2646 1070 ubi
2678 1015 2722 1047 ³¹
2754 1016 3113 1071 conterritum
3157 1016 3444 1085 superiore
3474 1015 3586 1087 jam
3636 1018 3820 1088 prmiio

2231 1107 2536 1163 exercitum
2564 1149 2580 1174 ,
2632 1107 2784 1164 nullo
2832 1108 3052 1180 negotio
3096 1109 3393 1179 superavit.
3431 1109 3613 1180 [psunt
3658 1112 3821 1166 etiam

2231 1199 2478 1257 Crcesum
2507 1199 2688 1270 cepit,
2716 1206 3045 1270 captumque
3092 1198 3138 1230 ³³
3171 1207 3229 1255 et
3256 1200 3367 1254 vita
3394 1207 3451 1255 et
3491 1199 3821 1270 patrimonio

2231 1291 2472 1348 donavit.
2505 1291 2849 1363 Exaggerare
2873 1290 2980 1346 hoc
3009 1291 3131 1347 loco
3160 1290 3504 1348 mutabilium
3533 1307 3715 1349 rerum
3745 1294 3825 1348 in-

2233 1382 2457 1440 stabiles
2498 1390 2671 1438 status
2710 1397 2818 1438 non
2848 1397 2984 1453 opus
3017 1391 3145 1439 est:
3177 1382 3227 1414 “
3253 1382 3517 1455 quidquid
3552 1385 3699 1441 enim
3743 1397 3825 1443 est

2234 1492 2400 1546 opere
2442 1484 2497 1533 et
2544 1491 2708 1532 manu
2747 1475 2973 1545 factum,
3005 1477 3112 1534 labi
3151 1485 3208 1534 et
3246 1479 3494 1534 consumi
3536 1489 3824 1548 vetustate,

2234 1567 2474 1639 Babylon
2488 1576 2645 1639 capta
2657 1568 2972 1624 conﬁrmat:
2992 1568 3148 1640 cujus
3162 1570 3389 1643 nam
3404 1570 3637 1640 primum
3654 1572 3825 1644 impe-

2237 1661 2380 1717 rium
2419 1675 2485 1717 ac
2532 1661 2969 1732 potentissimum
3005 1662 3246 1732 exstitit,
3298 1665 3375 1720 ita
3423 1663 3470 1696 ³⁵
3509 1672 3568 1720 et
3596 1665 3828 1737 primum

529 1761 688 1820 biles.
755 1763 803 1796 ’⁸
856 1763 926 1820 Et
983 1772 1161 1821 tamen
1208 1779 1404 1835 magna
1459 1763 1553 1819 illa
1614 1763 1890 1835 Babylon,
1948 1763 1995 1795 ’⁷
2043 1760 2137 1817 illa
2165 1752 2439 1822 Bcessit,
2474 1753 2521 1787 ³⁸
2551 1763 2611 1810 ut
2652 1753 2818 1812 veluti
2846 1753 3082 1825 quodam
3107 1755 3232 1828 jure
3276 1756 3625 1815 succedentis
3652 1760 3829 1818 artatis

1825 1922 2278 2011 navsncanrt
2317 1919 2553 1978 norm.

736 2071 1033 2128 Credibilis.
1074 2071 1210 2129 Edd.
1252 2086 1337 2143 pr.
1362 2111 1377 2139 ,
1429 2068 1604 2125 Paris.
1651 2075 1707 2123 et
1735 2063 1977 2131 Venetae,
2017 2077 2130 2117 cre-

606 2162 638 2198 ll
666 2162 701 2197 l.

530 2145 701 2200 dibili.

601 2216 691 2271 20.
736 2214 1036 2290 Latitudine
1071 2216 1369 2290 cubitorum
1627 2207 1861 2290 Curtius
1902 2205 2079 2290 libzhv
2109 2222 2126 2262 :

530 2287 720 2343 Murus
746 2287 1023 2340 instructus
1061 2287 1311 2341 laterculo
1336 2276 1803 2346 coctili,bitumine
1842 2276 2125 2345 interlitus,

529 2359 753 2430 spatium
778 2356 848 2430 50
875 2365 921 2410 et
944 2358 1166 2413 duorum
1195 2356 1383 2429 pedum
1412 2353 1746 2430 latitudinem
1772 2349 2127 2430 amplectitur,

527 2423 799 2502 quadriga:
824 2428 957 2502 inter
984 2443 1038 2502 se
1065 2423 1387 2502 occurrentes
1434 2427 1544 2502 sine
1585 2423 1817 2502 periculo
1846 2434 2131 2502 commeare

530 2495 795 2552 dicuntur.
831 2498 1069 2552 Altitudo
1096 2501 1231 2553 muri
1268 2499 1368 2554 100
1397 2499 1682 2551 cubitorum
1705 2495 1893 2546 eminet
1911 2495 2082 2561 spatio
2108 2508 2127 2546 :

527 2569 723 2624 Turres
750 2570 896 2640 denis
918 2570 1132 2640 pedibus
1153 2587 1305 2640 quant
1341 2586 1518 2622 murus
1547 2566 1754 2640 altiores
1780 2564 2129 2640 sun:._g'l'otius

530 2641 701 2711 aperis
721 2636 946 2693 ambitus
968 2639 1072 2695 568
1103 2636 1273 2695 stadia
1293 2639 1669 2711 complectitur.
1704 2637 1883 2711 Strab.
1915 2636 2010 2711 lib.
2037 2650 2128 2711 x_vt

518 2707 748 2781 ,seribit,
780 2725 968 2766 muros
997 2725 1118 2767 esse
1156 2713 1209 2766 in
1240 2707 1888 2781 crassitudinempedu‘m
1928 2707 2020 2781 '52,
2071 2708 2125 2762 in

530 2777 873 2835 altitudinem
894 2780 1200 2837 cubitorum
1231 2782 1320 2838 50.
1363 2781 1474 2837 Sed
1523 2778 1747 2835 Orosius
1794 2777 2124 2833 Herodotum

534 2852 803 2917 sequitur.
825 2851 968 2923 Plin.
992 2852 1087 2908 lib.
1110 2869 1185 2918 vt,
1205 2867 1324 2923 cap.
1351 2853 1444 2916 26,
1473 2850 1663 2923 scribit
1690 2848 1981 2923 Babylonis
2008 2863 2128 2904 mu-

528 2936 625 2977 ros
668 2936 790 2978 esse
820 2922 1060 2979 ducenos
1089 2919 1461 2993 pedes’altos,
1510 2920 1918 2993 quinquagenos
1964 2919 2123 2974 latos.

533 2993 701 3048 FABR.
730 3023 802 3035 --
831 2994 936 3049 Pro
967 2990 1125 3051 sexto
1164 3010 1314 3057 casu,
1347 2994 1439 3063 qui
1491 2990 1542 3045 in
1574 3006 1704 3063 mss.
1724 2990 1995 3063 omnibus
2019 3000 2123 3063 est,

534 3064 663 3118 edd.
692 3073 942 3130 vetustae,
971 3075 1205 3136 excepta
1228 3060 1558 3136 Augustana,
1588 3062 1871 3136 e_xb_ibent,
1900 3060 2124 3136 latitudo

531 3143 590 3191 et
616 3136 861 3207 altitudo.
887 3130 1146 3207 Copulam
1173 3145 1221 3191 et
1244 3130 1354 3191 tre's
1381 3151 1445 3190 ex
1489 3133 1658 3207 Lugd.
1685 3133 1826 3207 Batt.
1855 3140 1980 3185 ante
1999 3130 2123 3185 alti-

533 3206 714 3262 tudine
733 3203 1168 3278 ponuntiquater
1188 3216 1391 3262 tantum
1434 3204 1679 3278 scribunt
1722 3203 1989 3259 Florentt.
2036 3218 2120 3274 pr.

532 3286 589 3331 et
610 3277 758 3349 sec.,
788 3280 901 3349 ejus
926 3294 956 3332 a
981 3277 1153 3349 Lugd.
1189 3279 1327 3349 Batt.
1356 3292 1440 3344 pr.
1481 3277 1653 3332 abest.

601 3348 693 3402 21.
734 3345 918 3418 Coctili
948 3345 1126 3404 latere.
1174 3349 1273 3403 Ed.
1302 3348 1467 3418 Aug.,
1498 3354 1641 3400 cocto
1670 3345 1849 3418 latere.

602 3419 695 3473 22.
738 3417 1003 3487 Interfuso
1024 3420 1290 3473 bitumine.
1333 3415 1498 3472 Recte
1525 3415 1793 3485 interfusa,
1826 3430 1946 3469 nam
1975 3415 2127 3470 colli-

537 3489 781 3566 quelleri_
803 3489 1056 3566 debebat
1094 3489 1355 3566 bitumen,
1391 3492 1653 3566 χρςξζμενοιΞ
1678 3487 1916 3566 ἀσφάλτῳ
1946 3495 2123 3561 θερμῇ,

532 3555 735 3614 utentes
765 3559 1008 3614 bitumine
1030 3560 1260 3629 ferventi,
1287 3555 1462 3629 inquit
1479 3555 1784 3629 llerodotus
1811 3555 1909 3612 lib".
1938 3573 1977 3629 ι,
1998 3555 2125 3629 cap.

536 3630 663 3697 179,
698 3646 751 3701 p.
782 3631 870 3684 72.
902 3631 957 3685 ln
992 3627 1212 3686 Oriente
1259 3627 1404 3685 enim
1452 3628 1620 3701 calcis
1665 3627 2129 3701 u_sum_pr:_ebebat

534 3699 799 3770 bitumen,
834 3713 885 3757 et
918 3703 986 3757 ita
1036 3701 1423 3757 ferruminatos
1467 3699 1632 3755 luisse
1681 3699 1976 3769 Babylonis
2006 3714 2128 3753 mu-

530 3787 646 3830 ros.
678 3772 839 3827 docet
866 3788 1082 3843 quoque
1124 3773 1326 3828 Plinius
1356 3772 1452 3826 lib.
1482 3786 1650 3843 xxxv,
1679 3784 1798 3839 cap.
1850 3770 1939 3837 15,
1983 3770 2127 3839 quod

533 3856 659 3897 eum
692 3845 746 3898 in
764 3841 1011 3898 ldumaece
1041 3845 1182 3907 lacu,
1201 3842 1566 3914 ASphaltitide
1594 3841 1767 3906 dicto,
1786 3852 2124 3914 nasceretur,

528 3915 664 3967 inde
696 3929 892 3968 nomen
936 3916 1117 3977 traxit,
1155 3911 1523 3982 magnumque
1553 3920 1876 3980 proventum
1926 3911 2128 3968 accolis

532 3984 784 4051 prtebuit.
810 3985 988 4051 Quare
1018 3999 1140 4038 cum
1191 3985 1512 4051 Antigonus,
1547 3982 1687 4037 Asin
1719 3998 1835 4046 rex,
1866 3982 1969 4035 sibi
2006 3998 2130 4050 pos-

530 4053 834 4108 sessionem
866 4054 983 4122 ejus
1029 4053 1304 4108 vindicare
1344 4055 1530 4119 vellet,
1577 4068 1770 4120 magna
1800 4052 2050 4107 eumdem
2077 4054 2127 4107 vi

530 4123 601 4177 ab
645 4124 849 4179 accolis
893 4125 1172 4188 repulsum
1205 4123 1373 4178 fuisse
1398 4122 1558 4179 docet
1601 4122 1869 4178 Diodorus
1916 4122 2129 4179 Siculus

528 4193 629 4249 lib.
671 4210 789 4250 xtx.
831 4211 882 4250 n.
918 4194 1045 4250 751.
1792 4200 1802 4211 ‘

557 4194 629 4249 ib.
671 4210 789 4258 xtx,
831 4211 882 4261 p.
918 4194 1045 4250 751.
1792 4200 1802 4211 ‘

604 4264 698 4320 23.
743 4264 923 4320 Media
960 4266 1349 4337 intercapedine
1394 4267 1473 4337 sui
1520 4264 1789 4337 citas._lta
1817 4263 2024 4337 scripsi
2056 4280 2127 4321 ex

531 4337 759 4404 antiquo
788 4337 927 4391 libro
945 4334 1183 4392 Cornelii
1223 4336 1487 4392 Gualteri.
1518 4335 1780 4391 Herodut.
1813 4335 1906 4399 ita,
1936 4334 2126 4392 Ὲπάνω

525 4406 590 4486 ᾃέ
608 4414 696 4464 τοῦ
723 4411 930 4480 τείχεος
978 4411 1126 4486 παρά
1151 4412 1218 4486 τὰ
1242 4406 1479 4486 gaza-ra,
1509 4480 1520 4486 ὁ
1537 4409 1790 4486 nitentem-ot
1806 4481 1815 4486 _
1834 4407 2128 4486 μουνόκῳλα

527 4476 779 4557 ἔδειμαν,Δ
798 4476 1123 4557 ἱτὲτραμίλέἶνα
1150 4481 1203 4540 ἐς
1232 4476 1439 4557 illinitur,
1470 4480 1530 4536 τὸ
1567 4476 1721 4557 fciant:
1765 4476 1835 4557 δέ.
1845 4485 1947 4534 τῶν
1989 4481 2130 4541 οἰκη-

527 4501 761 4551 accepant.
798 4501 1123 4557 τετραμμενα
1150 4501 1203 4540 ες
1232 4501 1439 4545 animos,
1470 4502 1530 4536 το
1567 4501 1721 4602 vsa-ou
1765 4501 1819 4534 os
1845 4501 1947 4534 των
1989 4501 2125 4541 οικη-

526 4551 712 4626 μὸιτων⁸
732 4549 909 4607 ἔλιπον
932 4552 1194 4626 τιθρίππῳ
1217 4551 1532 4626 πιριέλᾳσιν.
1610 4550 1712 4626 ulla
1738 4567 1764 4626 _:
1795 4549 1992 4626 ξηραν-
2009 4566 2095 4626 ntu
2113 4581 2125 4590 -

524 4636 645 4673 rum
665 4622 800 4674 circa
823 4638 941 4675 oras
967 4620 1333 4676 eaistruaierunt
1369 4622 1551 4676 ductas
1574 4620 1914 4692 singularias,
1939 4620 2128 4692 altrin-

522 4705 670 4763 secus
686 4708 981 4757 conversas,
1026 4693 1160 4746 inter
1187 4709 1315 4756 quas
1345 4701 1542 4745 tantum
1588 4689 1988 4763 intercapedinis
2012 4707 2117 4763 _re-

520 4760 871 4834 linquebatur,
920 4770 975 4816 ut
1020 4763 1275 4834 quadriga
1318 4760 1793 4834 interagi_poss_et.'
1825 4760 1903 4816 De
1926 4760 2114 4834 ‘rebus

525 4828 649 4903 Cyri
687 4828 972 4887 Persarum
1005 4828 1148 4902 regis
1166 4828 1795 4903 excerpunt—historiam
1826 4847 1890 4885 ex
1915 4828 2109 4903 Ctesizn

525 4900 763 4972 Persicis
788 4904 957 4958 edidit
981 4904 1046 4957 Η.
1074 4900 1270 4971 Steph.
1297 4900 1417 4972 qua:
1433 4917 1554 4961 cum
1585 4900 1964 4972 chOpltontis
1988 4918 2112 4955 uar-

523 4971 734 5045 rati_one
761 4975 930 5045 magis
958 4989 1117 5044 quam
1164 4988 1286 5045 cum
1316 4971 1598 5045 illerpdoti
1636 4973 1903 5045 congruit.
1938 4971 2104 5045 Fasti.

524 5069 598 5112 έ-
624 5041 829 5112 Lcetio,
853 5041 1022 5111 quam
1056 5059 1124 5099 ex
1161 5042 1396 5099 Cornelii
1427 5043 1671 5097 Gualteri
1702 5043 1840 5099 libro
1868 5043 2110 5110 reposuit

522 5111 828 5183 Fabricius,
859 5113 1138 5170 verissima
1168 5122 1271 5169 est.
1300 5113 1595 5168 Conﬁrmat
1617 5129 1734 5168 eam
1769 5112 1993 5183 insignis
2016 5114 2108 5170 ille

521 5182 693 5238 codex
721 5182 1180 5253 Longobardicus,
1207 5195 1262 5237 ut
1293 5194 1347 5240 et
1370 5184 1522 5239 Flor.
1564 5193 1687 5239 tert.
1740 5182 1948 5255 Rellqni
1985 5199 2104 5240 om-

520 5268 623 5309 nes
654 5256 905 5312 aberrant
929 5255 1161 5324 longius,
1193 5256 1338 5311 Flor.
1372 5270 1511 5320 sec.,
1541 5256 1709 5309 media
1727 5256 2105 5324 intercapedine

518 5326 603 5379 sui
630 5326 840 5381 vinctas.
872 5325 1002 5393 Quae
1033 5325 1244 5395 quidem
1277 5327 1435 5382 lectio
1469 5327 1610 5381 illam
1632 5325 1843 5382 videtur
1870 5326 2106 5383 voluisse

514 5396 758 5469 indicare
789 5412 907 5466 qua:
932 5396 1265 5469 inveniturin
1280 5398 1405 5469 cod.
1428 5397 1697 5461 Perizon.,
1718 5396 2105 5469 junctas._Editi

512 5467 728 5536 priores
753 5478 913 5530 actas,
961 5467 1060 5522 nisi
1114 5469 1255 5536 quod
1281 5468 1448 5522 editio
1478 5467 1783 5536 Augustana
1812 5467 2101 5536 exprimat,

514 5537 687 5610 media
716 5539 1091 5610 intercapedine
1115 5538 1196 5610 sui
1215 5539 1439 5610 vicenas,
1463 5554 1585 5610 quae
1610 5538 1771 5593 lectio
1786 5550 2010 5610 quoque
2021 5547 2105 5591 εει

512 5608 569 5661 in
599 5619 827 5677 quatuor
862 5605 994 5665 mss.
1027 5609 1197 5680 Lugd.
1227 5609 1365 5663 Batt.
1396 5605 1451 5664 et
1473 5609 1608 5680 Ultr.
1641 5617 1701 5661 ut
1722 5617 1777 5663 et
1804 5605 1943 5680 Coll.
1970 5605 2101 5680 Gro-

510 5676 637 5732 nov.
686 5681 779 5751 sed
820 5690 1086 5751 expuncto
1111 5676 1240 5751 'sui.
1278 5680 1422 5734 Meus
1469 5679 1638 5751 codex
1680 5677 1924 5733 eamdem
1958 5676 2095 5731 indi-

500 5754 627 5805 care
652 5749 1041 5822 videturudum
1085 5749 1273 5809 scribit
1314 5752 1395 5807 sui
1450 5750 1592 5806 vicis.
1642 5751 1866 5806 Orosius
1909 5754 2089 5807 autem

2234 2059 2363 2114 citas
2391 2057 2674 2133 quadrigas
2697 2056 2929 2133 elegisse
2949 2055 3183 2133 videtur,
3227 2057 3359 2133 quia
3411 2061 3479 2117 ad
3500 2132 3505 2133 ί
3524 2063 3835 2133 amplitudi-

2235 2145 2358 2185 nem
2390 2127 2493 2185 lOci
2522 2127 2744 2185 omnino
2769 2127 2925 2194 facit,
2971 2127 3114 2198 quod
3138 2129 3415 2199 quadriga:
3462 2127 3635 2187 citato'
3674 2151 3834 2193 cursu

2275 2208 2604 2256 rzetervectaa
2655 2199 2860 2254 nullum
2904 2199 3134 2254 subeant
3178 2201 3477 2265 periculum
3509 2204 3831 2263 collisionis.

2234 2215 2367 2324 llam
2396 2271 2558 2324 aliam
2590 2270 2877 2324 lectionem
2908 2268 3117 2324 admitti
3150 2286 3256 2324 nun
3302 2287 3463 2324 posse
3492 2275 3656 2324 ducet
3694 2279 3831 2324 eiu-

2281 2286 2367 2326 am
2396 2271 2558 2341 aliam
2590 2270 2877 2326 lectionem
2908 2268 3117 2325 admitti
3150 2286 3256 2325 nun
3302 2287 3463 2341 posse
3492 2275 3656 2332 docet
3694 2279 3831 2334 ciu-

2234 2349 2321 2399 tus
2357 2340 3036 2415 aAE'abricioAHerodoms,
3092 2343 3246 2408 cujus
3274 2340 3442 2415 verba
3490 2357 3620 2400 sunt
3648 2348 3754 2402 lib.
3794 2366 3832 2415 ι,

2231 2427 2349 2476 cap.
2384 2412 2508 2477 179,
2542 2429 2597 2475 p.
2629 2412 2720 2477 72,
2757 2422 2960 2466 tantum
2987 2410 3410 2479 intercapedinis
3436 2415 3573 2470 intra
3603 2410 3834 2475 domun;

2231 2483 2380 2539 cuias
2410 2482 2476 2536 ad
2510 2491 2793 2551 utramque
2831 2496 3113 2536 murorum
3147 2498 3297 2539 oram
3329 2496 3635 2540 exStrttetas
3669 2489 3835 2546 fuisse

2231 2556 2503 2633 relictum,
2549 2561 2612 2633 ut_
2635 2554 2893 2633 quadriga
2942 2552 3235 2633 circumagi
3290 2569 3493 2633 posset,
3551 2560 3645 2633 Té_
3668 2563 3833 2633 μέσον

2230 2625 2284 2683 δέ
2309 2632 2409 2703 τῷν
2436 2626 2720 2703 stagneer
2764 2624 2938 2703 animi
2978 2624 3244 2703 reﬁgi-mra)
3270 2624 3585 2703 matriae“.
3616 2624 3835 2703 Perspi-

2229 2711 2330 2767 cue
2355 2695 2774 2767 itemADiodorus
2790 2696 3003 2751 Siculus
3031 2695 3127 2750 lib.
3151 2695 3223 2762 tt,
3244 2713 3297 2765 p.
3338 2695 3445 2764 '96,
3467 2702 3528 2755 τὸ
3556 2699 3614 2756 δέ
3637 2695 3833 2767 ald-Eo:

2226 2766 2397 2842 πλεῖον
2425 2765 2456 2826 ἢ
2482 2764 2631 2842 δυσὶν
2658 2765 2888 2842 ἅρμασιν
2911 2767 3220 2842 ἱππασίμου,
3244 2764 3293 2822 el
3315 2767 3540 2825 latitudo
3560 2764 3832 2842 aliquanto

2226 2840 2366 2909 plus,
2396 2853 2554 2909 quam
2591 2835 2790 2892 duobus
2832 2835 3067 2892 curribus
3106 2835 3241 2893 satis
3286 2848 3440 2905 esset,
3493 2835 3660 2912 spatii
3695 2844 3830 2900 obti-

2228 2916 2393 2965 neret.

2299 2977 2390 3036 24.
2420 2977 2794 3057 Habitationjs.
2825 2977 2900 3032 Ita
2923 2993 3113 3036 omnes
3134 2996 3292 3049 mss.;
3317 2980 3663 3041 habitationes
3690 3000 3830 3057 pm-

2229 3051 2405 3108 l'ertmt
2432 3051 2559 3105 edd.
2583 3046 2829 3116 quatdam
2861 3060 3108 3107 vetustae.

2296 3122 2388 3176 25.
2442 3120 2748 3189 Mirabiles,
2791 3120 2963 3192 Lugd.
2997 3123 3137 3179 Batt.
3170 3138 3285 3181 sec.
3317 3130 3373 3180 et
3399 3133 3587 3195 quart.
3616 3125 3830 3185 addunt

2224 3202 2392 3249 erant.

2294 3265 2386 3319 26.
2418 3262 2487 3335 Et
2512 3272 2700 3319 tamen.
2733 3261 2836 3335 Ed.
2872 3267 3032 3335 Aug.,
3067 3266 3130 3321 At
3167 3274 3359 3320 tamen.

2298 3335 2390 3390 27.
2418 3333 2525 3389 Illa
2548 3336 2737 3406 prima.
2766 3333 2922 3402 Quod
2953 3333 3138 3393 ultima
3164 3338 3281 3392 vice
3310 3337 3397 3393 hic
3429 3340 3700 3406 repetitur
3731 3343 3825 3399 illa

2234 3419 2339 3462 non
2357 3405 2658 3475 agnoscunt
2676 3405 2847 3475 Lugd.
2875 3408 3012 3462 Batt.
3030 3418 3263 3474 quatuor
3273 3423 3399 3464 cum
3423 3405 3561 3465 con.
3576 3412 3820 3469 Gronov.

2230 3487 2283 3532 et
2298 3477 2427 3560 edd.
2444 3477 2765 3560 quibusdam
2789 3478 3309 3537 vetnstis.Florentt.
3331 3495 3523 3537 omnes
3544 3491 3604 3538 et
3630 3485 3823 3558 reliqui

2230 3555 2486 3604 retinent.

2261 3619 2391 3703 .28.
2445 3617 2573 3675 Post
2618 3619 3025 3689 reparationem.
3084 3621 3186 3679 Ed.
3231 3622 3371 3694 Aug.
3397 3661 3412 3689 ,
3456 3632 3570 3695 post
3616 3643 3827 3700 separa-

2233 3700 2443 3745 tionem.

2299 3762 2390 3817 29.
2416 3760 2570 3836 Μαι-α
2596 3761 2749 3816 victa.
2782 3761 3028 3822 Ridicule
3057 3764 3197 3836 Ultr.
3224 3773 3289 3821 et_
3323 3762 3493 3835 Lugd.
3537 3766 3657 3821 Bat.
3690 3778 3821 3836 tres,

2232 3849 2380 3905 muro
2428 3832 2582 3905 victa,
2632 3843 2811 3899 quart.
2869 3851 2937 3891 ex
2995 3835 3161 3905 Lugd.
3213 3836 3353 3897 Bat.,
3398 3832 3545 3891 muro
3595 3832 3820 3898 videtur;

2230 3901 2374 4026 ἔξω,
2406 3921 2467 4026 αἳ
2492 3902 2733 3958 subversa
2761 3917 2835 3959 est
2860 3905 2986 3962 edd.
3013 3901 3259 3976 qu'redam
3287 3921 3357 3962 ex
3385 3909 3594 3978 primis.
3623 3910 3733 3966 Pro
3759 3930 3820 3967 ac

2231 4006 2246 4026 ι
2284 3989 2381 4026 etis
2412 3992 2439 4026 ε
2468 4015 2482 4026 .

2231 3982 2381 4028 Meus
2412 3982 2482 4029 et.

2302 4045 2385 4100 50.
2462 4045 2717 4102 Sollicita.
2774 4045 2912 4103 Edd.
2974 4048 3224 4121 quzedam
3289 4057 3513 4106 vetusta:
3537 4089 3554 4118 ,
3622 4052 3821 4109 sollici—

2231 4125 2429 4183 (usque.

2304 4188 2395 4241 51.
2417 4186 2776 4267 Babyloniam.
2814 4189 3113 4267 Florentini
3142 4200 3253 4247 tres
3272 4233 3288 4257 ,
3312 4192 3820 4267 ut_p:lssim_._Babg-

2231 4257 2399 4334 lenem
2418 4257 2682 4334 scribunt.
2714 4260 2885 4334 Lugd.
2914 4264 3052 4334 Batt.
3077 4270 3306 4326 quatuor
3322 4307 3345 4334 ί,
3381 4257 3554 4334 Periz.
3593 4262 3738 4320 Ultr.
3761 4257 3820 4321 rt

2236 4327 2386 4409 \iiuc.
2433 4329 2643 4409 Bello_v.
2671 4327 2819 4409 cumf
2834 4333 2972 4409 Coll.
2994 4333 3267 4409 _G'-on_ov,,
3306 4332 3648 4409 Babylonem.
3681 4336 3817 4390 Oro-

2231 4400 2344 4452 sius
2385 4401 2633 4476 exemnlo
2668 4400 2867 4476 Justini
2893 4412 2950 4458 et
2985 4402 3275 4476 Babylonia
3301 4413 3358 4461 et
3380 4400 3650 4476 Babylone
3685 4420 3815 4463 usus

2232 4471 2536 4537 promiscue
2557 4470 2725 4527 fuisse
2746 4473 2980 4529 videtur.

2302 4538 2780 4614 352L‘Conterrilum.
2812 4544 3132 4602 Vincentius
3165 4545 3561 4602 Bellovaceusis
3594 4546 3648 4602 in
3677 4547 3813 4614 Spe-

2229 4610 2583 4691 Cl.ll_t)nH_l_Slﬂ_l‘.
2619 4612 2718 4669 lib.
2763 4616 3109 4691 I_v,_cap_.__i7,
3150 4620 3432 4691 contritum
3451 4618 3674 4691 scribit.
3709 4610 3812 4676 Pro

2233 4679 2318 4735 ubi
2340 4681 2480 4766 Coll.
2506 4683 2743 4742 Gronov.
2775 4679 3034 4744 habet'ibi
3054 4728 3070 4755 ,
3095 4679 3153 4744 et
3186 4688 3337 4746 Vinc.
3372 4688 3508 4745 Bell.
3542 4689 3680 4761 fudit
3709 4705 3810 4761 pro

2222 4763 2501 4822 superavit.

2292 4823 2384 4903 55.
2423 4823 2493 4903 E_t
2512 4826 2617 4881 vita
2641 4836 2689 4881 et
2714 4827 3228 4903 patrintouio._Prius
3250 4840 3303 4903 et
3329 4829 3515 4903 delent
3542 4830 3668 4903 edd.
3694 4847 3804 4903 pr.,

2219 4892 2421 4978 Paris"
2449 4895 2686 4981 venettr,
2711 4892 3020 4971 captumque
3042 4900 3212 4958 Meus.
3242 4902 3361 4958 Mox
3389 4899 3544 4958 Vinc.
3570 4892 3802 4972 Bellen,

2219 4975 2571 5018 matrimonio.

2217 4980 2571 5022 matrimonio.

2286 5036 2878 5114 54..Quidquid_enim,
2914 5049 3021 5098 etc.
3053 5042 3403 5114 Desumptum
3435 5053 3521 5101 est
3551 5058 3619 5101 ex
3648 5044 3795 5101 Cice-

2215 5122 2337 5162 ron.
2364 5108 2642 5188 Orattpro
2670 5110 2923 5188 Marcello
2950 5127 3070 5188 cap.
3098 5116 3133 5168 4
3157 5132 3177 5188 _:
3212 5108 3268 5170 Ν
3273 5114 3369 5170 iltil
3396 5116 3530 5188 enim
3556 5125 3629 5169 est
3651 5132 3802 5188 opere

2212 5188 2301 5232 aut
2326 5196 2484 5233 manu
2505 5181 2721 5249 factum,
2748 5184 2885 5251 quod
2914 5184 3199 5255 aliquando
3226 5204 3329 5242 non
3351 5187 3593 5257 conﬁciat
3613 5198 3662 5242 et
3680 5181 3799 5242 con-

2209 5259 2378 5302 sumat
2400 5260 2645 5307 vetustas.
2952 5312 2963 5317 _

2281 5320 2369 5375 55.
2412 5319 2483 5378 Et
2508 5324 2754 5395 primum.
2801 5324 2937 5382 Edd.
2981 5326 3184 5383 eaedem
3224 5330 3473 5399 primum,
3504 5327 3689 5386 deleto
3713 5329 3797 5384 hic

2208 5404 2423 5460 quoque
2453 5402 2523 5447 et.

2281 5459 2369 5541 E_6.
2408 5462 2474 5518 Ut
2506 5465 2673 5541 ueluti
2697 5477 2860 5541 ,__etc.
2895 5467 2985 5524 Sic
3016 5470 3240 5525 omnino
3269 5469 3431 5525 srribi
3472 5469 3658 5537 debet,
3689 5487 3791 5526 non

2208 5537 2625 5614 tt_t_iu_omnibus
2655 5537 2836 5606 editis,
2869 5552 3095 5610 excepta
3116 5544 3236 5614 sola
3253 5541 3590 5613 Augustana,
3619 5554 3669 5598 et
3696 5543 3787 5596 vel-

2204 5604 2303 5685 uti.
2338 5603 2662 5685 Lectionem
2711 5603 2950 5665 nostram
3001 5603 3366 5685 conﬁrmant“
3388 5603 3611 5685 quoque
3657 5626 3782 5669 mss.

2199 5671 2374 5747 Lugd.
2399 5676 2539 5734 Batt.
2565 5687 2715 5747 tert.,
2739 5690 2922 5749 quart.
2946 5692 3001 5740 et
3029 5681 3197 5751 Meus,
3222 5699 3346 5741 cum
3376 5671 3780 5745 Collt'Gronov.
