4082 6154
529 185 638 242 785

1921 175 2127 235 PAULI
2166 175 2400 235 OllOSll

3673 183 3762 241 ’184

525 296 794 362 cedendo,
826 293 1134 366 consumpti
1167 293 1337 363 magis
1365 292 1652 348 vidcantur
1688 292 1710 323 ⁸
1742 289 1909 345 fuisse
1951 305 2117 360 quam
2143 291 2198 354 Λ
2219 288 2502 360 Spartanis
2531 288 2719 344 urbem
2754 287 2986 358 prodere
3027 283 3205 340 moliti
3247 291 3372 339 sunt
3399 300 3412 339 :
3441 285 3637 360 deinde,
3661 309 3760 353 cum

527 389 678 444 victi.
710 387 990 457 Principio
1016 390 1161 442 enim
1197 383 1503 439 Alcibiades
1538 383 1697 454 129
1725 396 1911 437 omnes
1940 382 2121 438 socios

531 482 765 537 deﬁcere
791 480 860 535 ab
890 479 974 533 his
1002 479 1067 533 ad
1098 477 1546 533 Lacedaemonios
1573 476 1753 544 coegit
1783 493 1796 527 :
1821 473 1917 528 sed
1967 482 2019 528 et
2055 473 2123 528 ab

533 575 617 628 his
641 587 854 644 quoque
885 586 982 642 per
1009 569 1270 625 invidiam
1302 567 1513 622 insidiis
1542 570 1562 600 θ
1591 566 1862 636 appetitus
1891 563 2122 634 aufugit,

532 666 649 722 et”
673 665 737 720 ad
757 663 1126 720 Tissal‘crncin
1152 663 1204 716 in
1223 660 1450 716 Mediam
1491 659 1795 715 concessit:
1823 659 1908 712 cui
1939 658 2126 712 statim

531 758 949 816 accommodato
981 757 1198 825 ingenio
1230 755 1269 786 ¹¹
1297 762 1353 810 et
1381 754 1495 823 apti
1531 752 1731 822 eloquii
1763 751 1934 822 gratia
1969 751 2127 805 fami-

527 853 719 908 liarior
739 855 932 916 lactus,
960 847 1274 919 persuadet,
1307 861 1374 902 ne
1395 845 1844 902 Lacedaemonios
1873 854 1980 899 tam
2008 859 2130 914 pro-

530 944 667 999 fusis
709 943 905 1013 apibus
940 942 982 972 "
1006 940 1162 1010 juvct
1193 956 1206 993 :
1237 953 1362 994 cum
1400 937 1582 1007 potius
1611 935 1770 991 istius
1806 934 2126 992 certaminis

533 1039 798 1093 arbitrum
845 1042 1324 1104 spectatoremque
1357 1031 1473 1086 ﬁeri
1511 1029 1733 1096 debere,
1783 1029 2128 1099 integrasque

531 1131 719 1203 Lydia:
735 1128 878 1185 vires
899 1127 1161 1183 adversus
1182 1125 1444 1181 victorem
1467 1123 1512 1155 ¹³
1531 1123 1909 1179 reservandus.
1934 1121 2129 1189 Quam-

530 1226 720 1280 obrem
766 1219 1109 1277 Tissafernes
1165 1227 1374 1288 partem
1429 1217 1623 1272 classis
1671 1231 1795 1270 cum
1848 1215 2129 1284 aliquanta

530 1327 697 1368 manu
723 1309 918 1366 deduci
940 1307 1330 1364 Laccdzcmona
1357 1307 1508 1376 jubet
1537 1323 1549 1360 :
1580 1321 1649 1361 ne
1681 1308 1766 1360 vel
1789 1304 2130 1360 abundantes

543 1404 588 1435 “
619 1401 889 1473 sull'ragiis
929 1401 1108 1456 alieno
1142 1401 1243 1454 tuti
1276 1398 1527 1470 periculo
1568 1397 1924 1459 dimicarent,
1957 1396 2042 1452 vel
2073 1396 2130 1451 in

535 1502 710 1552 totum
739 1493 1011 1562 destituti,
1045 1501 1359 1561 susceptum
1391 1499 1672 1545 certamen
1713 1488 2058 1544 omitterent.

1037 1604 1196 1677 130
1236 1603 1464 1660 CAPUT
1503 1602 1647 1658 xvr.

2228 383 2279 436 id
2309 381 2510 436 frustra
2533 383 2552 412 "
2574 383 2927 452 cogitassent,
2953 380 3007 435 in
3029 378 3279 435 exsilium
3304 388 3487 448 sponte
3505 396 3766 443 cesserunt.

2226 472 2388 542 Igitur
2430 473 2762 546 Alcibiades,
2799 473 2965 542 patria
3009 471 3257 538 liberata,
3290 469 3510 527 classem
3540 475 3587 528 in
3613 476 3765 537 hostes

2227 565 2430 636 dirigit.
2471 571 2492 595 "
2529 565 2836 621 Commisso
2880 565 3092 636 prurlio,
3135 563 3414 619 victoriam
3458 565 3769 629 Athenienses

2225 665 2536 727 capessunt.
2566 656 2738 712 Porro
2785 665 2966 712 autem
2999 655 3170 725 major
3209 669 3335 724 pars
3370 654 3601 724 Spartani
3641 676 3771 719 exer-

2227 749 2366 806 citus
2403 764 2542 806 cassa
2568 791 2583 816 ,
2615 749 2783 805 duces
2813 764 3029 820 quoque
3056 751 3078 782 ’
3108 762 3244 818 pene
3271 762 3457 804 omnes
3499 749 3734 809 interfecti
3759 797 3772 822 ,

2227 851 2285 897 et
2331 842 2604 912 octoginta
2651 856 2814 897 naves
2863 851 3058 912 capue,
3109 841 3314 910 absque
3339 839 3443 906 his,
3470 857 3580 912 quae
3605 843 3650 899 in
3672 861 3776 901 cou-

2228 933 2377 988 ﬂictu
2435 933 2674 990 incensa:
2729 932 3102 1000 demersaeque
3149 932 3192 963 ¹⁰
3237 931 3505 1000 perierunt
3556 951 3570 989 :
3623 953 3778 994 rursus

2229 1027 2456 1092 bellum,
2500 1027 2552 1082 in
2603 1036 2807 1082 terram
2852 1025 3194 1094 translatttm,
3224 1025 3503 1094 Spartanis
3543 1042 3680 1098 teque
3715 1030 3781 1086 iu-

2230 1120 2462 1176 feliciter
2513 1121 2683 1178 cessit
2735 1138 2750 1175 :
2800 1120 2998 1192 quibus
3054 1119 3219 1176 rebus
3271 1118 3426 1175 fracti
3480 1121 3518 1152 “
3569 1121 3782 1180 Laceda-

2231 1215 2420 1282 monii,
2479 1216 2684 1287 petiere
2734 1229 2946 1286 pacem,
2995 1227 3097 1269 nec
3143 1223 3324 1269 tamen
3379 1213 3654 1285 impetrare
3701 1233 3782 1289 po-

2236 1314 2481 1362 tuerunt.
2517 1307 2672 1379 131
2718 1306 2988 1362 Praiterea
3019 1306 3062 1342 ι’
3087 1303 3430 1377 Syracusana
3470 1307 3693 1375 pricsidia
3729 1311 3774 1364 in

2231 1397 2498 1465 Siciliam,
2541 1397 2727 1453 audita
2775 1395 3224 1468 Cartliaginensis
3277 1395 3404 1451 belli
3457 1397 3785 1465 intestatione,

2233 1501 2485 1548 revocata
2534 1500 2684 1548 sunt.
2734 1490 3104 1560 Quamobrem
3148 1490 3462 1548 Alcibiades
3507 1493 3668 1550 classe
3699 1496 3788 1549 vic-

2237 1584 2365 1641 trici
2415 1593 2582 1640 totam
2626 1584 2808 1640 Asiam
2840 1593 3186 1654 pervagatur,
3237 1583 3422 1648 bellis,
3468 1585 3730 1651 incendiis,
3757 1587 3793 1618 “

535 1698 919 1758 Atheniensium
931 1697 1171 1752 adversus
1185 1695 1602 1767 Lacedaemonios
1618 1693 1801 1764 prtelia
1812 1693 2006 1764 gravia,
2027 1693 2138 1746 hor-

2247 1677 2592 1748 caedibusquc
2618 1675 2760 1745 rapit
2788 1676 3090 1745 Sternitque
3116 1676 3322 1730 omnia.
3349 1673 3540 1743 Urbes,
3568 1691 3676 1747 qua:
3709 1677 3792 1732 du-

603 1773 874 1842 rendieque
887 1768 1202 1824 calamitates
1227 1783 1286 1820 ac
1314 1776 1509 1836 strages
1541 1767 1793 1834 utrimque
1817 1774 2056 1833 accepttv.

604 1864 762 1935 Apud
781 1864 1140 1918 Athenienses
1153 1873 1284 1916 vero
1305 1873 1429 1915 cum
1447 1857 1535 1912 diu
1549 1857 1841 1913 domestica
1863 1853 2132 1912 discordia

533 1960 852 2029 agitaretur,
873 1955 1190 2011 imminente
1207 1953 1468 2024 periculo,
1491 1953 1507 1983 ¹
1520 1967 1728 2008 summa
1748 1951 1955 2022 imperii
1972 1952 2035 2006 ad
2051 1966 2140 2008 se-

536 2061 720 2107 natum
747 2048 932 2120 populi
964 2047 1242 2103 voluntate
1271 2044 1862 2116 translertur,’quippe
1891 2045 2003 2100 otio
2018 2043 2135 2101 dis-

535 2143 736 2199 cordia:
753 2141 1068 2198 nutriuntur
1091 2157 1104 2195 :
1124 2140 1144 2170 ³
1159 2149 1232 2207 at,
1264 2138 1356 2194 ubi
1381 2138 1680 2194 necessitas
1701 2137 1963 2201 incubuit,
1991 2148 2138 2208 post-

539 2237 729 2308 positis
748 2236 968 2306 privatis
981 2233 1158 2289 causis
1176 2242 1337 2304 atque
1355 2231 1516 2296 odiis,
1538 2233 1590 2286 iu
1608 2245 1896 2286 commune
1910 2230 2148 2286 consuli-

539 2338 644 2384 tur.
659 2327 769 2385 Sed
791 2328 892 2382 hoc
914 2325 1110 2397 ipsum,
1132 2339 1252 2380 cum
1284 2321 1762 2394 proptcr‘insitam
1780 2322 1924 2392 genti
1956 2336 2145 2391 super-

539 2421 682 2476 biam
709 2429 766 2476 et
793 2417 1101 2489 tyrannicas
1128 2415 1402 2482 libidines,
1435 2413 1798 2485 perniciosum
1832 2413 1997 2479 foret;
2029 2423 2146 2468 tan-

545 2512 670 2568 dem
701 2509 1006 2566 Alcibiades
1034 2507 1186 2564 exsul
1218 2506 1285 2561 ab
1316 2506 1560 2562 exercitu
1582 2513 1889 2571 revocatur,
1913 2516 1969 2561 et
1991 2506 2012 2537 °
2033 2507 2140 2562 dux

536 2603 729 2660 classis
754 2601 1124 2659 constituitur.
1157 2601 1274 2667 Quo
1297 2607 1601 2670 comperto,
1626 2598 1900 2670 principes
1923 2598 1944 2629 ⁸
1968 2599 2142 2669 primo

2242 1770 2368 1825 dum
2398 1785 2428 1824 a
2457 1770 2718 1825 societate
2747 1768 3084 1834 defecerant,
3116 1769 3285 1839 capit,
3321 1768 3615 1841 recipitque
3641 1787 3798 1842 quam-

2243 1861 2528 1932 plurimas.
2565 1869 2610 1901 ιι
2632 1861 2725 1919 Sic
2769 1861 3101 1928 Alcibiades,
3153 1862 3340 1933 magni
3375 1863 3608 1919 nominis
3630 1864 3795 1931 lactus,

2242 1952 2508 2019 Athenas,
2542 1969 2666 2008 cum
2697 1952 3060 2009 admiratione
3100 1962 3152 2008 et
3183 1952 3395 2024 gaudio
3433 1954 3685 2016 omnium.
3710 1959 3800 2010 vic-

2246 2057 2330 2103 tor
2370 2046 2698 2118 ingrcditur.
2743 2047 2918 2103 Parvo
2956 2057 3079 2118 post
3127 2047 3428 2104 intervallo
3477 2059 3632 2120 auget
3664 2050 3798 2116 vires,

2243 2138 2542 2194 exercitum
2585 2139 2629 2172 "
2658 2138 3002 2210 classemque
3031 2152 3261 2194 numero
3291 2138 3575 2209 provehit,
3621 2155 3804 2194 rursus-

2250 2247 2356 2302 que
2409 2230 2591 2286 Asiam
2655 2230 2810 2300 petit.
2858 2230 3254 2288 Laceda‘monii
3309 2247 3454 2288 vero
3510 2231 3806 2305 Lysandrum

2243 2325 2463 2392 ducem,
2495 2324 2661 2380 classi
2705 2323 2960 2393 belloque
2993 2324 3326 2395 praeﬁciunt.
3362 2324 3409 2356 “
3438 2324 3610 2397 Cyrus
3654 2324 3808 2390 etiam,

2247 2418 2390 2472 illius
2419 2417 2590 2484 Darii,
2639 2418 2690 2472 in
2724 2417 2902 2474 locum
2950 2416 3320 2483 Tissafernis,
3365 2417 3534 2473 Ioniae
3561 2415 3812 2489 Lyditequé

2247 2510 2590 2581 prirpositus,
2630 2511 2842 2582 magnis
2887 2524 2983 2566 eos
3027 2509 3220 2581 opibus
3273 2509 3613 2580 auxiliisque
3647 2508 3814 2565 contir-

2244 2611 2376 2658 mat.
2410 2606 2453 2638 ¹⁷
2487 2601 2771 2674 Lysander
2800 2603 2981 2675 itaque
3011 2601 3323 2660 Alcibiadis
3355 2602 3673 2668 exercitum,
3694 2616 3812 2674 pra:-

1835 2711 2286 2770 liAVERCAMPI
2324 2713 2559 2771 NO'UE.

607 2839 662 2894 8.
682 2834 891 2892 Fuisse.
912 2831 1082 2890 Abest
1107 2847 1138 2888 a
1167 2829 1500 2902 Lugd.Batt.
1529 2843 1613 2900 pr.
1647 2838 1704 2886 et
1719 2827 1858 2886 Coll.
1888 2830 2130 2886 Gronov.

539 2909 689 2966 Meus
716 2906 921 2963 mavult
941 2920 1072 2960 esse.
1099 2901 1271 2975 Lugd.
1296 2902 1418 2957 Bat.
1443 2911 1628 2972 quart.
1649 2917 1799 2967 mox,
1829 2902 1920 2956 sed
1941 2904 2003 2956 ab
2026 2901 2135 2970 his,

541 2981 998 3116 “afﬂigunt...
1041 3044 1180 3102 Edd.
1225 3043 1445 3116 quidam
1482 3043 1766 3116 impetitus,
1792 3042 1981 3116 Lugd.
2015 3044 2134 3116 But.

538 3137 653 3250 gae.
690 3113 762 3177 et'
787 3113 952 3186 Ultr.,
979 3119 1186 3190 petitus.
1218 3113 1339 3170 Mox
1369 3113 1550 3187 e/fugit
1580 3129 1676 3186 pro
1702 3113 1928 3186 aufugit,
1962 3115 2136 3186 Lugd.

587 3202 660 3248 at.
690 3201 868 3250 quart.
1941 3237 1954 3246 ο

587 3202 660 3248 at.
690 3201 868 3263 qu_art_.

831 3237 1197 3338 i'i'issafe‘rnem
1223 3257 1276 3310 in
1292 3254 1834 3338 _Mediam.canccssit.
1868 3237 2140 3338 Tliticydi-
2168 3273 2214 3338 ρ

539 3333 660 3406 des,
683 3334 963 3406 ὑποχωρῇ
973 3330 1154 3406 Adrian;
1173 3328 1314 3406 παρὰ
1331 3328 1702 3406 Τισραφέθγην.
1727 3337 1866 3406 metu
1885 3328 2141 3384 adductus

542 3350 660 3400 aes,
683 3350 958 3454 ’ὀποχωιῐιι
978 3350 1154 3390 arma;
1173 3350 1314 3406 παρα
1331 3350 1702 3402 ι-ισσαφερνην,
1727 3350 1866 3381 metu
1885 3350 2140 3384 uauucrul

542 3404 680 3457 clam
736 3419 790 3456 se
826 3419 860 3455 a
923 3401 1271 3466 Tissafernent
1313 3401 1531 3466 confert.
1567 3399 1911 3459 Plutarchus.
1939 3410 2140 3456 Τισσα-

578 3477 693 3550 ἕρνῃ
727 3471 884 3550 dies}
912 3471 1160 3550 βασιλέῳς
1183 3470 1437 3550 carpant:
1468 3468 1586 3530 δοὺς
1613 3467 1794 3550 ἔριυιιςόν
1821 3469 1954 3544 ὑπὲρ
1977 3472 2143 3550 διεφα-

575 3541 706 3612 sine,
732 3541 876 3606 sese;
907 3541 964 3601 ἦν
996 3541 1120 3614 πγρ’
1139 3542 1279 3614 αὐτῷ
1298 3541 1306 3544 ⁷
1324 3541 1530 3614 πρῶτος
1564 3543 1649 3614 καὶ
1677 3541 1940 3614 μέγιστοςζ
1968 3541 2062 3594 ubi
2091 3557 2146 3614 se

545 3610 854 3686 Tissuferni,
896 3621 952 3666 ut
969 3610 1115 3686 extra
1137 3610 1421 3686 periculum
1442 3618 1591 3686 esset,
1616 3610 1776 3676 dedit,
1800 3613 1970 3665 statim
2001 3611 2144 3683 apud

547 3703 665 3741 eum
690 3680 948 3741 summum
977 3680 1146 3737 locum
1175 3680 1414 3734 obtinuit.
1449 3680 1614 3734 Fann.

619 3760 708 3812 11.
752 3755 820 3810 Et
863 3755 976 3820 apti
1005 3751 1209 3824 eloquii
1238 3751 1428 3821 gratia.
1460 3751 1615 3824 [)elet
1642 3753 1750 3824 apti
1777 3753 2024 3824 Periznn.
2053 3767 2145 3808 cn-

546 3827 674 3893 dex,
702 3835 758 3882 at
781 3827 832 3881 in
863 3820 1108 3880 Floreat.
1132 3820 1328 3892 primo,
1349 3837 1444 3893 seu
1465 3820 1708 3887 Lougob.
1736 3823 1858 3878 cod.
1887 3826 2144 3880 scribitur

547 3909 597 3952 et
621 3899 774 3967 aptii,
799 3896 854 3950 in
899 3895 1156 3967 secundo,
1184 3902 1234 3967 et
1246 3892 1400 3967 apud
1431 3893 1658 3967 eloquii,
1693 3909 1878 3948 verum
1922 3895 2019 3963 ibi,
2051 3911 2146 3951 ex-

549 3963 752 4036 puncto
777 3965 942 4036 apud,
965 3963 1388 4036 superscribitur
1414 3964 1496 4036 ob,
1527 3973 1583 4016 ut
1607 3967 1853 4032 suspicer
1879 3981 2146 4035 reponen-

549 4032 678 4092 dum
717 4032 862 4101 esse,
903 4044 950 4089 et
988 4035 1050 4088 ob
1091 4032 1284 4102 eloquii
1329 4033 1573 4099 gratiam,
1619 4035 1732 4100 vel,
1775 4044 1822 4088 et
1863 4037 1926 4088 ab
1944 4032 2147 4107 eloquii

589 4109 742 4161 ratia.

552 4126 926 4248 gni‘é‘f.luttet.
971 4174 1108 4248 Edd_.
1156 4181 1288 4228 vett.
1337 4173 1608 4244 qumdam,
1653 4174 1953 4248 adjuvarct,
1976 4177 2140 4248 jubet,

555 4260 662 4305 etc.
708 4249 834 4302 lllss.
878 4245 1047 4316 Lugd.
1081 4246 1219 4299 Batt.
1251 4261 1358 4311 pr.,
1406 4260 1499 4299 sec
1531 4286 1544 4310 ,
1579 4245 1732 4311 tcrt.,
1763 4263 1884 4303 cum
1917 4245 2055 4304 Ultr.
2091 4261 2146 4304 et

551 4321 694 4375 Coll.
713 4319 976 4382 Gronov.,
1005 4317 1490 4389 adiret,jubeticum
1516 4317 1707 4386 potius,
1733 4327 1835 4374 ctc.
1867 4319 1922 4372 [ti
1951 4321 2146 4389 quibus

540 4392 695 4461 jubet
722 4407 786 4446 ex
817 4389 1018 4458 duplici
1049 4387 1316 4461 scriptura
1362 4387 1433 4461 ib.
1459 4390 1604 4459 juvct
1634 4400 1816 4461 natum
1845 4399 1950 4455 est,
1970 4387 2146 4446 adiret

552 4457 812 4530 Scriptum
853 4457 950 4515 iuit
991 4473 1098 4531 pro,
1129 4460 1350 4531 adjuvet.
1385 4457 1760 4531 Ve'ijum_juvet
1801 4475 1869 4514 ex
1908 4465 2146 4531 antiquis

548 4535 638 4588 cd.
669 4536 809 4602 Aug.
839 4532 1020 4594 habet,
1053 4529 1212 4599 idque
1242 4541 1348 4602 tres
1389 4529 1548 4584 codd.
1579 4529 1878 4602 Florentiui
1908 4529 2146 4586 cumre-

548 4602 710 4674 liquis
753 4599 809 4658 et
851 4603 1087 4674 Justinn,
1121 4599 1262 4669 apud
1289 4617 1472 4674 quem,
1515 4601 1606 4674 sed
1631 4617 1721 4654 ncc
1747 4602 1959 4674 aiiajiliis
1986 4605 2140 4658 nimis

547 4672 695 4730 enixe
731 4673 1427 4742 Lacetlwmoniosjuvandos
1455 4686 1474 4723 :
1506 4672 1743 4742 retinere
1777 4672 1989 4742 iubent.

621 4746 710 4800 15.
742 4743 1116 4799 Rcservandas.
1143 4741 1310 4809 Ultr.,
1335 4741 1635 4796 servandas.

619 4816 706 4870 14.
735 4815 1223 4885 Sit/fragiis.Amat
1242 4829 1438 4885 v_oce_in_
1455 4811 1594 4866 hanc
1616 4826 1685 4885 eo
1704 4827 1874 4885 sensu
1887 4814 2133 4882 Orosius,

547 4903 656 4956 quo
679 4881 938 4940 meliores
951 4883 1245 4956 scriptores
1265 4881 1441 4938 Latini
1463 4881 1966 4956 repudiaruutsPro
1983 4881 2136 4940 auxi?-

545 4953 639 5027 liisﬁ
657 4958 800 5027 enim
828 4954 1182 5027 usurpat.‘Sic
1204 4967 1365 5027 supra
1387 4965 1507 5020 cap.
1536 4953 1603 5008 14
1627 4969 1640 5006 :
1669 4953 1738 5010 Ut
1760 4955 2013 5027 sit/[ragia
2039 4973 2134 5011 sua

545 5036 596 5080 et
617 5026 674 5111 [ti
699 5026 924 5111 ιὶηξζςςιῑ
954 5023 1498 5111 qui_intpetrauissent.

613 5096 745 5151 CAP.
776 5094 914 5148 XVI.
947 5092 1016 5136 -ὲ-
1043 5096 1092 5148 1.
1123 5092 1342 5150 Summa
1365 5092 1568 5164 imperii
1594 5095 1664 5148 ad
1687 5095 1938 5151 Senatum
1963 5106 2134 5152 trans-

544 5169 727 5240 fertur.
769 5165 1050 5240 Quomodo
1087 5181 1296 5240 summa
1337 5163 1549 5240 imperii
1586 5165 1662 5240 _ad
1704 5177 2134 5240 senatumnun-

541 5234 966 5309 dringentorutn
977 5234 1256 5291 hominum
1291 5235 1772 5309 translatat'uerit,
1796 5239 1922 5293 item
1947 5234 2134 5295 de'rc-

537 5305 1037 5371 ditu'Alcibiadis,
1086 5309 1306 5375 copiose
1350 5307 1712 5375 Thucydides,
1761 5308 2029 5367 Diodorus
2075 5323 2133 5367 et

537 5379 859 5437 Plutarchus
890 5377 1021 5431 locis
1048 5377 1243 5432 citatis.
1272 5377 1438 5434 Fsen.

604 5453 662 5508 ε.
699 5449 840 5504 Otia.
871 5447 1042 5518 Lugd.
1072 5447 1188 5502 Bat.
1221 5458 1352 5511 tres,
1385 5451 1526 5513 odio,
1550 5448 1760 5508 vitiose.

608 5525 662 5578 5.
705 5522 772 5575 At
814 5521 902 5575 ubi
941 5519 1236 5574 necessitas.
1274 5519 1445 5589 Lugd.
1487 5521 1624 5575 Batt.
1672 5529 1782 5576 tres
1817 5535 1941 5576 cum
1981 5519 2120 5577 Coll.

531 5595 772 5651 Gronov.
812 5602 864 5648 at
906 5592 1110 5664 dclcut,
1163 5593 1472 5666 legumque,
1519 5591 1704 5663 positis
1745 5592 1962 5666 privatis
1991 5609 2119 5650 cau-

526 5668 616 5736 sis,
649 5673 756 5726 etc.

2167 4654 2218 4714 D

2309 2835 2363 2911 «1.
2390 2833 2630 2911 Insitam.
2656 2835 3088 2906 Superscribitur
3105 2836 3159 2894 in
3177 2835 3366 2910 Lugd.
3386 2838 3432 2895 Β
3450 2847 3507 2896 tt.
3526 2853 3608 2911 pr.
3631 2854 3648 2906 ;
3669 2845 3816 2894 tex'us

2240 2905 2737 2978 liabet‘ingenitam.

2311 2977 2364 3030 5.
2398 2973 2524 3030 Dira;
2550 2978 2730 3032 classis
2775 2980 3126 3034 constituitur.
3175 2979 3363 3046 Lugd.
3401 2981 3546 3038 Bait.
3577 2990 3682 3039 tres
3718 2994 3818 3036 cum

2237 3046 2382 3102 Coll.
2412 3047 2681 3112 Gronov.,
2709 3049 2822 3104 dua:
2847 3051 3002 3106 classi
3030 3054 3401 3108 constituitur.

2311 3118 2366 3172 6.
2399 3117 2597 3173 Primo.
2632 3119 2802 3174 Abest
2831 3137 2859 3174 a
2890 3138 3012 3177 tneo
3041 3123 3250 3178 codice.

2312 3189 2365 3264 ἶ.
2394 3188 2734 3264 Qogitassent.
2767 3192 2863 3264 Ed.
2895 3195 3062 3263 Aug.,
3096 3195 3412 3264 agitassent.

2316 3261 2372 3316 8.
2400 3259 2684 3316 Commisso
2715 3263 2915 3332 prwlio.
2950 3259 3224 3330 Diiplicetn
3249 3266 3558 3322 victoriam
3579 3263 3822 3326 describit,

2247 3345 2409 3385 unam
2428 3334 2708 3406 navalem,
2737 3334 2966 3406 alterum
3002 3345 3358 3406 terrestrem,
3388 3353 3528 3406 quas
3558 3337 3825 3393 Athenien-

2246 3417 2334 3458 ses
2373 3402 2455 3476 ad
2467 3403 2717 3476 Cyzicum
2755 3404 2824 3459 de
2849 3404 3135 3476 Spartanis
3163 3402 3552 3476 repertarum.
3581 3410 3708 3461 duce
3733 3407 3828 3459 illo-

2246 3488 2365 3546 rum
2411 3472 2653 3528 Miu’daro
2698 3472 3002 3530 interfecto.
3049 3472 3372 3546 Xenophon
3416 3480 3494 3533 lib
3530 3495 3550 3534 ι
3588 3479 3655 3534 de
3679 3477 3834 3532 Rebus

2245 3543 2576 3607 Grmcoru'm,
2613 3546 2766 3599 Diod.
2799 3546 2923 3601 libr.
2959 3563 3074 3612 xm,
3103 3543 3325 3603 Pluiar.
3361 3549 3669 3605 Alcibiade.
3692 3548 3832 3602 FABR.

2316 3615 2380 3691 9:
2407 3615 2764 3691 Penepmnes.
2792 3615 3036 3691 Primam
3066 3633 3264 3673 vocem
3300 3635 3414 3674 non
3446 3621 3689 3691 agnoscit
3718 3618 3832 3672 Ultr.

2319 3686 2406 3739 10.
2448 3684 2745 3742 Perierunt.
2792 3687 2962 3756 Lugd.
3010 3689 3129 3743 Bit.
3171 3699 3292 3745 tres
3336 3701 3396 3744 ct
3433 3684 3578 3748 Ct'ill.
3604 3691 3838 3748 Gronov"

2246 3757 2525 3828 perierant.
2559 3757 2680 3811 Mox
2713 3758 2767 3810 in
2797 3769 2933 3812 terra
2961 3774 3056 3828 pro
3086 3761 3140 3812 in
3174 3770 3384 3814 terram
3419 3763 3693 3822 Perizoti..
3725 3760 3840 3814 sicut

2247 3827 2523 3901 aliquanto
2552 3839 2671 3901 post
2697 3829 2747 3881 in
2777 3827 2971 3884 Sicilia
3001 3847 3096 3898 pro
3127 3831 3180 3884 in
3210 3832 3477 3886 Siciliam
3506 3835 3598 3888 ed.
3623 3834 3750 3901 Aug.

2324 3898 2410 3974 1|.
2443 3897 2820 3974 Lacedamtonii
2844 3897 3032 3972 petiere
3053 3918 3258 3974 pacein.
3296 3903 3628 3974 Legatinnis
3650 3897 3846 3972 de'pftt‘c

2251 3969 2492 4040 Athenas
2521 3971 2700 4023 missa:
2728 3969 2979 4040 princeps
3020 3973 3117 4026 fuit
3162 3969 3433 4028 Entlius':
3471 3977 3698 4029 Athenis
3737 3969 3843 4023 viro

2247 4039 2525 4165 glcophon
2555 4040 2794 4098 maxime
2818 4039 2932 4112 paci
2957 4041 3364 4112 impedimento
3391 4046 3521 4102 fuit.
3550 4047 3691 4116 Lege
3712 4041 3843 4099 Diod.

2295 4127 2416 4165 amr.

2295 4127 2416 4165 ABR.

2322 4183 2417 4255 12ἶ
2455 4183 2788 4255 Syracusana
2815 4184 3078 4255 prwsidia.
3110 4183 3246 4239 Post
3275 4186 3713 4243 Atheniensium
3755 4187 3844 4239 cla-

2249 4251 2371 4332 dem
2406 4253 2458 4307 in
2487 4251 2974 4332 S__ici|ia,[l£g'cstwi
3004 4255 3138 4332 socii
3161 4256 3846 4332 Atheniensium.pressis

2249 4323 2566 4402 _Sclinnutiis
2605 4335 2658 4380 ct
2702 4323 3081 4402 Syracusanis.
3127 4343 3301 4402 opem,
3333 4345 3365 4383 a
3399 4323 3845 4402 Carthaginiensi-

2252 4393 2352 4466 bus
2381 4399 2651 4463 petierunt
2685 4415 2696 4448 :
2735 4393 2896 4464 hique
2942 4397 3048 4452 illis
3073 4393 3417 4466 prii-sidium
3447 4419 3580 4458 cum
3611 4393 3847 4457 Annibale

2249 4463 2514 4519 Gcsconis
2621 4467 2759 4542 duce
2788 4463 3055 4542 miserunt
3075 4463 3095 4521 ἐ
3123 4468 3320 4538 itaque
3347 4472 3697 4542 Syracusani
3719 4485 3846 4542 suos.

2250 4549 2385 4603 quos
2418 4537 2621 4590 auxilio
2649 4537 3079 4593 Laccdmmoniis
3107 4552 3313 4593 contra
3365 4537 3740 4598 Atheuienses
3767 4541 3847 4594 iiii-

2243 4615 2467 4728 .Fs‘crant,
2527 4606 2746 4662 domum
2803 4619 3148 4664 revocarunt.
3207 4609 3550 4685 Xenophon
3605 4625 3660 4672 et
3710 4610 3845 4669 Diod.

2288 4690 2411 4728 ana.

2288 4690 2411 4731 ABR.

2317 4748 2403 4802 15.
2446 4748 2812 4816 deibusque.
2847 4748 2937 4806 Sic
2967 4763 3098 4804 mss.
3145 4751 3368 4822 vulgati
3399 4796 3416 4822 ,
3446 4757 3700 4810 ca'dibtts.
3725 4753 3850 4822 Qui—-

2244 4815 2366 4899 dant
2401 4834 2525 4874 mox
2556 4815 2742 4891 etiam,
2773 4821 3041 4892 urbesque.
3072 4823 3207 4877 Dein
3245 4815 3413 4881 r'nss;
3431 4829 3712 4899 plerique,
3733 4815 3850 4881 rm-

2241 4891 2438 4958 pitque.

2316 4959 2540 5040 1_4.__Sic
2561 4959 2854 5040 Alcibiades
2879 4963 3054 5040 magni
3080 4965 3351 5022 nominis.
3385 4967 3742 5040 Magniﬁcum
3770 4965 3849 5020 Al-

2243 5029 2474 5112 cibiadis
2502 5032 2734 5112 reditum
2778 5035 2830 5088 in
2865 5029 3100 5112 patriam
3125 5047 3366 5112 praeter
3413 5029 3847 5112 Xé'noiihontem,

2245 5100 2542 5156 Diodorum
2574 5113 2628 5157 et
2659 5100 2879 5160 Plutari
2899 5100 3161 5159 describit
3192 5105 3476 5165 Justinus
3509 5100 3608 5166 lib'.
3644 5129 3694 5166 v.

2310 5172 2398 5226 15.
2422 5170 2772 5244 ,Classentque
2818 5191 3032 5228 munero
3069 5177 3344 5244 provehit.
3401 5181 3648 5239 Numero
3671 5181 3845 5238 adver-

2242 5240 2386 5295 bium
2418 5243 2502 5298 hic
2529 5255 2612 5298 cSt
2645 5240 2742 5312 pro
2768 5245 3022 5302 celeriter
3055 5240 3080 5300 ε’
3099 5256 3194 5301 aut
3241 5261 3415 5307 certe
3446 5256 3646 5310 classis
3675 5267 3845 5309 nurne-

2238 5326 2330 5376 rus
2356 5312 2526 5368 deest.
2563 5314 2728 5369 Laur.

2436 5381 2602 5468 Cgrus
2631 5387 2805 5468 etiam,
2854 5387 2998 5468 filius
3041 5385 3458 5468 Πρω-νειμ
3493 5397 3636 5468 turpi
3673 5407 3844 5452 errore

2232 5452 2650 5529 legitttr,_Cyi'us
2677 5452 2868 5529 autem,
2901 5459 3064 5529 frater
3093 5458 3282 5516 Darii.
3317 5452 3502 5522 Ριῖωι.

2306 5524 2396 5579 17.
2437 5523 2704 5601 Lysander
2744 5523 2918 5601 itaque
2962 5529 3287 5601 Alcibiadis.
3342 5536 3486 5594 "me
3533 5537 3741 5601 clades,
3761 5533 3840 5590 ab-

2229 5595 2718 5678 sente.Alcibiade.
2758 5595 3048 5678 Antiochi,
3093 5617 3274 5678 quem
3327 5610 3506 5667 classi
3543 5595 3837 5678 praefecerat

2229 5666 2800 5744 temeritate,accepta
2841 5669 2961 5730 fuit.
3003 5666 3274 5747 ch'oph.
3309 5677 3416 5738 lib.
3453 5666 3500 5753 r,
3538 5666 3696 5737 Diod.
3734 5689 3832 5744 sm,
