4082 6154
311 304 419 363 785

1341 307 1814 368 HISTORIARUM
1856 309 2061 368 LIBER
2100 310 2166 368 ll.
2207 309 2362 370 CAP.
2403 313 2570 370 XVII.

3503 317 3611 375 786

310 425 396 480 die
431 423 726 492 intentum,
769 435 832 478 ac
861 437 956 493 per
989 424 1092 482 hoc
1139 425 1344 497 ubique
1376 426 1683 497 dispersum
1709 443 1773 483 ac
1815 443 1907 484 va-
1933 432 1988 494 Α
2012 429 2084 485 sit
2106 429 2434 500 Evagoram.
2466 431 2538 485 At
2579 429 2693 486 dux
2724 429 3293 500 Lacedaemoniorum,
3342 431 3614 504 ademptis

309 534 457 590 gum,
489 517 779 587 repentino
807 517 1028 574 incursu
1056 521 1346 592 opprimit,
1380 522 1498 577 sine
1525 523 1781 577 conﬂictu
1809 521 1908 576 ali-

309 630 418 686 quo
451 613 645 678 vincit,
687 611 953 683 cmditquc
986 613 1306 685 fugientem.
1348 616 1539 687 Magna
1567 615 1685 670 lucc
1723 615 1906 670 clades

307 703 770 771 Atheniensibus,
826 714 882 760 et
921 710 966 739 “‘
996 706 1169 762 multo
1226 707 1328 763 hoc
1380 707 1621 762 atrocius
1667 709 1902 775 vulnus,

304 815 466 869 quam
516 797 721 853 dudum
773 797 1109 866 inllixcrant,
1161 809 1524 870 susceperunt
1557 817 1570 853 :
1600 816 1706 870 quo
1752 814 1905 854 com-

303 901 475 962 perto,
512 890 874 946 Athenienses
904 893 1108 962 opinati
1154 902 1281 948 sunt
1317 892 1658 949 Alcibiadem
1692 894 1732 932 ιθ
1759 893 1901 947 anti-

304 1000 469 1055 quum
516 983 694 1040 exsilii
748 983 834 1038 sui
872 984 1140 1051 dolorem,
1191 985 1296 1040 isto
1343 986 1550 1042 scelere
1581 984 1902 1056 proditionis

2014 521 2268 577 omnibus
2322 519 2676 587 civitatibus,
2728 521 2860 577 nihil
2916 522 3348 580 Atheniensibus
3404 533 3608 595 praeter

2013 616 2230 670 inanem
2259 615 2453 670 urbem
2494 615 2736 686 reliquit,
2761 630 2864 672 nec
2891 615 2995 671 hoc
3024 616 3116 670 diu
3148 635 3164 672 :
3199 630 3324 670 nam
3358 626 3414 672 et
3439 618 3610 688 ipsam

2012 707 2200 762 urbem
2233 719 2419 776 postea
2448 708 2734 764 obsidione
2761 709 3140 766 circumdedit.
3168 712 3212 743 ’⁷
3245 709 3493 780 Angebat
3521 712 3606 765 in-

2009 800 2278 855 trinsecus
2315 799 2799 877 iame_s,desolatio
2840 810 2893 856 et
2939 801 3161 856 morbus
3202 801 3478 857 obsessos.
3533 803 3604 859 Et

2005 907 2127 946 cum
2159 901 2286 962 post
2312 900 2358 934 αθ
2387 895 2566 948 omnia
2609 895 2951 950 miseriarum
2989 895 3458 964 abominamenta,
3481 912 3603 966 qua:

2005 984 2168 1038 etiam
2195 982 2379 1038 dicere
2409 995 2454 1026 ιθ
2481 983 2680 1040 horror
2706 995 2812 1050 est,
2843 984 2980 1040 nihil
3002 984 3122 1057 spei
3151 997 3347 1057 printer
3368 996 3600 1044 mortem

302 1074 586 1130 vindicare
614 1089 840 1129 curasse
876 1093 889 1129 :
923 1073 1158 1144 ideoque
1183 1087 1228 1117 ³ο
1255 1076 1307 1131 in
1339 1075 1518 1130 locum
1567 1077 1686 1146 ejus
1723 1074 1904 1131 Cono-
2002 1083 2341 1142 occurrcret,
2375 1089 2564 1146 pacem
2597 1077 2856 1146 petivere.

301 1183 428 1222 nam
472 1166 834 1232 constituunt,
867 1167 950 1220 cui
982 1166 1252 1222 residuam
1282 1182 1499 1221 manum
1547 1177 1601 1222 et
1631 1182 1897 1222 summam

301 1261 427 1316 belli
467 1261 833 1330 committunt,
866 1261 958 1332 qui
1006 1261 1258 1331 supplere
1308 1261 1502 1318 saltem
1535 1277 1762 1318 numero
1803 1277 1898 1316 cx-

299 1352 524 1408 liaustas
547 1353 738 1420 cepias
766 1353 982 1422 volens,
1031 1369 1193 1409 senes
1221 1368 1286 1409 ac
1312 1369 1509 1424 pueros
1541 1354 1685 1424 legit,
1729 1368 1896 1408 exer-

294 1447 576 1516 citumque
592 1444 1006 1516 "conscripsit.
1030 1445 1136 1501 Sed
1170 1445 1481 1514 huiusmodi
1516 1460 1708 1500 manus
1736 1446 1892 1517 132

295 1552 502 1592 moram
537 1536 684 1592 bello
713 1553 820 1592 non
853 1538 1032 1593 attulit
1067 1555 1080 1592 :
1109 1538 1309 1608 quippe
1335 1538 1481 1606 quod
1524 1539 1747 1608 robore,
1782 1555 1890 1596 non

295 1645 546 1699 numero,
576 1629 772 1685 conlici
811 1628 975 1686 solet.
999 1631 1045 1662 ”
1075 1629 1262 1701 Itaque
1293 1630 1474 1685 statim
1507 1630 1745 1687 imbellis
1775 1646 1890 1686 ma-

293 1737 397 1777 nus
422 1723 504 1776 vel
532 1732 690 1792 capta
728 1721 816 1777 vel
840 1735 980 1778 cazsa
1011 1729 1118 1788 est,
1152 1730 1408 1792 tantaque
1436 1730 1648 1794 strages
1677 1723 1890 1778 occiso-

2487 1234 2644 1306 133
2681 1232 2912 1291 CAPUT
2951 1233 3118 1291 xvn.

1998 1345 2397 1420 Atheniensibus
2421 1348 2571 1401 certis
2594 1346 2792 1419 legibus
2813 1363 2874 1402 ac
2893 1347 3276 1402 conditionibus
3296 1366 3400 1420 pax
3420 1350 3598 1419 datur,

2071 1418 2384 1492 trigintaque
2408 1427 2631 1473 rectores
2644 1418 3044 1492 constituuntur
3064 1459 3082 1492 ,_
3107 1421 3228 1489 qui,
3263 1418 3380 1474 «sum
3419 1418 3602 1492 tyran-

2067 1489 2243 1543 uident
2271 1499 2600 1556 exercerent,
2641 1488 2960 1561 Thrasybuli
2991 1488 3249 1545 industria
3277 1488 3594 1562 ejecti'sunt.

2064 1642 2252 1715 Magna
2294 1643 2423 1699 hinc
2464 1645 2605 1700 inter
2643 1644 2945 1714 Spartanos
2969 1653 3025 1700 et
3059 1646 3240 1701 socios
3268 1646 3591 1704 deliberatio

1993 1733 2090 1790 fuit
2121 1776 2135 1800 ,
2166 1737 2180 1767 ¹
2208 1749 2331 1790 cum
2377 1735 2598 1805 plurimi
2639 1735 3090 1806 inquietissimam
3139 1737 3412 1793 civitatem
3455 1748 3598 1796 ster-

291 1831 410 1870 rnm
436 1815 482 1847 "
510 1813 608 1870 illo
639 1814 829 1884 praelia
859 1814 998 1869 facta
1038 1823 1144 1882 est,
1180 1824 1238 1869 ut
1265 1816 1507 1870 deletum
1553 1832 1660 1870 non
1709 1816 1884 1872 solum

1997 1827 2232 1883 nendam
2258 1827 2400 1893 solo,
2421 1829 2443 1859 ²
2473 1827 2840 1897 populumque
2869 1826 3286 1883 inlestissimum
3317 1844 3441 1885 eum
3470 1831 3592 1901 ipso

295 1921 546 1976 regnum,
574 1905 672 1962 sed
703 1905 866 1962 etiam
899 1921 1095 1961 nomen
1125 1906 1544 1963 Atheniensium
1579 1907 1882 1964 videretur.

290 1999 362 2055 At
391 1999 492 2065 illi,
525 1999 830 2070 desperatis
857 2001 1046 2066 rebus,
1078 2000 1123 2032 "
1149 2009 1392 2056 statuunt
1421 2000 1610 2057 urbem
1645 2000 1884 2072 pcregri-

290 2095 374 2150 nis
403 2093 566 2159 dare;
590 2103 672 2160 ut,
706 2093 796 2165 qui
825 2109 924 2164 per
954 2104 1119 2149 totam
1149 2094 1334 2148 Asiam
1365 2094 1528 2164 paulo
1555 2104 1682 2150 ante
1708 2093 1886 2149 donti-

290 2186 398 2240 nati
429 2193 579 2253 sunt,
612 2201 756 2243 nunc
785 2201 856 2242 ex
904 2187 1004 2242 hac
1024 2187 1068 2220 ³⁸
1103 2187 1338 2242 colluvie
1377 2200 1564 2242 muros
1595 2187 1788 2242 saltem
1817 2188 1884 2243 li-

291 2280 666 2350 bertatemque
706 2287 998 2335 tueantur:
1031 2288 1108 2345 et,
1135 2279 1382 2349 quamvis
1419 2279 1502 2334 vel
1549 2293 1648 2334 suo
1670 2279 1884 2347 judicio

288 2369 356 2424 ad
381 2369 500 2426 hate
529 2369 727 2426 tuenda
758 2372 925 2426 etiam
972 2371 1200 2442 objectis
1229 2372 1402 2426 muris
1435 2385 1542 2426 non
1583 2370 1882 2440 sufﬁciant,

285 2461 484 2517 iterum
515 2469 696 2518 tamen
725 2462 979 2532 experire
1021 2462 1214 2518 navale
1243 2461 1488 2532 prmlium
1520 2469 1735 2532 parant.
1767 2461 1882 2516 Ex-

285 2570 413 2626 pers
440 2554 656 2611 consilii
687 2554 864 2622 furor,
910 2553 1158 2610 dolorem
1201 2554 1458 2609 virtutem
1487 2562 1640 2625 putat
1669 2571 1682 2608 :
1711 2569 1883 2624 quan-

286 2659 510 2718 tumque
558 2647 856 2704 meditatur
900 2647 1003 2716 ira,
1056 2656 1264 2703 tantum
1313 2649 1586 2720 promittit
1632 2647 1878 2705 audacia.

285 2739 769 2810 Itaque,omnibus
801 2740 998 2810 partim
1029 2738 1224 2811 captis,
1245 2742 1441 2812 partim
1464 2740 1790 2804 interiectis,
1813 2740 1881 2799 de

282 2833 420 2902 ipsis
445 2847 667 2904 quoque
697 2831 947 2903 reliquiis
990 2831 1128 2888 nihil
1169 2832 1364 2904 reliqui
1396 2833 1597 2889 factum
1644 2841 1748 2890 est.
1781 2833 1880 2890 So-

284 2926 375 2980 lus
405 2924 514 2979 dus
546 2922 759 2993 Conon,
810 2934 1087 2995 superstes
1133 2925 1280 2981 bello
1322 2934 1379 2982 et
1406 2926 1630 2997 populo,
1680 2928 1878 2983 timens

278 3016 482 3073 civium
514 3015 920 3085 crudelitatem,
955 3017 1001 3049 ²⁶
1030 3017 1098 3072 ad
1129 3015 1385 3089 Cyprium
1429 3033 1615 3090 regem
1645 3034 1875 3076 conces-

1991 1919 2212 1976 nomine
2237 1919 2567 1975 abolendum
2601 1920 3063 1990 pronuntiarent:
3103 1921 3123 1953 ³
3144 1920 3396 1991 Spartani
3427 1937 3594 1994 nega-

1991 2019 2210 2079 verunt,
2236 2011 2258 2042 δ
2283 2025 2343 2066 se
2372 2010 2760 2082 permissuros,
2795 2022 2853 2067 ut
2880 2028 2911 2066 e
2936 2011 3152 2068 duobus
3175 2012 3402 2068 Gracia:
3423 2014 3599 2069 oculis

1990 2119 2134 2160 unus
2159 2112 2444 2160 erueretur
2469 2120 2483 2158 :
2508 2103 2731 2174 insuper
2761 2105 2926 2159 etiam
2952 2118 3137 2174 pacem
3164 2105 3595 2174 promiserunt,ll

1990 2195 2036 2250 si
2067 2194 2258 2250 Pii-reci
2289 2204 2476 2264 portus
2497 2185 2750 2250 ducentia
2775 2195 2828 2250 in
2856 2195 3044 2251 urbem
3068 2196 3089 2227 ⁸
3113 2196 3417 2252 munimina
3439 2213 3595 2254 ever-

1991 2295 2259 2354 terentur,
2283 2288 2303 2318 ⁷
2331 2301 2608 2356 navesque
2631 2287 2863 2356 reliquas
2885 2286 3026 2343 ultro
3049 2287 3363 2343 traderent:
3393 2289 3593 2346 deinde

1986 2379 2032 2436 si
2073 2389 2316 2436 rectores
2353 2378 2455 2434 sibi
2498 2378 2716 2450 triginta
2761 2380 2784 2412 ⁸
2829 2380 3004 2436 lectos
3044 2379 3408 2451 susciperent.
3451 2382 3588 2441 Huic

1985 2470 2288 2528 conditioni
2312 2471 2548 2527 addictis
2567 2479 2624 2526 et
2645 2470 3152 2538 succumbentibus,
3181 2470 3586 2530 Lacedzcmonii

1983 2561 2329 2634 Lysandrum
2361 2563 2427 2618 ad
2454 2562 2866 2633 componendas
2911 2563 2965 2617 in
3012 2564 3150 2620 urbe
3177 2563 3402 2634 parendi
3436 2565 3588 2636 leges

1982 2656 2411 2712 constituerunt.
2459 2653 2691 2725 Insignis
2739 2653 2829 2710 hic
2877 2670 3054 2710 annus
3095 2665 3151 2710 et
3177 2660 3586 2728 expugnatione

1983 2749 2329 2811 Athenarum
2352 2790 2368 2816 ,
2413 2757 2471 2805 et
2496 2756 2672 2806 morte
2696 2748 2882 2818 Darii,
2929 2751 2950 2783 ο
2983 2749 3272 2806 Persarum
3304 2751 3450 2822 regis
3473 2795 3490 2816 ,
3527 2760 3585 2809 et

1981 2842 2178 2899 exsilio
2204 2840 2469 2914 Dionysii,
2501 2840 2703 2898 Sicilim
2733 2841 2970 2911 tyranni,
3000 2841 3122 2896 l'nit.
3166 2843 3336 2913 Igitur
3361 2844 3584 2914 triginta

1981 2941 2226 2989 rectores
2250 2931 2680 2989 Atheniensibus
2701 2931 2978 2998 ordinati,
3035 2932 3195 3006 134
3238 2934 3457 3004 triginta
3503 2946 3586 3009 ty-

1981 3023 2143 3078 ranni
2173 3023 2496 3079 exoriuntur
2522 3039 2536 3078 :
2568 3021 2660 3093 qui
2689 3021 2867 3092 primo
2909 3036 2969 3078 se
3016 3023 3190 3080 tribus
3220 3025 3466 3082 millibus
3492 3042 3581 3083 sa-

1571 3135 2022 3195 llAVEllCAMPl
2060 3139 2290 3197 ΝΟΤΔΕ.
2320 3147 2327 3152 ”

280 3252 560 3327 Plutarch.
595 3251 874 3309 Alcibiade
918 3258 974 3308 et
1001 3249 1303 3322 Lysandro.
1335 3249 1638 3306 Pausanias
1660 3248 1760 3305 lib.
1791 3259 1870 3306 ιιι.
1902 3253 1949 3316 C
2048 3254 2141 3327 2t}.
2188 3254 2396 3327 ania.
2426 3253 2609 3327 Lugd:
2626 3257 2744 3310 Bat.
2776 3271 2884 3327 pr.,
2917 3259 3167 3314 omnium.

277 3327 452 3451 ιλῗὲί
490 3395 661 3451 Multo
705 3395 802 3450 hoc
843 3394 1074 3449 atrocius
1117 3391 1324 3446 vulnus.
1354 3392 1444 3448 Sic
1483 3392 1710 3447 omnino
1742 3392 1876 3447 scri-

281 3466 525 3521 bendum
556 3483 624 3522 ex
651 3481 783 3521 mss.
817 3466 909 3534 qui
941 3479 1138 3534 magno
1165 3478 1435 3519 consensu
1458 3477 1650 3519 omnes
1682 3463 1753 3517 ita
1781 3477 1876 3517 ex-

280 3538 496 3593 hibent.
517 3538 729 3609 Vulgati
758 3537 921 3592 multo
945 3535 1197 3602 atrocius,
1225 3545 1423 3605 pratter
1450 3534 1542 3590 ed.
1566 3535 1728 3606 Aug.,
1754 3549 1876 3605 qua:

275 3624 407 3664 cum
439 3623 572 3664 mss.
602 3608 754 3663 facit.

360 3681 447 3734 19.
488 3679 790 3748 Antiquam.
825 3677 1000 3748 Lugd.
1032 3677 1155 3748 Bal.
1187 3691 1294 3748 pr.,
1314 3674 1536 3748 antiqui.

355 3749 556 3823 20.7ln
598 3745 930 3823 lacnntejus.‘
971 3747 1108 3823 Edd.
1141 3745 1563 3823 qitcedanttideg
1605 3747 1660 3799 in
1705 3745 1876 3823 locum

274 3823 419 3945 fjus.
463 3822 590 3906 μεθ.
637 3815 972 3893 Lttgd.'Bat.
1006 3819 1114 3875 duo
1153 3815 1279 3874 cum
1323 3817 1466 3874 Coll.
1513 3815 1786 3883 Gronov.,
1819 3818 1873 3871 in

305 3908 400 3945 UCO
426 3909 558 3945 eius.

305 3908 400 3946 UCO
426 3909 558 3947 eius.

357 3913 400 3945 .‘0
426 3913 558 3965 ejus.

357 3964 447 4019 2L
487 3962 832 4034 Conscripsit.
865 3962 996 4019 Mss.
1042 3961 1162 4018 hmc
1200 3967 1286 4016 est
1317 3959 1502 4015 lectio.
1530 3958 1703 4032 Vulgo
1743 3975 1872 4013 con-

273 4036 481 4089 scribit.

355 4105 448 4159 2‘2.
488 4105 676 4172 Itaque
724 4104 898 4157 statim
942 4104 1160 4158 imbellis
1209 4119 1420 4167 manus,
1458 4109 1564 4156 etc.
1614 4099 1872 4172 Ultimum

275 4176 392 4230 hoc
425 4171 680 4244 prmlium
709 4175 901 4244 navale
939 4174 1079 4229 inter
1125 4173 1574 4228 Lacedarmonios
1603 4182 1661 4226 et
1699 4171 1872 4244 Athe-

276 4242 532 4309 nienses,
581 4243 723 4297 bello
751 4243 1215 4309 Peloponnesiaco
1247 4245 1412 4313 (quod
1446 4244 1514 4296 27
1560 4257 1736 4296 annos
1769 4242 1869 4295 ilu-

279 4317 449 4386 ravit)
478 4314 955 4386 commissutnluit
985 4316 1050 4367 ad
1082 4313 1247 4386 .Egos
1285 4314 1665 4386 ﬂutninapquu
1705 4313 1873 4366 Athe-

282 4383 559 4442 nienSium
593 4385 784 4440 classis
822 4383 996 4438 deleta
1027 4393 1108 4437 est
1141 4383 1251 4438 :de
1279 4383 1384 4452 quo
1423 4384 1644 4439 eosdem
1687 4393 1874 4436 aucto-

283 4476 376 4514 τως
408 4456 656 4520 consule,
689 4468 827 4525 quos
855 4454 1024 4525 modo
1059 4454 1350 4525 nominavi.
1385 4454 1551 4509 Fusa.

359 4529 450 4584 25.
494 4526 600 4598 Illo
636 4523 838 4598 prmlio.
881 4524 1054 4598 Lugd.
1095 4523 1235 4598 Batt.
1269 4533 1379 4579 tres
1417 4539 1540 4578 cum
1563 4523 1706 4580 Coll.
1736 4523 1875 4581 Gro-

285 4615 413 4654 nov.
449 4607 505 4654 et
533 4594 820 4667 ed.'Aug.,
855 4598 910 4649 in
938 4595 1032 4649 illo
1053 4594 1255 4667 prazlio.

359 4671 451 4724 2L
493 4663 768 4726 Statuunt-
790 4668 968 4722 urbem
994 4663 1280 4738 peregrinis
1306 4664 1448 4717 dare.
1481 4663 1534 4717 Id
1577 4676 1684 4738 est,
1717 4679 1876 4734 pere-

286 4742 478 4809 grinos
498 4740 718 4795 civitate
743 4738 968 4809 donare.
995 4736 1159 4790 'lliod.
1187 4736 1485 4809 ἐποιήσᾳνῖο
1511 4737 1722 4809 πολίτας
1752 4739 1876 4797 τοὺς

286 4805 349 4884 με
361 4815 572 4876 τοίχους,
596 4813 697 4884 καὶ
709 4817 809 4866 τῶν
839 4807 1000 4865 ἄλλων
1024 4810 1176 4875 ξένων
1204 4808 1328 4866 τοὺς
1348 4805 1684 4877 βουλομένους
1709 4829 1872 4863 συνα-

284 4881 622 4955 ὴωγίσασοαι.
658 4881 823 4955 ΑΒΒέ

359 4954 454 5010 25.
497 4953 746 5008 Cotluvie.
793 4949 931 5007 Tres
970 4947 1146 5021 Lugd.
1193 4947 1336 5003 Batt.
1380 4961 1506 5006 cum
1554 4945 1694 5005 Coll.
1743 4946 1878 5004 Gro-

285 5040 453 5150 ῃοέξ.
475 5040 848 5166 examinat
875 5107 1045 5161 regem
1075 5090 1326 5166 concessit
1353 5087 1664 5162 Euagoram.
1700 5087 1871 5166 Hujus

288 5166 396 5221 loci
424 5160 686 5222 mendum
724 5164 818 5219 alii
855 5160 1071 5232 quoque
1112 5160 1730 5232 anin‘iadverterautLac
1758 5163 1878 5232 sine

289 5238 405 5290 ullo
435 5236 652 5306 negotio
699 5249 765 5290 ex
797 5229 1012 5290 Justino
1055 5230 1335 5306 emendari
1382 5229 1874 5306 potuit._Xenoph.

289 5309 388 5362 lib.
422 5324 480 5370 It,
509 5302 670 5378 ibam
700 5308 829 5378 ὀκτὼ
866 5308 1054 5378 ναυσὶν-
1072 5302 1364 5378 ἀπέπλευοὲ
1389 5303 1514 5378 παρ’
1533 5303 1798 5378 ξύαγὸρ-αςδ
1826 5304 1880 5363 ἐς

293 5383 515 5454 Κύ-πρσν.
546 5377 652 5433 Sed
691 5393 758 5432 ne
787 5377 848 5454 in_
883 5391 942 5430 re
985 5372 1878 5454 minimedubiatalibus-videar

293 5451 376 5504 t.li
410 5439 518 5504 non
557 5445 902 5508 necessariis,
948 5446 1143 5500 Κόνωνα
1170 5443 1223 5500 δέ
1250 5446 1330 5506 τίς
1365 5446 1452 5498 οὐκ
1482 5439 1639 5507 οἶδεν,
1672 5443 1750 5498 ὅτι
1790 5442 1884 5498 δυ·

289 5525 648 5592 στυχησάσημς
670 5526 762 5579 τῆς
789 5517 979 5592 ιιι-ὀλείας
1004 5520 1071 5578 ὡς
1096 5515 1364 5592 βύαγρραν
1393 5513 1504 5575 ἦλθε
1528 5532 1546 5592 _:
1566 5523 1638 5592 _ut
1668 5513 1743 5592 ait.
1770 5513 1882 5592 Iso-

289 5582 476 5648 crat’és
501 5592 553 5644 in
591 5587 1058 5660 Evagora._Fs_n_n.
1094 5582 1398 5655 Legeb'atitr
1431 5585 1648 5660 putide,
1668 5582 1881 5660 ad_Cyf

296 5679 419 5718 rum
450 5677 618 5732 regem
663 5652 928 5732 concessit.
964 5652 1223 5728 Euagoras
1253 5652 1439 5710 autent
1462 5656 1572 5730 (vel
1601 5652 1882 5722 Evacinas)

298 5735 414 5787 dum
448 5731 974 5795 Lacedwinom'ornm,
1006 5738 1114 5785 etc.

379 5804 470 5858 '27.
506 5802 790 5876 Angebant.
825 5801 1016 5862 l‘lurcs
1045 5815 1108 5858 cx
1137 5814 1295 5869 mss.,
1325 5799 1519 5867 agebat.

2048 3325 2140 3400 29.
2184 3324 2390 3400 Horror
2419 3324 2532 3400 esti
2573 3326 2712 3400 Edd.
2744 3324 2874 3384 velt.
2913 3339 3112 3396 praeter
3147 3331 3405 3400 A'ugust.,
3449 3334 3579 3390 hor-

1977 3396 2088 3470 rari
2115 3396 2593 3470 vel_l_to_rroris_esl,
2630 3397 2780 3461 dein,
2814 3400 2946 3470 nihil
2972 3401 3083 3470 spei
3118 3396 3424 3470 prwteritte.

2047 3463 2175 3522 Car.
2211 3466 2507 3543 ιςγιιρτ-ι.
2537 3465 2667 3523 Cum
2690 3469 2929 3540 plurimi.
2972 3463 3384 3543 Eddfquacdam
3414 3483 3574 3542 vett..

1976 3545 2024 3590 et
2053 3553 2179 3608 cunt
2195 3538 2428 3608 plurimi.

2046 3608 2100 3661 2.
2136 3607 2533 3686 [epulumque
2585 3609 2756 3686 Lugd.
2786 3611 2930 3666 B.itt.
2965 3627 3049 3684 pr.
3075 3651 3091 3680 ,
3132 3619 3259 3668 tert.
3294 3623 3352 3670 et
3388 3624 3570 3686 quart.

1975 3692 2101 3733 cum
2130 3679 2268 3734 Coll.
2294 3679 2560 3744 Grouov.,
2595 3681 2866 3748 papulum.

2048 3751 2101 3803 5.
2143 3749 2401 3821 Spartani
2444 3760 2777 3821 negaverunt.
2833 3753 2924 3807 Sic
2967 3753 3184 3819 quidem
3232 3753 3465 3821 Justin.;
3517 3766 3576 3811 at

1974 3817 2304 3898 Xfumpl'ton.
2320 3819 2420 3898 μὶ).
2445 3817 2579 3898 tl‘i'la
2597 3838 2610 3873 :
2626 3817 3009 3898 Λακεδαιμόνιοι
3029 3822 3082 3898 δὲ
3104 3825 3194 3878 οὐκ
3217 3823 3406 3898 ἔφασαν
3433 3817 3575 3884 ἰι-ὁλιν

1976 3890 2231 3972 Ἑλλῃνίδα
2257 3889 2605 3972 ἀνδρλσιποδιεῖν
2623 3931 2637 3956 ,
2670 3893 2802 3972 μέγα
2825 3889 3013 3972 delabor
3034 3889 3364 3972 εἰργασμῖνην
3393 3899 3442 3972 ἐν
3467 3907 3576 3960 τοῖς

1975 3965 2241 4035 μεγίστοις
2283 3962 2539 4035 κιῦδύνοιςν
2576 3962 2880 4034 γενομένοις⁷
2901 3965 2921 4035 (
2940 3966 3018 4020 sic
3045 3962 3188 4020 enim
3217 3962 3504 4034 legendum
3538 3984 3572 4024 e

1974 4034 2205 4114 vetustis
2235 4034 2632 4114 ιιοιιςγενομὲνην
2659 4045 2716 4114 ιιι
2755 4045 2864 4114 οδε
2867 4034 3232 4114 impressum)
3259 4045 3322 4114 τῇ
3352 4037 3571 4114 Ἑλλάδι.

1975 4102 2386 4176 ιητεάᾳνηιοιιὶἱί
2419 4102 2678 4176 negarunt
2721 4121 2774 4159 se
2822 4102 3061 4160 Grtrcam
3104 4102 3316 4172 urbem,
3358 4125 3475 4176 qua:
3517 4110 3575 4162 in

1974 4175 2188 4227 summis
2216 4173 2433 4246 Grrgcim
2471 4173 2720 4244 periculis
2763 4177 2957 4246 Optime
2982 4179 3044 4231 de
3073 4178 3170 4232 illa
3201 4188 3332 4233 esset
3361 4173 3569 4246 nterim,

1975 4259 2262 4300 eversuros.
2294 4242 2454 4298 FABR.

2045 4313 2101 4387 ξ.
2145 4315 2495 4387 Se._Abesta
2521 4313 2661 4370 Coll.
2695 4315 2936 4387 Gronov.
2983 4327 3036 4371 et
3063 4316 3237 4387 Lugd.
3269 4319 3392 4372 Bat.
3436 4326 3566 4374 tcrt.

2046 4384 2099 4437 5.
2144 4385 2207 4440 Si
2233 4384 2420 4438 Pirwei
2448 4393 2649 4454 portus.
2681 4385 2880 4441 Justin.
2912 4432 2926 4455 ,
2962 4388 3025 4442 Si
3050 4384 3272 4441 demissa
3305 4387 3564 4442 Pirwrum

1975 4471 2152 4526 versus
2173 4456 2309 4508 muri
2327 4455 2540 4508 brachia
2557 4457 2858 4524 dejecerint,
2885 4458 2973 4512 ubi
2997 4461 3132 4511 muri
3153 4459 3364 4512 brachia
3385 4468 3565 4526 vocat,

1975 4541 2096 4604 qm}:
2125 4525 2296 4604 G_t_".nc°t
2324 4528 3078 4604 μᾳκράρκὲληκμακρά.τείχη.
3110 4527 3278 4604 Ειιιιιι.

2046 4595 2100 4650 6.
2146 4595 2460 4650 Μιιηὺιιὶιιά.
2493 4595 2666 4664 Lugd.
2694 4595 2832 4651 Batt'.
2860 4595 3120 4652 iluo'cum
3141 4599 3565 4666 Coll.Gronov.,

1982 4667 2322 4721 nziiniinettta.
2356 4667 2501 4720 Idem
2545 4667 2713 4721 voluit
2739 4668 2863 4722 cod.
2895 4668 3141 4736 Longob.
3185 4671 3434 4726 scribens
3460 4689 3571 4725 mo-

1982 4745 2248 4808 numenta,
2275 4737 2471 4792 litterae
2493 4755 2524 4791 ιι
2549 4739 2914 4808 superscripta
2938 4740 2976 4792 i.
2999 4739 3099 4794 Ed.
3116 4739 3280 4804 Aug.,
3305 4743 3570 4795 ducentia-

1980 4824 2094 4876 que.
2138 4807 2265 4862 Mss.
2297 4809 2500 4877 plures,
2531 4807 2838 4864 verterentur
2876 4825 2977 4881 pro
3005 4821 3370 4866 euerterentur.
3413 4812 3563 4868 Flor.

1983 4886 2134 4946 tert.,
2164 4889 2486 4934 eruerentur.

2148 4948 2422 5026 Nauesque
2448 4951 2692 5026 reliquas.
2736 4950 2907 5024 Lugd.
2935 4952 3072 5009 iBat.
3114 4960 3276 5022 tert.,
3316 4970 3571 5026 navesque

1978 5019 2191 5088 reliqua:
2222 5019 2358 5073 ultro
2385 5019 2733 5076 traderentur.

2049 5092 2104 5144 8.
2136 5089 2342 5145 Lectos.
2367 5089 2645 5147 Fabricius
2663 5095 2899 5150 restituit
2916 5110 2986 5150 ex
3005 5109 3134 5149 mss.
3153 5094 3212 5150 In
3231 5095 3390 5152 editis
3411 5105 3570 5151 antea

1976 5159 2187 5238 deerat.
2209 5164 2642 5238 prmterquamin
2664 5163 2829 5230 Aug.,
2849 5167 2901 5238 iu_
2923 5181 3028 5236 qua
3051 5166 3261 5222 (lectos.
3278 5168 3570 5238 Aliquanto

1981 5240 2103 5300 post
2127 5231 2276 5285 Meus
2301 5246 2398 5300 pro
2420 5233 2790 5288 constituerunt
2820 5231 2981 5291 habet
3006 5239 3342 5292 constituunt.

2054 5299 2110 5358 9.
2153 5299 2371 5379 Darii,
2401 5300 2685 5379 Persarum
2712 5309 2886 5379 ⁸ιιίιὶις.
2937 5307 3132 5363 Darius
3163 5323 3266 5364 non
3299 5309 3369 5361 ita
3398 5303 3570 5379 multo

1984 5384 2106 5441 post
2142 5388 2330 5442 pacem
2358 5371 2499 5428 inter
2527 5371 2889 5434 Atheuienses
2917 5379 3111 5434 factam
3143 5387 3386 5434 mortuus
3423 5373 3524 5425 luit.
3549 5418 3568 5442 ,

1985 5457 2104 5498 cum
2135 5457 2304 5496 annos
2333 5445 2400 5499 19
2433 5459 2734 5514 regnasset,
2770 5450 3037 5505 Diodorus
3065 5450 3191 5503 libr.
3223 5459 3340 5509 xm,
3368 5442 3574 5510 Diony-

1989 5515 2101 5590 sius
2126 5529 2278 5581 vero,
2311 5522 2369 5567 ut
2395 5514 2777 5590 idetniscribit,
2808 5537 2916 5577 non
2946 5534 3052 5575 tam
3076 5515 3357 5590 exsulavit,
3406 5526 3572 5590 quam

1990 5585 2044 5656 in
2070 5593 2370 5656 extremum
2403 5585 2693 5642 discrimen
2725 5584 3040 5646 amittendae
3069 5584 3369 5656 tyrannidis
3396 5584 3574 5656 venit.

1991 5655 2327 5729 Fanag—Ms.
2359 5656 2530 5729 Lugd.
2559 5660 2671 5714 Bat.
2701 5670 2830 5718 tert.
2854 5671 3015 5729 atque
3037 5649 3124 5710 ed.
3146 5657 3283 5725 Aug.
3307 5670 3375 5711 ex
3397 5649 3576 5711 tribus

1989 5737 2037 5781 et
2052 5767 2066 5792 ,
2105 5727 2333 5795 primum
2365 5728 2569 5786 delent.
