4088 6170
396 273 503 335 789

1430 274 1903 337 HISTORIARUM
1936 266 2149 341 LIBER
2184 279 2253 337 Il.
2294 280 2449 361 CAP.
2490 280 2677 340 XVIII.

3528 266 3544 284 °
3594 292 3703 353 790

398 391 548 447 tione
573 389 806 458 retinet,
835 387 1087 461 precibus
1117 389 1270 464 ligat,
1304 406 1617 464 proponens
1645 402 1775 449 ante
1799 392 1985 451 oculos
2010 394 2064 458 Α
2091 394 2367 463 dinantur,
2399 397 2667 454 valerent.
2716 395 2823 455 Sed
2876 398 3013 457 adeo
3055 399 3161 458 hoc
3207 401 3353 461 idem
3396 405 3653 477 placitum
3682 449 3699 477 ,

397 499 584 541 eorum
603 530 618 554 ,
643 498 780 555 quos
808 484 991 556 fugere
1013 485 1098 540 vel
1139 483 1206 540 ad
1232 502 1368 557 quos
1395 482 1645 558 refugere
1680 489 1723 520 ³⁷
1758 488 1992 557 vellent,

397 577 498 643 sibi
519 619 535 645 ,
563 576 827 634 adversus
862 578 1076 648 triginta
1106 577 1360 636 dominos
1380 623 1395 648 ,
1425 595 1530 635 non
1559 580 1823 636 adversus
1850 579 1996 637 cives

397 670 651 741 miseros,
682 670 882 727 bellum
905 685 1027 727 esse
1047 681 1381 742 susceptum.
1401 672 1542 743 Quin
1574 675 1754 744 potius
1780 688 1991 740 omnes,

395 760 489 831 qui
519 778 580 819 se
613 762 965 819 meminerint
986 779 1108 820 esse
1136 762 1527 832 Athenienses,
1557 766 1709 836 sequi
1740 775 1993 838 oportere

396 852 809 911 Atheniensium
836 855 1105 912 libertatis
1128 856 1353 913 ultores.
1378 855 1565 929 Itaque
1588 858 1704 915 luce
1724 859 1773 891 ³⁸
1793 857 1993 915 adhor-

398 947 535 1002 tatio
584 954 792 1002 tantum
824 948 967 1018 apud
1003 963 1099 1005 eos
1129 944 1321 1018 valuit,
1357 959 1415 1005 ut
1445 964 1567 1005 mox
1601 950 1803 1007 reversi
1833 951 1885 1007 in
1917 949 1992 1007 ci-

394 1040 618 1095 vitatem
659 1049 916 1113 tyrannos
946 1055 1073 1097 arce
1111 1038 1379 1098 decedere
1408 1049 1571 1115 atque
1601 1043 1645 1076 ’θ
1676 1040 1988 1099 Eleusiuam

392 1128 629 1201 migrare
649 1130 1049 1201 compulerint:
1083 1132 1207 1203 qui,
1252 1139 1539 1207 postqttam
1571 1132 1626 1189 in
1669 1133 1985 1192 societatem

393 1221 546 1278 urbis
569 1221 719 1280 cives
742 1237 873 1280 suos
889 1268 905 1295 ,
938 1234 1166 1281 eatenus
1193 1224 1434 1294 exsules,
1457 1225 1501 1259 ⁸⁰
1529 1236 1873 1297 receperunt,
1900 1237 1988 1302 ty-

391 1330 595 1371 rannos
620 1317 674 1371 in
698 1316 901 1375 bellum
928 1318 1271 1383 aemulatione
1290 1321 1577 1387 suscitant,
1601 1321 1798 1393 quibus
1817 1322 1986 1379 liber-

390 1414 474 1464 tas
496 1407 726 1466 aliorum
748 1411 899 1483 quasi
920 1411 1163 1483 ipsorum
1186 1412 1419 1469 servitus
1440 1411 1751 1470 videbatur.
1772 1414 1815 1447 ³¹
1834 1414 1987 1473 Tunc

391 1492 596 1558 indicta
634 1518 834 1576 pugna,
865 1520 989 1561 cum
1019 1504 1170 1575 prius
1200 1505 1356 1575 quasi
1387 1505 1455 1562 ad
1486 1502 1821 1578 colloquium
1855 1523 1987 1565 con-

389 1594 665 1664 venirent,
695 1597 1051 1654 circumventi
1078 1596 1315 1668 insidiis,
1350 1598 1520 1654 velnti
1545 1599 1696 1671 pacis
1722 1600 1978 1670 victimae,

388 1685 772 1745 trucidantur:
802 1682 847 1720 ³²
878 1687 952 1744 ita
999 1688 1236 1744 revocati
1289 1688 1342 1744 in
1374 1704 1561 1760 unum,
1609 1698 1734 1761 post
1760 1689 1806 1723 ³³
1830 1691 1982 1747 inex-

2104 489 2148 525 ⁸⁸
2177 491 2318 546 inter
2347 491 2462 561 ipsa
2492 506 2630 562 pene
2656 492 2842 562 placiti
2887 494 3054 551 verba
3094 506 3407 569 corruptum
3438 508 3556 568 eSt,
3596 510 3655 557 ut
3678 544 3696 569 ,

2094 583 2192 640 vix
2222 584 2600 640 intercedente
2644 583 2907 652 biennio,
2925 585 2970 619 ⁸ο
2995 588 3249 645 Socrates
3281 592 3407 660 ille,
3451 592 3691 650 clarissi-

2097 690 2219 734 mus
2249 676 2722 750 philosophorum,
2750 677 2973 735 adactus
3004 682 3179 752 malls,
3197 697 3412 740 veneno
3433 683 3533 741 sibi
3554 686 3698 754 apud

2095 780 2193 825 eos
2233 768 2396 824 vitam
2437 770 2732 826 extorserit
2758 785 2772 824 :
2806 770 3004 827 deinde
3034 772 3120 827 vix
3150 773 3505 844 quadraginta
3535 775 3698 832 annis

2093 859 2603 923 intervenientibus.
2632 870 2692 918 ut
2731 861 2833 918 alia
2864 862 3080 931 sileam,
3112 865 3272 922 iidem
3301 868 3688 940 Athenienses,

2091 953 2343 1026 adempta
2383 953 2486 1009 sibi
2532 953 2750 1024 penitus
2780 954 3063 1025 libertate,
3100 958 3199 1012 sub
3228 958 3477 1030 Philippo
3506 959 3683 1014 Mace-

2090 1044 2291 1102 donum
2321 1060 2448 1115 rcge
2469 1044 2513 1077 “
2536 1045 2850 1101 servierint.
2883 1044 3268 1104 Verumtamen
3302 1048 3691 1119 sapientissini

2089 1139 2329 1194 omnium
2380 1136 2777 1205 Athenienses,
2822 1139 2986 1195 etiam
3038 1140 3149 1194 suis
3176 1140 3335 1195 malis
3362 1142 3495 1196 satis
3516 1140 3685 1212 docti,

2089 1222 2135 1268 "
2149 1230 2440 1287 concordia
2464 1230 2714 1285 minimas
2736 1245 2825 1286 res
2844 1244 3112 1301 crescere,
3132 1230 3404 1289 discordia
3425 1233 3690 1289 maximas

2089 1323 2219 1391 labi,
2246 1308 2294 1355 “
2317 1312 2620 1393 cunctaque
2640 1322 2723 1378 vel
2756 1322 2916 1389 bona,
2941 1322 3202 1379 veletiam
3218 1324 3383 1393 mala,
3403 1339 3524 1395 quas
3556 1323 3691 1380 foris

2084 1422 2368 1486 geruntur,
2400 1412 2629 1469 internis
2654 1426 2776 1470 esse
2805 1413 3044 1470 radicata
3073 1421 3130 1471 et
3152 1414 3351 1472 emissa
3380 1415 3686 1486 principiis,

2085 1508 2231 1566 domi
2255 1508 2564 1564 abstersere
2590 1507 2732 1573 odia,
2773 1515 2827 1564 et
2854 1505 2983 1563 loris
3013 1506 3157 1563 bella
3185 1507 3685 1579 presserunt:reli-

2085 1607 2427 1670 queruntque
2453 1598 2689 1669 posteris
2722 1598 2835 1655 suis
2860 1597 2907 1631 “
2936 1597 3004 1656 de
3032 1600 3189 1657 ruina
3218 1600 3301 1656 sui
3338 1601 3642 1672 exemplum
3660 1645 3677 1671 ,

2081 1687 2149 1745 de
2172 1690 2519 1759 reparatione
2545 1689 2866 1748 consilium:
2886 1690 2933 1746 si
2964 1697 3141 1747 tamen
3170 1690 3685 1749 obiufirmissimam

387 1774 620 1847 plebiles
642 1793 961 1851 magnorum
989 1778 1259 1852 lacrymas
1283 1779 1628 1851 gaudiorum,
1657 1780 1776 1837 inec
1803 1782 1976 1853 prima
2007 1777 2057 1841 B
2084 1781 2334 1837 humanae
2358 1781 2557 1837 mentis
2583 1779 3014 1851 mutabilitatem,
3038 1780 3181 1855 quod
3209 1782 3263 1839 in
3290 1781 3506 1840 afﬂictis
3524 1783 3689 1841 rebus

390 1866 437 1899 ”
464 1866 779 1926 fundamina
811 1879 1144 1940 recuperata:
1176 1868 1442 1925 libertatis
1489 1871 1812 1939 instaurant,
1858 1887 1983 1943 pro.

385 1962 559 2030 posita
578 1961 935 2032 jurisjurandi
959 1961 1376 2028 contestatione,
1410 1962 1485 2017 uti
1515 1962 1829 2030 discordiae,
1858 1962 1983 2021 ani-

385 2052 776 2125 mositatesque
816 2054 1143 2126 praeteritas,
1198 2056 1251 2110 in
1300 2052 1632 2112 oblivionem
1666 2064 1982 2127 perpetuam

384 2150 552 2217 atque
575 2145 880 2203 immortale
899 2145 1175 2202 silentium
1202 2143 1565 2203 deducantur.
1594 2147 1749 2216 Quod
1778 2150 1984 2219 pactio-

384 2237 470 2294 nis
515 2253 686 2308 genus
732 2239 886 2311 quasi
934 2238 982 2272 ⁸⁸
1036 2254 1229 2295 novam
1259 2241 1389 2295 vita:
1418 2240 1836 2309 institutionem,
1881 2256 1981 2298 no-

383 2343 614 2400 vamque
638 2329 955 2387 felicitatem
986 2340 1163 2387 status
1187 2326 1271 2387 sui
1299 2330 1681 2400 informantes,
1706 2333 1750 2364 ³⁸
1772 2347 1989 2389 amnes-

2083 1872 2407 1943 consulitnr,
2437 1875 2490 1930 in
2524 1874 2800 1946 prosperis
2820 1883 3150 1932 servaretur.

2559 1986 2720 2060 133
2747 1982 2982 2044 carur
3026 1983 3219 2044 xvnt.

2089 2076 2168 2133 De
2198 2078 2331 2133 bello
2348 2077 2486 2133 civili
2518 2078 2654 2133 inter
2682 2077 3021 2134 Artaxerxem
3042 2088 3093 2149 et
3117 2078 3311 2149 Cyrum
3339 2078 3478 2148 ﬁlios
3506 2076 3684 2149 Darii,

2159 2154 2302 2221 quod
2327 2148 2612 2221 parricidio
2630 2149 2849 2221 ﬁnitum
2880 2150 3002 2221 fuit.
3031 2146 3123 2203 De
3141 2146 3437 2204 terramqu
3463 2148 3686 2215 Siciliae,

2162 2218 2211 2274 et
2238 2218 2478 2275 Atalante
2498 2218 2674 2273 insula
2704 2218 2890 2289 facta.‘
3090 2220 3095 2263 ῖ

2160 2330 2357 2387 Iisdem
2381 2330 2495 2387 fere
2524 2329 2718 2387 diebus
2748 2327 2766 2361 ⁸
2794 2328 3003 2387 bellum
3041 2328 3227 2397 civile,
3259 2329 3280 2360 ²
3304 2328 3472 2385 immo
3514 2330 3686 2385 etiam

385 2419 515 2476 tiam
554 2430 917 2490 vocaverunt,
959 2418 1012 2478 id
1051 2431 1168 2489 est,
1218 2421 1573 2479 abolitionem
1623 2424 1778 2497 137
1817 2425 1988 2481 malo-
2091 2422 2375 2496 plusquam
2403 2423 2589 2491 civile,
2614 2423 2704 2479 vix
2734 2421 3030 2494 parricidio
3058 2421 3530 2487 terminatum,ad
3550 2421 3684 2478 Per-

383 2530 531 2583 rum.
550 2514 594 2549 ³⁷
612 2515 1029 2586 Sapientissima
1055 2516 1491 2584 Atheniensium,
1525 2518 1833 2588 praesertim
1863 2525 1988 2589 post
2089 2524 2179 2572 Sas
2207 2515 2522 2587 gerebatur.
2565 2510 2782 2571 Mortuo
2820 2514 2967 2570 enim
2994 2526 3125 2584 rege
3154 2512 3336 2580 Dario,
3362 2522 3486 2569 cum
3513 2514 3682 2569 Arta-

385 2616 535 2663 tanta
562 2609 903 2665 miseriarum
932 2609 1283 2676 documenta,
1311 2609 1551 2680 provisio
1582 2627 1596 2664 :
1620 2609 1668 2665 si
1693 2625 1802 2681 quo
1823 2618 1985 2681 pacto
2086 2623 2283 2664 xerxes
2308 2616 2364 2663 et
2394 2606 2698 2679 Cyrus,lilii
2717 2605 2939 2678 ejus,de
2970 2620 3140 2677 regno
3168 2606 3530 2677 ambigerent,
3555 2615 3674 2663 tan-

383 2715 476 2758 res
524 2701 775 2757 humanae
805 2709 1062 2758 manente
1090 2714 1364 2758 consensu
1390 2700 1667 2757 hominum
1688 2744 1702 2771 ,
1736 2700 1784 2735 ³⁸
1811 2709 1867 2757 ut
1892 2715 1984 2757 or-
2084 2699 2208 2755 dem
2234 2698 2443 2771 magnis
2465 2697 2838 2770 apparatibus,
2876 2697 2897 2729 ³
2926 2698 3136 2769 magnis
3166 2698 3578 2768 provinciarum
3603 2715 3671 2757 ac

1666 2855 2117 2918 HAVERCAMPI
2151 2858 2381 2917 NOTE.

432 2954 547 3049 ξεῖ.
596 2974 822 3049 Vellent.
845 2975 1165 3049 Lngd._Bat.
1191 2984 1313 3049 tert.
1340 2983 1397 3031 et
1415 2974 1556 3031 Coll.
1581 2975 1823 3031 Gronov.
1852 2991 1972 3032 cum

2081 2982 2424 3049 μνησικακεῖν.
2463 2974 2630 3030 Ρηιι.
2657 2972 2952 3049 g—Conl‘er
2978 2975 3356 3049 Aristophanis
3398 2980 3578 3036 locum
3606 2996 3676 3039 ex

381 3047 472 3118 ed.
497 3048 856 3118 Aug.,vclint.
877 3046 1008 3102 Mss.
1030 3046 1195 3103 iidem
1219 3047 1271 3100 in
1299 3047 1387 3112 iis,
1407 3062 1529 3116 quas
1555 3056 1976 3113 prmcesserunt,
2080 3046 2238 3102 I'lnto
2286 3060 2446 3118 supra
2498 3059 2620 3118 pag.
2650 3046 2756 3118 154
2780 3054 2836 3118 et
2863 3047 3040 3118 Orosii
3073 3046 3175 3101 lib.
3196 3064 3287 3111 vn,
3322 3064 3443 3115 cap.
3472 3051 3527 3106 6.

381 3116 569 3173 delent
587 3116 808 3173 'eorum.
847 3120 1162 3189 Aliquanto
1185 3125 1308 3187 post
1336 3133 1462 3189 esse
1505 3131 1724 3188 quoque
1770 3132 1976 3189 expuu-
2153 3118 2242 3172 57.
2279 3116 2678 3189 Sopientissima
2707 3116 3115 3189 Atheniensium.
3159 3117 3331 3189 Lugd.
3370 3119 3513 3173 Batt.
3542 3128 3670 3179 tert.

380 3197 533 3260 gunt,
580 3199 633 3243 et
676 3189 924 3245 scribunt
951 3185 1094 3245 'enm
1144 3185 1278 3260 Litg.
1330 3188 1447 3243 Bat.
1495 3185 1607 3244 sec.
1634 3185 1979 3243 meminerint
2080 3197 2133 3260 et
2165 3196 2345 3260 quart.
2374 3201 2494 3260 cum
2524 3186 2674 3260 Coll.
2696 3185 2871 3242 Gron.
2897 3185 3303 3260 et__qnibusdam
3351 3190 3477 3244 edd.
3509 3198 3668 3258 vett.,

2083 3257 2486 3330 Sapientissinta
2514 3257 2612 3327 fuit
2654 3257 2783 3324 haec,
2800 3265 2917 3330 etc.
2943 3257 3065 3311 Mox
3088 3271 3192 3330 pro
3221 3266 3337 3330 post
3370 3268 3514 3315 tanta
3542 3257 3668 3317 cod.

380 3259 736 3314 Athenienses.

2087 3326 2522 3400 Perizon._lt:tbet
2549 3336 2663 3400 post
2686 3336 2780 3383 tot.
2800 3327 2933 3384 Post
2951 3328 3177 3400 provisio
3203 3326 3340 3386 Cod.
3358 3331 3469 3389 Ult.
3496 3338 3555 3388 et
3575 3332 3667 3391 ed.

451 3330 543 3386 28.
577 3330 904 3386 Adhortotio.
930 3328 1068 3386 Edd.
1088 3339 1327 3392 veteres,
1348 3326 1658 3387 exhortatio.
1677 3329 1774 3387 Ms.
1799 3329 1969 3401 Lugd.

383 3400 503 3456 Bal.
537 3409 659 3455 lert.
688 3418 807 3455 cum
839 3403 979 3458 Coll.
1011 3402 1282 3465 Gronov.,
1307 3402 1497 3455 oratio.

451 3473 543 3529 99.
582 3470 884 3546 Eleusinum
909 3474 1132 3546 migrare
1157 3472 1523 3546 compulerint.
1555 3472 1693 3528 Edd.
1720 3471 1971 3543 quadam

376 3541 597 3598 Eleusin
622 3536 671 3597 et
703 3536 1057 3614 emigrarefut
1088 3553 1143 3599 et
1171 3536 1558 3614 compelleret”.

448 3615 542 3670 30.
590 3614 928 3685 Receperunt.
963 3615 1099 3670 Etitl.
1133 3616 1377 3685 qutrdam
1415 3622 1746 3685 exceperunt.

451 3687 542 3758 3|.
563 3684 733 3758 ΔἸίιηε
759 3687 954 3758 indicta
975 3684 1170 3758 pugna.
1198 3686 1305 3758 AMs.
1337 3684 1509 3758 Lugd.
1539 3687 1654 3738 Bal.
1689 3692 1814 3758 teri.
1842 3698 1966 3739 cum

372 3755 517 3811 Coll.
550 3755 818 3821 Gronov.,
848 3754 1067 3822 inclita;
1105 3756 1244 3811 unde
1292 3765 1439 3824 patet
1489 3754 1679 3809 hausta
1729 3756 1846 3809 haec
1896 3769 1966 3809 ex

372 3826 572 3881 eodem
616 3827 786 3884 fonte.
819 3828 997 3883 Orosii
1038 3827 1333 3883 verborum
1379 3838 1570 3879 sensus
1597 3839 1718 3879 esse
1757 3824 1971 3880 videtur

374 3897 578 3968 bellum
611 3910 658 3951 et
696 3914 887 3968 pugna-
915 3899 1061 3954 diem
1101 3907 1269 3968 atque
1293 3896 1547 3968 locum__a
1586 3896 1853 3968 tyrannis,
1886 3895 1971 3968 in-

372 3966 520 4038 dicta
566 3966 735 4025 fuisse
766 3966 1210 4024 Atheniensibus.
1246 3966 1441 4023 Justin.
1477 3966 1575 4021 lib.
1606 3966 1660 4034 v,
1703 3981 1824 4038 cap.
1866 3967 1963 4034 10,

371 4037 582 4093 Bellum
598 4040 1003 4109 Atheniensibus
1030 4040 1283 4109 inferunt.

446 4110 536 4165 52.
581 4108 685 4180 ita.
716 4112 869 4166 Meus
897 4108 1095 4175 codex,
1120 4108 1326 4180 Itaque.

446 4182 540 4247 53,
580 4179 953 4251 Inezplebiles.
986 4178 1283 4252 Edtl._vett.
1305 4178 1711 4252 inexplicabiles.
1743 4179 1967 4238 Rectius

372 4250 499 4305 alia:
525 4267 647 4315 cum
677 4268 833 4315 mss.,
860 4250 1215 4321 inexplebiles.

446 4323 534 4394 54.
579 4321 936 4379 Fundamino.
970 4322 1144 4392 Lugd.
1194 4323 1315 4377 Bat.
1361 4329 1539 4394 quart.
1585 4332 1748 4394 atque
1796 4321 1961 4394 Ultr.,

372 4392 737 4464 fundamenta,
772 4404 830 4449 ut
858 4394 946 4449 ed.
974 4395 1203 4464 August.

447 4462 538 4517 55.
562 4463 807 4533 .Novam.
838 4464 974 4519 Cod.
1008 4461 1236 4519 Périzon
1267 4466 1321 4518 et
1352 4461 1488 4519 Ullr.
1514 4480 1677 4520 novre.

445 4533 550 4608 ἓὶϐ.Δ
576 4535 911 4608 Athestiam.
937 4535 1266 4608 'Apvnagluu.
1303 4534 1553 4608 Valerius
1581 4536 1723 4591 Max.
1758 4533 1857 4608 lib.
1888 4548 1962 4601 tv,

368 4616 498 4672 cap.
526 4603 553 4659 ί
587 4604 654 4661 de
683 4603 1057 4679 Thrasybulo,
1117 4603 1502 4679 Plebisscitum
1537 4606 1862 4679 interposuit.
1902 4620 1966 4662 ne

369 4690 477 4744 qua
506 4675 887 4748 prwteritarum
928 4691 1097 4732 rerum
1132 4676 1323 4730 mentio
1363 4676 1529 4744 ﬁeret.
1577 4675 1709 4748 nec
1751 4677 1959 4748 oblivio,

369 4742 892 4819 onomAAthenienses
920 4749 1201 4819 ᾀμνηστὶαν
1229 4742 1430 4819 uocant,
1464 4758 1569 4819 etc.
1594 4745 1725 4819 lliuc
1745 4742 1961 4819 Plutar;
1987 4758 2042 4819 D
2066 4742 2226 4819 codd.
2270 4742 2434 4819 lectio
2473 4751 2594 4819 est._
2631 4742 2863 4819 Quidam
2908 4756 3029 4819 cum
3082 4742 3149 4797 ed

2002 3384 2047 3448 C
2079 3402 2215 3467 Aug.
2250 3398 2400 3453 addit
2427 3384 2581 3453 επεὶ.

2147 3472 2238 3527 38.
2275 3469 2345 3525 Ut
2384 3472 2714 3545 ordinantur.
2746 3468 2952 3545 Praeter
2981 3467 3072 3525 ed.
3118 3467 3257 3545 Aug.
3289 3486 3386 3529 sex
3416 3471 3498 3545 vel
3540 3488 3671 3545 sep.

2075 3549 2180 3596 tem
2231 3557 2296 3596 ex
2353 3555 2485 3595 mss.
2520 3542 2792 3600 scribunt.
2820 3543 2897 3594 ita
2934 3547 2991 3594 ut
3034 3542 3367 3608 ordinantur,
3416 3542 3667 3601 ualerent.

2080 3614 2340 3667 Videlicet
2368 3611 2537 3676 Ultr.,
2566 3611 2735 3680 Lugd.
2772 3611 2912 3666 Batt.
2936 3624 3075 3676 sec.,
3102 3620 3256 3676 tert.,
3291 3620 3495 3681 quart.,
3524 3613 3666 3671 Coll.

2073 3683 2339 3746 Gronov.,
2368 3682 2647 3747 I’erizon.,
2676 3681 2846 3735 Meus.

2148 3754 2234 3808 59.
2271 3752 2415 3806 Inter
2440 3752 2554 3821 ipsa
2580 3766 2707 3817 pene
2737 3750 2916 3819 placiti
2945 3750 3122 3805 verba.
3151 3750 3323 3806 Recte
3354 3764 3534 3819 neque
3560 3768 3664 3809 att-

2071 3823 2253 3878 diendi
2276 3832 2404 3877 sunt
2427 3821 2559 3893 Lug.
2593 3821 2734 3875 Batt.
2769 3830 2918 3893 tert._
2941 3830 2991 3875 et
3022 3830 3201 3893 quart.
3242 3821 3482 3893 quicum
3513 3822 3657 3880 Coll.

2071 3895 2311 3951 Gronov.
2347 3890 2609 3949 exhibent
2629 3893 2763 3964 inter
2795 3893 2883 3961 pia
2901 3890 3211 3964 beneplaciti
3234 3892 3405 3964 verba.

2140 3965 2232 4021 40.
2267 3964 2505 4021 Socrates
2530 3964 2637 4019 ille.
2659 3962 2939 4029 Socrates,
2963 3962 3037 4016 ab
3055 3965 3236 4034 Anyto
3262 3974 3321 4018 et
3345 3962 3530 4020 Melito
3553 3964 3661 4021 im-

2071 4037 2285 4106 pietatis
2317 4043 2624 4097 accusatus,
2660 4044 2711 4089 et
2742 4033 3160 4106 condemnatus,
3190 4048 3461 4106 venenum
3494 4036 3659 4103 bibit,

2069 4104 2213 4164 anno
2262 4110 2436 4174 primo
2476 4105 2799 4177 Olympiadis
2840 4105 2929 4160 95.
2960 4104 3211 4162 Laertius
3249 4104 3344 4160 lib.
3371 4121 3411 4161 ιι
3437 4116 3493 4162 et
3520 4107 3654 4163 Dio-

2067 4179 2189 4234 dor.
2222 4194 2329 4233 xtv.
2376 4178 2541 4232 Fann.

2138 4252 2227 4306 41.
2276 4250 2574 4304 Seroierint.
2624 4245 2879 4305 Perizon.
2912 4261 3038 4304 cum
3083 4245 3258 4318 Lugd.
3289 4245 3409 4302 Bat.
3438 4252 3565 4304 tert.
3594 4258 3654 4305 et

2069 4322 2156 4377 ed.
2189 4321 2351 4388 Ang.,
2375 4320 2684 4375 servierunt.

2136 4392 2228 4447 42.
2263 4387 2552 4445 Concordia
2580 4389 2824 4444 minimas
2841 4406 2925 4445 res
2949 4403 3194 4444 crescere.
3223 4387 3503 4445 Sententia
3535 4388 3658 4446 Sal-

2066 4460 2297 4516 lustiana
2323 4476 2391 4516 ex
2415 4459 2760 4530 Jugurthino.
2792 4460 2993 4530 Fann._
3059 4527 3070 4530 _
3182 4529 3187 4530 ί
3271 4529 3276 4530 ί
3646 4498 3651 4501 -

2138 4532 2224 4603 45.
2256 4527 2573 4603 cunctaque.
2613 4530 2871 4603 Copulam
2909 4527 3098 4603 abiicit
3126 4529 3216 4585 ed.
3252 4529 3398 4601 Aug.
3435 4535 3491 4585 et
3525 4544 3655 4586 mox

2065 4602 2281 4658 exhibet
2304 4601 2618 4657 intrinsecus
2650 4615 2749 4671 pro
2776 4601 3012 4655 internis.

2135 4672 2227 4727 44.
2264 4671 2340 4727 De
2363 4673 2514 4727 ruina
2543 4670 2661 4727 sui.
2688 4672 2813 4727 Haec
2842 4670 3127 4727 meliorum
3163 4679 3219 4727 et
3254 4671 3373 4727 fere
3412 4670 3659 4726 omnium

3196 4782 3209 4796 .
3253 4742 3551 4811 nonnullis,
3594 4742 3661 4798 de

367 4814 508 4889 chus
536 4817 588 4872 in
619 4817 878 4875 Civilibus
922 4813 1212 4889 Praeceptis
1252 4817 1445 4889 scitum
1492 4817 1625 4889 illud
1668 4817 1963 4889 Atlteuien-
1987 4813 2029 4819 ⁷
2064 4814 2217 4889 ruina
2238 4814 2503 4889 sug.__h_It_ix
2529 4814 2815 4889 edaAugL,
2839 4823 2886 4867 et
2908 4813 2975 4889 de
2997 4814 3346 4889 reparatione.

368 4886 512 4962 sium
554 4896 712 4944 vocat
746 4891 806 4947 τὸ
843 4898 935 4952 τῆς
960 4886 1519 4962 ἁμνηάεἰᾳςψήφισμα.
1562 4887 1676 4942 Hoc
1712 4886 1961 4962 Grtrenm

368 4956 597 5029 verbum
648 4961 926 5029 usurpavit
981 4956 1051 5015 Μ.
1109 4956 1359 5024 Tullius,
1407 4956 1528 5014 c'um
1588 4965 1710 5029 post
1757 4960 1959 5029 caedem

366 5026 429 5081 C.
464 5027 590 5084 Julii
644 5026 875 5086 Caesaris
922 5046 1138 5085 omnem
1197 5031 1515 5085 memoriam
1568 5026 1958 5086 discordiarum

366 5097 638 5171 oblivione
686 5102 1017 5171 sempiterna
1062 5100 1349 5156 delendam
1380 5100 1630 5171 censuit.
1673 5099 1870 5170 Philip.
1918 5118 1956 5156 ι.

367 5168 508 5225 Hinc
530 5168 848 5227 Patercultis
872 5173 966 5227 lib.
991 5188 1027 5227 ιι
1053 5189 1067 5226 :
1094 5171 1163 5225 Et
1190 5171 1322 5225 illud
1350 5170 1543 5226 decreti
1564 5168 1957 5229 Atheniensium

364 5240 684 5296 celeberrimi
725 5244 1017 5312 exemplum
1060 5244 1282 5297 relatum
1320 5257 1353 5294 α
1400 5241 1646 5298 Cicerone
1684 5242 1954 5300 oblivionis

363 5315 747 5433 praeteritarum
774 5328 945 5367 rerum
963 5316 1162 5367 decreto
1203 5321 1412 5383 palrttm
1441 5313 1827 5383 comprobatum
1854 5326 1950 5370 est.

414 5384 633 5433 oniscus
658 5385 711 5433 in
738 5385 1049 5433 Aureliano.
1073 5384 1334 5433 Amnestia
1357 5384 1514 5433 etiam
1537 5384 1632 5433 sub
1661 5400 1719 5433 eo
1740 5386 1950 5433 deut-m-

414 5384 633 5450 opiscus
658 5385 711 5437 in
738 5385 1049 5450 Aureliano,
1073 5384 1334 5439 Amnestia
1357 5384 1514 5437 etiam
1537 5384 1632 5436 sub
1661 5400 1719 5438 eo
1740 5386 1955 5441 delicto-

361 5467 479 5506 rum
510 5454 836 5523 publicorum
857 5455 1060 5509 decreta
1087 5467 1158 5509 est
1188 5455 1251 5524 de
1279 5453 1513 5523 exemplo
1539 5453 1949 5524 Atheniensium,

362 5525 515 5596 cujus
554 5525 628 5596 rei
671 5526 825 5579 etiam
862 5524 1068 5580 Tullius
1108 5526 1160 5579 in
1206 5523 1514 5596 Philippicis
1544 5526 1792 5579 meminit.
1825 5523 1953 5583 "ire

364 5591 489 5678 ideo
520 5594 782 5678 pluribus,
823 5596 1206 5678 quntiuvidcam
1245 5591 1523 5678 δεῇ.ςυί
1555 5596 1951 5678 aiht'ntetit_(t_tt

364 5654 604 5735 Murcius
634 5663 687 5720 in
714 5654 892 5721 variis
940 5665 1031 5720 lib.
1078 5682 1138 5729 Il,
1197 5682 1318 5735 cap.
1352 5654 1465 5731 ibi).
1512 5666 1735 5719 verbum
1786 5654 1942 5735 uniu,

358 5734 506 5803 quod
532 5734 725 5793 Cicero
770 5737 1044 5808 usurpavit
1065 5778 1079 5805 ,
1109 5752 1233 5795 esse
1270 5734 1380 5794 non
1412 5739 1728 5808 ἀμνηστίαν,
1754 5738 1846 5795 sed
1878 5734 1950 5811 μή

2133 4883 2261 4941 CAP.
2297 4883 2485 4940 XVIII.
2508 4913 2581 4925 —
2610 4882 2664 4939 1.
2693 4883 2900 4937 Bellum
2928 4884 3096 4938 civile.
3126 4883 3336 4939 Bellum
3366 4885 3470 4939 hoc
3511 4883 3652 4940 inter

2063 4954 2206 5010 duos
2227 4958 2445 5021 fratres,
2474 4956 2674 5022 Cyrum
2702 4963 2758 5010 et
2791 4955 3170 5019 Artaxerxem,
3199 4963 3433 5025 gestum,
3470 4952 3655 5009 Xeno-

2065 5027 2231 5101 phon,
2260 5026 2377 5096 ejus
2409 5028 2681 5101 particeps
2712 5034 2767 5081 et
2808 5025 3010 5101 socius,
3043 5035 3251 5101 septem
3295 5026 3654 5101 Ιὶὺςίεμρρον

2061 5094 2367 5158 Δναϐἁσεὼς
2394 5096 2687 5165 descripsit
2717 5113 2729 5152 :
2755 5110 2890 5165 quos
2935 5096 3075 5151 bene
3103 5094 3327 5152 Latinos
3358 5095 3488 5150 leeit
3515 5094 3647 5163 duc-3

2062 5167 2302 5222 tissimus
2347 5166 2616 5222 Romulus
2670 5165 2975 5222 Amasmus.
3021 5166 3097 5222 De
3147 5168 3340 5222 eodem
3382 5166 3651 5220 Diodorus

2058 5237 2155 5293 lib.
2186 5252 2275 5293 stv
2305 5246 2362 5294 et.
2384 5237 2663 5293 Plutarch.
2718 5239 2773 5293 in
2803 5235 3126 5294 Artaxerxe.
3157 5238 3325 5293 FABR.

2126 5310 2181 5363 2.
2216 5306 2386 5362 Immo
2412 5308 2568 5362 etiam
2590 5308 2865 5380 plusquam
2884 5307 3053 5362 civile.
3084 5308 3290 5363 Imitari
3318 5306 3487 5361 voluit
3516 5304 3651 5361 illud

2058 5378 2282 5446 Lucani,
2305 5393 2412 5448 quo
2445 5378 2605 5447 poeta
2625 5378 2859 5434 Carmen
2887 5392 3045 5434 suum
3074 5380 3311 5441 orditur,

2183 5472 2321 5525 Bella
2342 5487 2433 5538 per
2454 5474 2724 5526 Emathios
2740 5474 2852 5539 plus
2866 5488 3012 5539 quam
3031 5473 3195 5525 civilia
3213 5482 3427 5534 campos.

2055 5578 2230 5637 Editt.
2263 5580 2479 5651 quidam
2508 5591 2644 5638 vctt.
2670 5583 2825 5638 immo
2856 5597 2960 5637 non
2991 5580 3215 5635 habent.

2126 5672 2180 5747 ᾇ.
2214 5673 2447 5747 -Μαῃηξσ
2498 5676 2896 5747 provinciarum.
2929 5672 3170 5729 Alterum
3212 5671 3316 5729 hoc
3356 5672 3561 5744 magnis
3604 5686 3636 5728 a

2056 5743 2177 5799 cod.
2213 5743 2620 5817 Longobardico
2646 5749 2821 5804 abesr.
