4088 6170
490 290 593 348 791

489 408 822 486 populorum
878 403 1086 471 ruinis,
1121 413 1142 444 ι
1193 400 1464 471 utrimque
1509 406 1778 457 certatum
1822 413 1837 452 τ

491 499 750 557 conflictu
795 511 917 552 cum
957 510 989 550 e
1036 493 1256 550 diverso
1287 493 1308 524 ⁵
1337 501 1734 547 concurrentes
1783 488 1886 545 sibi
1927 489 2088 546 ambo

487 594 692 650 fratres
716 597 906 645 mutuo
931 603 1092 644 casus
1118 584 1527 655 objectavissct,
1563 583 1715 652 prior
1743 583 2084 638 Artaxerxes

492 687 856 742 vulneratusa
878 682 1067 750 fratre,
1096 680 1221 752 equi
1249 678 1539 735 velocitate
1566 679 1588 709 ⁸
1615 678 1777 732 morti
1801 683 2087 747 exemptus

491 778 687 836 evasit.
715 778 892 848 Cyrus
922 784 1268 841 autem,mox
1288 788 1318 827 a
1338 773 1564 829 cohorte
1593 772 1744 843 regia
1765 786 2084 842 oppressus,

489 873 658 926 finem
703 867 988 926 certamini
1039 867 1212 923 dedit.
1244 865 1583 922 Artaxerxes
1623 880 1754 935 ergo
1800 873 1855 920 ct
1901 864 2086 936 praeda

485 963 746 1020 fraterna:
774 958 1159 1031 expeditionis,
1193 969 1250 1014 et
1291 958 1533 1014 exercitu
1589 956 1810 1026 potitus,
1842 965 2087 1025 potesta-

488 1067 603 1113 tem
631 1055 785 1124 regni
817 1052 1110 1123 parricidio
1143 1053 1162 1084 ⁷
1205 1051 1465 1106 firmavit.
1498 1051 1519 1081 ⁸
1547 1049 1639 1106 Sic
1679 1050 1933 1106 universa
1957 1047 2088 1104 Asia

488 1156 654 1218 atque
685 1147 928 1216 Europa,
952 1144 1148 1215 partim
1181 1143 1235 1198 in
1264 1158 1324 1198 se
1349 1142 1600 1214 singulae,
1618 1142 1811 1213 partim
1839 1141 1896 1197 in
1926 1156 1986 1196 se
2009 1140 2086 1196 in-

487 1239 664 1295 vicem
688 1237 967 1293 funcribus
991 1245 1046 1292 et
1062 1235 1286 1306 flagitiis
1300 1234 1792 1304 perniisccbantur.
1808 1235 1948 1291 Ecce
1961 1248 2088 1305 par-

485 1333 708 1390 vissima
736 1331 954 1403 pagina;
970 1330 1262 1401 verbisque
1277 1329 1644 1400 paucissimis,
1664 1338 1900 1402 quantos
1912 1329 1982 1387 de
2007 1339 2084 1387 tot

485 1425 824 1498 provinciis,
864 1425 1022 1496 139
1051 1423 1268 1495 populis
1295 1433 1458 1494 atque
1490 1423 1746 1489 urbibus,
1777 1439 1884 1479 non
1915 1426 2087 1494 magis

491 1519 730 1590 explicui
763 1529 915 1574 actus
939 1532 1164 1588 operum
1186 1558 1204 1585 ,
1235 1531 1398 1588 quam
1424 1517 1664 1588 implicui
1692 1517 1885 1588 globos
1925 1516 2089 1572 mise-

488 1612 743 1666 viarum.9
759 1609 889 1678 Quis
905 1611 1046 1665 enim
1063 1609 1272 1666 cladem
1299 1608 1447 1666 illius
1477 1610 1760 1681 temporis,
1783 1611 1905 1682 quis
1925 1608 2086 1666 fando

484 1706 678 1761 funera
708 1703 978 1774 explicet,
1026 1711 1119 1758 aut
1160 1717 1381 1772 aequare
1425 1701 1686 1773 lacrymis
1718 1701 1893 1772 possit
1930 1701 2086 1757 dolo-

1884 277 2117 353 ,ΡΑυιι
2153 275 2378 337 onosu

1881 398 1935 453 in
1979 412 2087 467 quo
2112 406 2164 468 Α
2190 393 2498 468 perturbari
2546 409 2612 452 ac
2641 394 2991 465 permisceri,
3036 410 3216 472 neque
3247 395 3352 452 ista
3381 396 3492 466 sic,
3523 397 3630 453 nisi
3664 413 3778 468 pro-

3689 282 3782 339 792

2193 489 2329 558 pitio
2359 495 2414 543 et
2450 485 2746 544 miserante
2775 533 2790 559 ,
2831 488 3107 559 componi.
3141 490 3184 520 ¹⁵
3213 489 3308 545 llis
3348 488 3552 545 deinde
3583 499 3782 560 tempo-

2192 579 2342 636 ribus
2365 579 2696 651 gravissimo
2721 593 2872 637 motu
2906 592 3066 638 terra:
3091 596 3357 638 concussa
3393 582 3578 639 Sici|ia
3606 625 3621 650 ,
3651 585 3784 639 insu-

2191 690 2289 746 per
2319 675 2747 731 exaestuantibus
2785 675 2966 731 Etuta:
3009 676 3211 730 montis
3248 675 3466 746 ignibus
3495 677 3539 707 ¹⁶
3567 676 3782 732 favillis-

2188 783 2296 838 que
2321 767 2534 837 calidis,
2567 783 2688 823 cum
2718 768 3052 824 detrimento
3076 769 3310 839 plurimo
3337 765 3600 840 agrorum
3632 770 3782 824 villa-

2190 875 2420 932 rumque
2463 871 2678 917 vastata
2717 870 2825 918 est.
2879 862 3032 916 Tunc
3077 862 3240 917 etiam
3280 863 3537 918 Atalante
3567 863 3778 931 civitas,

2188 954 2380 1009 Locris
2409 952 2698 1010 adhaerens
2721 995 2734 1018 ,
2768 963 2931 1010 terra:
2960 955 3248 1025 contigua,
3281 955 3322 985 ‘7
3352 954 3644 1024 repentino
3674 971 3780 1010 ma-

2187 1045 2267 1100 ris
2291 1044 2495 1115 impetu
2525 1045 2794 1114 abscissa,
2841 1056 3003 1117 atque
3035 1046 3086 1100 in
3113 1046 3344 1101 insulam
3391 1045 3638 1101 desolata
3684 1056 3779 1102 est.

2187 1139 2606 1195 Atheniensium
2649 1155 2865 1210 quoque
2916 1138 3266 1196 miserabiles
3321 1139 3583 1211 reliquias
3620 1141 3781 1212 pestis

2189 1232 2407 1302 invasit,
2443 1233 2644 1306 diuque
2666 1233 2920 1305 populata
2950 1242 3058 1290 est.

2683 1347 2844 1420 ιω
2881 1347 3114 1404 CAPUT
3153 1345 3298 1402 xrx.

2189 1441 2548 1498 Romanorum
2577 1458 2764 1512 parum
2791 1441 3097 1512 honestaad
3157 1440 3303 1512 Veios
3326 1428 3564 1512 obsidio.
3597 1435 3729 1512 Urbs
3752 1458 3782 1496 a

2262 1512 2428 1568 Gallis
2452 1510 2607 1580 capta
2633 1520 2680 1566 et
2700 1521 2919 1566 vastata.
2981 1511 3205 1566 Collatia
3246 1510 3398 1566 istius
3437 1510 3632 1566 excidii
3675 1528 3782 1566 cum

2259 1585 2501 1654 praesenti
2519 1579 2816 1638 Gothorum
2838 1583 3122 1638 inuasione.

2265 1696 2281 1728 ⁸
2313 1695 2474 1752 Anno
2519 1695 2588 1752 ab
2620 1694 2764 1752 Urbe
2801 1695 3021 1751 condita
3060 1711 3228 1752 ccccv
3274 1697 3492 1754 obsidio
3530 1695 3778 1752 Veiorum

485 1795 622 1854 res?
648 1796 689 1826 ²⁰
717 1795 1107 1850 Verumtamen
1135 1792 1253 1848 haec
1282 1793 1423 1862 ipsa,
1452 1793 1575 1862 quia
1605 1792 1776 1847 multo
1803 1792 2090 1862 intcrjcctu
2119 1795 2170 1857 B
2194 1789 2381 1846 decem
2404 1792 2425 1822 ’
2448 1789 2723 1846 continuis
2749 1791 2910 1845 annis
2939 1791 3110 1862 magis
3138 1791 3462 1848 obsessores
3503 1806 3667 1863 quam
3693 1792 3779 1846 ob.

487 1889 817 1944 saeculorum
838 1885 1216 1953 exoleverunt,
1237 1886 1379 1940 facta
1409 1893 1536 1940 sunt
1561 1884 1718 1940 nobis
1751 1885 1792 1915 “
1820 1884 2084 1940 exercitia

487 1979 853 2049 ingeniorum,
889 1985 942 2032 et
959 1977 1358 2033 oblectamenta
1385 1976 1688 2032 fabularum
1716 1993 1730 2030 :
1756 1991 2084 2047 quamquam

485 2070 535 2124 si
582 2069 706 2138 quis
749 2068 1014 2123 intentius
1061 2067 1316 2123 adhibeat
1363 2067 1643 2132 animum,
1691 2081 1924 2138 seseque
1971 2075 2085 2123 toto

484 2161 688 2218 mentis
716 2158 913 2214 afl'eclu
943 2160 984 2191 ¹²
1014 2159 1146 2230 ipsis
1188 2174 1326 2230 pene
1370 2159 1550 2215 causis
1587 2159 1852 2229 bellisque
1883 2160 2084 2231 permi-

484 2261 660 2319 sceat,
690 2266 755 2308 ac
775 2266 965 2307 rursus
993 2251 1140 2306 velut
1162 2252 1216 2306 iu
1238 2267 1366 2308 arce
1396 2252 1694 2323 spectaculi
1717 2254 2077 2309 constitutus:

484 2353 778 2414 utrumque
824 2345 878 2398 in
926 2343 1042 2399 suis
1071 2342 1424 2414 qualitatibus
1460 2351 1675 2414 tempus
1703 2344 2077 2413 permetiatur,

482 2436 646 2492 facile
690 2435 918 2490 dixerim
946 2477 961 2503 ,
995 2449 1120 2490 eum
1157 2434 1529 2504 judicaturutn
1559 2473 1577 2502 ,
1606 2449 1783 2506 neque
1814 2435 1903 2490 illa
1927 2476 1942 2503 ,
1976 2435 2082 2491 nisi

486 2529 630 2586 irato
652 2537 815 2600 atque
846 2527 890 2559 ⁸³
916 2533 1172 2585 aversato
1211 2527 1324 2584 Deo
1350 2527 1394 2558 “
1423 2541 1588 2598 posse
1635 2537 1745 2583 tam
1789 2527 2081 2585 infeliciter

2188 1898 2372 1940 sessos
2421 1882 2666 1939 detrivit.
2722 1883 2855 1939 Nam
2895 1883 3128 1940 Romani
3177 1886 3483 1956 repentinis
3511 1899 3662 1956 sazpe
3691 1884 3780 1940 ho-

2185 1976 2349 2032 stium
2382 1975 2765 2045 eruptionibus
2788 1975 3130 2042 comminuti,
3163 1987 3431 2048 praeterea
3461 1977 3514 2033 in
3544 1977 3780 2032 hibernis

2186 2067 2332 2125 bella
2365 2068 2386 2100 ³
2415 2067 2595 2124 sortiti
2627 2109 2642 2135 ,
2693 2068 2936 2125 hiemare
2979 2069 3084 2125 sub
3116 2070 3372 2142 pellibus,
3405 2081 3686 2142 postremo
3713 2072 3781 2125 fa-

2187 2175 2329 2216 mem
2353 2175 2419 2216 ac
2450 2160 2620 2232 frigus
2665 2161 2719 2215 in
2759 2169 3057 2231 conspectu
3107 2161 3346 2218 hostium
3372 2163 3583 2235 perpeti
3613 2163 3780 2217 coacti

2186 2262 2354 2309 sunt:
2402 2252 2596 2310 urbem
2635 2251 2930 2309 novissime
2951 2295 2966 2322 ,
2999 2253 3118 2309 sine
3147 2254 3259 2310 ullo
3284 2254 3306 2285 ⁸
3335 2253 3501 2325 digno
3529 2255 3781 2310 Romam:

2191 2343 2410 2400 virtutis
2462 2344 2774 2402 testimonio
2795 2385 2811 2409 ,
2853 2345 3121 2402 cuniculis
3153 2355 3213 2402 ct
3247 2347 3587 2404 clandesdna
3624 2348 3780 2403 obre-

2191 2436 2379 2507 ptione
2407 2443 2694 2508 ceperunt.
2743 2435 2895 2492 Hanc
2923 2436 3113 2492 utilem
3151 2440 3326 2509 magis
3354 2453 3517 2509 quam
3546 2437 3778 2493 nobilem

2188 2528 2470 2586 victoriam
2497 2571 2513 2598 ,
2572 2529 2749 2602 primo
2798 2529 3086 2588 dictatoris
3117 2531 3138 2562 ⁸
3163 2529 3422 2601 Camilli,
3457 2531 3550 2603 qui
3573 2546 3692 2589 eam
3718 2529 3781 2586 de

1769 2685 2216 2744 HAVERCAMPI
2255 2686 2485 2743 ΝΟΤᾸΕ.

559 2812 614 2866 ι.
641 2807 908 2878 Utrimque
937 2811 1210 2878 certatum.
1236 2801 1366 2878 llaec
1401 2808 1487 2878 est
1530 2800 1694 2857 lectio
1729 2799 1890 2878 eoadd.
1933 2799 2078 2878 Lon-

490 2881 616 2953 gob.
648 2891 701 2936 et
729 2870 884 2953 Elo'r.
917 2890 1058 2953 s_ec_.,
1088 2875 1251 2953 trium
1271 2873 1425 2953 .Lug.’
1450 2872 1591 2953 Batt.
1625 2886 1746 2953 cum
1775 2870 1913 2925 Coll.
1937 2872 2077 2953 Grc-

487 2941 618 3008 iiov.
645 2960 701 3007 et
729 2949 874 3006 Ultr.
913 2946 1048 3002 Cod.
1082 2944 1283 3014 vulgati
1318 2941 1601 3014 et’Lugd,
1626 2941 1744 2996 Bat.
1789 2957 1869 3010 pr.
1894 2951 2078 3014 atque

487 3025 641 3079 Flor.
672 3029 822 3080 tcrl.,
851 3027 924 3072 est
952 3012 1212 3084 utrimque
1263 3023 1532 3068 certatum.
1573 3013 1726 3078 Quod
1761 3013 1906 3084 estsi
1953 3012 2078 3066 addi

486 3097 684 3164 placet,
719 3091 910 3164 melius
940 3103 1063 3144 cum
1101 3082 1206 3141 ms.
1233 3084 1348 3139 Meo
1377 3096 1432 3139 ct
1467 3085 1557 3140 ed.
1582 3086 1723 3153 Aug.
1760 3084 1813 3136 in
1844 3082 1949 3138 ﬁne
1984 3097 2079 3152 pe-

486 3163 1149 3234 riodilocaripotest.
1280 3224 1292 3234 ,
1378 3229 1393 3234 _
1752 3222 1786 3234 η
1843 3222 1856 3234 ,
1932 3224 1965 3234 ﬁ
2034 3223 2047 3234 ,

559 3237 615 3292 5.
643 3222 1015 3290 Concurrentes
1053 3227 1150 3283 sibi
1186 3224 1336 3280 ambo
1365 3229 1713 3296 fratrestetc.
1747 3222 1882 3278 Cod.
1931 3223 2076 3296 Peri-

486 3323 612 3360 zon.
642 3320 764 3360 cum
799 3302 971 3371 Lugd.
1004 3301 1120 3371 Bat.
1157 3306 1282 3352 tert.
1320 3295 1376 3350 et
1403 3295 1844 3371 Co_ll._Grono_v.,
1873 3295 2073 3347 ambos.

486 3377 621 3432 Dein
650 3374 780 3428 editi
813 3365 1018 3441 pliires,
1040 3369 1382 3441 objectassent
1404 3365 1491 3441 vel
1515 3365 1928 3441 objectavissent,
1947 3380 2077 3441 con.

485 3456 575 3500 tra
625 3458 760 3498 mss.
810 3436 1110 3496 iuelioresf
1147 3437 1292 3491 Dixit
1338 3436 1736 3490 Orosius’ambo
1779 3437 1861 3489 Vel
1897 3436 2076 3488 ambos

485 3519 703 3587 fratres,
738 3527 835 3587 pro
865 3527 930 3587 ep
959 3509 1102 3587 quod
1133 3507 1378 3587 Justinus
1409 3516 1685 3576 utrumque
1705 3510 1939 3587 ﬁnirent,
1976 3506 2073 3558 lib.

483 3575 542 3654 ἦν,
569 3575 700 3655 (κιρ.
729 3575 790 3638 11
827 3599 842 3636 :
877 3575 997 3655 Sed:
1014 3595 1130 3655 cum
1172 3579 1225 3630 in
1255 3575 1388 3630 bello
1434 3593 1566 3655 sors“
1596 3575 1762 3655 prtetii
1807 3584 2080 3655 utrumque

482 3647 699 3783 {rati-em
729 3669 919 3724 pugna:
947 3651 1238 3714 obtulisset;
1261 3662 1428 3717 quare
1459 3649 1628 3703 uoliui
1645 3647 1718 3704 ibi
1738 3661 1862 3701 cum
1885 3647 2080 3701 Schei-

508 3745 602 3783 ero
636 3735 848 3781 mutare
878 3725 932 3778 in
964 3723 1243 3783 utrimque.

508 3732 602 3785 ero
636 3723 848 3781 mutare
878 3725 932 3778 in
964 3723 1243 3790 utrimque.

557 3799 611 3854 6.
647 3796 806 3852 Morti
835 3803 1100 3865 exemptus
1124 3790 1304 3848 evasit.
1335 3791 1436 3848 Ed.
1483 3794 1647 3862 Aug.,
1675 3789 1828 3845 morti
1869 3803 2076 3858 exemp-

481 3880 565 3924 tus
586 3879 678 3924 est.

557 3942 612 3992 7.
646 3937 922 3990 Firmavit.
956 3934 1091 3992 Cod.
1125 3934 1395 4003 Longob.,
1422 3933 1610 4002 ﬁnivit,
1638 3931 1794 4002 quasi
1823 3939 2079 3985 contesta-

491 4012 684 4064 tionem
706 4008 791 4060 vel
814 4005 995 4060 simile
1021 4006 1152 4074 quid
1185 4009 1575 4074 praecessisset.

490 4119 492 4122 μ
558 4081 612 4136 8.
667 4078 762 4134 Sic
798 4072 1056 4128 universal
1099 4073 1269 4141 Lugd.
1309 4074 1454 4127 Ball.
1499 4083 1650 4139 tcrl.,
1701 4079 1904 4141 quart.,
1936 4072 2073 4126 (Sull.

489 4151 761 4217 Gronov.,
803 4147 876 4200 Ac
919 4146 1015 4213 sic,
1045 4153 1152 4200 etc.
1185 4143 1308 4198 Mox
1347 4143 1478 4199 editi
1519 4143 1722 4214 plures,
1750 4146 1881 4197 inter
1909 4159 1963 4198 se
1990 4143 2075 4196 in-

485 4238 668 4277 vicem.

555 4295 608 4348 9.
651 4291 778 4363 Quis
821 4289 956 4343 enim
994 4287 1214 4343 cladem.
1264 4284 1505 4363 Παρῳδία
1531 4282 1827 4356 Virgiliana
1852 4298 1884 4340 e
1911 4283 2008 4340 lib.
2038 4301 2076 4341 ιι

485 4364 708 4420 Ᾱῖιιεὶα.
739 4362 906 4418 Fann.

559 4436 646 4492 10.
699 4433 1086 4497 Verumtamen,
1112 4437 1220 4486 etc.
1251 4430 1354 4487 Ed.
1386 4433 1550 4504 Aug.,
1587 4425 1783 4482 Verum
1809 4426 1917 4482 haec
1935 4426 2073 4497 ipsa,

483 4522 621 4576 qute,
650 4514 758 4576 etc.

557 4567 645 4633 11.
687 4575 954 4632 Exercitia
982 4576 1325 4646 ingeniorum.
1373 4573 1596 4630 Scilicet
1626 4568 1696 4625 ad
1723 4567 1868 4626 belle
1893 4568 2074 4626 decla-

479 4649 762 4705 mandum.
790 4647 1044 4704 Juvenal.
1071 4658 1178 4702 sat.
1211 4649 1278 4704 10
1306 4661 1452 4702 vers.
1480 4647 1617 4703 167:

733 4741 798 4791 Ut
818 4739 988 4803 pueris
1012 4738 1207 4801 placeas
1229 4748 1282 4792 et
1302 4740 1592 4793 declamatio
1615 4741 1728 4792 fias!

553 4847 642 4902 12.
685 4847 844 4919 Ipsis.
872 4848 973 4904 Ed.
1000 4848 1164 4918 Aug.,
1192 4847 1246 4900 in
1276 4848 1426 4916 ipsis.

554 4919 642 4972 15.
687 4918 931 4973 Aversan
973 4918 1088 4972 deo.
1142 4919 1276 4974 Puto
1321 4918 1510 4986 reponi
1559 4918 1762 4974 debere
1803 4929 2072 4976 aversante

479 4989 597 5054 deo,
631 4999 690 5060 ut
710 4997 794 5042 est
819 4989 870 5060 iu
895 4990 1069 5058 Lugd.
1100 4990 1218 5044 Bat.
1243 4998 1439 5060 tert.et
1464 4989 1605 5044 Coll.
1630 4989 1868 5045 Gronov.
1895 4993 2071 5060 quod-

476 5073 585 5134 que
631 5059 778 5134 Meus
809 5059 963 5134 forte
1006 5061 1150 5125 vult,
1177 5059 1421 5134 scribens
1441 5061 1746 5134 adversata,
1778 5063 1862 5118 vel
1893 5059 2067 5134 scrip-

480 5127 916 5201 sisseHOrosium
939 5172 954 5196 ,
1005 5141 1164 5199 prout
1201 5130 1425 5185 exhibet
1453 5132 1544 5187 ed.
1575 5127 1800 5201 August.
1829 5173 1847 5199 ,
1887 5127 2063 5191 averso

477 5199 594 5270 deo.
622 5198 879 5270 Martialis
903 5201 973 5256 de
1009 5198 1165 5270 poeta
1195 5203 1403 5260 infelici
1431 5213 1488 5260 et
1531 5198 1752 5263 cacatas
1782 5198 2064 5264 seribcnte

477 5269 716 5338 chartas,
741 5269 838 5326 lib.
867 5285 982 5338 vui,
1013 5273 1182 5342 epigr.
1206 5273 1274 5329 56
1297 5291 1314 5333 z

601 5384 786 5451 Scribit
809 5384 858 5451 in
871 5397 1042 5434 aversa
1065 5384 1243 5451 Picens
1263 5391 1614 5451 epigrammata
1637 5393 1839 5444 charta:

661 5447 724 5496 Et
743 5445 896 5508 dolet,
919 5459 1094 5498 averso
1115 5447 1244 5511 quod
1262 5445 1376 5502 facit
1399 5453 1479 5501 illa
1500 5455 1612 5504 dco.

475 5530 514 5584 i.
559 5546 610 5586 c.
657 5532 814 5614 iiatis
856 5532 1108 5604 Apolline
1151 5543 1206 5591 et
1245 5536 1433 5592 Musis.
1473 5536 1631 5596 Ovid.
1663 5555 1722 5594 ιιι
1746 5541 1936 5599 Amor.
1971 5542 2060 5614 12,

477 5615 622 5659 vers.
649 5603 717 5659 17
744 5622 756 5657 :

597 5693 800 5767 Aversis
824 5699 1006 5747 utinam
1032 5702 1303 5767 tetigissem
1326 5705 1539 5767 carmina
1566 5703 1714 5753 Musis
1735 5721 1749 5767 ;

654 5754 870 5810 Phoebus
895 5769 946 5812 ct
969 5754 1216 5824 inceptum
1239 5765 1546 5817 destituisset
1565 5779 1703 5828 Opus.

2254 2800 2346 2857 14.
2389 2799 2572 2857 Posse.
2601 2800 2736 2858 Cod.
2767 2802 3046 2870 Perizon.,
3073 2804 3326 2876 potuisse.

2255 2883 2344 2938 15.
2388 2879 2488 2936 His
2515 2881 2703 2953 deinde
2729 2885 3059 2953 teMporibus.
3094 2884 3194 2939 llic
3217 2892 3560 2938 terra'uiotus
3583 2886 3777 2941 accidit

2181 2967 2324 3024 anno
2356 2953 2522 3024 tertio
2544 2952 2850 3024 olyinp.788
2881 2971 3024 3009 anno
3053 2955 3244 3024 quinto
3278 2955 3404 3010 belli
3436 2957 3777 3023 Peloponne-

2186 3023 2341 3092 siaci,
2375 3023 2445 3077 de
2485 3039 2592 3092 quo
2642 3023 2796 3079 Diod.
2829 3024 2923 3080 lib.
2971 3041 3040 3080 xit
3068 3023 3084 3079 ἑ
3112 3027 3450 3089 Τηλικούτους
3495 3025 3551 3082 δὲ
3597 3029 3777 3087 συνέϐη

2181 3097 2306 3171 rei);
2335 3097 2582 3171 σειᾳμορς
2607 3096 2838 3171 γενέσθαι
2862 3099 3010 3171 κριτοὶΔ
3031 3097 3191 3171 πολλά
3215 3099 3348 3171 μέρη
3396 3108 3488 3171 τῆς
3529 3098 3775 3160 Ἑλλάδθς.

2182 3167 2316 3220 ὥστε
2345 3168 2429 3220 καὶ
2452 3164 2625 3226 πόλειέ
2665 3169 2806 3227 τινὰς
2853 3164 3232 3228 ἐπιθαλαττίουέ
3255 3164 3654 3234 ,’ἐπικλύσασαν
3690 3176 3776 3229 τήν

2107 3241 2154 3306 C
2183 3238 2435 3315 θάξαττᾳν
2460 3235 2746 3315 διαφθεῖραι
2764 3278 2784 3315 _,
2817 3243 2906 3315 uati
2927 3241 3055 3315 nardi
3075 3244 3172 3315 _-rr'iu
3199 3237 3418 3315 Λοκρίδα
3433 3245 3774 3315 ’χερσονήσου

2184 3308 2514 3388 ζαθεσεςὼσῃς
2541 3308 2805 3388 ῥῆξάιλμέν
2834 3310 3155 3388 τόιρ.ὶι“ι’θι.ιὸν”2
3179 3308 3398 3388 ποιῇσαξ
3517 3308 3669 3388 inim}:
3694 3319 3778 3370 τήν

2183 3377 2552 3451 ὀνομαζομένηιί
2575 3377 2895 3451 Ἀταλᾲντην,
2924 3379 2962 3451 i_.
2993 3377 3070 3442 ei.
3111 3379 3245 3433 Tum
3267 3382 3318 3433 in
3345 3378 3600 3451 plerisque
3625 3379 3771 3435 Cra:-

2180 3449 2273 3500 cia:
2299 3449 2534 3518 partibus
2557 3458 2694 3502 terra
2724 3449 2796 3502 ita
2821 3449 2998 3514 movit,
3025 3459 3077 3502 ut
3109 3451 3383 3504 nonnullas
3407 3449 3557 3505 urbes
3580 3453 3775 3505 mariti-

2183 3533 2293 3572 mas
2319 3520 2650 3588 superinfusa
2679 3521 2845 3573 maria
2871 3520 3134 3574 obruerint
3153 3561 3169 3585 ,
3201 3531 3248 3574 et
3273 3520 3509 3576 Locridis
3539 3522 3696 3587 latus,
3726 3524 3772 3574 in

2179 3603 2282 3664 quo
2327 3589 2566 3664 Atalante
2614 3589 2865 3664 Oppidum
2905 3591 2959 3645 in
2999 3608 3142 3664 mare
3183 3595 3472 3664 projectum
3498 3595 3774 3664 continenti

2180 3658 2476 3784 ailltaé‘rebat
2501 3703 2516 3729 ,
2563 3658 2723 3714 maris
2755 3661 2950 3732 impetu
2987 3658 3285 3716 abscissum'
3310 3663 3364 3717 in
3392 3663 3616 3718 insulam
3641 3664 3774 3718 abie-

2181 3739 2270 3784 rit.
2353 3746 2477 3784 Αιιιι.

2181 3739 2270 3784 fil.
2307 3739 2477 3784 FABR.

2257 3809 2346 3864 16.
2388 3807 2711 3884 Ραύἱιζξεηιιε
2749 3813 2958 3884 calidis.
2995 3812 3132 3867 Edd.
3168 3813 3412 3883 quaedam
3455 3823 3591 3869 vett.
3625 3813 3772 3884 favil-

2181 3879 2349 3951 lisque
2375 3879 2678 3951 grandibus
2724 3892 2770 3935 et
2813 3881 3018 3936 calidis.
3068 3879 3376 3949 MSCLugd.
3402 3884 3522 3939 Bat.
3554 3879 3680 3941 tert.
3719 3895 3770 3941 et

2180 3949 2325 4006 Coll.
2357 3949 2623 4020 Gronov”
2643 3952 2824 4023 [labris
2855 3955 3145 4026 favillisque
3171 3956 3377 4010 calidis.

2255 4046 2346 4099 17.
2391 4045 2677 4115 Repentino
2712 4047 2872 4099 maris
2900 4047 3097 4110 impetu
3134 4047 3383 4103 abscissa.
3416 4045 3594 4102 Codd.
3627 4047 3766 4103 Peri-

2180 4129 2303 4188 z‘on.
2336 4125 2390 4188 et
2419 4115 2570 4171 Meus
2602 4117 2802 4170 abscisa
2823 4116 3044 4188 habent.
3085 4117 3285 4172 Verum
3317 4119 3536 4188 vulgata
3567 4117 3652 4172 hic
3688 4134 3765 4171 rc-

2185 4185 2407 4258 tinenda
2442 4195 2549 4250 est,
2584 4201 2638 4240 ιιι
2673 4197 2818 4250 patet
2844 4203 2908 4242 ex
2941 4187 3290 4244 distinctione
3311 4185 3471 4258 quain
3502 4190 3602 4244 viri
3629 4188 3761 4244 doeti

2179 4255 2385 4310 faciunt
2436 4258 2576 4312 inter
2623 4258 2855 4312 abscisus
2899 4267 2954 4313 et
2997 4259 3272 4313 abscissus.
3329 4255 3563 4314 'Confer
3606 4259 3762 4316 Notas

2183 4325 2380 4400 Dukeri
2427 4328 2494 4400 ad
2537 4327 2758 4400 Florum
2802 4329 2900 4384 lib.
2948 4345 3009 4400 ιι.
3058 4344 3178 4400 cap.
3214 4331 3302 4398 11,
3346 4345 3399 4400 p.
3424 4329 3555 4397 227,
3580 4340 3636 4386 et
3657 4331 3761 4387 Ou-

2179 4398 2462 4468 dendorpii
2493 4399 2556 4452 ad
2587 4398 2841 4454 Ft‘ontiu.
2875 4415 2927 4470 p.
2957 4399 3051 4455 49.

2251 4488 2397 4565 ΟΜ).
2441 4490 2585 4565 XIX.
2609 4521 2682 4533 -—
2711 4493 2763 4547 1.
2793 4491 2944 4548 Anno
2973 4493 3036 4547 ab
3072 4491 3141 4549 U.
3171 4492 3232 4565 Ο.
3261 4507 3453 4549 αῖσιν.
3482 4493 3765 4565 Cuspiuia-

2179 4576 2282 4635 nus
2313 4563 2424 4617 vult
2451 4562 2506 4635 in
2543 4565 2644 4618 hoc
2675 4579 2904 4619 numero
2944 4577 3191 4635 errorem
3223 4564 3424 4631 inesse,
3450 4562 3615 4635 quem
3645 4578 3762 4635 ego,

2101 4627 2433 4704 uniputo
2475 4634 2726 4704 Orosiqu
2772 4634 3078 4704 respexisse
3143 4649 3253 4688 non
3317 4627 3531 4703 tempus
3579 4627 3764 4704 emptu

2179 4701 2479 4759 Obsidionis
2509 4703 2799 4769 Veiorum,
2831 4701 2926 4760 sed
2953 4716 3128 4771 captae
3161 4705 3344 4769 urbis,
3379 4701 3574 4760 contra
3607 4701 3762 4760 fidem

2182 4773 2442 4847 librorum
2489 4784 2701 4847 mutage
2741 4775 2908 4847 nolui.
2961 4775 3208 4846 Sigonio,
3249 4775 3406 4844 cujus
3433 4776 3762 4847 diligentiam

2176 4845 2230 4916 in
2258 4844 2609 4916 perficiendis
2639 4845 2814 4901 Fastis
2840 4844 3194 4910 admiramur,
3221 4862 3398 4902 anuus
3421 4844 3596 4915 capta:
3621 4848 3762 4902 urbis

2176 4913 2431 4970 Veiorum
2478 4925 2562 4986 est
2604 4925 2723 4986 post
2763 4917 2990 4971 Romam
3027 4916 3191 4971 cond.
3217 4931 3449 4973 CCCLVII.
3492 4913 3578 4974 De
3610 4917 3762 4973 Veio-

2171 4999 2293 5110 i‘um
2335 4985 2617 5044 obsidione
2657 4997 2713 5043 et
2749 4988 3152 5059 expugnatione
3183 4990 3404 5059 cepiose
3434 4988 3558 5044 Liv.
3584 4989 3676 5046 lib.
3707 5003 3756 5040 v.

2217 5072 2340 5110 ABR.

2217 5072 2340 5112 ABR.

2241 5137 2296 5192 2.
2341 5137 2627 5193 Continuis.
2676 5137 2847 5208 Lugd.
2897 5138 3017 5194 Bat.
3058 5147 3212 5206 tcrl.,
3258 5137 3399 5194 Coll.
3427 5141 3666 5196 Gronov.
3706 5149 3756 5194 ct

2171 5207 2259 5264 ed.
2294 5209 2457 5279 Aug.,
2485 5209 2816 5264 continuatis.

2244 5289 2298 5361 ξ’).
2342 5289 2550 5361 Sortiti.
2589 5289 2740 5345 Meus
2771 5304 2893 5344 cum
2942 5289 3188 5346 Perizon.
3238 5300 3290 5346 et
3333 5290 3422 5346 ed.
3452 5293 3616 5361 Attg.,
3647 5307 3756 5346 sor-

2171 5359 2299 5423 tiri,
2343 5358 2723 5433 ut_referatur
2765 5361 2832 5415 ad
2871 5363 3036 5414 coacti
3081 5371 3222 5414 sunt.
3270 5363 3401 5418 Dein
3430 5358 3608 5433 Lugd.
3639 5363 3750 5416 Bat.

2175 5438 2299 5484 tert.
2327 5439 2380 5485 et
2406 5429 2546 5486 Coll.
2581 5430 2822 5486 Gronov.
2850 5441 3229 5503 postremoque.

2203 5593 2212 5602 _
2243 5523 2295 5605 4.
2339 5520 2778 5605 Ιᾎὶῃηοοιῖοηιαηω
2802 5524 3025 5578 virtutis.
3061 5525 3160 5581 Ed.
3195 5527 3362 5596 Aug.,
3398 5525 3572 5597 digna:
3603 5529 3756 5581 virtu-

2174 5602 2239 5647 tis
2265 5602 2575 5666 testimonio.

2244 5674 2298 5730 5.
2345 5673 2596 5730 Patravit.
2633 5673 2804 5745 Lugd.
2837 5675 2956 5732 Bat.
2991 5691 3138 5749 sec.,
3176 5678 3394 5750 paravit.
3442 5687 3502 5735 ut
3532 5688 3586 5736 et
3618 5677 3746 5735 Ultr.
