4088 6170
465 280 572 339 799

1874 267 2080 328 PAULI
2115 265 2341 326 OROSll

3658 255 3752 318 800

468 407 623 469 gatos
664 401 856 466 petunt
881 435 896 462 ,
932 402 1097 466 atquo
1135 399 1357 450 centum
1387 390 1680 447 instructas
1713 386 1960 446 triremes
2003 393 2058 443 et
2085 388 2134 447 Α
2161 381 2302 454 apud
2326 381 2578 452 Spartam
2604 394 2701 450 per
2736 377 3041 450 Agesilaum
3074 387 3260 448 regem
3295 374 3546 469 relictus,
3573 373 3622 415 ιδ
3645 388 3750 429 ma-

473 497 734 547 sexcenta
789 487 956 543 millia
1013 487 1255 544 modium
1294 484 1551 542 frumenti
1599 489 1936 553 acceperunt
1961 495 1992 538 ,:
2035 492 2068 534 a

472 581 641 638 sociis
691 581 853 636 etiam
899 579 1141 650 undique
1188 593 1381 650 magna
1433 585 1759 632 contraxere
1802 571 2063 629 subsidia.

471 672 570 727 (lui
615 671 822 726 mililize
866 685 1136 726 consensu
1181 669 1460 735 omnium,
1516 667 1826 738 Agesilaum
1874 664 2066 720 ducem

473 767 870 830 decreverunt,
907 765 948 798 ιθ
991 765 1164 820 \‘irum
1215 762 1352 833 pede
1400 761 1650 818 claudum
1678 801 1694 826 ,
1735 758 1832 814 scd
1881 758 1971 829 qui
2012 757 2065 812 in

473 858 797 914 difficillimo
843 872 1025 912 rerum
1061 864 1204 911 statu
1241 854 1466 910 mallent
1508 854 1610 909 sibi
1648 867 1831 922 regem
1862 849 2068 906 claudi-

477 964 603 1004 care
651 965 810 1020 quam
863 963 1110 1020 regnum.
1159 948 1302 1003 Raro
1331 960 1586 1017 umquam
1619 944 1690 999 ita
1717 957 1877 1014 pares
1917 941 2065 998 omni

477 1043 743 1099 industria
785 1042 955 1098 duces
992 1042 1044 1097 in
1091 1057 1258 1097 unum
1306 1041 1487 1096 coiere
1518 1039 1713 1095 bellum
1739 1079 1754 1104 ,
1785 1036 1878 1108 qui
1915 1050 2068 1091 acer-

476 1133 713 1188 bissimis
755 1132 987 1186 invicem
1019 1131 1224 1202 prmliis
1250 1130 1454 1200 fatigati
1482 1172 1498 1196 ,
1520 1139 1574 1185 et
1599 1129 1768 1184 multo
1803 1127 2068 1196 sanguine

475 1225 654 1292 obliti,
671 1223 821 1280 velut
847 1223 1031 1278 invicti
1054 1223 1123 1278 ab
1147 1223 1413 1278 alterutro
1443 1227 1808 1278 recesserunt.
1831 1219 1878 1252 ¹⁰
1901 1219 2069 1288 lgitur

473 1315 690 1385 Conon,
739 1319 968 1384 acoepto
1019 1314 1214 1370 iterum
1240 1357 1255 1381 ,
1285 1314 1328 1346 ’⁸
1358 1328 1454 1384 per
1497 1327 1556 1368 se
1606 1311 1781 1380 ipsum
1807 1355 1821 1380 ,
1864 1324 1897 1364 a
1939 1323 2068 1379 rege

473 1407 698 1476 Magno,
745 1407 1056 1477 stipendio,
1109 1420 1362 1462 reversus
1421 1405 1489 1482 ad
1551 1405 1810 1472 classem,
1865 1402 2070 1458 invadit

475 1501 701 1556 hosnles
758 1514 952 1571 agros,
1007 1507 1227 1565 turres,
1272 1499 1535 1565 castella,
1576 1509 1886 1568 canteraque
1933 1509 2070 1565 pra:-

473 1591 609 1647 sidia
634 1594 680 1624 ²²
715 1601 986 1662 expugnat
1043 1609 1057 1646 :
1091 1601 1146 1646 et
1167 1591 1330 1647 veluti
1357 1590 1524 1646 ell‘usa
1558 1599 1886 1661 tempestas,
1932 1601 2066 1657 qua-

472 1697 708 1752 cumque
737 1683 1004 1747 incubuit,
1035 1690 1229 1737 cuncta
1255 1680 1568 1751 prosternit.
1602 1680 1648 1712 ³³
1668 1676 2067 1735 Lacedaemonii

2171 475 2377 530 ximam
2413 472 2945 541 munitissimamque
2972 481 3100 526 tunc
3124 469 3357 526 classem
3400 467 3750 533 instruxerat,

2168 577 2349 622 motus
2387 566 2432 606 ιθ
2465 564 2813 620 aemulatione
2859 563 3080 618 virtutis
3129 561 3383 632 Agesilai,
3419 569 3509 624 ut,
3546 559 3639 614 illo
3668 575 3756 629 pc-

2165 661 2405 717 destrem
2443 658 2844 729 expeditionem
2885 657 3145 727 agitante,
3179 656 3296 726 ipse
3325 668 3542 726 quoque
3584 653 3756 708 navali

2166 755 2419 811 discursu
2447 769 2600 810 oram
2633 753 2960 809 maritimam
2990 759 3396 822 pervngaretur.
3421 748 3609 804 Conon
3635 763 3760 802 vero

2169 851 2211 883 ²⁷
2261 859 2575 918 susceptum
2641 847 2918 917 negotium
2966 844 3171 917 duplici
3223 858 3355 900 cura
3408 841 3758 910 intendebat,

2165 942 2373 997 debeas
2401 940 2567 997 sociis
2596 939 3021 995 sollicitudinem
3045 979 3061 1004 ,
3089 936 3278 1008 patriae
3306 934 3470 991 fidem
3500 952 3514 988 :
3548 943 3607 989 nt
3644 933 3713 988 bu
3733 947 3767 988 c

2169 1033 2450 1090 exhiberet
2478 1043 2750 1099 naturam,
2784 1031 2894 1087 illis
2919 1029 3185 1102 pra-heret
3205 1028 3560 1084 industriam:
3587 1026 3639 1080 in
3664 1024 3766 1080 hic

2169 1126 2492 1198 pt-Opensior
2534 1124 2744 1180 civibus
2765 1166 2782 1192 ,
2833 1123 2976 1195 quod
3007 1122 3174 1193 quieti
3198 1120 3542 1190 libertatique
3570 1133 3762 1174 eorum

2167 1220 2329 1274 alieni
2359 1219 2640 1289 sanguinis
2667 1217 2964 1274 discrimen
2987 1213 3350 1285 impenderet,
3399 1221 3456 1268 et
3499 1219 3770 1283 pugnaret

2173 1313 2434 1369 adversus
2465 1312 2923 1368 insolentissimus
2953 1313 3137 1366 hostes
3167 1308 3408 1380 periculo
3440 1306 3603 1377 regis,
3630 1321 3772 1374 pra:-

2171 1407 2285 1462 mio
2335 1404 2544 1476 patriae.
2611 1403 2920 1461 Conserunt
2974 1402 3161 1473 itaque
3228 1399 3425 1456 navale
3493 1411 3774 1455 certamus

2170 1500 2351 1555 Persa:
2390 1499 2631 1566 Conone,
2687 1497 2942 1564 Spartani
2991 1494 3257 1552 Pisanlro
3293 1492 3479 1549 duce:
3529 1493 3577 1532 ³⁸
3628 1491 3776 1547 mill-

2172 1601 2276 1657 tes,
2315 1589 2570 1661 remiges,
2603 1587 2814 1659 ipsique
2865 1587 3123 1645 ductores
3149 1630 3163 1654 ,
3199 1599 3310 1641 uno
3340 1585 3544 1655 pariter
3571 1584 3626 1638 in
3653 1599 3776 1638 mu-

2171 1691 2319 1738 tuam
2354 1684 2560 1739 caedem
2594 1681 2795 1738 ardore
2835 1681 3144 1750 rapiuntur.
3171 1683 3215 1714 ²⁹
3243 1678 3664 1751 Magnitudinem
3689 1685 3776 1732 at-

475 1791 604 1831 vcro
631 1775 946 1831 domesticis
968 1776 1124 1830 malis
1145 1775 1498 1831 circumventi
1527 1814 1542 1839 ,
1578 1773 1820 1830 externis
1849 1771 2064 1828 inhiare
2095 1789 2142 1851 Β
2169 1793 2274 1848 quc
2309 1776 2651 1833 atrocitatem
2689 1776 2815 1832 belli
2837 1773 3014 1849 '150
3043 1775 3217 1836 istius.
3249 1772 3544 1828 inclinatus
3573 1786 3641 1826 ex
3662 1769 3775 1826 hoc

471 1866 780 1931 desistunt,
827 1865 1197 1936 abjiciuntque
1242 1881 1397 1937 spem
1427 1863 1857 1931 dominationis,
1885 1861 2065 1918 immi-

471 1965 634 2012 nente
664 1955 906 2027 periculo
949 1957 1235 2013 servitutis
1266 1975 1278 2011 :
1312 1957 1621 2028 Agesilaum
1649 1965 1830 2012 autem
1854 1998 1870 2024 ,
1901 1971 2065 2028 quem

468 2062 592 2104 cum
631 2049 874 2105 exercitu
900 2048 952 2106 in
973 2047 1158 2104 Asiam
1198 2049 1502 2116 miserant,
1563 2047 1723 2121 15.9
1765 2049 1832 2104 ad
1889 2049 2068 2105 subsi-

473 2139 623 2196 dium
669 2141 863 2212 patriat
911 2152 1189 2200 revocant.
1240 2141 1288 2175 "
1333 2141 1550 2199 Interea
1594 2143 1895 2210 Pisander,
1959 2143 2066 2199 dux

2169 1884 2387 1940 semper
2417 1871 2471 1926 in
2508 1878 2786 1942 posterum
2835 1866 3374 1924 Laccdmmoniorum
3400 1872 3598 1931 status,
3647 1877 3778 1932 pro-

2167 1963 2268 2019 dit.
2297 1962 2342 2005 ³ο
2371 1961 2617 2032 Namque
2654 1977 2722 2018 ex
2751 1961 2846 2018 illo
2876 1960 3048 2018 liuere
3094 1974 3160 2016 ac
3204 1967 3354 2016 retro
3389 1957 3645 2026 sublapsa
3683 1971 3779 2012 re—

2168 2055 2302 2111 ferri
2359 2069 2484 2126 spes
2549 2055 2946 2126 Spartanorum
2987 2053 3030 2096 ³ι
3064 2053 3218 2119 visa,
3273 2051 3450 2108 donec
3489 2050 3536 2083 ³³
3588 2065 3782 2106 assur-

2179 2146 2358 2219 gendo
2397 2162 2564 2219 aegre.
2606 2163 2673 2203 ac
2715 2146 2914 2204 misere
2951 2143 3270 2213 recidendo,
3297 2142 3562 2210 confecta,
3591 2151 3646 2200 ct
3675 2157 3782 2214 po-

1760 2297 2211 2388 llAVERCaMPl
2247 2301 2480 2360 NOTIE.

544 2437 634 2494 l9.
681 2435 865 2491 Virum
907 2436 1036 2507 pede
1077 2436 1344 2490 claudum.
1375 2436 1512 2491 Nota
1559 2443 1646 2492 est
1689 2436 1965 2492 contentio
1992 2427 2066 2492 de

475 2523 644 2578 regno
673 2507 944 2578 Spartano
971 2509 1112 2578 inter
1140 2507 1516 2578 Leotychiden
1540 2507 1732 2578 Agidis
1766 2508 1935 2562 ﬁlium
1963 2549 1978 2573 ,
2007 2519 2064 2564 et

477 2576 785 2648 Agesilaum
811 2577 1065 2648 ejusdem
1086 2576 1307 2633 fratrem
1340 2595 1354 2631 :
1379 2593 1502 2632 cum
1535 2577 1895 2648 Lectyehides
1918 2581 2062 2648 Age:

483 2647 682 2705 silaum
735 2662 903 2718 regno
953 2647 1244 2718 prohibere
1291 2663 1356 2705 ex
1408 2648 1630 2704 oraculo
1668 2647 1858 2713 vellet,
1921 2647 2069 2718 quod

483 2721 658 2776 altero
706 2717 846 2788 pede
875 2718 1250 2774 claudicaret:
1284 2719 1381 2775 sed
1429 2718 1554 2772 vicit
1599 2719 1685 2772 hic
1723 2718 1874 2773 illum
1898 2759 1912 2779 .
1941 2717 2069 2774 cum

485 2789 763 2846 oraculum
797 2789 851 2844 in
881 2804 1004 2845 eum
1033 2790 1330 2845 convenire
1359 2790 1753 2852 contendisset,
1777 2790 1868 2858 qui
1896 2805 2070 2858 neque

487 2861 786 2932 legitimus,
813 2875 990 2932 neque
1018 2861 1085 2914 ab
1112 2860 1291 2932 Agide
1305 2873 1452 2914 esset
1480 2860 1716 2932 genitus.
1743 2859 2072 2932 Xenophon.

489 2930 630 3003 libro
657 2947 715 2987 ιιι
741 2941 797 3003 et
837 2930 892 2986 in
930 2931 1204 3003 Agesilao.
1242 2931 1564 3003 Plut_archus
1590 2931 1642 2985 in
1665 2931 1858 2986 eodem
1884 2939 1939 2986 et
1968 2931 2072 3003 Ly-

489 3001 708 3065 sandro,
739 3002 1032 3056 Pausanias
1061 3001 1200 3056 libro
1231 3016 1310 3055 ιιι.
1344 3001 1510 3056 ΡΑΒιι.

559 3073 650 3127 20.
692 3072 865 3145 Igitur
881 3072 1284 3145 ConamQuare
1295 3069 1578 3145 Conon_ad
1603 3086 1781 3142 regem
1801 3072 2078 3143 profectus

492 3146 688 3210 fuerit,
717 3142 938 3213 copiose
964 3144 1163 3199 Justin.
1192 3143 1352 3198 libro.
1376 3158 1450 3197 vt.
1479 3142 1647 3198 Fsan.

561 3218 653 3270 21.
697 3214 882 3286 Perse
905 3213 1291 3286 ἤρξαιιι.βι·ω(ξί
1306 3213 1497 3286 dicunt
1520 3217 1668 3275 αὐτος
1698 3225 1757 3286 οι
1781 3213 1845 3270 δι’
1869 3215 2078 3279 ἑαυτοῦ,

494 3287 685 3342 conl'cr
714 3284 1069 3340 [EliatL'Van
1096 3285 1233 3341 Hist.
1261 3284 1355 3339 lib.
1380 3299 1429 3351 ι,
1459 3299 1580 3356 cap.
1604 3286 1698 3352 2|,
1730 3285 1797 3340 de
1824 3285 2054 3340 Ismenia

497 3357 878 3412 Thebanorum
904 3355 1102 3422 legato.

563 3427 656 3480 22.
700 3424 999 3496 Expugnat.
1024 3425 1128 3482 Ed.
1161 3425 1327 3493 Aug.,
1347 3426 1635 3496 impugnat.
1663 3426 1780 3480 Mox
1810 3439 1941 3481 mss.
1971 3441 2087 3481 ont-

497 3513 594 3554 ttcs
624 3506 678 3551 et
703 3495 832 3550 editi
860 3495 1117 3552 meliores
1140 3537 1154 3560 ,
1178 3495 1438 3561 incubuit,
1469 3497 1560 3550 alii
1593 3496 1858 3550 incumbit.

566 3569 659 3623 23.
702 3566 1086 3622 Lacedtemonii
1126 3583 1244 3621 vero
1271 3567 1563 3621 dentesticis
1609 3566 2089 3636 malis.Signiftcat

500 3651 715 3709 tempus
765 3636 897 3692 illttd
943 3639 1161 3708 quando
1204 3637 1348 3692 circa
1397 3637 1761 3708 Olympiadem
1807 3637 1879 3694 96
1921 3638 2087 3709 Lace-

501 3708 806 3768 daemonios
836 3709 1034 3776 injuste
1058 3709 1390 3778 imperantes
1415 3750 1431 3775 ,
1461 3725 1652 3762 omnes
1684 3712 1799 3764 lere
1828 3709 1961 3764 socii
1993 3708 2089 3763 de-

496 3789 818 3846 seruerunt,
840 3791 901 3834 ut
921 3781 997 3835 ait
1019 3779 1212 3836 Cicero
1245 3779 1388 3834 libro
1419 3795 1454 3834 ιι
1489 3781 1556 3834 de
1581 3778 1739 3834 Ofﬁe.
1769 3780 1904 3835 Tum
1934 3779 2092 3835 Bato-

503 3855 594 3908 tii.
631 3852 991 3906 Athenienses
1016 3894 1030 3916 ,
1087 3850 1357 3906 Corinthii
1381 3890 1396 3914 ,
1446 3849 1628 3919 Argivi
1674 3861 1728 3906 et
1757 3851 1848 3905 alii
1878 3850 2092 3920 conspi-

504 3926 715 3977 ratione
753 3923 888 3975 lacta
911 3964 926 3985 ,
959 3932 1146 3976 contra
1179 3921 1620 3976 Lacedaemonios
1668 3933 1952 3976 moverunt
1980 3922 2093 3976 bel-

509 3995 638 4047 lmn.
657 3991 827 4058 Cujus
853 4007 1012 4046 causa
1030 3991 1314 4060 Agesilaus
1335 4007 1400 4044 ex
1422 3991 1546 4044 Asia
1568 3993 1782 4044 demum
1808 4001 2092 4046 revocatus

509 4063 628 4117 fuit.
656 4060 706 4116 Χ
743 4062 959 4130 nuphon
1013 4063 1148 4116 libro
1197 4076 1253 4114 ιιι
1283 4072 1334 4112 ct
1363 4076 1435 4122 tv,
1481 4061 1745 4114 Diodorus
1790 4063 1929 4116 libro
1981 4078 2089 4118 xw.

516 4133 840 4189 Plutarchus
870 4131 922 4186 in
954 4132 1223 4201 Agesilao;
1257 4131 1552 4185 Pausanias
1578 4131 1714 4184 libro
1739 4147 1822 4187 Ill.
1849 4131 2015 4187 Faue.

577 4207 672 4260 24.
705 4201 913 4258 Interea
948 4202 1222 4267 Pisander,
1250 4203 1359 4255 dua:
1407 4201 1547 4272 apud
1593 4201 1862 4272 Spartam.
1897 4204 2092 4260 Mirum

513 4276 782 4346 profecto,
809 4274 902 4343 qui
935 4276 1133 4328 factum
1176 4273 1361 4346 fuerit,
1389 4282 1447 4346 ut
1487 4280 1674 4327 contra
1723 4275 1882 4329 fidem
1925 4275 2093 4346 libro-

510 4345 627 4402 rum
669 4355 909 4401 veterum
962 4355 1068 4400 tam
1112 4345 1255 4410 apud
1302 4345 1576 4399 Justinum
1605 4359 1765 4414 quam
1813 4345 2094 4411 Orosinm,

512 4419 598 4474 hic
621 4419 723 4472 dux
753 4415 1021 4488 Lysander
1047 4415 1308 4488 hactenus
1334 4417 1403 4468 sit
1432 4414 1608 4488 dictus
1634 4432 1647 4468 :
1675 4430 1798 4488 cum
1824 4427 2001 4488 tamen
2025 4433 2096 4472 ex

512 4489 766 4543 omnibus
794 4485 1172 4557 sei-iptoribus.
1205 4501 1340 4557 riuos
1372 4485 1540 4557 modo
1566 4486 1859 4554 nominavi,
1885 4501 2096 4544 certum

513 4560 602 4623 sit,
634 4555 934 4629 Agesilaum
962 4557 1125 4615 classi
1164 4556 1472 4629 prmlecisse
1503 4555 1824 4629 Pisandrum
1850 4560 2098 4629 coajugis

513 4646 625 4684 sua:
673 4628 917 4695 fratrem.
955 4643 1194 4699 eumque
1228 4628 1471 4699 relictum
1519 4628 1572 4682 in
1623 4629 1769 4694 Asia,
1799 4639 1856 4684 et
1905 4628 2096 4699 ιιιλωίίο

517 4702 692 4757 navali
721 4712 1030 4772 superatura
1062 4704 1129 4754 ad
1160 4697 1397 4772 Cnidum
1441 4713 1472 4752 ιι
1512 4699 1881 4772 Pharnabazo
1906 4697 1967 4756 et
1989 4703 2094 4757 Co-

519 4787 684 4840 none,
716 4769 966 4842 periisse.
993 4773 1122 4828 Nam
1154 4769 1298 4838 quod
1333 4770 1386 4823 in
1437 4770 1651 4838 vulgato
1697 4770 1914 4827 Diodori
1965 4774 2102 4831 libro

515 4847 782 4922 ναύαρχος
805 4862 919 4922 non
965 4843 1290 4922 ῐιείσςανδρος,
1332 4843 1744 4922 sethspiapxo;
1781 4845 2103 4916 appellatur,

518 4914 895 4985 proe'ut'dubio
923 4914 1243 4972 mendosum
1276 4926 1380 4972 est.
1406 4914 1573 4969 Ειιιςὶι.

589 4984 680 5038 25.
717 4986 1001 5042 Maximam
1044 4987 1543 5054 munitissimumque
1600 4995 1721 5040 tunc
1768 4985 1986 5040 classem
2024 4987 2107 5043 in-

518 5063 799 5111 struxerat.
838 5058 965 5114 llmc
992 5069 1079 5115 est
1119 5066 1375 5112 coiistans
1417 5056 1579 5112 lectio
1630 5073 1760 5111 mss.
1795 5058 2100 5125 meliorum,

522 5125 778 5180 videlicet
848 5130 1008 5181 trium
1085 5128 1546 5186 Florentinorum.
1605 5129 1895 5196 l’erizonii,
1976 5130 2099 5196 Mei,

523 5197 696 5268 Lugd.
729 5197 846 5253 But.
884 5199 1050 5268 tertii,
1086 5199 1228 5254 Ultr.
1258 5211 1309 5255 et
1342 5198 1486 5254 Coll.
1519 5197 1785 5264 Gronov.,
1820 5209 1878 5253 nt
1919 5208 1976 5254 et
2011 5202 2102 5258 ed.

523 5270 748 5337 August.
780 5279 836 5324 et
865 5267 1068 5325 ultima:
1091 5271 1284 5326 Scotti.
1310 5270 1502 5340 Vulgo,
1529 5272 1807 5326 maximam
1827 5271 2107 5325 munitam-

517 5357 612 5412 que
637 5342 853 5412 classem
881 5348 1003 5412 tunc
1030 5340 1407 5396 instruxerant.

593 5413 684 5468 26.
718 5411 1094 5467 Ᾱῐηιιιιαιὶοηε.
1127 5412 1297 5483 Lttgd.
1325 5413 1442 5467 Bat.
1474 5411 1605 5475 duo,
1632 5411 1998 5466 admiratione.

592 5484 684 5537 27.
734 5484 1047 5548 Susceptum
1100 5485 1380 5554 negotium,
1431 5492 1535 5538 etc.
1585 5483 1856 5538 Hactenus
1901 5483 2102 5538 editum

526 5555 642 5616 fuit,
677 5554 852 5608 Conon
897 5569 1016 5607 vero
1069 5563 1302 5623 suscepto
1350 5555 1577 5624 negotio,
1621 5554 1877 5620 duplicent
1925 5570 2103 5610 curam

524 5625 868 5694 impendebat,
899 5633 1004 5680 etc.
1042 5625 1217 5680 Prima
1243 5626 1328 5680 ed.
1357 5635 1410 5680 et
1444 5626 1588 5680 illam
1619 5637 1820 5679 secuta}
1851 5626 2102 5683 similiter

520 5698 724 5771 legunt,
759 5696 858 5771 sed
900 5706 1018 5771 post
1049 5700 1253 5771 negotio
1285 5697 1531 5753 inserunt
1563 5696 1722 5750 omni.
1752 5697 1942 5771 Longe
1971 5713 2098 5754 vero

527 5766 715 5821 melior
739 5777 821 5823 est
844 5766 1026 5837 lectio,
1059 5766 1218 5840 quam
1245 5785 1312 5824 ex
1350 5783 1483 5826 mss.
1517 5767 1912 5838 revocavinius,
1938 5771 2096 5828 unius

2063 3328 2078 3353 ’
2113 3331 2159 3394 C

2171 2448 2376 2494 tantum
2433 2439 2685 2496 litterulae
2733 2441 3030 2496 mutatione
3050 2455 3082 2496 a
3112 2440 3271 2496 nobis
3301 2439 3504 2509 adiuta.
3544 2439 3680 2495 Nam
3712 2439 3776 2494 in

2178 2525 2310 2565 mss.
2343 2511 2515 2565 tribus
2545 2511 2898 2576 Florentinis,
2927 2512 3043 2568 Meo
3070 2522 3233 2580 atque
3263 2511 3646 2576 Perizoniano,
3671 2510 3779 2579 qui

2173 2586 2415 2652 quinque
2445 2583 2667 2652 reliquis
2697 2584 2936 2638 bonitate
2962 2584 3192 2638 multum
3225 2591 3504 2651 praestant.
3539 2581 3604 2635 ita
3634 2585 3788 2634 scri-

2175 2653 2339 2727 bitur,
2373 2652 2550 2727 _Conon
2595 2670 2714 2727 vero
2755 2664 3055 2727 susceptum
3093 2656 3355 2727 negotium
3396 2653 3595 2727 duplici
3636 2669 3784 2727 cura

2173 2723 2518 2794 impendebat,
2553 2739 2652 2790 pro
2699 2725 3025 2794 impendebat
3076 2723 3255 2780 autem
3304 2723 3648 2794 reposuimus
3679 2723 3779 2777 in-

2178 2793 2440 2855 tendebat,
2473 2811 2592 2856 quae
2641 2793 2962 2851 sinertlubio
3009 2812 3135 2851 vera
3180 2796 3312 2850 olim
3345 2793 3606 2856 scriptura
3639 2795 3779 2848 fuit.

2181 2863 2257 2935 lta
2289 2864 2429 2935 apud
2463 2864 2677 2919 Livium
2723 2868 2990 2921 intendere
3037 2866 3230 2922 bellum
3267 2865 3363 2921 lib.
3398 2881 3510 2931 ut,
3534 2879 3657 2935 Cap.
3688 2864 3725 2920 6
3763 2882 3784 2920 :

2182 2880 2257 2917 tta
2289 2880 2429 2935 apuu
2464 2880 2677 2919 Ll\'lllm
2723 2880 2990 2921 intendere
3037 2880 3230 2922 aeuum
3267 2880 3363 2921 tu).
3398 2881 3510 2931 ut,
3534 2880 3590 2920 ea
3640 2905 3657 2920 .
3688 2880 3725 2920 υ
3763 2882 3784 2920 :

2182 2934 2288 3010 gilii
2333 2936 2627 3001 provincias
2659 2937 2956 3010 consulibus
2986 2937 3303 3010 Hispaniam
3349 2946 3499 3008 atque
3536 2880 3785 3010 Aliticam

2183 3005 2530 3079 decernentes,
2550 3016 2688 3079 terra
2716 3009 2946 3079 marique
2987 3005 3102 3063 rem
3140 3005 3424 3079 gerendam
3454 3005 3729 3079 censebant
3763 3023 3789 3059 :

2184 3077 2291 3150 alii
2323 3086 2484 3150 totum
2516 3078 2582 3150 in
2636 3077 2949 3150 Hispaniam
2994 3077 3398 3147 Annibalemque
3442 3077 3788 3150 intendebant

2187 3145 2622 3220 bellumaAdde.
2669 3145 2790 3220 quae
2838 3167 2933 3214 pro
2983 3145 3367 3204 emendatione
3419 3146 3609 3205 similis
3671 3148 3788 3202 luci

2188 3219 2435 3289 Orosiani
2467 3221 2517 3272 in
2551 3227 2800 3274 extremo
2828 3220 2947 3274 libri
2980 3235 3032 3274 tv
3059 3220 3398 3289 scripsimus.

2258 3287 2350 3361 28.
2377 3287 2598 3354 Milites,
2621 3291 2862 3360 remiges,
2887 3292 3088 3361 ipsique
3108 3287 3369 3345 ductores.
3389 3290 3478 3361 Ex
3508 3289 3606 3344 hoc
3637 3288 3794 3361 Oro:-

2191 3357 2254 3430 sii
2282 3359 2402 3414 loco
2431 3368 2598 3427 patet,
2627 3357 2917 3430 quomodo
2942 3364 3062 3428 ejus
3108 3372 3354 3429 tempore
3384 3360 3599 3430 lectum
3626 3358 3790 3427 apud

2189 3429 2462 3484 Justinum
2494 3429 2677 3498 fuerit,
2705 3447 2865 3500 quem
2905 3433 3034 3486 hinc
3066 3433 3357 3488 emendare
3389 3432 3536 3496 licet,
3569 3429 3669 3484 lib.
3699 3445 3792 3490 ιιι.

2189 3514 2309 3568 cap.
2347 3501 2397 3568 l,
2429 3499 2522 3555 ubi
2550 3499 2958 3572 vulgo’legitur,
2985 3501 3183 3557 Eadem
3211 3503 3432 3556 militum
3453 3511 3500 3554 et
3541 3500 3792 3554 omnium

2189 3585 2368 3639 regum
2395 3587 2522 3624 cura
2565 3581 2698 3626 erat.
2731 3572 2874 3628 ldcm
2923 3589 3052 3628 vero
3103 3574 3348 3641 praelium
3395 3572 3586 3626 navale
3629 3573 3792 3626 inter

2191 3642 2470 3713 Cononem
2503 3651 2560 3697 et
2597 3643 2918 3698 Pisandrum
2951 3644 3302 3700 describitur.
3335 3643 3520 3713 Neque
3565 3643 3796 3711 vulgata

2193 3711 2354 3786 lectio
2382 3729 2560 3786 regunt
2589 3713 2803 3768 delendi
2836 3717 2944 3786 ullo
2976 3716 3139 3770 modo
3168 3725 3365 3783 potest.
3414 3711 3572 3781 Nam,
3599 3714 3798 3786 protlli

2191 3781 2418 3856 Qrosius
2441 3781 2725 3839 'memorat
2773 3785 2993 3850 milites,
3027 3781 3259 3856 remiges
3286 3797 3343 3841 et
3370 3781 3620 3856 ductores
3654 3799 3672 3844 ς
3711 3784 3800 3838 sic

2193 3853 2472 3914 ductores.
2506 3857 2724 3911 nomine
2771 3873 2875 3910 non
2910 3867 3114 3911 tantum
3157 3853 3278 3921 suo,
3309 3856 3402 3912 sed
3443 3867 3498 3910 et
3526 3855 3793 3908 vincendi

2193 3925 2547 3996 contentione
2570 3925 2681 3991 jam
2714 3937 2840 3981 ante
2867 3927 3235 3996 descripserat
3275 3927 3517 3982 Justinus
3558 3925 3608 3979 in
3643 3941 3802 3992 pra:-

2195 3994 2512 4068 ccdcntibus
2544 3997 2753 4051 :Porro
2786 3994 3098 4064 Pisandrus,
3129 4016 3222 4068 pro
3261 3997 3622 4068 conjunctione
3652 3997 3804 4067 Age-

2196 4064 2342 4132 silai,
2390 4068 2545 4121 etiam
2583 4069 2828 4123 virtutum
2865 4064 3139 4123 temulator
3177 4080 3320 4136 erat;
3350 4064 3804 4135 contendebath

2197 4153 2262 4190 ne
2299 4154 2332 4190 a
2367 4137 2519 4212 rebus
2564 4141 2718 4212 gestis
2745 4141 2857 4208 ejus
2891 4149 2938 4212 et
2967 4140 3153 4212 glorise
3173 4139 3451 4212 splendore
3482 4135 3806 4212 recederet;

2200 4224 2322 4262 neve
2345 4217 2444 4280 tot
2475 4209 2623 4262 bellis
2669 4226 2730 4263 ac
2759 4207 3265 4280 swcttlis'qutcsitum
3309 4209 3583 4276 imperium
3598 4207 3806 4280 __breeis

2202 4279 2447 4352 momenti
2494 4280 2648 4351 culpa
2693 4277 3024 4337 subverteret.
3079 4283 3262 4352 Pergit
3303 4281 3548 4336 deinde:
3589 4277 3807 4333 Eadem

2199 4349 2442 4408 militum.
2475 4349 2584 4404 etc.

2405 4420 2820 4490 Magnitudinem
2872 4433 3027 4494 atque
3070 4423 3398 4494 atrocitatem
3448 4418 3568 4494 belli
3610 4419 3802 4494 istius,

2199 4492 2481 4544 inclinatus
2523 4507 2588 4560 ex
2618 4495 2714 4564 hoc
2743 4491 2949 4564 semper
2979 4495 3031 4547 in
3059 4503 3322 4564 posterum
3366 4491 3809 4564 Laceda‘monio-

2199 4578 2318 4633 runt
2345 4569 2509 4633 status
2537 4563 2731 4632 prodit.
2759 4563 2825 4618 Et
2854 4561 2996 4619 hanc
3016 4561 3232 4633 vulgata
3260 4563 3621 4633 venusﬁoreni
3645 4561 3806 4615 mul-

2201 4641 2257 4686 to
2306 4631 2616 4701 lectionem,
2664 4633 2856 4689 iisdem
2905 4649 3040 4689 mss.
3071 4631 3431 4697 Florentinis,
3458 4632 3798 4702 quibuscum

2127 4713 2179 4773 ι)
2204 4703 2357 4773 Meus
2383 4710 2441 4756 et
2470 4703 2718 4758 Perizon.
2760 4706 3104 4769 conspirant,
3137 4705 3422 4760 debemus.
3452 4701 3510 4757 In
3540 4701 3806 4773 omnibus

2205 4772 2332 4828 edd.
2380 4773 2596 4844 legitur,
2629 4777 2989 4844 magnitudine
3015 4784 3170 4840 atque
3199 4777 3474 4844 atrocitate
3503 4772 3620 4844 belli
3647 4773 3810 4844 istius

2206 4843 2508 4912 inclinatus,
2537 4861 2603 4900 ea:
2632 4843 2731 4899 hoc
2763 4863 2969 4916 semper
3001 4846 3055 4901 in
3087 4855 3351 4917 posterum
3376 4843 3810 4899 Lacedwmonio—

2205 4923 2513 4988 rumista‘tus
2535 4917 2761 4988 proruit.

2279 4987 2368 5042 50.
2404 4985 2641 5066 N_gnigu_e
2672 5004 2743 5066 ea:
2785 4986 2881 5041 illo
2908 4987 3089 5057 ﬂuere.
3122 4986 3363 5066 Παρῳδία
3392 4985 3699 5056 Virgiliana
3730 4999 3810 5041 ex

2196 5056 2301 5112 lib.
2343 5073 2381 5114 ιι
2415 5056 2639 5113 fEncid.
2672 5057 2837 5113 FABR.

2277 5130 2370 5185 51.
2411 5128 2557 5183 Visa.
2584 5128 2641 5183 In
2663 5129 2876 5200 ,Vulgg.
2894 5127 3124 5200 additur
3164 5138 3263 5196 est,
3290 5128 3436 5200 quod
3470 5126 3631 5185 codd.
3662 5141 3809 5184 mss.

2215 5200 2471 5271 meliores
2493 5209 2545 5253 et
2573 5199 2698 5254 cdd.
2732 5199 3008 5269 principes
3034 5215 3140 5254 non
3172 5199 3495 5271 agnoScunt.

2285 5270 2729 5343 5:2.Assurgettdo
2755 5286 3005 5343 wgre,iac
3043 5270 3226 5325 misere
3255 5271 3559 5343 recidenda.
3588 5270 3809 5343 Statum

2215 5339 2618 5395 Lacedaemonis
2673 5339 3163 5410 uon'ineleganter
3211 5342 3356 5395 velut
3405 5341 3805 5396 moribundum

2215 5411 2496 5478 describit,
2529 5427 2595 5465 ex
2639 5411 2934 5466 Vireiliaua
2966 5413 3163 5468 iterum
3205 5412 3508 5470 imitatione
3535 5432 3549 5466 ε
3582 5413 3811 5468 Dixerat

2214 5493 2372 5552 poeta
2401 5482 2467 5538 de
2491 5483 2697 5537 Didone
2721 5480 2851 5537 IEn.
2883 5483 2977 5538 lib.
3009 5498 3080 5550 tv,
3112 5498 3258 5540 vers.
3287 5483 3393 5540 688
3431 5499 3447 5540 :

2273 5593 2376 5657 illa,
2403 5605 2581 5657 graves
2599 5593 2763 5642 oculos
2787 5601 2958 5644 conata
2983 5595 3428 5657 attollere,rursus

2270 5656 2463 5706 Deficit.
2482 5655 2689 5718 Infixum
2710 5657 2872 5704 stridit
2896 5657 2988 5705 sub
3011 5655 3227 5718 pectore»
3241 5657 3430 5706 vulnus.

2268 5719 2370 5768 Ter
2393 5716 2760 5782 sesegaltolens,
2782 5716 3052 5778 cubitoque
3075 5718 3268 5782 adnixa,
3295 5719 3473 5770 levavit
3503 5733 3515 5766 :

2270 5782 2370 5833 Ter
2390 5779 2614 5832 revoluta
2641 5786 2748 5830 toro
2773 5785 2870 5842 est,
2899 5788 3000 5830 etc.
