4088 6170
258 212 354 269 801

1316 210 1788 275 lllSTORIARUM
1828 215 2030 275 LIBER
2071 215 2156 277 Ill.
2199 221 2353 278 CAP.
2397 222 2438 280 l.

3449 227 3557 290 802

257 333 448 383 testate
491 335 731 396 careret,
766 334 819 383 et
849 326 1089 385 nomine.
1132 328 1554 388 Atheniensibus
1575 346 1704 388 vero
1732 331 1849 390 haec
1880 335 1924 395 Α
1954 349 2057 390 nec
2085 334 2307 392 difficile
2328 348 2573 408 superat,
2603 338 2838 397 maxime
2859 355 2984 397 cum
3009 341 3188 399 adhuc
3211 345 3352 414 apud
3378 344 3550 415 ipsum

258 419 446 476 eadem
492 434 666 490 pugna
700 419 912 475 initium
947 424 1334 494 recuperanda:
1369 427 1659 496 potentias,
1709 427 1849 484 sicut

258 511 686 567 Lacedaemoniis
724 513 1058 582 amittendze,
1100 516 1221 570 luit.
1248 516 1293 546 ³³
1325 517 1488 572 Primi
1519 518 1683 587 igitur
1709 517 1849 573 The-

263 604 408 669 bani,
456 603 660 659 auxilio
704 606 1120 663 Atheniensium
1161 608 1316 679 fulti,
1360 613 1647 680 superiore
1692 611 1851 666 clade

258 699 480 755 saucios
527 714 590 754 ac
637 700 877 770 trepidos
935 702 1322 774 aggrediuntur
1353 745 1366 769 ,
1412 704 1581 760 multa
1621 706 1843 761 animati

257 791 454 846 fiducia
483 787 538 822 ³⁸
565 798 786 862 propter
829 792 1086 849 virtutem
1131 804 1294 864 atque
1336 794 1656 850 industriam
1702 795 1848 864 Epa-

254 881 528 938 minondae
573 881 726 938 ducis
765 883 891 949 sui,
949 898 1205 956 cumquo
1235 885 1342 940 sibi
1392 886 1561 942 facile
1602 887 1851 943 obtinere

254 988 416 1046 posse
459 975 748 1044 imperium
792 976 956 1032 totius
985 975 1207 1032 Graeciae
1243 977 1589 1034 videbantur.
1617 978 1702 1034 Fit
1744 979 1851 1033 ita-

252 1083 360 1140 que
390 1077 654 1124 terreStre
697 1069 971 1140 praelium,
1018 1070 1294 1128 Thebanis
1355 1073 1581 1128 minimo
1633 1072 1852 1143 negotio

254 1161 618 1219 vincentibus.
653 1161 902 1219 Vincitur
942 1165 1109 1220 etiam
1145 1166 1246 1222 hoc
1285 1167 1542 1223 cetiﬂictu
1573 1166 1852 1239 Lysander

254 1261 312 1310 et
340 1253 627 1310 ctciditttr.
662 1254 708 1286 ⁸⁸
739 1255 1035 1310 Pausanias
1083 1272 1324 1328 quoque,
1369 1257 1480 1313 dux
1509 1257 1855 1314 Lacedaemo-

258 1346 474 1402 niorum
505 1389 522 1415 ,
574 1349 728 1422 151
768 1349 1107 1406 insimulatus
1157 1351 1482 1421 proditionis
1516 1394 1534 1420 ,
1608 1353 1662 1409 in
1705 1352 1852 1409 exsi-

266 1441 401 1496 lium
427 1440 684 1497 trttditur.
719 1442 962 1498 Thebani
993 1451 1177 1499 autem
1209 1445 1437 1500 victoria
1481 1445 1657 1516 potiti,
1686 1445 1856 1501 colle-

255 1540 345 1586 cta
381 1533 624 1587 universi
657 1534 933 1589 exercitus
965 1551 1148 1600 manu,
1185 1535 1436 1606 Spartam
1473 1539 1854 1607 contendunt,

249 1630 514 1693 putantes
535 1638 596 1680 se
626 1639 850 1679 vacuam
887 1627 1143 1695 pra'sidio
1185 1627 1462 1683 civitatem
1507 1630 1658 1683 nullo
1686 1630 1854 1684 intta-

1953 442 2094 497 pene
2138 430 2370 500 integrae
2401 438 2543 486 vires
2575 432 2929 490 haberentur.
2965 436 3084 506 ipse
3132 447 3309 493 tamen
3353 439 3547 509 Agesi-

1953 519 2072 572 laus
2092 520 2330 590 graviter
2344 523 2386 554 ³⁷
2407 523 2738 578 vulneratur.
2763 526 2834 580 At
2859 543 2984 582 vero
3011 529 3397 596 Athenienses,
3423 547 3548 586 cum

1951 614 2344 683 comperissent
2379 615 2652 688 inSperata
2688 617 3133 676 Lacedaemonios
3173 623 3402 678 victoria
3431 626 3554 678 sob-

1953 705 2187 773 levatos,
2219 708 2464 777 pristinaa
2494 711 2796 778 servitutis,
2817 711 2863 743 ³⁸
2879 712 2948 768 de
2979 729 3083 784 qua
3115 722 3243 770 tunc
3275 715 3548 784 respirare

1952 798 2038 852 vit
2067 809 2372 868 coeperant,
2402 802 2600 871 trepidi
2633 812 2776 856 metu
2797 848 2810 871 ,
2842 805 3142 860 exercitum
3184 808 3513 862 contrahunt
3533 848 3548 872 ,

1951 905 2188 960 eumque
2240 891 2468 948 Bmotiis
2510 894 2563 947 in
2605 894 2868 950 auxilium
2920 896 3241 968 adjongunt,
3294 901 3552 955 commis-

1951 995 2070 1036 sum
2101 981 2143 1015 ³⁹
2168 981 2420 1052 lpliicrati
2448 983 2594 1050 duci,
2621 985 2714 1054 qui
2745 987 3069 1043 adolescens
3091 989 3408 1058 admodum,
3433 991 3552 1045 vix-

1953 1073 2080 1130 dum
2111 1089 2289 1130 annos
2321 1076 2516 1146 viginti
2546 1087 2726 1143 natus,
2761 1078 3130 1136 infirmitatem
3163 1082 3345 1138 aetatis
3375 1093 3551 1139 matu-

1954 1167 2114 1223 ritate
2134 1169 2298 1222 animi
2325 1169 2624 1224 muniebat.
2657 1171 2844 1226 Conon
2878 1189 3115 1244 quoque,
3148 1173 3192 1205 ⁸⁰
3223 1174 3303 1229 vir
3330 1176 3548 1245 quidem

1955 1259 2322 1325 Atheniensis,
2378 1260 2486 1315 dux
2535 1270 2715 1316 autetn
2749 1263 2952 1319 Persici
3001 1266 3307 1333 exercitus,
3362 1267 3552 1322 audito

1954 1351 2193 1422 Agesilai
2246 1352 2462 1421 reditu,
2507 1353 2573 1408 ad
2620 1355 2960 1426 populandos
3007 1357 3546 1414 Lacedxemoniorum
3612 1383 3616 1388 ι

1955 1459 2117 1516 agros
2141 1447 2454 1501 revertitur.
2487 1447 2564 1501 Ita
2601 1446 2877 1517 Spartani,
2923 1451 3154 1521 strepitu
3176 1449 3219 1481 δι
3247 1451 3552 1506 circumso-

1955 1539 2197 1594 nantium
2249 1538 2489 1609 undique
2536 1540 2775 1595 hostium
2822 1541 2993 1597 clausi
3044 1551 3207 1613 atque
3255 1543 3550 1612 exterriti,

1955 1631 2145 1686 ultima
2175 1631 2570 1702 propemodum
2614 1633 3002 1704 desperatione
3034 1637 3348 1692 tahuertmt.
3383 1636 3552 1692 “Sed

248 1723 404 1772 turos
435 1717 679 1786 negotio,
714 1717 868 1787 cujus
905 1719 1019 1788 jatn
1068 1733 1262 1775 omnes
1311 1735 1449 1790 pene
1491 1721 1677 1792 capias
1725 1736 1850 1776 cum
1885 1723 1930 1784 Β
1957 1720 2169 1786 Conon,
2204 1732 2490 1793 postquam
2529 1723 2687 1794 152
2730 1735 2885 1780 vasta
2923 1726 3139 1781 hostilis
3181 1728 3286 1783 soli
3332 1729 3559 1798 popula-

243 1806 377 1878 ipso
406 1823 534 1878 rege
560 1808 860 1879 delessent,
903 1819 1066 1880 atque
1097 1811 1166 1865 ab
1188 1811 1444 1867 omnibus
1489 1812 1655 1868 sociis
1684 1813 1855 1868 desti-

242 1914 407 1963 tutos
455 1907 724 1964 viderent.
757 1907 1156 1964 Laccdzrmonii
1197 1909 1443 1980 periculo
1484 1909 1721 1964 civitatis
1752 1908 1852 1963 int-

239 2003 423 2072 pulsi,
462 2001 649 2057 habito
679 2001 1022 2058 inexercitati
1065 2001 1259 2057 militis
1290 2002 1676 2074 qualicumque
1701 2000 1856 2058 dele-

239 2104 369 2161 ctu,
399 2094 621 2149 obviam
655 2093 796 2150 hosti
840 2093 1160 2163 procedunt.
1201 2094 1308 2151 Sed
1339 2094 1505 2151 victis
1536 2093 1732 2160 semel,
1757 2093 1857 2148 ad-

241 2203 446 2245 versus
495 2188 732 2244 victores
763 2187 1066 2242 obsistendi
1121 2203 1221 2244 nec
1252 2187 1428 2243 virtus
1479 2201 1583 2243 nec
1637 2187 1856 2242 animus

242 2287 392 2334 erat.
415 2277 550 2333 Cum
579 2279 739 2349 igitur
761 2279 938 2333 cwdes
958 2286 1166 2333 tantum
1191 2281 1350 2333 unius
1373 2294 1514 2350 pene
1537 2278 1702 2350 partis
1730 2292 1858 2348 age.

244 2379 435 2437 retur,
467 2369 513 2401 ³⁸
542 2380 767 2441 repente
796 2387 890 2426 rex
924 2371 1234 2442 Agesilaus,
1265 2374 1565 2426 arcessitus
1603 2386 1670 2427 ex
1701 2370 1864 2440 Asia,

246 2461 584 2533 improvisus
607 2461 753 2517 bello
778 2464 1128 2532 supervenit:
1154 2462 1443 2518 Thebanos
1459 2463 1570 2534 jam
1599 2477 1856 2518 successu

249 2553 497 2627 duplicis
523 2553 767 2612 victoriae
792 2555 1030 2613 laetiores
1060 2555 1452 2628 segnioresque
1480 2555 1800 2628 aggreditur
1827 2572 1844 2614 :

1959 1812 2104 1868 tione
2131 1813 2360 1868 satiatus
2387 1823 2492 1880 est,
2530 1816 2776 1871 Athenas
2809 1819 3009 1887 pergit,
3044 1818 3097 1871 in
3132 1819 3373 1873 maximo
3414 1833 3551 1889 gan-

1957 1903 2047 1959 dio
2073 1903 2277 1960 civium
2318 1905 2439 1975 ipse
2470 1906 2666 1976 tristis,
2697 1909 2896 1978 quippe
2923 1923 3044 1963 cum
3079 1909 3290 1964 videret
3316 1909 3553 1977 urbem,

1961 1996 2163 2066 populo
2206 1996 2479 2068 quondam
2522 1998 2779 2070 cultuque
2819 2000 3258 2069 ornatissimam,
3307 1999 3352 2032 “
3409 2015 3552 2056 nunc

1959 2090 2258 2145 miserabili
2293 2089 2576 2146 ruinarum
2610 2107 2674 2146 ac
2710 2091 3077 2163 desolatiorus
3118 2097 3374 2164 squalore
3420 2111 3553 2150 con-

1963 2181 2180 2237 fectam.
2208 2181 2394 2252 Itaque
2425 2199 2682 2254 magnum
2713 2185 2930 2254 pietatis
2952 2187 3433 2257 miserationisqtte
3457 2204 3565 2243 mo-

1959 2285 2280 2329 numentum
2310 2274 2364 2329 itt
2390 2275 2736 2345 reparatione
2758 2277 2878 2345 ejus
2901 2288 3159 2348 operatus
3181 2288 3286 2334 est.
3312 2278 3558 2348 Namque

1959 2381 2102 2433 eam,
2128 2381 2156 2420 a
2183 2365 2618 2422 Lacedzemooiis
2640 2367 2994 2436 exinanitam,
3021 2368 3561 2426 Lacedaemoniorum

1959 2460 2006 2492 “
2039 2462 2238 2532 praedis
2262 2462 2516 2532 replevit.
2560 2462 2743 2518 Persis
2785 2461 3206 2518 incendeotihus
3235 2477 3559 2518 concrema-

1961 2563 2091 2621 tam,
2120 2552 2302 2611 Persis
2325 2552 2727 2611 aedificantibus
2761 2553 3109 2613 reformavit.
3141 2555 3188 2588 "
3211 2555 3422 2613 Interea
3455 2559 3553 2612 ltr-

1547 2689 1998 2750 HAVERCAMPI
2035 2691 2269 2750 NOTAE.

329 2811 423 2866 55.
446 2807 613 2864 Primi
637 2809 794 2881 igitur
823 2807 1074 2881 Thebani.
1093 2807 1226 2864 Belli
1249 2807 1431 2878 huius,
1447 2809 1670 2866 Bmotici
1694 2807 1846 2877 dicti,

249 2880 800 2953 principes_fuerunt
838 2880 995 2953 Locri
1025 2881 1328 2953 thttttiiet
1353 2881 1692 2953 Phocenses,
1708 2896 1850 2950 quo-

235 2949 380 3010 ium
414 2952 526 3006 hia
549 2950 998 3015 Lacedmmoniis,
1035 2951 1112 3006 illi
1159 2967 1187 3004 a
1228 2949 1503 3007 Thebanis
1531 2949 1851 3006 attxilia’ac-

252 3021 877 3080 cersivcrunt.’l‘hehani
903 3022 1262 3076 Athenienses
1293 3023 1345 3076 in
1375 3038 1501 3076 suas
1525 3031 1708 3091 partes
1729 3037 1850 3088 per-

252 3105 576 3150 traxerunt.
609 3092 805 3148 Przelio
824 3095 1118 3148 commisso
1147 3093 1213 3146 ad
1253 3091 1554 3147 llaliartum
1596 3091 1852 3147 Lacedze-

254 3167 432 3221 monii
483 3164 609 3218 victi
642 3173 790 3230 suttt,
823 3173 879 3218 et
928 3162 1213 3234 Lysander
1240 3162 1850 3234 oecuhnit,Xen0phon

1954 2809 2007 2865 in
2035 2808 2326 2874 Bmotiam,
2375 2823 2484 2866 non
2528 2812 2754 2868 omnino
2783 2813 3042 2869 convenit
3076 2813 3218 2870 Just.
3266 2823 3322 2872 et
3355 2817 3454 2874 Orr
3472 2819 3558 2874 sio

1953 2895 2075 2958 cum
2127 2881 2518 2958 Xenophonte,
2556 2883 2795 2940 Diodoto
2838 2900 2891 2940 et
2923 2885 3127 2942 Plutar.
3160 2888 3346 2958 Pugna
3397 2907 3553 2944 coni-

1953 2952 2118 3007 missa
2150 2951 2247 3007 fuit
2270 2951 2337 3006 ad
2363 2953 2700 3010 Coroneam:
2723 2957 2984 3010 mendose
3011 2958 3153 3012 enim
3185 2951 3551 3015 in’Plntarrhi

1955 3021 2209 3147 ggesilao
2251 3029 2359 3090 est,
2403 3027 2526 3098 περὶ
2563 3029 2654 3085 τήν
2702 3030 3046 3102 Χαιρώνειαν,
3098 3044 3197 3099 pro
3241 3033 3551 3102 Κορώνειαν.

1999 3108 2126 3147 ΑΒΚ.

1999 3108 2126 3148 ABR.

2025 3165 2117 3242 δῖ.
2169 3161 2505 3242 Vulnerata}
2552 3163 2666 3242 Ed._
2694 3167 2857 3242 Attg.,
2905 3167 3204 3222 vulneratus
3245 3179 3343 3240 est,
3386 3187 3547 3242 quam

255 3237 406 3313 l_ihro
434 3237 595 3313 tertio
610 3244 874 3313 extremo.
894 3233 1280 3313 [fiotlorusxm
1305 3233 1741 3313 ι’,ριιξιιιιίηςιιιρι
1769 3249 1846 3313 υς,
1880 3249 1926 3313 C
1959 3233 2251 3313 lec_tione_m
2285 3245 2399 3290 tres
2428 3235 2727 3313 Florentini
2758 3233 2977 3313 quoque
3008 3233 3335 3307 agnoscunt.

253 3308 589 3362 Pluttrchus
617 3307 668 3359 in
708 3305 1010 3376 Lysandro.
1044 3303 1208 3359 FABR.
1236 3334 1307 3345 —
1330 3304 1470 3376 Cod.
1502 3304 1848 3371 Longohard.

256 3393 367 3448 pro
395 3386 534 3431 retro
565 3375 945 3448 referri’ltaltet
972 3377 1301 3448 retroiferri.
1348 3375 1451 3429 Pro
1505 3377 1718 3448 auxilio
1751 3377 1849 3430 Ed.

257 3445 407 3518 Aug.
437 3449 602 3503 habet
624 3445 878 3500 auxiliis.
915 3447 1087 3516 Lugd.
1121 3447 1405 3518 Batt.tres
1434 3462 1555 3501 cum
1601 3445 1848 3504 Petito".

259 3517 627 3588 transponunt
653 3519 900 3587 sublapsa
931 3529 1067 3571 retro
1098 3517 1303 3588 referri.

333 3587 430 3646 34.7
463 3588 682 3658 Propter
711 3590 952 3642 virtutem
993 3597 1145 3654 atque
1172 3587 1489 3642 industriam
1530 3587 1853 3656 Epaminon-

258 3662 364 3715 ἄιε.
398 3659 624 3716 Videtur
668 3659 912 3725 Orosius,
957 3659 1218 3728 deceptus
1252 3660 1432 3714 verbis
1477 3660 1700 3725 Justini,
1753 3677 1853 3727 puo

259 3743 412 3787 tasse
442 3731 568 3786 huic
613 3731 800 3800 prtelio
848 3729 1161 3786 interfuisse
1211 3729 1668 3800 Epaminondam,
1704 3731 1849 3801 qttod

259 3819 452 3857 verum
488 3817 593 3856 non
619 3811 720 3856 est.
755 3801 920 3856 FABn.

333 3875 424 3928 55.
461 3871 751 3927 Pausanias
798 3889 1018 3940 quoque,
1070 3871 1379 3943 tliuxgalter.
1425 3871 1730 3943 Pausanim,
1759 3871 1852 3942 qui

259 3960 388 3999 cum
446 3943 725 4016 Lysandro
768 3941 1363 4016 adversungltehanos
1413 3943 1609 4016 missus
1654 3941 1847 4016 fuerat,

261 4013 503 4070 critnini'
529 4014 738 4081 datum,
762 4015 905 4085 quod
953 4014 1128 4068 serius
1178 4015 1229 4085 in
1277 4013 1539 4069 Boeotiam
1589 4013 1849 4085 venisset,

263 4086 521 4156 quodque
553 4083 817 4140 catsorutn
849 4099 1077 4153 corpora
1119 4083 1321 4140 findere
1349 4098 1506 4151 quam
1535 4084 1722 4154 praelio
1751 4085 1850 4138 tol-

264 4159 386 4212 lere
428 4156 726 4211 maluisset.
760 4157 944 4224 Itaque
983 4156 1176 4224 capitis
1229 4156 1525 4210 accersitus
1569 4157 1634 4208 ad
1673 4169 1852 4209 causze

269 4227 566 4283 dictionem
602 4243 707 4281 non
742 4226 934 4291 adfuit,
961 4226 1052 4282 sed
1084 4227 1316 4296 Tegeam
1367 4227 1420 4279 in
1460 4225 1712 4296 exsilium
1755 4243 1850 4279 att-

275 4300 427 4364 fugit,
462 4297 762 4367 Xenophon
788 4307 844 4352 et
869 4295 1182 4351 Pausanias.
1216 4297 1310 4352 lib.
1341 4312 1422 4351 ιιι.
1458 4295 1623 4351 Fann.
1659 4295 1779 4350 Fuit
1808 4297 1854 4352 is

275 4369 575 4424 Pausanias
625 4370 766 4422 lilins
808 4368 1224 4430 I’leistianactis,
1260 4382 1428 4436 nepos
1481 4367 1759 4421 Pausaniae
1787 4369 1852 4420 ll-

274 4440 404 4506 lius,
433 4443 550 4510 qui,
582 4440 863 4494 Mardonio
895 4447 949 4493 et
980 4439 1253 4510 Persishad
1289 4437 1717 4510 l'latcas_vicli-‘,
1755 4439 1854 4492 int-

262 4507 552 4566 mortalem
581 4513 814 4580 gloriam
857 4524 1020 4580 prava
1051 4507 1274 4580 libidine
1295 4517 1350 4562 ct
1391 4507 1700 4577 proditione
1720 4523 1854 4580 psce-

262 4584 399 4636 lesta
447 4579 688 4636 foedavit.
738 4579 908 4650 llujus
948 4595 1079 4634 vero
1128 4579 1406 4634 Pausanize
1454 4579 1842 4646 innocentiam,

2030 3307 2118 3360 58.
2165 3305 2241 3359 De
2267 3322 2368 3380 qua
2396 3315 2515 3380 tunc
2542 3305 2800 3375 respirare
2824 3305 2909 3363 me
2944 3305 3222 3375 coeperant.
3267 3313 3551 3380 Perizon.,

1957 3377 2023 3453 d_e
2041 3394 2142 3447 qua
2158 3379 2416 3449 respirare
2432 3379 2514 3453 eia:
2534 3390 2808 3446 corporum.
2835 3380 3007 3449 Lugd.
3032 3381 3148 3436 Bat.
3169 3397 3281 3438 sec.
3305 3393 3361 3439 et
3382 3377 3549 3453 Ultr.,

1956 3448 2146 3571 delgua
2177 3448 2297 3502 tunc
2319 3449 2573 3520 respirare
2595 3461 2874 3520 coeperant.
2910 3448 3032 3507 Mox
3055 3454 3144 3508 ed.
3175 3454 3346 3526 Aug.,
3381 3458 3432 3510 in
3462 3448 3556 3511 au;

1956 3535 2008 3571 an
2035 3537 2105 3571 to.

1954 3535 2105 3572 σειιιο.

2026 3590 2117 3666 59.
2161 3587 2414 3666 Iplticrati
2621 3591 2699 3646 De
2722 3593 2987 3660 Iphicrate
3014 3594 3343 3666 Xenophon.
3372 3596 3464 3650 lib.
3496 3613 3547 3652 tv

1954 3669 2003 3714 et
2032 3661 2294 3730 deinceps,
2328 3661 2484 3714 Diod.
2525 3663 2619 3716 lib.
2650 3678 2742 3716 XIV
2764 3675 2820 3719 et
2851 3681 2939 3719 xv.

2026 3732 2117 3787 40.
2167 3731 2260 3785 Vir
2288 3731 2516 3795 quidem.
2561 3733 2768 3805 Vocetrt
2784 3735 3136 3805 posteriorem
3160 3735 3346 3791 delent
3371 3737 3544 3805 Lugd.

1957 3803 2097 3856 Balt.
2127 3810 2251 3855 tert.
2283 3809 2338 3855 et
2365 3813 2544 3868 quart.
2577 3817 2700 3857 cum
2731 3803 2871 3858 Coll.
2907 3804 3150 3858 Gronov.

2026 3873 2120 3926 Η.
2161 3871 2680 3928 Circumsmtantium.
2707 3873 2871 3928 Iidem
2896 3891 3054 3940 tttss.,
3079 3875 3543 3932 circumstantium.

2025 3941 2118 3997 42.
2161 3943 2269 4014 Sed
2292 3941 2490 4005 Conon.
2516 3954 2784 4014 postquam
2811 3956 2972 4000 vasta.
3003 3947 3078 4000 De
3105 3949 3344 4003 Cononis
3373 3949 3543 4003 ben--

1957 4014 2080 4068 lieio
2110 4015 2162 4068 in
2189 4013 2572 4078 Athenienses,
2603 4013 2775 4084 deque
2805 4015 3012 4071 honore
3036 4017 3109 4071 illi
3135 4035 3161 4071 a
3187 4020 3301 4073 suis
3331 4020 3540 4082 habito,

1955 4094 2156 4158 prtet_er
2175 4097 2427 4158 cazteros,
2452 4101 2589 4158 quos
2612 4087 2722 4158 jam
2745 4101 2891 4154 saepe
2920 4089 3292 4155 nominamus,
3324 4091 3541 4158 elegan-

1956 4155 2040 4231 t_er
2083 4155 2477 4231 Demosthenes
2506 4157 2575 4231 de
2608 4157 2952 4231 immunitate
2992 4169 3176 4231 contra
3228 4155 3536 4231 Leptinem.

1956 4226 2245 4298 Legendus
2271 4243 2491 4298 quoque
2516 4229 2767 4282 Isocratis
2796 4229 3094 4298 Evagoras.
3133 4229 3300 4284 Fann.

2024 4299 2117 4353 45.
2161 4297 2337 4350 Nunc.
2380 4297 2517 4351 Edd.
2551 4300 2796 4367 quzedam
2828 4297 2987 4362 vett.,
3011 4310 3152 4354 tunc.

2023 4369 2120 4442 μ.
2159 4367 2382 4442 Prwdis.
2427 4367 2564 4421 Edd.
2593 4368 2840 4437 qttredam
2867 4379 2922 4442 ut
2953 4381 3008 4423 et
3036 4371 3157 4424 cod.
3197 4370 3334 4425 Ultr.
3361 4414 3376 4436 ,
3410 4389 3544 4442 prm-

1954 4439 2130 4511 sidiis,
2159 4439 2700 4511 quasiinnuereutur
2730 4455 2862 4506 opes
2895 4441 3151 4504 Persica),
3201 4458 3266 4493 ex
3308 4439 3502 4511 quibus
3527 4484 3544 4508 ,

1957 4508 2493 4563 Lacedremoniorum
2522 4509 2791 4577 quondam
2827 4511 3113 4578 prtesidiis,
3150 4508 3341 4566 nrheni
3380 4517 3538 4566 resti-

1959 4580 2060 4634 tttit
2086 4577 2292 4632 Conon.
2327 4580 2433 4633 Sed
2466 4593 2570 4631 non
2619 4589 2770 4632 muto
2802 4580 3092 4648 vulgatam,
3145 4595 3307 4647 quam
3336 4589 3536 4636 con'ir-

1754 4627 1842 4704 ar:
1878 4627 1930 4687 Ῐ)
1955 4627 2064 4724 mat
2086 4649 2354 4724 Justinus,
2384 4649 2630 4724 scribens
2658 4650 2752 4704 lib.
2798 4665 2872 4711 vt.
2894 4627 3036 4720 "cap.
3069 4627 3138 4704 Si?
3214 4627 3439 4721 Itaque'r
3464 4669 3544 4707 me

260 4719 602 4789 cesseha'tur,
630 4722 986 4788 prodiderunt
1010 4719 1486 4790 Xenopltongllist.
1511 4720 1607 4775 Gr.
1639 4722 1730 4776 lib.
1759 4737 1838 4780 ιιι.

264 4810 317 4861 p.
352 4795 482 4861 507,
505 4788 784 4849 Plutarch.
817 4793 872 4847 in
923 4788 1197 4863 Lysandro
1229 4806 1282 4860 p.
1313 4788 1442 4863 459,
1483 4790 1715 4863 Pana-an.
1745 4792 1840 4846 lib.

264 4860 344 4926 in,
378 4882 431 4933 p.
465 4860 571 4920 216
598 4875 652 4920 et
681 4864 884 4919 Justin.
912 4860 1007 4918 lib.
1044 4877 1118 4930 Vl,
1152 4863 1368 4933 cap.4.
1402 4860 1456 4914 lu
1491 4861 1580 4933 jus
1613 4872 1844 4933 vocatus

265 4931 437 4997 prima
462 4936 598 4992 vice
641 4937 834 4996 fuerat.
867 4942 926 4989 ut
967 4933 1059 5004 qui
1105 4931 1386 5004 exsulibus
1426 4931 1841 4987 Atheniensium

262 5004 503 5072 favisset,
528 5015 692 5078 atque
721 5003 1027 5078 aegerrime.
1045 5005 1160 5074 pari
1187 5003 1564 5078 suifragioruut
1598 5018 1843 5066 numero,

264 5078 567 5144 periculum
596 5075 864 5133 evaserat.
898 5076 1032 5130 Cum
1062 5075 1298 5129 secunda
1323 5079 1442 5128 vice
1475 5083 1842 5142 accusaretur,

264 5149 436 5208 noluit
469 5149 621 5203 iratis
663 5159 885 5217 propter
924 5145 1184 5217 Lysandri
1221 5144 1730 5217 ntortein__civihos,
1759 5159 1844 5198 sa-

263 5217 432 5273 lutem
481 5233 635 5274 suam
664 5214 924 5280 credere.
952 5214 1048 5272 sed
1074 5217 1330 5285 Tegeam,
1357 5215 1409 5270 itt
1440 5214 1692 5269 Minerva:
1727 5225 1862 5270 tem-

266 5289 436 5361 plum,
464 5291 610 5361 quod
651 5299 824 5343 tutum
871 5286 1252 5361 miseriserat
1290 5285 1526 5361 asylum,
1579 5287 1842 5361 confugit,

263 5359 445 5425 ibique
476 5356 665 5416 morbo
708 5361 850 5414 dietn
883 5359 1038 5414 obiit.
1077 5358 1210 5412 Vide
1251 5373 1370 5428 qua:
1412 5356 1481 5410 de
1520 5371 1586 5411 eo
1604 5357 1851 5428 diximus

261 5431 318 5501 in
360 5431 515 5486 Serie
561 5446 746 5501 regum
806 5427 1338 5501 Lacedaemoniorum
1368 5428 1562 5501 stirpis
1599 5427 1850 5498 Eurytio-

263 5500 536 5573 tiidarum,
564 5497 686 5573 quae
715 5510 838 5571 post
867 5501 1041 5554 Vitam
1081 5500 1333 5573 Antigoni
1366 5497 1606 5564 Tutoris,
1638 5515 1664 5573 ξι
1711 5497 1841 5573 quo,

259 5569 554 5627 Cleomene
581 5569 748 5628 victo.
779 5580 932 5641 capta
964 5575 1061 5625 fuit
1089 5570 1464 5638 Lacedaemon,
1498 5569 1744 5640 sequitur
1790 5570 1841 5624 in

263 5642 494 5716 Historia
527 5658 713 5716 regum
739 5642 1086 5716 Macedoniae.

340 5714 430 5773 56.
477 5709 700 5790 Ιιερέιιιε
734 5731 827 5774 me
867 5713 1159 5788 Agesilaus.
1201 5712 1276 5774 De
1319 5713 1554 5773 adventu
1602 5709 1842 5785 Agesilai

1947 4721 2155 4795 incensa
2180 4720 2413 4790 fuerunt,
2447 4721 2746 4795 pra,’_(lat_'ttnt
2772 4731 3000 4795 sumptu,
3037 4729 3169 4788 etc.,
3189 4723 3278 4778 ubi
3298 4720 3544 4795 Sequitur

1949 4791 2110 4862 paulo
2143 4799 2287 4862 post,
2321 4807 2384 4844 ea:
2409 4791 2590 4861 spoliis
2620 4791 3159 4862 Laeedrentoniorum.

2015 4861 2111 4917 45.
2156 4859 2365 4915 Interea
2391 4859 2718 4922 Artaxerxes.
2748 4879 2840 4917 rex
2867 4861 3168 4916 Persarum.
3207 4861 3341 4918 Cum
3377 4864 3548 4918 Phar-

1947 4932 2189 4988 nabazus
2216 4941 2270 4987 et
2292 4932 2480 4988 Conoo
2514 4933 2658 5002 regia
2689 4934 2869 4987 classe
2902 4933 3228 4988 maritinam
3285 4934 3536 4990 Laconia:

1948 5020 2104 5058 oram
2135 5019 2259 5060 cum
2294 5003 2563 5057 maleficio
2596 5005 2988 5070 pervaderent.
3020 5015 3075 5058 et
3104 5007 3332 5060 Athena:
3379 5023 3536 5061 muro

1949 5075 2322 5144 ciogerentur,
2345 5073 2548 5145 placuit
2565 5073 2999 5145 Lacedaemoniis
3015 5088 3198 5142 pacem
3223 5075 3404 5132 facere
3421 5095 3543 5132 enm

1954 5161 2082 5215 rege
2115 5144 2424 5206 Persarum,
2457 5158 2629 5215 caque
2660 5161 2718 5200 re
2753 5144 3095 5199 Antalcidam
3128 5147 3194 5200 ad
3227 5147 3544 5202 Tiribaznm

1968 5217 2112 5284 regis
2139 5219 2452 5286 praelectum
2480 5218 2764 5280 miserunt,
2795 5227 2852 5269 ιιι
2881 5216 3024 5270 illius
3053 5231 3216 5285 opera
3245 5234 3345 5286 pax
3375 5221 3552 5270 firma-

1960 5297 2128 5341 retur.
2165 5285 2276 5340 llac
2311 5285 2379 5340 de
2429 5301 2590 5340 causa
2619 5301 2805 5356 pacem
2836 5289 2972 5340 hanc
2998 5286 3175 5343 (ἓνωεί
3217 5285 3307 5348 τῆν
3344 5289 3546 5342 ἐπ”.κν-

1957 5356 2195 5433 ταλιςὶδου
2225 5357 2492 5433 ysvoptsivnv
2514 5360 2711 5433 sipriqu
2730 5367 2958 5433 \‘9Ctlltl._,_
2973 5366 3030 5410 ιιι
3053 5359 3548 5433 (lenuiltslrttvimtts

1957 5430 2117 5501 paulo
2146 5427 2274 5482 ante
2301 5427 2364 5482 ex
2389 5427 2636 5501 Polybio.
2668 5428 2748 5482 'I‘n
2771 5430 2894 5501 lege
2920 5427 3338 5501 Xenophontem
3372 5428 3464 5480 lih.
3490 5445 3542 5489 ν,

1954 5499 2178 5555 Diodor.
2228 5513 2350 5562 xiv,
2386 5497 2731 5554 Plutarchum
2770 5499 2824 5554 in
2860 5497 3113 5568 Agesilao
3134 5508 3187 5553 et
3217 5497 3542 5568 Artaxerxe.

1949 5569 2196 5697 :‘lelllillil
2228 5570 2426 5629 Strabo
2467 5571 2518 5631 in
2549 5572 2656 5628 fine
2687 5571 2784 5628 lib.
2818 5567 3231 5640 vt,’Pausanias
3277 5567 3430 5624 initio
3465 5584 3539 5626 ις.

1996 5657 2124 5697 aea.

1996 5657 2124 5700 ABR.
