4088 6170
392 226 497 286 819

1800 207 2008 268 PAULI
2045 205 2275 266 OBOSII

3587 201 3694 260 820

394 356 498 414 pus
540 342 801 398 transiret
851 337 906 393 in
943 335 1231 402 Gratciam,
1282 330 1561 404 angustias
1593 323 1986 398 Thermopyla-
2012 329 2066 390 Α
2160 320 2204 352 ’⁷
2237 318 2368 375 Dein
2408 333 2554 385 cum,
2585 317 2797 374 excidio
2839 322 3113 374 sociorum
3153 325 3209 373 et
3243 314 3544 388 parricidio
3570 315 3680 370 fra-

392 451 511 492 rum
543 433 660 505 pari
708 432 922 488 ratione
963 431 1103 485 sicut
1132 426 1550 484 adventantibus
1593 434 1748 478 antea
1783 419 1985 485 Persis,

397 512 756 597 occupavere.
783 524 948 595 Igitur
978 522 1261 592 Philippus
1284 521 1372 575 ubi
1406 518 1684 574 exclusum
1724 531 1782 570 sc
1809 514 1875 568 ab
1902 516 1986 567 in-

398 636 591 693 gressu
623 619 873 682 Graeciae,
905 616 1242 688 praestructis
1282 611 1664 683 Thermopylis
1693 609 1861 673 videt,
1892 621 1989 677 pa-

400 721 580 768 ratum
606 712 660 766 in
691 709 878 766 hostes
902 708 1128 774 bellum,
1173 706 1340 763 vertit
1366 706 1418 760 in
1447 705 1626 760 socios
1660 721 1672 756 :
1702 716 1824 756 nam
1855 699 1991 755 civi-

395 814 562 874 tates,
588 818 818 876 quarum
850 800 1010 874 paulo
1030 810 1158 856 ante
1183 799 1291 856 dux
1314 799 1490 854 fuerat
1516 797 1580 852 ad
1606 792 1987 867 gratulandum

399 919 463 958 ac
493 899 902 972 suscipiendum
926 905 1197 970 patentes,
1228 892 1503 951 hosﬁliter
1534 889 1765 959 invadit,
1790 887 1988 945 crude-

397 996 524 1052 liter
553 994 740 1065 diripit
769 1011 783 1047 :
815 992 1072 1062 omnique
1094 988 1371 1045 societatis
1400 985 1732 1042 conscientia
1769 981 1987 1052 penitus

394 1087 619 1153 abolita,
665 1085 931 1156 coniuges
972 1083 1285 1152 liberosque
1336 1078 1578 1134 omnium
1627 1075 1729 1130 sub
1783 1085 1985 1128 corona

395 1179 659 1246 vendidit,
694 1177 894 1248 templa
927 1189 1144 1247 quoque
1174 1173 1423 1228 universa
1457 1168 1749 1232 subvertit,
1782 1164 1987 1236 spolia-

394 1273 604 1344 vitque,
632 1285 735 1326 nec
773 1280 951 1326 tamen
983 1281 1236 1338 umquam
1275 1279 1370 1335 per
1399 1263 1588 1334 viginti
1621 1261 1860 1331 quinque
1891 1273 1990 1313 an-

402 1379 506 1420 nos
534 1370 579 1405 ²¹
609 1365 766 1437 quasi
809 1361 963 1418 iratis
991 1361 1095 1416 diis
1126 1359 1306 1416 victus
1334 1367 1440 1414 est.
1469 1355 1599 1411 Post
1623 1351 1742 1408 haec
1765 1353 1818 1408 in
1849 1351 1990 1421 Cap-

395 1456 679 1527 padociam
714 1454 954 1521 transiit,
1000 1453 1182 1524 ibique
1218 1451 1420 1508 bellum
1464 1447 1580 1520 pari
1612 1445 1836 1519 perfidia
1864 1458 1989 1516 ges-

397 1550 492 1618 sit,
525 1558 713 1621 captos
754 1563 853 1620 per
881 1547 1064 1603 dolum
1092 1545 1352 1600 finitimos
1381 1557 1539 1614 reges
1572 1537 1863 1607 interfecit,
1903 1546 1989 1592 to-

399 1651 617 1714 tamque
634 1639 1093 1712 "Cappadociatn
1118 1637 1348 1707 imperio
1367 1632 1698 1690 Macedoniae
1720 1627 1983 1684 subdidit;

2100 431 2243 477 trum
2287 423 2485 490 elatus,
2533 422 2702 478 licere
2746 423 2846 477 sibi
2887 422 3091 492 omnia,
3145 437 3266 493 quzc
3314 420 3688 491 cogitavisset,

2099 536 2332 596 putaret,
2362 528 2406 558 ³⁸
2436 525 2651 580 auraria
2679 525 2796 579 loca
2827 524 2878 578 in
2903 524 3211 591 Thessalia,
3235 523 3446 594 argenti
3476 524 3690 580 metalla

2096 628 2150 683 in
2189 627 2414 682 Thracia
2446 627 2643 682 invasit
2674 643 2686 681 :
2713 641 2775 682 ac
2806 641 2871 680 ne
2911 625 3056 696 quod
3092 625 3179 695 jus
3224 625 3310 680 vel
3340 626 3419 680 fas
3452 626 3684 680 inviola-

2093 739 2203 785 tum
2257 728 2717 800 praetermitteret,
2779 735 3156 799 praeoccupato
3206 728 3343 782 mari
3397 739 3454 784 et
3509 727 3686 782 classe

2094 829 2363 900 dispersa,
2406 830 2449 870 ιο
2500 829 2782 900 piraticam
2827 842 3044 900 quoque
3096 841 3365 883 exercere
3429 827 3685 882 instituit.

2094 932 2364 987 Praeterea
2409 946 2532 986 cum
2563 946 2684 988 eum
2719 937 2763 968 ³ο
2796 929 2993 986 fratrcs
3031 928 3161 995 duo,
3209 928 3455 983 Thracizn
3497 943 3674 998 reges,

2099 1032 2167 1088 de
2187 1033 2337 1102 regni
2371 1032 2617 1087 terminis
2635 1031 3008 1101 ambigentes,
3035 1029 3270 1100 iudicem
3316 1044 3384 1084 ex
3413 1042 3684 1084 consensu

2092 1126 2567 1207 prmoptavissent,
2593 1133 2874 1203 Philippus
2901 1146 3052 1188 more
3090 1129 3293 1201 ingenii
3331 1129 3414 1184 sui
3448 1128 3512 1184 ad
3537 1129 3682 1199 judi-

2092 1239 2237 1296 cium
2266 1247 2542 1309 tamquam
2591 1238 2659 1292 ab
2701 1236 2926 1304 bellum,
2965 1249 3087 1290 cum
3134 1232 3400 1288 instructo
3430 1233 3692 1288 exercitu

2095 1344 2396 1414 ingressus,
2439 1341 2638 1396 inscios
2679 1341 2910 1412 juvenes
2959 1339 3068 1394 vita
3122 1353 3398 1410 regnoque
3431 1338 3688 1408 privavit.

2097 1445 2462 1502 Athenienses
2479 1458 2628 1509 vero,
2650 1443 2740 1515 qui
2759 1443 2904 1514 prius
2928 1442 3158 1513 Philippi
3178 1441 3480 1512 ingressum
3503 1441 3680 1497 Ther-

2099 1550 2435 1623 mopylarum
2467 1549 2766 1604 munitione
2802 1548 3132 1618 repulerant,
3164 1546 3311 1602 ultro
3342 1563 3526 1618 pacem
3558 1547 3678 1618 eius

2095 1661 2440 1724 espetentes,
2460 1649 3017 1707 fraudulentissimum
3035 1649 3250 1705 hostem
3267 1648 3333 1705 de
3347 1649 3597 1720 neglecta
3611 1651 3686 1705 in-

397 1733 530 1790 '"de
553 1741 677 1804 Ροδι
704 1731 912 1800 cades,
957 1727 1210 1784 incendia
1243 1723 1789 1797 depmdaﬁoncsque
1814 1720 1866 1774 i"
1899 1731 1988 1812 φ’
2018 1725 2066 1788 Β
2099 1720 2293 1812 troilus
2319 1753 2568 1810 custodia
2599 1761 3072 1810 commonuerunt.
3105 1751 3330 1807 Cretera:
3359 1751 3522 1808 etiam
3540 1751 3691 1808 Cra:-

397 1826 500 1881 ciis
533 1824 759 1880 urbibus
787 1829 991 1893 gestas,
1034 1818 1325 1892 parricidia
1367 1815 1420 1871 in
1455 1814 1650 1870 fratres
1690 1808 1987 1876 convertit,

401 1931 542 1986 quos
589 1914 725 1986 patri
767 1911 815 1944 ’⁸⁵
852 1928 918 1969 ex
969 1926 1201 1968 noverca
1247 1909 1458 1981 genitos
1506 1922 1626 1964 cum
1676 1903 1992 1962 cohacredes

399 2007 558 2079 regni
580 2016 880 2072 vereretur,
906 2006 1062 2078 172
1094 2004 1402 2058 interficere
1422 2014 1705 2072 aggressus
1732 2005 1834 2054 est.
1855 1996 1990 2052 Cum

401 2111 580 2156 autem
623 2115 789 2154 unum
817 2114 882 2154 ex
923 2100 1004 2153 his
1049 2095 1366 2160 occidisset,
1391 2094 1435 2126 "
1466 2095 1574 2148 duo
1601 2093 1655 2146 in
1691 2089 1990 2163 Olynthum

402 2193 448 2228 ⁸⁸
478 2190 840 2262 confugerunt
873 2207 886 2244 :
917 2204 1078 2261 quam
1112 2203 1238 2242 mox
1277 2185 1559 2255 Philippus
1587 2180 1861 2238 hostiliter
1891 2195 1989 2252 ag-

400 2297 641 2353 gressus,
694 2281 883 2338 urbem
931 2278 1367 2349 antiquissimam
1416 2284 1470 2331 et
1520 2273 1989 2355 florentissimam,

402 2375 646 2432 caulibus
689 2387 755 2431 ac
797 2374 1061 2444 sanguine
1091 2371 1380 2443 repletam,
1409 2368 1604 2439 opibus
1651 2366 1993 2422 hominibus-

399 2473 505 2539 que
534 2467 803 2533 vacuavit,
846 2467 1151 2522 abstractos
1189 2464 1352 2521 etiam
1383 2461 1582 2520 fratres
1633 2461 1908 2533 supplicio
1938 2470 1996 2518 et

399 2563 520 2620 neci
542 2561 714 2620 dedit.

2103 1858 2203 1915 ciae
2234 1857 2504 1924 civitates,
2543 1865 2603 1911 ut
2631 1854 2888 1911 intentius
2927 1852 3176 1910 civilibus
3204 1852 3361 1910 bellis
3397 1863 3681 1923 vacarent,

2096 1957 2198 2014 sub
2235 1956 2415 2027 specie
2454 1955 2604 2026 pacis
2627 1963 2684 2011 et
2722 1953 2968 2020 foederis,
3002 1964 3198 2024 sponte
3232 1969 3293 2010 se
3320 1962 3561 2010 externa:
3585 1955 3688 2009 do-

2098 2055 2378 2111 minationi
2399 2054 2781 2124 subjeccruut:
2824 2053 3077 2119 maxime,
3109 2063 3230 2107 cum
3263 2044 3506 2110 Thessali
3537 2053 3696 2110 Baro—

2102 2155 2246 2225 tique
2279 2162 2561 2222 poscerent
2601 2151 2932 2222 Philippum,
2975 2159 3035 2206 ut
3079 2148 3382 2221 professum
3414 2167 3475 2208 se
3504 2154 3699 2208 adver-

2095 2271 2213 2312 sum
2251 2255 2406 2328 173
2430 2253 2739 2310 Phocenses
2782 2253 2973 2308 ducem
3003 2253 3307 2319 exhiberet,
3354 2263 3695 2324 susceptum-

2097 2371 2203 2429 que
2234 2357 2276 2389 “
2301 2355 2500 2411 bellum
2540 2363 2753 2426 gereret
2782 2370 2794 2408 :
2827 2362 3016 2408 contra
3051 2353 3385 2420 Phocenses,
3426 2354 3691 2409 adhibitis

2099 2474 2284 2516 secum
2316 2457 2742 2515 Atheniensibus
2773 2464 2829 2512 et
2857 2454 3320 2524 Lacedaemoniis,
3351 2455 3441 2512 vel
3489 2455 3696 2512 differri

2100 2559 2328 2627 bellum,
2357 2559 2441 2615 vel
2471 2557 2695 2624 auferri,
2727 2565 2783 2613 et
2808 2555 2983 2628 pretio
3001 2565 3057 2613 et
3088 2556 3340 2628 precibus
3358 2557 3692 2615 laborarent.

1685 2672 2134 2731 HAVERCAMPI
2170 2675 2404 2733 NOTAE.

403 2797 657 2860 superato
686 2787 1033 2845 Onomarcho
1053 2787 1131 2860 ad
1163 2785 1560 2860 Thermopylas
1598 2785 1983 2860 contendebat,

403 2856 614 2916 ut'cum
647 2859 1020 2915 Phocensibus
1049 2859 1250 2915 bellum
1281 2858 1352 2912 -in
1380 2856 1568 2913 eorum
1595 2856 1798 2912 finibus
1831 2872 1988 2927 gere-

405 2940 517 2997 ret;
549 2931 645 2986 sed
672 2931 1038 2986 Athenienses
1062 2931 1287 2985 navibus
1307 2928 1656 2984 circumvecti
1687 2943 1812 2983 eum
1835 2938 1986 2983 tran-

403 3003 512 3057 situ
550 3003 964 3072 prohibuerunt,
1005 3001 1297 3065 Diodorus,
1345 3009 1401 3056 et
1443 2999 1700 3054 Libanius
1742 2999 1795 3053 in
1818 3015 1990 3072 argu-

405 3069 592 3149 mento
615 3075 878 3149 orationis
903 3072 1284 3149 Demosthenis
1306 3074 1546 3149 rupi-ri:
1572 3069 1985 3149 eipnvnc._FA_sn.

474 3142 565 3199 22.
611 3144 774 3210 Quasi
799 3144 945 3199 iratis
978 3145 1079 3197 diis
1104 3144 1264 3197 victus
1293 3140 1388 3197 est:
1425 3143 1568 3197 Intra
1596 3140 1718 3213 cap.
1749 3145 1812 3196 tt
1839 3161 1851 3194 :
1875 3140 1990 3195 Nec

407 3215 473 3270 ab
494 3216 645 3270 iratis
685 3216 809 3278 diis,
834 3231 963 3287 quos
993 3231 1195 3287 semper
1226 3214 1640 3287 parvipenderat,
1670 3229 1990 3287 quorumque

408 3301 552 3352 aras,
602 3289 795 3358 templa
825 3283 874 3340 et
904 3286 1200 3358 simulacra
1228 3283 1580 3358 subverterat,
1621 3285 1743 3354 quin
1781 3283 1993 3358 lectissi-

410 3373 571 3421 mam,
601 3369 658 3410 ut
698 3355 800 3426 ipsi
827 3356 1118 3420 videbatur,
1168 3365 1377 3410 mortem
1405 3355 1792 3426 adipisceretur.
1827 3355 1992 3426 potuit

413 3427 676 3500 impediri.
724 3426 971 3500 Postilla
1007 3427 1179 3500 pictus
1222 3436 1297 3481 est
1343 3427 1396 3500 in
1427 3426 1516 3500 ed.
1547 3426 1842 3500 Augustan.
1881 3435 1991 3479 tota

412 3495 503 3551 illa
549 3495 800 3568 pericope
854 3497 1133 3568 inseritur,
1181 3513 1301 3568 quae
1352 3497 1550 3566 legitur
1592 3510 1754 3566 supra
1788 3496 1882 3551 lib.
1929 3511 1990 3561 tt,

410 3583 533 3638 cap.
558 3569 614 3633 3,
634 3568 702 3622 ab
717 3565 844 3637 illis,
865 3565 1050 3638 Itaque
1062 3567 1172 3622 ha’c
1188 3565 1248 3622 ab
1272 3571 1365 3621 hoc
1378 3565 1994 3639 principumicommemo-g

413 3637 581 3695 randa
620 3639 843 3702 credidi,
875 3637 1048 3708 usque
1086 3639 1150 3692 ad
1195 3639 1279 3694 hic
1319 3637 1685 3694 et'Christiani
1723 3639 1866 3708 [uere
1904 3637 1993 3704 qui

413 3719 705 3783 parcerent,
736 3718 787 3766 et
807 3709 1110 3783 Christiani;
1135 3711 1635 3783 quibusparcerent.

485 3728 705 3774 rcerent,
736 3728 787 3766 ει
807 3728 1104 3767 ιιηηειιαηι.
1174 3728 1321 3765 uiuus
1348 3728 1635 3782 parcerem.

483 3783 575 3839 25.
616 3779 1022 3851 Cappadociam.
1070 3728 1287 3836 Falisum
1333 3782 1436 3834 hoc
1485 3792 1598 3846 est,
1647 3795 1826 3850 neque
1869 3794 1992 3851 um-

414 3867 574 3920 quam
614 3850 790 3923 usque
821 3855 874 3908 in
914 3851 1310 3922 Cappadociam
1343 3853 1485 3907 Asia:
1526 3853 1825 3923 penetravit
1867 3850 1997 3905 Phi-

414 3923 614 3992 lippus,
669 3922 840 3992 q’uare
885 3933 939 3978 et
985 3923 1072 3977 hic
1115 3933 1171 3979 et
1216 3923 1358 3990 apud
1398 3923 1669 3978 Justinum
1723 3922 1818 3975 lib.
1871 3937 1990 3989 vnt,

415 3991 540 4062 cap.
566 3994 619 4058 '5,
647 3991 704 4045 ut
727 3993 979 4048 viderunt
1007 3993 1208 4048 ibidem
1244 3995 1589 4062 interpretes,
1621 3993 1805 4059 reponi
1834 3991 1997 4046 debet

423 4062 742 4131 Chalcidem,
784 4064 867 4118 vel
903 4063 1275 4119 Chalcidicam.
1315 4062 1730 4131 Expeditionem
1761 4063 1902 4117 enim
1942 4063 1995 4117 in

416 4133 778 4190 Chalcidicam
791 4133 1076 4188 Thraciam
1091 4132 1175 4188 his
1195 4142 1299 4189 tem
1309 4133 1525 4203 poribus
1539 4148 1655 4188 sum
1665 4133 1769 4202 psit
1788 4133 1993 4203 Philip-

415 4220 538 4270 pus,
567 4214 730 4275 atque
777 4205 936 4260 urbes
963 4203 1183 4260 Graecas
1229 4206 1372 4260 circa
1395 4205 1570 4259 sinum
1600 4204 1916 4271 Singiticum
1942 4211 2000 4259 et

415 4276 788 4347 Strymonium
821 4277 952 4331 sitas
982 4275 1128 4347 bello
1164 4276 1400 4332 vexavit.
1452 4276 1650 4331 Confer
1698 4275 1994 4331 Diodorum

416 4345 655 4404 Siculum
689 4347 788 4403 lib.
823 4363 934 4415 xvi,
969 4363 1022 4417 p.
1052 4345 1178 4403 450.
1215 4348 1502 4417 Aliquanto
1529 4358 1656 4417 post,
1689 4347 1813 4401 edd.
1845 4362 1996 4416 quaa-

416 4420 539 4474 dam
592 4418 791 4475 habent
818 4419 873 4472 in
911 4419 1078 4472 socias
1116 4418 1266 4473 urbes
1291 4433 1387 4488 pro
1431 4419 1485 4472 in
1513 4418 1666 4485 sociis
1697 4417 1923 4472 urbibus.

487 4489 580 4562 24.
636 4489 718 4562 Ea:
769 4505 988 4545 noverca
1038 4490 1254 4562 genitos.
1313 4491 1663 4562 Susceperat,
1698 4492 1990 4562 Amyntas,

415 4560 649 4645 Philippi
697 4572 872 4645 pater,
922 4575 989 4645 ea
1034 4559 1228 4645 Gygea'
1265 4570 1377 4617 tres
1421 4559 1586 4626 ﬁlios,
1638 4559 1992 4645 Archelaum,
2020 4580 2074 4645 ι)

412 4631 664 4704 Argaeum
705 4641 761 4689 et
807 4632 1387 4704 menelaumtgﬂorum
1436 4647 1601 4687 unum
1650 4631 1995 4687 interfecerat

417 4702 725 4775 Philippus,
764 4703 980 4775 reliqui,
1001 4702 1108 4758 duo
1131 4702 1428 4775 Olynthum
1460 4704 1837 4775 Confugerant,
1871 4718 1992 4775 qua:

416 4773 548 4830 urbs
570 4773 624 4829 in
656 4774 817 4830 initio
847 4773 1095 4842 Philippo
1121 4773 1349 4840 faverat,
1376 4783 1538 4843 atque
1567 4773 1637 4827 ab
1661 4775 1855 4830 eodem
1882 4773 1988 4829 Po-

415 4844 628 4928 Edaeam
669 4853 832 4928 atque
855 4843 1268 4928 Anthemonem
1305 4844 1474 4928 urbes
1509 4843 1655 4926 dono
1680 4853 1986 4928 acceperat.

415 4913 524 4985 Sed
544 4913 782 4985 Olynthii
818 4914 1065 4971 videntes
1105 4930 1226 4972 sese
1251 4931 1282 4970 a
1305 4915 1554 4984 Philippo
1577 4913 1832 4982 inescari,
1862 4929 1986 4970 cum

412 4984 836 5056 Atheniensibus
857 4997 1043 5042 contra
1073 4987 1225 5042 illum
1255 4986 1658 5056 conspirarunt,
1696 5001 1874 5054 neque
1905 4988 1984 5041 fa-

411 5056 517 5112 cile
547 5054 677 5110 victi
707 5057 955 5121 fuissent,
1007 5058 1106 5112 nisi
1153 5073 1181 5111 a
1213 5054 1443 5113 ducibus
1471 5059 1606 5122 suis,
1634 5057 1904 5113 Lasthene
1931 5065 1988 5114 et

413 5126 769 5199 Euthycrate,
809 5143 838 5181 a
883 5127 1131 5198 Philippo
1177 5131 1471 5198 corruptis.
1505 5128 1738 5184 fuissent
1768 5129 1986 5198 proditi.

415 5197 694 5269 Videqum
720 5197 1089 5269 congessimus
1118 5199 1185 5256 ad
1199 5197 1397 5255 annum
1424 5199 1652 5269 Philippi
1681 5201 1771 5256 15.

615 5267 731 5323 Duo
753 5268 1117 5344 in‘OIgnthum
1142 5272 1496 5344 confugerunt.
1527 5267 1673 5344 lIrauc
1689 5271 1992 5344 Olynthiaci

417 5340 540 5413 belli
563 5355 782 5395 causam
811 5339 940 5413 facit
960 5339 1204 5396 Justinus
1229 5339 1319 5398 I'ib'.
1347 5359 1458 5405 vui,
1489 5343 1644 5411 cujus
1667 5339 1842 5413 neque
1862 5343 1991 5398 Dio-

412 5412 601 5483 dorus,
642 5427 820 5483 neque
865 5412 1121 5468 Libanius
1165 5415 1493 5469 mentionem
1526 5416 1688 5469 ullam
1721 5412 1988 5469 fecerunt.

411 5482 636 5538 Gestum
675 5482 856 5539 autem
899 5492 985 5539 est
1021 5483 1122 5538 hoc
1166 5483 1365 5540 bellum
1425 5485 1505 5547 (ut
1548 5501 1610 5538 ex
1664 5485 1991 5540 Philochoro

411 5553 703 5626 Dionysius
751 5556 1190 5626 Halicarnasseus
1234 5554 1423 5626 refert)
1449 5570 1592 5609 anno
1638 5565 1762 5610 ante
1808 5558 1984 5626 olym-

409 5623 622 5693 piadem
655 5625 776 5696 108,
811 5627 1072 5684 archonte
1097 5623 1449 5682 Callimacho.
1493 5628 1651 5682 Auno
1679 5623 1878 5681 autcm‘
1904 5628 1984 5682 iu-

409 5706 691 5769 sequente,
711 5711 932 5758 auctore
948 5700 1201 5772 Diodoro,
1215 5698 1481 5771 Olynthus
1499 5705 1657 5772 capta
1675 5698 1792 5760 fuit.
1809 5697 1973 5758 ΕΔΜ.

2160 2788 2252 2843 9.6.
2299 2788 2364 2843 In
2399 2787 2706 2859 Olynthum.
2747 2787 3191 2859 Contraveteres
3219 2785 3345 2859 edd.
3397 2801 3531 2843 mss.
3563 2802 3690 2843 om-

2093 2875 2210 2922 nes,
2233 2859 2446 2925 abjecto
2472 2857 2552 2923 in,
2587 2858 2867 2914 Fabricius
2893 2857 3060 2914 edidit
3094 2857 3399 2928 Olynthum.

2162 2931 2253 2985 27.
2297 2930 2430 2985 Dein
2473 2946 2614 2985 cum.
2659 2929 2750 2986 Sic
2793 2944 2925 2984 mss.
2966 2929 3224 2984 meliores
3270 2934 3323 2985 et
3368 2929 3491 2985 cod.
3542 2929 3686 2984 Lou-

2093 3002 2219 3072 gob.
2247 3018 2262 3065 ;
2295 3003 2408 3064 alii,
2437 3001 2556 3056 dein
2587 3001 2810 3064 excidio,
2835 3009 2942 3072 etc.

2162 3072 2254 3127 28.
2311 3073 2536 3128 Auraria
2584 3072 2698 3126 loca
2744 3072 2795 3125 in
2843 3070 3131 3125 Thessalia.
3173 3069 3448 3125 Barbarus
3494 3071 3692 3141 aliquis

2092 3143 2396 3270 g‘ddidel‘al,
2443 3149 2642 3198 statuas
2677 3143 2935 3197 idolorum
2965 3151 3053 3196 :et
3095 3143 3212 3196 loca
3244 3157 3262 3195 :
3300 3157 3330 3197 a
3369 3143 3552 3214 glossa
3579 3152 3687 3198 est.

2141 3230 2262 3270 ann.

2141 3230 2262 3270 ABR.

2169 3286 2258 3342 29.
2303 3285 2589 3340 Piraticam
2635 3301 2835 3354 quoque
2873 3300 3132 3339 exercere.
3167 3283 3373 3339 Praeter
3413 3283 3691 3342 Justiuum

2097 3357 2194 3411 lib.
2226 3373 2298 3421 tv,
2321 3356 2688 3425 cap.5,docet
2714 3370 2814 3410 nos
2845 3355 3239 3410 Demosthenes
3264 3364 3406 3410 orat.
3438 3356 3611 3422 prima
3635 3357 3691 3411 iu

2100 3428 2407 3496 Philippum
2439 3443 2490 3494 p.
2539 3429 2607 3483 18
2639 3434 2697 3482 et
2741 3426 2978 3482 secunda
3024 3442 3077 3495 p.
3110 3425 3203 3488 29,
3235 3436 3398 3496 atque
3438 3437 3578 3482 orat.
3621 3429 3693 3482 de

2097 3495 2307 3552 Corona
2341 3513 2390 3567 p.
2419 3498 2545 3561 529,
2577 3497 2846 3567 quomodo
2872 3498 3234 3552 exscensione
3258 3495 3398 3552 facta
3421 3497 3474 3551 in
3509 3500 3688 3552 insula

2098 3569 2323 3634 Lemno,
2359 3568 2717 3624 Athenienses
2761 3569 2966 3636 aliquot
2993 3568 3141 3622 cives
3188 3567 3313 3622 inde
3356 3567 3681 3630 abduxerit,

2097 3640 2334 3696 Imbrum
2367 3640 2595 3694 insulam
2625 3653 2895 3706 occupare
2924 3648 3148 3693 conatus
3196 3638 3380 3703 fuerit,
3409 3639 3691 3710 ipsamque

2098 3727 2306 3835 sqaram
2345 3710 2757 3792 Atheniensium
2791 3712 3066 3764 triremem
3101 3725 3270 3780 prope
3312 3711 3686 3766 Marathonem

2099 3795 2164 3834 at
2209 3791 2400 3835 ωερε-ιι.

2099 3783 2400 3836 abduxerit.

2170 3853 2257 3908 '50.
2306 3852 2515 3907 Fratres
2553 3852 2688 3917 duo,
2721 3851 2960 3905 Thracia:
2985 3868 3149 3922 reges.
3185 3853 3319 3907 Vide
3353 3869 3478 3907 nunt
3513 3852 3692 3908 Cerso-

2100 3924 2315 3990 bleptem
2353 3933 2401 3979 et
2429 3923 2751 3978 Amaducum
2786 3923 3043 3993 intelligat
3075 3940 3093 3977 :
3141 3923 3210 3978 de
3247 3924 3446 3992 quibus
3489 3925 3692 3980 Demo—

2104 3995 2325 4050 Stltenes
2351 3997 2511 4070 λοξτᾴ
2551 3994 2993 4070 ’Δριστοκράτους.
3044 3993 3439 4070 gersobleptem-
3470 3995 3691 4070 quidem

2100 4075 2250 4121 certe
2289 4081 2316 4120 a
2351 4065 2614 4135 Philippo'
2642 4065 3006 4136 oppugnatum
3041 4065 3227 4132 fuisse,
3262 4065 3482 4136 quando
3520 4066 3690 4120 Athe-

2102 4136 2322 4192 nienses
2373 4134 2561 4207 pacem
2607 4151 2730 4190 cum
2773 4150 2838 4190 eo
2875 4134 3141 4198 fecerunt,
3184 4152 3250 4192 ex
3283 4134 3686 4204 Demosthene,

2102 4207 2385 4274 IEschine,
2415 4218 2471 4264 et
2498 4207 2764 4263 Plethone
2793 4215 3026 4261 constat.
3059 4207 3169 4261 Pax
3197 4217 3376 4262 autem
3405 4224 3526 4264 cum
3555 4209 3692 4262 Phi-

2103 4279 2251 4348 lippo
2284 4280 2352 4334 ab
2395 4279 2817 4334 Atheniensibus
2857 4279 2994 4332 facta
3026 4278 3288 4334 archonte
3317 4278 3692 4336 Themistocle

2102 4360 2309 4419 septem
2345 4366 2518 4405 annos
2561 4349 2908 4421 duravit,‘ut
2948 4349 3014 4403 ad
3056 4352 3350 4421 Aminaeum
3395 4350 3688 4421 Dionysus

2102 4418 2308 4476 scribit.
2354 4421 2519 4476 FABR.
2548 4419 2691 4475 —Si
2719 4418 2787 4474 de
2817 4418 2965 4475 hisce
2998 4419 3289 4490 intelligas,
3319 4436 3425 4475 non
3454 4418 3678 4490 quidem

2102 4505 2198 4546 eos
2227 4492 2504 4548 interfecit
2532 4492 2833 4560 Philippus,
2881 4491 2974 4546 sed
3005 4499 3188 4560 partes
3220 4506 3349 4546 suas
3377 4493 3529 4561 sequi
3554 4507 3683 4547 coe-

2101 4562 2208 4632 git;
2239 4562 2648 4632 Cersoblcptem
2675 4571 2848 4626 certe,
2881 4563 2971 4631 qui
3002 4561 3248 4616 Thraciae
3277 4563 3344 4616 ad
3371 4563 3686 4617 Chersone-

2099 4649 2220 4688 sum
2250 4633 2573 4704 imperabat,
2601 4640 2658 4688 et
2682 4632 2736 4704 in
2768 4632 2888 4702 ipsa
2918 4632 3267 4704 Chersoneso
3296 4633 3484 4688 urbem
3502 4633 3688 4704 niaxi-

2096 4719 2260 4776 mam,
2293 4702 2567 4776 Cardiam,
2613 4703 2918 4776 obtinebat.
2960 4704 3008 4776 Is
3043 4703 3458 4776 Cersobleptes,
3485 4702 3686 4776 Cotyis

2097 4774 2259 4842 filius,
2294 4774 2544 4830 Thracia:
2586 4790 2702 4840 rex,
2739 4774 2972 4845 Philippi
3004 4775 3286 4844 inopinato
3315 4775 3553 4830 adventu
3583 4774 3686 4845 op-

2098 4861 2343 4912 pressus,
2386 4856 2607 4902 coactus
2655 4847 2752 4900 fuit
2781 4844 2957 4900 fmdus
2995 4860 3115 4900 cum
3153 4847 3343 4902 eodem
3375 4845 3577 4906 facere.
3625 4844 3685 4902 et

2095 4917 2264 4972 filium
2306 4916 2436 4971 dare
2471 4917 2737 4972 obsidem.
2763 4915 2898 4988 gScd
2944 4923 3155 4986 postea,
3185 4931 3216 4972 a
3249 4917 3502 4988 Philippo
3542 4917 3685 4973 deﬁ-

2090 4989 2240 5043 ciens
2268 5000 2432 5059 atque
2468 4988 2660 5059 iterum
2689 4987 2832 5059 bello
2874 4991 3165 5056 subactus,
3202 4989 3463 5044 tributum
3498 4989 3680 5044 eidem

2093 5059 2330 5128 pendere
2346 5057 2585 5114 necesse
2613 5057 2822 5113 habuit.

2164 5132 2251 5186 51.
2278 5129 2490 5201 Bellum
2505 5140 2719 5201 gereret.
2751 5128 2893 5184 Edit.
2939 5129 3261 5200 Augustam,
3310 5130 3498 5186 bellum
3527 5130 3678 5185 Cra:-

2093 5202 2184 5256 ciae
2203 5212 2416 5272 gereret.
2453 5200 2706 5256 Fersitan
2738 5216 2845 5255 non
2895 5201 3060 5255 male.
3110 5201 3242 5270 Quia
3295 5203 3440 5257 enim
3473 5202 3676 5257 bellum

2092 5273 2324 5343 Sacrum,
2349 5281 2467 5326 erat
2493 5280 2678 5326 contra
2712 5272 3046 5343 Phocenses,
3081 5279 3167 5336 qui
3192 5273 3412 5327 donaria
3427 5272 3677 5343 Delphici

2094 5342 2359 5410 Apollinis
2383 5343 2765 5412 Spoliaverant,
2797 5342 2987 5397 bellum
3013 5343 3232 5399 Gracia:
3259 5347 3438 5399 vocari
3475 5345 3673 5411 potuit.

2093 5414 2269 5486 Boeoti
2309 5429 2440 5470 vero
2460 5424 2580 5486 tum
2613 5414 2828 5469 demum
2860 5414 3164 5484 Philippum
3195 5417 3574 5486 imperatorem
3624 5424 3682 5470 et

2093 5485 2281 5539 ducem
2307 5487 2426 5552 ejus
2455 5485 2580 5540 belli
2606 5487 2868 5551 fecerunt,
2900 5502 3044 5551 cum,
3094 5487 3255 5541 rebus
3281 5485 3527 5541 adversis
3555 5485 3680 5540 fati-

2091 5557 2220 5626 gati,
2254 5555 2739 5627 Pltoccnsibusqui
2772 5572 2869 5625 pro
2892 5572 3018 5627 rege
3045 5558 3318 5623 PhalrccO,
3355 5557 3495 5626 quod
3529 5559 3674 5612 male

2092 5641 2179 5682 res
2200 5637 2436 5700 gesserat
2468 5635 2578 5681 tres
2607 5626 2771 5700 duces
2799 5626 3135 5693 creaverant,
3185 5630 3274 5698 qui
3321 5630 3485 5687 rebus
3513 5643 3666 5700 pra:-

2089 5708 2291 5770 essent,
2325 5699 2579 5758 resistere
2593 5698 2823 5773 amplius
2850 5714 2957 5758 non
2992 5711 3232 5770 possent.
