4088 6170
321 185 424 245 821

1355 187 1831 248 IIISTORlARUM
1869 186 2073 244 LIBER
2109 186 2199 244 Ill.
2238 183 2393 242 CAP.
2437 181 2580 240 XIII.

3515 181 3622 241 822

320 297 600 371 Philippus
638 300 802 358 tacite
849 301 1094 371 utrisque
1130 300 1350 360 diversa
1381 303 1662 374 promisit,
1693 301 1737 333 ³⁸
1769 301 1916 359 Pho-
1943 301 1998 362 Α
2093 298 2412 372 aggreditur,
2444 305 2492 351 et
2517 294 2692 351 vincit.
2719 294 2939 351 Tribalti
2966 297 3198 367 prasitum
3225 296 3273 352 ei
3298 297 3550 370 eripiunt.

328 391 589 448 censibus
634 407 820 463 pacem
852 403 907 448 et
957 393 1168 448 veniam
1196 408 1256 449 se
1300 393 1548 448 daturum
1581 405 1923 452 sacramento

322 483 676 538 confirmans.
727 483 1005 542 Thessalis
1041 501 1174 540 vero
1217 485 1525 540 adfuturum
1557 500 1617 542 se
1648 503 1769 542 mox
1797 502 1920 543 cum

319 578 566 633 exercitu
593 577 825 648 spondet
858 595 872 632 :
911 579 1109 634 bellum
1139 587 1318 634 tamen
1352 580 1420 634 ab
1455 579 1700 650 utrisque
1731 581 1915 650 parari

322 680 495 726 vetat.
529 670 695 742 Igitur
743 671 1049 743 Philippus,
1083 671 1359 727 instructis
1405 671 1597 741 c0piis,
1648 673 1920 738 angustias

320 764 813 837 Thermopylarum
843 779 1070 821 securus
1119 765 1437 836 ingreditur,
1467 778 1666 833 easque
1689 779 1921 835 occupa-

322 868 406 913 tas
434 859 712 929 dispositis
755 859 1026 930 prtesidiis
1055 859 1100 890 ³³
1130 858 1376 914 emuniit.
1411 857 1563 913 Tunc
1596 857 1826 928 primum
1860 872 1920 914 se

321 968 428 1006 non
453 950 762 1006 Phocenses
788 950 914 1015 soli,
945 950 1040 1006 sed
1065 949 1307 1005 etomnis
1326 948 1535 1006 Graecia
1559 958 1772 1019 captam
1796 963 1919 1005 esse

320 1045 638 1116 persensit:
683 1043 948 1114 siquidem
1010 1043 1215 1116 primos
1261 1045 1572 1100 Phocenses
1613 1043 1913 1114 Philippus,

317 1145 476 1206 rupta
511 1137 617 1192 ﬁde
647 1137 964 1208 calcatoque
993 1148 1364 1204 sacramento,
1390 1135 1626 1192 infandae
1653 1137 1918 1192 dilacera-

316 1227 450 1281 tioni
473 1227 636 1282 dedit.
664 1226 791 1282 Inde
829 1227 1071 1282 omnium
1112 1227 1275 1284 urbes
1310 1228 1552 1299 finesque
1583 1227 1912 1299 p0pnlatus,

317 1329 544 1374 cruenta
570 1321 862 1390 praesentia
884 1319 1086 1388 effecit,
1114 1329 1174 1376 ut
1199 1319 1362 1376 etiam
1385 1319 1585 1376 absens
1609 1321 1914 1376 timeretur.

319 1410 425 1468 Ubi
453 1426 582 1466 vero
613 1413 666 1467 in
721 1427 945 1483 regnum
982 1412 1162 1477 rediit,
1213 1428 1368 1469 more
1399 1419 1698 1482 pastorum,
1731 1411 1776 1443 “
1823 1409 1916 1482 qui

313 1519 508 1576 pecora
547 1519 640 1560 sua
682 1519 825 1561 nunc
869 1521 967 1576 per
1005 1504 1264 1572 aestivos,
1314 1519 1460 1560 nunc
1508 1519 1607 1576 per
1658 1503 1915 1560 hibernos

316 1599 488 1655 saltus
533 1597 971 1666 circumducunt,
1017 1599 1253 1670 populos
1293 1606 1348 1654 et
1381 1597 1563 1663 urbes,
1598 1606 1658 1652 ut
1699 1596 1776 1652 illi
1826 1611 1914 1652 re-

2099 411 2206 468 Sed
2247 410 2363 465 haec
2413 424 2535 465 cum
2591 423 2691 480 per
2738 409 3040 480 aliquantas
3089 408 3317 464 Graecia:
3369 411 3622 466 civitates

2024 504 2384 567 exercuisset,
2419 513 2472 557 et
2505 509 2683 556 tamen
2716 515 2907 555 omnes
2931 510 3076 557 metu
3104 509 3398 571 premeret,
3441 501 3620 571 conji-

2023 599 2174 653 ciens
2221 611 2287 651 ex
2321 595 2500 666 prteda
2533 608 2831 665 paucorum
2872 609 3007 663 Opes
3043 595 3319 658 omnium,
3352 593 3418 649 ad
3460 594 3622 664 perli-

2022 691 2270 747 ciendum
2323 689 2586 760 mqualem
2634 689 2687 742 in
2729 687 2999 743 universis
3049 691 3448 755 vastationem,
3501 690 3620 745 utili

2022 783 2393 837 emolumento
2422 781 2439 812 ί
2476 780 2838 835 necessariam
2865 781 3188 834 maritimam
3227 781 3418 836 urbem
3467 790 3619 837 ratus

2025 877 2363 950 Byzantium,
2397 876 2630 931 nobilem
2651 875 2947 939 civitatem,
2978 876 3314 943 aptissimam
3336 877 3616 945 judicavit,

2021 980 2079 1025 ut
2104 968 2507 1040 receptaculum
2531 971 2550 999 '
2575 967 2678 1024 sibi
2711 977 2854 1022 terra
2888 967 3134 1036 marique
3165 967 3337 1034 fieret,
3385 983 3618 1040 eantque

2019 1063 2377 1119 obsistentem
2412 1061 2560 1116 illico
2585 1061 2872 1117 obsidione
2895 1059 3086 1114 cinxit.
3120 1059 3140 1090 ³
3167 1060 3292 1114 llaec
3314 1061 3616 1133 autemBy-

2019 1158 2254 1212 zantium
2280 1199 2295 1223 ,
2356 1155 2629 1226 quondam
2675 1170 2703 1208 a
2739 1154 3003 1209 Pausania
3057 1168 3188 1224 rege
3219 1153 3614 1225 Spartanorum

2018 1249 2260 1318 condita,
2295 1257 2414 1318 post
2439 1257 2621 1303 autem
2653 1263 2682 1302 a
2713 1245 3098 1314 Constantino,
3127 1246 3441 1303 Christiano
3463 1248 3618 1318 prin-

2017 1343 2158 1414 cipe,
2192 1342 2245 1396 in
2273 1341 2450 1412 majus
2477 1351 2635 1396 aucta
2665 1349 2719 1396 et
2741 1339 2761 1371 ⁸
2783 1339 3284 1411 Constantinopolis
3308 1341 3470 1409 dicta,
3498 1341 3615 1413 glo-

2018 1435 2301 1490 riosissimi
2333 1449 2475 1488 nunc
2497 1432 2710 1504 imperii
2732 1431 2890 1488 sedes
2913 1441 2969 1488 et
2991 1429 3155 1488 totius
3180 1441 3343 1504 caput
3371 1431 3614 1489 Orientis

2017 1539 2122 1586 est.
2157 1527 2442 1600 Philippus
2474 1543 2604 1583 vero
2635 1533 2758 1598 post
2789 1527 3006 1599 longam
3039 1536 3095 1582 et
3125 1527 3334 1582 irritam
3374 1525 3616 1583 obsidio-

2016 1637 2174 1689 nem,
2202 1632 2258 1678 ut
2293 1619 2582 1693 pecuniam
2621 1634 2780 1691 quam
2825 1617 3126 1675 obsidendo
3160 1618 3316 1692 175
3347 1617 3614 1676 exhause-

311 1690 514 1787 Ρῖίῗίξᾳθ
542 1690 632 1748 vel
663 1689 1018 1787 νθιίηίῖυθηίῖθ
1048 1704 1278 1787 “Et!”
1318 1689 1434 1787 1°?“
1463 1688 1806 1787 νίιξοδθηξυττ
1837 1687 1903 1742 ad
1937 1697 1980 1774 Β
2011 1724 2115 1781 rat,
2141 1687 2436 1787 praedando
2477 1687 2777 1786 repararet,
2825 1714 3111 1786 piraticam
3162 1687 3449 1786 aggressus
3499 1723 3604 1772 est.

307 1781 593 1838 libidinem
624 1796 776 1838 suam
808 1779 1079 1838 transfert.
1113 1781 1418 1838 Miseranda
1467 1780 1669 1852 ubique
1700 1778 1902 1847 facies,

307 1883 364 1931 et
413 1873 816 1930 atrocissimum
871 1871 1214 1930 miseriarum
1266 1885 1437 1943 genus
1485 1870 1901 1938 obversabatur,

306 1967 520 2036 perpeti
555 1964 822 2022 excidium
853 1965 972 2021 sine
1004 1965 1330 2035 irruptione,
1357 1964 1476 2020 sine
1503 1963 1646 2019 bello
1677 1963 1905 2034 captivi-

307 2067 501 2128 tatem,
531 2059 648 2116 sine
690 2059 919 2115 crimine
963 2058 1237 2122 exsilium,
1268 2057 1313 2090 ³⁵
1340 2056 1696 2113 sine'victore
1724 2055 1902 2112 domi-

308 2163 518 2207 natum.
545 2151 749 2208 Premit
779 2151 1008 2208 miseros
1029 2153 1173 2206 inter
1194 2150 1512 2222 iniuriarum
1540 2152 1792 2208 stimulos
1814 2167 1908 2208 su-

307 2246 561 2316 perfusus
589 2261 778 2315 pavor,
815 2243 862 2278 "
893 2247 1114 2316 ipsaque
1140 2243 1578 2300 dissimulatione
1604 2245 1762 2300 dolor
1786 2261 1904 2302 cre-

309 2339 409 2393 scit
443 2356 454 2393 :
505 2337 664 2410 174.
693 2339 794 2393 hoc
820 2339 984 2393 altius
1007 2337 1431 2408 demissus,quo
1458 2338 1634 2392 minus
1661 2337 1903 2409 profiteri

307 2430 453 2493 licet,
492 2429 834 2492 timentibus,
868 2444 936 2484 ne
965 2429 1094 2498 ipsm
1121 2444 1336 2498 quoque
1369 2429 1623 2498 lacrymte
1652 2444 1748 2499 pro
1775 2444 1905 2484 con-

307 2523 544 2578 tnmacia
569 2521 1096 2591 accipiantur.Alios
1119 2521 1348 2592 p0pulos
1375 2522 1592 2575 avolsos
1621 2537 1650 2574 a
1680 2521 1904 2579 sedibus

314 2615 451 2684 suis,
506 2614 708 2670 ﬁnibus
759 2614 994 2669 hostium
1048 2613 1310 2684 opponit:
1355 2611 1491 2666 alios
1539 2613 1591 2668 in
1642 2614 1903 2670 extremis

310 2708 461 2778 regni
495 2707 740 2762 terminis
769 2708 983 2761 statuit:
1007 2707 1271 2777 quosdam
1293 2706 1642 2762 aemulatione
1675 2706 1900 2776 virium,

307 2816 376 2854 ne
409 2801 621 2869 possint
643 2798 788 2870 quod
820 2813 978 2869 posse
1021 2798 1333 2864 creduntur,
1364 2797 1407 2830 ³⁷
1440 2798 1491 2852 in
1522 2797 1901 2868 supplementa

306 2893 692 2947 exhaustarum
721 2890 931 2944 urbium
957 2889 1169 2945 dividit.
1198 2890 1272 2944 Ita
1295 2887 1747 2958 gloriosissimum
1772 2889 1902 2945 illud

306 2986 580 3056 quondam
612 2986 854 3041 florentis
881 2985 1106 3041 Graecia:
1137 3000 1338 3055 corpus
1365 2985 1417 3040 in
1449 2986 1647 3040 multas
1680 2986 1894 3051 lacera-

2008 1810 2206 1881 Captas
2223 1809 2440 1880 itaqueu
2460 1818 2680 1864 centum
2704 1815 2758 1863 et
2777 1807 3117 1878 septuaginta
3145 1821 3312 1864 naves
3337 1807 3610 1864 mercibus

2007 1903 2303 1967 confertas,
2329 1901 2601 1966 distraxit,
2620 1909 2675 1957 et
2691 1899 2969 1957 anhelanti
2988 1899 3182 1971 inopia:
3203 1909 3368 1972 parva
3391 1914 3609 1956 recrea-

2007 1995 2154 2051 tione
2183 1993 2456 2051 subvenit.
2481 1991 2612 2049 Inde
2633 2000 2854 2064 propter
2875 1993 3135 2064 agendam
3164 1991 3404 2064 prtedam
3425 2000 3480 2049 et
3507 2007 3609 2047 cu-

2006 2085 2230 2142 randam
2271 2083 2618 2140 obsidionem
2666 2083 2850 2139 divisit
2897 2083 3217 2140 exercitum.
3265 2083 3386 2154 Ipse
3427 2093 3609 2139 autem

2006 2192 2130 2234 cum
2167 2177 2480 2232 fortissimis
2510 2177 2784 2246 profectus
2809 2218 2824 2242 ,
2866 2176 3062 2231 multas
3090 2175 3415 2232 Chersonesi
3444 2175 3610 2232 urbes

2007 2273 2150 2344 cepit
2181 2292 2193 2328 :
2223 2272 2627 2343 proﬂigatisque
2655 2271 2865 2341 pepulis
2893 2284 3024 2341 opes
3064 2270 3310 2326 abstulit.
3359 2271 3441 2327 Ad
3473 2271 3608 2342 Scy-

2005 2366 2172 2423 thiam
2201 2381 2420 2438 qnoque
2457 2380 2578 2420 cum
2609 2364 2918 2420 Alexandro
2957 2363 3068 2419 filio
3107 2363 3387 2435 praedandi
3428 2364 3608 2419 inten-

2007 2462 2154 2515 tione
2185 2460 2206 2492 °
2239 2457 2574 2528 pertransiit.
2607 2459 2627 2489 "
2655 2456 2872 2528 Scythis
2902 2465 3031 2511 tunc
3061 2455 3266 2512 Atheas
3293 2457 3555 2526 regnabat
3587 2475 3602 2512 :

2005 2554 2095 2622 qui
2138 2567 2260 2607 cum
2286 2551 2641 2606 Istrianorum
2665 2549 2807 2604 bello
2829 2559 3189 2620 premeretur,
3233 2551 3254 2581 ³
3283 2551 3542 2604 auxilium
3575 2565 3608 2606 a

2005 2643 2252 2714 Philippo
2275 2659 2370 2713 per
2392 2643 2808 2714 Apollonienses
2829 2643 3009 2712 petiit:
3027 2641 3120 2702 sed
3142 2643 3402 2697 continuo
3424 2641 3606 2698 Istria-

2007 2754 2196 2793 nurum
2225 2752 2350 2806 rege
2378 2748 2609 2801 mortuo,
2639 2748 2692 2792 et
2724 2736 2851 2792 belli
2880 2744 3048 2801 metu,
3073 2744 3128 2792 et
3159 2735 3481 2791 autiliorum
3513 2749 3609 2790 ne-

2005 2829 2256 2888 cessitate
2288 2828 2546 2883 liberatns
2573 2868 2587 2892 ,
2621 2828 2923 2896 pactionem
2954 2826 3173 2883 foederis
3199 2842 3320 2881 cum
3354 2824 3604 2896 Philippo

2014 2919 2252 2986 habitam
2295 2919 2566 2975 dissolvit.
2595 2918 2897 2990 Philippus,
2925 2917 3148 2973 dimissa
3177 2917 3461 2974 obsidione
3503 2918 3609 2988 By-

2006 3012 2192 3078 zantii,
2237 3011 2550 3082 Scythicum
2589 3011 2792 3065 bellum
2837 3011 2964 3067 totis
3017 3010 3224 3068 viribus
3259 3011 3603 3082 aggreditur;

308 3089 504 3174 tasque
538 3079 852 3150 particulas,
892 3079 1161 3135 exstincta
1193 3077 1428 3148 primum
1459 3078 1732 3146 libertate,
1767 3094 1897 3134 con-
1933 3093 1980 3156 ρ
2011 3077 2410 3170 ροηηῄῙεεοξιιιο
2459 3099 2646 3170 ιιιωιίο
2697 3116 2817 3155 cum
2859 3100 3076 3172 Scyum
3112 3105 3132 3134 ιι
3175 3112 3229 3174 ει
3279 3077 3507 3155 IK",er
3552 3111 3608 3156 οι

307 3171 464 3227 cidit.

913 3263 1144 3321 CAPUT
1183 3264 1320 3320 XIII.

309 3380 619 3451 Byzantium
653 3379 931 3452 Philippus
957 3380 1158 3450 frustra
1199 3381 1417 3436 obsidet.
1466 3379 1737 3452 Scythiam
1769 3380 1901 3437 bello

2011 3195 2209 3249 virtute
2240 3201 2578 3264 praestarent,
2614 3192 2846 3262 Philippi
2876 3192 3063 3247 fraude
3103 3194 3411 3246 vincuntur.
3444 3191 3502 3246 In
3541 3207 3606 3248 ea

2010 3301 2183 3357 pugna
2207 3285 2390 3355 viginti
2412 3285 2575 3340 millia
2601 3300 2890 3356 puerorum
2913 3300 2976 3341 ac
2997 3283 3321 3341 feminarum
3339 3284 3607 3358 Scythica:

2007 3381 2185 3455 gentis
2208 3389 2390 3453 capta,
2420 3395 2676 3454 pecorum
2719 3395 2912 3453 magna
2938 3379 3100 3452 copia
3131 3379 3383 3452 abducta,
3416 3379 3459 3410 ¹⁰
3488 3378 3609 3437 auri

1589 3559 2040 3616 IIAVERCAMPI
2079 3559 2309 3618 NOTAE.

381 3719 469 3772 5'2.
507 3713 858 3770 Phocensibus
898 3729 1073 3784 pacem
1107 3722 1156 3768 et
1182 3715 1381 3784 veniam
1407 3730 1461 3768 se
1489 3715 1754 3770 daturum.
1792 3717 1907 3772 IIoc

312 3789 626 3858 Philippum
672 3786 775 3842 sibi
824 3783 1178 3858 confirmasse
1235 3783 1527 3858 Eschincs
1574 3802 1825 3858 reversus
1873 3803 1903 3844 a

313 3855 563 3929 Philippo
605 3857 1029 3911 Atheniensibus
1071 3855 1421 3929 renuntiavit.
1459 3872 1562 3925 qua
1597 3856 1666 3912 de
1709 3873 1768 3912 re
1804 3859 1904 3911 De-

311 3927 624 4004 mosthenes
654 3931 773 4004 rrepi
792 3927 1216 4004 ττριραπρεσϐεἱρες
1239 3938 1289 3982 et
1304 3930 1423 4002 περὶ
1446 3931 1715 4004 στεφάνῳ.
1733 3929 1897 3984 FABR.

383 4003 474 4059 55.
507 3998 760 4054 Εηιιιιιὶἱὶ.
796 3998 945 4054 Meus
977 3998 1097 4052 cum
1147 3998 1298 4053 Flor.
1335 3998 1415 4067 pi'.
1451 4008 1505 4052 et
1535 3998 1726 4063 tertio,
1757 4018 1902 4054 emu-

312 4077 403 4128 nit.
437 4071 582 4128 Flor.
613 4085 752 4136 sec.,
785 4069 1046 4142 emunirit.
1081 4069 1200 4142 Mox
1225 4083 1322 4142 pro
1349 4070 1543 4142 primos
1565 4069 1651 4124 ed.
1675 4070 1903 4142 August.

311 4158 362 4202 et
396 4159 524 4198 mss.
561 4142 780 4212 quidam
827 4141 1015 4213 legunt
1043 4141 1230 4213 primo.
1264 4140 1564 4213 Iflorentini
1608 4151 1720 4197 tres
1746 4140 1782 4209 ,ἡ
1814 4142 1906 4196 sed

314 4217 480 4271 omnis
508 4209 711 4269 Gracia
743 4227 840 4282 pro
867 4209 958 4265 sed
990 4209 1053 4265 δι’
1071 4213 1236 4282 omnis
1268 4209 1496 4267 ercia.

385 4288 476 4342 5h.
530 4286 630 4350 Qui
659 4281 822 4353 pecua
848 4299 964 4338 sua.
1018 4282 1095 4337 Ita
1141 4281 1333 4338 Colon.
1370 4299 1470 4338 nec
1503 4291 1654 4337 muto
1687 4283 1820 4339 illud
1852 4285 1905 4341 in

312 4375 518 4430 pecora.
545 4355 616 4413 Ut
637 4358 782 4411 enim
804 4369 946 4409 nunc
970 4371 1106 4430 genu
1135 4354 1383 4418 dicimus,
1416 4353 1496 4430 sic
1517 4364 1729 4411 veteres
1752 4372 1902 4430 pecu.

315 4425 463 4500 Ergo
497 4436 557 4500 ut
588 4441 728 4500 nunc
759 4441 954 4500 genua,
991 4425 1062 4479 ita
1096 4433 1223 4500 tunc
1246 4441 1426 4500 pecua.
1454 4425 1626 4481 Laur.
1655 4457 1727 4500 -τ
1753 4425 1905 4500 idem

315 4497 504 4572 postea
536 4498 662 4572 fecit
692 4498 973 4566 Philippus
1006 4510 1124 4572 rex,
1153 4497 1530 4572 l’ersei_pater,
1555 4512 1679 4572 eum
1706 4499 1904 4572 bellum

315 4565 582 4627 adversus
613 4565 888 4624 Romanus
917 4565 1295 4624 meditaretur.
1323 4565 1523 4622 Confer
1561 4566 1734 4624 Vitam
1759 4569 1907 4641 ejus-

316 4643 440 4699 dem
468 4652 523 4698 et
546 4641 864 4696 IIistoriam.

387 4715 478 4770 55.
507 4713 630 4784 Sine
659 4713 868 4766 victore.
901 4708 1002 4766 Ed.
1037 4707 1295 4782 August.,
1337 4710 1450 4764 sine
1487 4709 1733 4777 victoria,
1764 4708 1910 4784 quod

320 4801 427 4840 non
470 4783 725 4855 prtefero.

2013 3734 2133 3788 quae
2160 3719 2342 3774 omnia
2376 3718 2672 3789 Dionysius
2702 3734 2768 3774 ex
2793 3718 3129 3775 Philochoro
3158 3721 3450 3789 perspicue
3479 3738 3607 3777 nar-

2013 3800 2116 3844 rat.
2155 3790 2395 3863 Episto_la
2433 3804 2566 3863 vero
2613 3790 2848 3863 Philipdi
2881 3799 3060 3845 exstat
3099 3791 3241 3845 inter
3274 3791 3606 3863 Philippicas

2013 3863 2287 3914 orationes
2329 3859 2608 3914 Demosth.
2641 3859 2812 3915 Faue.

2082 3935 2135 3984 2.
2171 3932 2286 3986 Sibi
2315 3941 2462 4004 terra
2483 3935 2732 4004 marique.
2762 3930 2878 4004 Ed._
2899 3931 3058 4004 Aug.,
3088 3942 3225 3988 terra
3255 3934 3485 4004 marique
3519 3952 3609 3990 co-

2013 4003 2112 4074 piis
2130 4004 2255 4076 su_i_s.
2289 4003 2428 4058 Coll.
2462 4001 2636 4076 Gron.
2662 4003 2794 4076 nihil
2827 4001 2928 4076 nisi
2967 4001 3104 4076 terra
3131 4006 3386 4076 marique.

2085 4073 2298 4150 5η11αιε
2320 4083 2493 4150 autem
2524 4073 2858 4150 Erga-utinm.
2889 4074 3252 4150 Cassiodorus
3280 4073 3469 4150 scribit
3498 4079 3606 4150 By-

2011 4145 2241 4221 zantium
2270 4147 2548 4221 contlitttm
2578 4145 2992 4221 'I’ttllollostilio
3019 4157 3303 4221 regnante.
3321 4149 3478 4206 Unde
3501 4145 3606 4221 Bil—

2011 4217 2248 4270 zantium
2277 4231 2473 4282 nomen
2504 4215 2785 4272 invenerit
2825 4216 2997 4272 refert
3038 4217 3362 4275 Eustathius
3393 4221 3446 4277 in
3481 4215 3609 4277 Dib-

2009 4287 2246 4360 nysium.
2282 4285 2445 4341 FABR.

2082 4357 2653 4484 LFConstantinOpotis
2683 4359 2839 4413 dicta.
2882 4357 3028 4429 Lege
3076 4359 3215 4418 infra
3249 4375 3373 4432 cap.
3403 4362 3475 4417 28
3506 4363 3600 4418 lib.

2082 4477 2083 4482 η
2161 4443 2310 4483 tum.

2011 4446 2083 4486 \'II
2146 4443 2173 4484 ι⁴
2189 4444 2310 4483 ABR.

2083 4503 2136 4558 5.
2166 4500 2382 4553 Centum
2429 4509 2477 4556 et
2512 4501 2844 4570 septuaginta
2895 4515 3066 4554 naves.
3095 4499 3268 4569 Lugd.
3315 4500 3434 4556 Bat.
3477 4512 3602 4558 tert.

2011 4586 2132 4626 cum
2164 4570 2299 4625 Coll.
2333 4571 2574 4647 Gronov.
2616 4579 2671 4624 et
2703 4570 2804 4647 Ed.
2833 4572 2973 4638 Aug.
3008 4580 3211 4647 centum
3256 4581 3304 4626 et
3345 4575 3603 4647 octaginta

2011 4649 2358 4712 enumerant,
2384 4641 2480 4696 sed
2513 4657 2609 4712 pro
2642 4642 2863 4712 vulgato
2895 4649 3003 4695 stat
3029 4640 3300 4695 Justinus.

2084 4712 2136 4769 6.
2164 4711 2710 4786 iPﬁertransiit.’Lugd.
2746 4714 2865 4768 Bat.
2892 4720 3047 4779 tert.,
3070 4713 3278 4767 transit.
3305 4713 3405 4770 Ed.
3437 4713 3602 4786 Aug.,

2012 4785 2265 4839 transivit.

388 4851 486 4912 36:
507 4853 755 4926 Ipsaque.
786 4852 959 4926 Meus,
987 4861 1044 4926 et
1057 4852 1173 4924 ipsa
1196 4867 1418 4926 quoque.
1452 4851 1562 4907 Pro
1611 4853 1910 4926 timentibus
1938 4859 1988 4919 D
2087 4857 2141 4910 7.
2162 4855 2371 4926 Scythis
2393 4864 2512 4909 tunc
2534 4854 2721 4910 Atheus
2745 4854 3009 4926 regnabat.
3035 4851 3200 4924 Regis
3222 4869 3440 4920 nomen,
3459 4857 3608 4926 quod

318 4943 450 4984 mss.
484 4924 703 4999 quidam
733 4934 788 4982 et
816 4924 979 4992 editi,
1010 4924 1313 4978 timendum.
1346 4927 1601 4996 August.,
1632 4925 1911 4981 timendum

345 5000 444 5054 itit.

321 5000 480 5126 fugi.
535 5069 600 5124 In
654 5069 1034 5140 supplementa.
1089 5067 1190 5122 Ed.
1236 5068 1378 5138 Aug.
1427 5067 1480 5122 in
1523 5065 1912 5140 supplemento,

319 5143 465 5213 quod
496 5151 548 5198 et
575 5140 638 5213 in;
661 5140 786 5213 cod.
813 5139 933 5213 Meo
967 5148 1168 5213 exstat.

389 5213 521 5268 CAP.
573 5211 708 5267 XIII.
759 5241 824 5252 —-
877 5212 932 5265 l.
985 5209 1340 5265 Necessarium
1371 5211 1687 5265 maritimam
1743 5210 1918 5265 urbem

321 5292 465 5338 ratus
496 5283 829 5354 Byzmtium.
862 5281 1130 5337 Amicitia:
1160 5292 1209 5337 et
1242 5283 1520 5354 societatis
1547 5281 1751 5354 fmdera
1777 5283 1916 5337 inter

325 5351 636 5424 Philippum
667 5362 984 5410 manserunt
1011 5368 1180 5419 usque
1194 5351 1259 5407 ad
1282 5351 1597 5424 Nicomachi
1620 5354 1914 5424 magistra-

325 5435 434 5479 tum
469 5446 481 5480 :
513 5422 662 5479 anno
687 5437 872 5496 autem
905 5434 1204 5495 sequente,
1235 5424 1325 5496 qui
1375 5422 1579 5496 printus
1610 5422 1914 5496 fuit’olym-

327 5497 504 5564 piatlis
529 5498 652 5563 Ill),
687 5495 972 5565 Philippus
1005 5497 1233 5563 primum
1265 5495 1579 5550 Perinthum
1604 5495 1915 5564 expugnare

323 5582 615 5638 aggressus
645 5575 748 5633 cst,
783 5566 1104 5638 atqueinde
1137 5565 1374 5638 rcjcetns
1408 5566 1724 5638 Byzantium
1758 5567 1909 5638 obsc-

323 5636 426 5700 dit,
455 5653 562 5708 quo
602 5646 844 5708 tempore
889 5636 1174 5703 epistolam
1222 5637 1288 5690 ad
1348 5636 1712 5708 Atiltenicnses
1744 5637 1914 5705 misit,

328 5707 514 5765 violati
548 5707 768 5766 foederis
799 5722 893 5765 eos
924 5721 1206 5776 accusans,
1242 5717 1297 5764 ct
1331 5707 1532 5765 bellum
1567 5707 1916 5772 denuntians,

2019 4928 2072 4984 in
2104 4927 2406 4998 impressis
2452 4937 2606 4998 erat,
2635 4927 2830 4997 reliqui
2876 4945 2889 4981 :
2937 4941 3060 4980 nam
3116 4927 3169 4980 in
3226 4929 3609 4998 tnanuscriptis

2020 4997 2212 5070 Atheus
2242 5008 2292 5070 et
2332 4997 2568 5053 Natheas
2597 4997 2793 5070 legitur
2829 5016 2842 5053 :
2874 4998 2926 5053 in
2958 4997 3420 5070 vulgatislnstini
3450 5000 3606 5056 libris

2022 5079 2107 5126 est
2141 5068 2420 5136 Mattheus,
2451 5071 2504 5124 in
2538 5067 2727 5125 nostro
2755 5067 3125 5138 manuscripto
3150 5067 3402 5123 Met/tcas.
3439 5071 3604 5127 Faue.

2022 5171 2093 5182 —
2121 5138 2178 5195 In
2207 5140 2384 5195 Orosii
2418 5156 2553 5196 mss.
2587 5141 2701 5197 fere
2733 5140 3009 5206 omnibus,
3037 5138 3254 5194 Justino
3288 5142 3412 5196 item
3440 5157 3608 5206 nunc,

2025 5211 2216 5283 Athens
2243 5212 2459 5281 legitur,
2486 5213 2856 5283 idqueverum
2876 5214 2993 5283 viro
3022 5224 3220 5266 nomen
3245 5210 3365 5267 fuit.
3389 5212 3609 5268 Venetae

2025 5283 2150 5339 edd.
2182 5282 2393 5352 Scythis
2418 5292 2538 5337 tunc
2559 5281 2759 5338 'Etheas
2785 5282 3009 5352 regebat.

2090 5355 2142 5408 8.
2176 5353 2497 5408 Auxiliuma
2530 5353 2799 5426 Philippo.
2834 5356 2945 5409 lloc
2972 5368 3102 5410 mss.
3138 5367 3352 5426 omnes,
3385 5360 3603 5426 unoaut

2018 5425 2193 5480 altero
2215 5436 2464 5494 excepto,
2499 5423 2726 5493 malunt,
2751 5440 2909 5496 quam
2943 5427 3162 5483 auxilia.
3194 5425 3298 5479 Pro
3327 5423 3474 5492 petiit
3505 5423 3606 5479 Pe-

2019 5498 2192 5552 rizon.
2229 5497 2371 5562 petit.

2090 5568 2146 5624 9.
2186 5565 2250 5620 Et
2283 5583 2492 5622 numero
2518 5577 2564 5622 et
2588 5568 2793 5623 virtute.
2826 5567 3068 5625 Primum
3099 5579 3144 5624 et
3176 5564 3321 5622 delet
3347 5562 3598 5620 Perizon.

2022 5647 2077 5695 et
2104 5640 2297 5692 abesse
2321 5647 2521 5708 potest.

2096 5711 2164 5766 10
2192 5707 2330 5765 Auri
2349 5721 2502 5781 atque
2525 5709 2740 5780 argenti.
2776 5710 2925 5767 Meus
2952 5724 3071 5767 cum
3103 5707 3365 5774 Iustino,
3395 5707 3510 5764 auri
3533 5723 3621 5762 ar-
