4088 6170
520 253 629 314 825

1931 249 2138 311 PAULI
2174 250 2399 311 OROSII

3706 256 3804 320 εει

511 379 679 440 atque
703 367 914 440 argenti
945 367 1082 424 nihil
1105 376 1382 439 repertum
1417 383 1430 423 :
1456 375 1513 424 et
1541 381 1606 425 ea
1633 381 1724 425 res
1746 368 1924 440 primo
1953 368 2114 425 fidem
2143 371 2195 435 Α
2222 368 2453 440 populos
2490 367 2544 425 in
2587 382 2739 441 spem
2771 369 3034 428 libertatis
3083 370 3356 444 respirare
3397 386 3506 430 non
3550 372 3803 432 sinerent.

517 462 722 532 inopiae
793 462 1062 534 Scythicae
1139 461 1308 518 dedit.
1363 461 1569 531 Viginti
1627 463 1796 518 millia
1851 463 2115 518 nobilium

516 569 784 623 equarum
814 554 1141 610 sufficiendo
1166 555 1355 626 generi
1403 556 1456 609 in
1487 555 1858 612 Macedoniam
1907 557 2074 613 missa
2100 574 2116 625 ;

517 647 616 702 sed
672 648 968 704 revertenti
1023 647 1275 718 Philippo
1325 647 1552 703 Triballi
1599 649 1743 704 bello
1787 649 2031 716 obviant,
2062 651 2116 705 in

530 753 641 810 quo
672 739 746 793 ita
789 739 1072 810 Philippus
1101 739 1153 793 in
1185 739 1395 794 femore
1433 740 1752 796 vulneratus
1789 749 1895 808 est,
1926 750 1988 797 ut
2019 757 2117 812 per

519 847 726 903 corpus
753 832 870 902 ejus
900 848 1072 904 equus
1103 833 1529 889 interficeretur.
1563 843 1605 876 ιι
1639 834 1772 888 Cum
1800 849 1994 891 omnes
2025 849 2118 890 oc-

511 924 687 978 cisum
716 933 995 994 putarent,
1031 924 1085 979 in
1119 924 1299 995 fugam
1322 928 1490 992 versi,
1519 925 1757 995 praedam
1789 927 2114 982 amiserunt.

510 1017 870 1087 Aliquantula
902 1016 1100 1072 deinde
1129 1030 1280 1072 mora
1309 1015 1437 1071 dum
1458 1015 1794 1072 convalescit
1813 1032 1842 1071 a
1861 1017 2112 1084 vulnere,

510 1111 568 1164 in
601 1123 735 1179 pace
771 1108 1104 1179 conquievit.
1144 1107 1342 1164 Statim
1371 1123 1505 1164 vero
1532 1117 1589 1163 ut
1617 1108 1914 1173 convaluit,
1945 1107 2116 1164 Athe-

513 1202 798 1258 niensibus
844 1201 1044 1258 bellum
1099 1201 1287 1256 intulit
1320 1219 1331 1254 :
1359 1201 1450 1272 qui
1492 1202 1546 1256 in
1601 1208 1755 1258 tanto
1797 1201 2115 1258 discrimine

512 1293 680 1363 positi
717 1299 760 1332 ι’
783 1292 1092 1359 Thebanos,
1135 1294 1294 1364 176
1321 1293 1599 1363 quondam
1626 1293 1836 1360 hostes,
1871 1301 2001 1349 tunc
2025 1307 2114 1348 so-

509 1385 626 1440 cios
653 1385 970 1441 adsciscunt
999 1401 1012 1439 :
1045 1385 1321 1456 tetiusque
1350 1384 1575 1441 Graecia:
1607 1385 1855 1442 civitates
1883 1386 2115 1458 legatio-

511 1480 673 1536 nibus
702 1479 950 1551 fatigant,
981 1489 1042 1535 ut
1070 1494 1416 1536 communem
1464 1479 1679 1535 hostem
1732 1480 2115 1538 communibus

507 1573 721 1628 viribus
739 1580 944 1643 petant.
972 1572 1162 1644 Itaque
1184 1572 1475 1642 aliquanta:
1493 1571 1661 1628 urbes
1684 1571 2111 1628 Atheniensibus

515 1680 639 1721 sese
666 1665 1027 1736 conjunxere,
1058 1665 1318 1735 quasdam
1346 1679 1482 1722 vero
1519 1664 1587 1720 ad
1625 1665 1937 1736 Philippum
1981 1666 2110 1722 belli

2223 463 2489 520 Praeterea
2511 479 2706 535 magno
2726 464 2944 523 delectu
2961 465 3190 522 militum
3210 477 3231 510 δ
3247 467 3299 522 in
3324 467 3631 524 subsidium
3647 472 3804 541 regia:

2227 555 2622 626 dispositionis,
2657 573 2724 614 ex
2760 568 2868 614 tota
2901 559 3110 615 Grzecia
3144 559 3354 627 habito,
3387 561 3620 618 ducenta
3651 565 3806 621 millia

2218 648 2482 717 peditum,
2504 650 2880 721 etquindecim
2905 652 3076 706 millia
3098 653 3364 722 equitum,
3385 654 3593 725 absque
3609 659 3808 712 excrci-

2223 748 2282 794 tu
2294 741 2315 772 δ
2329 740 2682 796 Macedonum
2703 752 2758 798 et
2770 741 2980 799 infinita
2997 745 3239 814 gentium
3253 746 3274 777 ³
3286 745 3562 814 barbarie,
3583 747 3809 804 Persica:

2225 833 2562 903 expeditioni
2591 835 2746 907 177
2774 835 2826 890 in
2857 834 3041 891 Asiam
3064 837 3332 892 missurus
3353 837 3810 898 instt'uxit.‘Tres

2217 925 2406 994 duces,
2442 927 2545 982 hoc
2574 939 2694 993 est,
2746 927 3199 996 Parmenionem,
3235 929 3531 1002 Amyntam
3569 940 3627 987 et
3662 937 3810 988 Atta-

2215 1019 2326 1074 lum
2352 1061 2367 1085 ,
2403 1011 2811 1090 praemittendos
2845 1022 2898 1077 in
2933 1022 3151 1090 Persas,
3187 1022 3338 1095 legit.
3365 1024 3434 1079 Et
3464 1025 3592 1081 dum
3628 1042 3812 1098 supra-

2215 1112 2441 1182 scriptae
2468 1113 2642 1183 copiae
2672 1113 2741 1169 de
2767 1113 2978 1171 Graecia
2997 1116 3017 1145 ⁷
3041 1127 3468 1188 congregantur,
3498 1118 3810 1187 Alexandri,

2215 1202 2307 1273 qui
2355 1211 2474 1258 erat
2519 1203 2857 1274 Olympiadis
2908 1204 3098 1261 uxoris
3127 1220 3241 1261 sua:
3288 1209 3481 1278 frater,
3506 1218 3560 1263 et
3590 1219 3711 1279 post
3737 1213 3758 1240 “
3784 1227 3813 1265 a

2215 1297 2433 1355 Sabinis
2459 1298 2513 1352 in
2543 1297 2782 1354 Lucania
2811 1309 3120 1370 prostratus
3139 1310 3246 1370 eSt,
3272 1317 3435 1373 quem
3454 1303 3608 1373 Epiri
3635 1319 3812 1375 regem

2217 1391 2289 1445 ob
2319 1391 2627 1448 mercedem
2656 1393 2836 1462 stupri
2863 1393 2917 1448 in
2944 1409 3069 1449 eum
3102 1396 3403 1466 perpetrati
3433 1397 3811 1466 constituerat,

2216 1485 2434 1554 nuptias
2482 1485 2534 1538 in
2581 1484 2888 1554 copulando
2933 1485 2984 1542 ei
3035 1486 3206 1542 filiam
3259 1502 3412 1542 suam
3445 1486 3811 1558 Cleopatram,

2215 1580 2498 1638 celebrare
2528 1579 2778 1637 decrevit
2809 1599 2823 1635 :
2857 1581 2950 1653 qui
2977 1596 3103 1638 cum
3145 1582 3322 1654 pridie
3345 1599 3509 1655 quam
3536 1585 3814 1644 occidere-

2219 1681 2310 1729 tur
2357 1674 2726 1746 interrogatus
2773 1675 3004 1741 fuisset,
3052 1676 3174 1748 quis
3226 1675 3350 1732 finis
3392 1677 3606 1733 homini
3647 1680 3813 1750 magis

512 1769 693 1812 metus
729 1758 914 1812 traxit.
948 1757 991 1830 εδ
1015 1756 1209 1812 Ρτωιὶο
1239 1759 1554 1823 commisso,
1586 1771 1710 1812 cum
1738 1757 2106 1816 Athenienses
2141 1753 2194 1815 B
2220 1775 2368 1821 esset
2396 1767 2665 1836 optandus
2688 1808 2703 1832 ,
2755 1767 3104 1836 respondisse
3142 1767 3337 1838 fertur,
3372 1784 3499 1826 eum
3525 1785 3653 1828 esse
3684 1773 3816 1842 Opti-

512 1849 676 1919 longe
718 1850 914 1918 majori
946 1864 1177 1905 numero
1220 1850 1457 1905 militum
1489 1859 1840 1920 praestarent,
1867 1851 2107 1909 assiduis

516 1946 702 1993 Lumen
728 1939 884 1994 bellis
905 1939 1157 1995 indurata
1183 1939 1535 1996 Macedonum
1562 1941 1760 1997 virtute
1781 1947 2105 1999 vincuntur:

507 2046 671 2102 quam
717 2046 952 2102 pugnam
1013 2033 1173 2103 longe
1213 2033 1470 2088 omnibus
1519 2034 1888 2091 anteriorihus
1950 2037 2108 2093 bellis

517 2123 844 2179 atrociorem
894 2124 1084 2192 fuisse,
1114 2126 1230 2196 ipse
1268 2141 1450 2181 rerum
1504 2129 1680 2183 exitus
1717 2128 1929 2185 docuit.
1970 2129 2106 2186 Nam

506 2213 602 2269 hic
627 2214 747 2269 dies
772 2215 916 2286 apud
949 2216 1260 2273 universam
1299 2217 1566 2274 Graeciam
1612 2219 1893 2291 acquisita:
1934 2221 2105 2278 domi-

504 2306 746 2363 nationis
773 2307 1031 2380 gloriam,
1068 2317 1126 2368 et
1163 2310 1552 2369 vetustissimae
1593 2311 1863 2371 libertatis
1903 2324 2106 2372 statum

502 2395 702 2455 ﬁnivit.

1094 2534 1324 2594 CAPUT
1373 2537 1515 2595 XIV.

632 2668 875 2742 Philippi
894 2672 1184 2730 crudelitas
1212 2675 1269 2730 in
1313 2674 1604 2746 Thebanos,
1629 2689 1676 2735 et
1705 2681 1968 2741 interitus.

576 2844 775 2903 Postea
821 2847 1104 2921 Philippus
1158 2855 1602 2914 cruentissimam
1649 2861 1932 2920 victoriam
1984 2867 2000 2897 ⁸
2044 2868 2099 2924 in

508 2935 802 2995 Thebanos
846 2950 902 2997 et
963 2943 1410 3004 Lacedzrmonios
1467 2954 1713 3009 exercuit
1767 2975 1779 3009 :
1831 2959 2098 3030 siquidem

499 3029 778 3102 principes
801 3033 1079 3090 civitatum
1109 3037 1244 3092 alios
1263 3042 1442 3096 securi
1459 3047 1749 3114 percussit,
1775 3029 1912 3104 alios
1935 3050 2098 3108 inex-

2217 1872 2361 1912 mum
2389 1897 2406 1921 ,
2443 1856 2536 1927 qui
2569 1858 2687 1914 viro
2720 1859 2842 1914 forti
2873 1900 2887 1924 ,
2941 1868 3066 1929 post
3096 1860 3361 1916 virtutum
3390 1877 3620 1917 suarum
3651 1867 3671 1897 ⁵
3698 1865 3812 1935 glo-

2214 1951 2352 2006 riam
2387 1952 2439 2007 in
2473 1967 2602 2022 pace
2641 1954 2888 2025 regnanti
2913 1995 2927 2020 ,
2973 1954 3094 2009 sine
3123 1954 3532 2013 conflictatione
3558 1959 3811 2029 corporis

2213 2054 2266 2100 et
2292 2045 2567 2102 dedeCore
2587 2047 2790 2117 animi,
2827 2047 3042 2104 subitus
3069 2058 3126 2105 et
3146 2049 3316 2117 celer,
3362 2049 3646 2120 inopinato
3673 2052 3813 2107 ferro

2211 2136 2486 2207 potuisset
2514 2137 2786 2202 accidere,
2819 2139 2963 2209 quod
2998 2139 3100 2210 ipsi
3129 2155 3258 2195 mox
3287 2140 3335 2174 '°
3358 2141 3572 2213 obtigit.
3608 2142 3722 2198 Nec
3749 2144 3810 2199 ab

2211 2227 2369 2284 iratis
2398 2229 2524 2298 diis,
2558 2247 2697 2302 quos
2723 2233 2870 2301 parvi
2909 2247 3126 2300 semper
3154 2232 3438 2303 penderal,
3471 2251 3813 2308 quorumque

2213 2335 2360 2389 aras,
2405 2321 2606 2393 templa
2635 2332 2690 2380 et
2717 2322 3009 2378 simulacra
3040 2324 3428 2395 subverterat,
3459 2327 3596 2398 quin
3629 2329 3671 2359 "
3698 2328 3806 2385 ele-

2209 2413 2537 2484 etissimam,
2567 2426 2625 2472 ut
2649 2417 2751 2487 ipsi
2776 2417 3092 2482 videbatur,
3116 2428 3349 2475 mortem
3388 2419 3804 2492 adipisceretur,

2212 2507 2387 2576 potuit
2419 2506 2688 2578 impediri.
2728 2508 2863 2562 Nam
2895 2508 2985 2565 die
3016 2509 3364 2579 nuptiarum,
3396 2524 3517 2566 cmn
3555 2511 3625 2566 ad
3656 2512 3812 2568 ludos

2208 2598 2496 2668 magnifice
2532 2609 2826 2672 apparatos
2878 2601 3022 2657 inter
3061 2600 3201 2657 duos
3233 2602 3606 2667 Alexandros,
3640 2602 3804 2659 lilium

2207 2706 2610 2764 generumque,
2651 2694 3059 2763 contenderet,
3101 2710 3132 2750 a
3162 2694 3463 2760 Pausania,
3497 2696 3674 2752 nobili
3703 2697 3812 2753 Ma-

2207 2783 2478 2839 cedonum
2502 2783 2872 2854 adolescente,
2899 2788 2941 2820 ¹²
2970 2787 3025 2842 in
3047 2788 3312 2858 angustiis
3334 2787 3453 2844 sine
3483 2789 3808 2847 custodibus

2206 2875 2635 2942 circumventus,
2661 2878 2876 2935 occisus
2898 2887 3002 2934 est.
3034 2881 3296 2936 Asserant
3327 2895 3470 2936 nunc
3503 2881 3801 2954 multisque

2210 2963 2329 3022 haec
2356 2967 2584 3024 vocibus
2620 2968 2882 3039 eil‘erant,
2913 2971 3066 3042 quasi
3094 2972 3337 3029 virorum
3365 2973 3590 3030 fortium
3621 2975 3807 3031 laudes

2204 3071 2260 3116 et
2290 3061 2430 3118 facta
2465 3063 2641 3119 felicia
2661 3107 2676 3132 ,
2707 3063 2906 3133 quibus
2933 3067 3292 3123 amarissima:
3323 3067 3554 3124 aliorqu
3579 3069 3804 3125 calami-

496 3121 680 3234 silittm
711 3124 845 3228 egit,
880 3126 902 3156 ³
927 3142 1118 3231 omnes
1153 3131 1588 3234 bonis-privavit.
1621 3137 1810 3234 Pulsos
1837 3140 2036 3198 dudum
2066 3160 2097 3201 a
2127 3139 2173 3202 C
2205 3161 2343 3210 tates
2373 3155 2427 3210 in
2455 3156 2645 3214 dulces
2662 3121 2888 3214 ’fa'bulas
2909 3159 3109 3214 cedunt
3135 3200 3150 3226 ,
3196 3161 3243 3216 si
3288 3169 3468 3217 tamen
3498 3178 3796 3234 numquam

496 3215 727 3283 civibus,
761 3217 813 3272 in
847 3220 1073 3288 patriam
1122 3223 1362 3279 restituit
1396 3245 1408 3278 ε
1444 3242 1515 3282 ex
1572 3229 1769 3299 quibus
1824 3240 2094 3293 trecentos

494 3312 713 3364 exsules
718 3309 931 3378 judices
946 3321 1301 3386 rectoresque
1327 3318 1597 3387 praefecit,
1620 3324 1710 3392 qui
1736 3335 1792 3380 ut
1809 3327 2091 3398 antiquum

494 3397 913 3474 doloremgnova
950 3413 1221 3474 potestate
1251 3421 1530 3484 curarent,
1556 3429 1773 3484 pressos
1796 3397 2092 3479 infeliciter

2207 3247 2313 3318 ipsi
2345 3249 2605 3321 injurias,
2661 3252 2860 3321 quibus
2890 3252 3184 3324 aliquando
3228 3264 3517 3323 vexantur,
3551 3257 3595 3288 "
3623 3258 3800 3312 relatu

2202 3341 2430 3398 tristiori
2459 3342 2766 3414 deplorant.
2820 3344 2877 3400 Si
2906 3361 3038 3401 vero
3065 3346 3134 3403 de
3166 3348 3404 3418 propriis
3434 3348 3794 3419 querimoniis

2201 3440 2410 3489 tantum
2460 3434 2599 3492 alios
2639 3435 2926 3496 audientes
2972 3438 3118 3496 affici
3157 3440 3372 3511 volunt,
3400 3450 3662 3514 quantum
3699 3442 3798 3514 ipsi

1782 3601 2240 3671 HAVERCAMPI
2276 3614 2511 3675 NOTAE.

488 3792 726 3877 gentique
755 3789 907 3846 nihil.
944 3791 1067 3848 Mox
1099 3791 1249 3851 Meus
1279 3810 1399 3854 cum
1423 3799 1548 3856 edd.
1575 3801 1927 3877 quibusdam,
1953 3808 2082 3865 mis-

488 3879 546 3915 sa
569 3873 707 3916 sunt.

568 3934 657 4018 11Σ
714 3932 844 3986 Cum
894 3950 1088 3989 omnes.
1137 3937 1276 3993 Edd.
1313 3941 1586 4018 quiedam,
1621 3961 1841 4018 cumque
1866 3965 2083 4017 ontnes;

489 4001 741 4083 Venetae,
763 4017 981 4071 cumque
1014 4022 1131 4060 eum
1151 4001 1358 4077 omnes}
1381 4011 1471 4068 ed.
1494 4001 1633 4084 Au'g.
1665 4001 1827 4086 mo'x,
1849 4001 2085 4077 conversi

481 4085 588 4141 pro
611 4088 760 4126 versi.

681 4141 968 4230 Thebanos,
1001 4147 1266 4217 quondam
1298 4150 1491 4230 hostes.
1527 4154 1955 4230 Lacedwmonios
1985 4178 2083 4230 pro

488 4212 762 4296 Thebanos
792 4212 1081 4296 manifesto
1113 4232 1300 4276 errore
1337 4223 1422 4279 hic
1454 4226 1751 4296 legebatur.
1784 4212 1917 4286 Nam
1937 4212 2067 4289 ⁷(ιὺίῐί

481 4284 782 4375 Philippus
836 4288 1082 4375 Elatear‘n
1145 4284 1921 4375 eccupasset,fAthenienses,
1952 4284 2066 4375 'diii

481 4357 734 4440 tempore
758 4357 1057 4440 exclusiad
1101 4357 1345 4440 reliquos
1387 4357 1568 4440 socios
1599 4371 1804 4440 legatos
1848 4357 2066 4432 ntitte're

476 4443 588 4484 non
614 4437 882 4513 poterant,
912 4429 1201 4513 Thebanos
1224 4429 1631 4513 Demosthenis
1649 4429 1978 4513 "eloquentia
2009 4429 2061 4502 in

477 4513 606 4582 suas
630 4508 829 4582 partes
849 4509 1273 4582 ‘pertragterunt.
1299 4506 1700 4582 Demosthenes
1747 4506 1846 4582 p'ro
1876 4515 2060 4572 Ctesi-

471 4572 697 4694 ptiorpc,
732 4570 998 4629 DiodOrus
1032 4573 1126 4630 lib.
1163 4592 1274 4644 xu,
1298 4577 1618 4638 Plutarchus
1645 4583 1701 4639 in
1737 4570 2060 4644 Demosthe-

471 4657 562 4694 ne.
640 4657 761 4694 ABR.

471 4657 562 4698 ne.
596 4657 626 4694 ι*
640 4657 761 4696 ABR.

534 4711 886 4789 βὸηιζιςίειὶο
929 4717 1222 4789 commisso.
1267 4719 1378 4774 Hoc
1425 4723 1670 4789 praelium
1712 4727 2063 4785 commissum

701 4784 1060 4908 gigaoneam,
1089 4787 1380 4857 Diodorus,
1410 4775 1771 4863 Plutarch—us;

499 4862 570 4902 ID.
605 4868 677 4906 IX.
715 4862 880 4910 FABR.

539 4921 669 4998 CAP.
699 4924 842 4998 XIV.
865 4957 936 4969 —
963 4930 1015 4984 1.
1056 4927 1124 4981 In
1150 4930 1422 4987 Thebanos
1449 4942 1495 4987 et
1514 4933 1955 4996 Lacedwmonios.
1973 4941 2065 4998 Sic

477 4999 575 5069 est
593 4994 765 5069 eti_am_
785 4997 1256 5069 inﬁmanuscriptis
1290 5021 1302 5058 :
1327 5019 1450 5059 cum
1477 5014 1658 5062 tamen
1683 5025 1786 5066 nec
1814 4994 1906 5066 alii
1932 4994 2059 5067 erit:

468 5061 711 5150 delitatis
730 5149 737 5150 ί
753 5067 804 5118 in
827 5061 1404 5150 .Lacedtemo'niosiet
1426 5061 1714 5148 Justinus;
1728 5061 1906 5150 queui
1925 5061 2058 5139 auc-

457 5142 642 5260 ἔρνεσι
687 5142 969 5207 sequitur,
1013 5150 1222 5199 tantum
1272 5145 1656 5204 Thebanorum
1683 5142 2052 5212 meminerit.

507 5220 628 5260 ann.

507 5220 628 5261 ABR.

503 5277 590 5362 “2.
615 5276 802 5362 omnes
841 5278 1010 5362 lignis.
1040 5283 1220 5362 Editio
1234 5287 1488 5362 princeps
1505 5299 1689 5362 eteam
1705 5303 1925 5360 secutas,
1939 5313 2051 5352 ont-

457 5347 611 5439 nibus
642 5349 809 5439 bonis.
841 5350 963 5439 Mox
981 5354 1165 5439 pulsos
1191 5347 1390 5439 dudum
1410 5347 1442 5414 ἆ
1462 5347 1758 5419 civitatibus

455 5420 643 5502 pulsos
660 5423 922 5502 quidem-tt
942 5420 1248 5502 ciribnuscd;
1281 5431 1554 5502 princeps.

525 5491 580 5570 ᾇ.
613 5490 680 5570 ζιε
711 5492 1021 5570 subsidium.
1042 5496 1184 5570 βοά,
1215 5490 1486 5570 ιεῐηεοι).;
1512 5505 1564 5558 in
1596 5505 1848 5560 subsidio.

521 5560 578 5614 4.
624 5561 987 5643 Macedonum.
1039 5567 1209 5643 Lugd.
1259 5560 1402 5627 Bait.
1454 5560 1689 5643 quatuor
1734 5591 1858 5633 cum
1901 5575 2043 5638 Coll.

449 5629 686 5706 Gronov.
714 5643 769 5688 et
792 5636 879 5690 ed.
908 5639 1068 5706 Aug.,
1095 5629 1459 5698 Macedonico.

518 5702 570 5786 ὃς
609 5703 932 5786 ΔΒανΙηινὶε.Δ
961 5702 1286 5786 hiss._iidem
1339 5725 1392 5770 et
1438 5717 1571 5786 Aug.
1617 5719 1727 5783 οὐ..
1765 5719 2029 5777 barbaria.

433 5766 624 5830 Esstat
647 5789 858 5848 quoque
887 5780 966 5841 sic
995 5783 1047 5841 in
1081 5766 1227 5844 Flor.
1254 5766 1571 5858 ῥικνὸῑῖἒῖ
1594 5766 2029 5852 sedili

2193 3814 2428 3883 positum
2458 3817 2712 3873 barbarie.

2266 3885 2319 3941 6.
2362 3886 2488 3942 Tres
2531 3890 2721 3955 duces,
2764 3891 2860 3944 hoc
2882 3899 2957 3944 est
2994 3889 3410 3953 Parmenionem.
3444 3902 3548 3950 etc.
3585 3896 3789 3955 Diodo-

2192 3971 2283 4039 r‘us
2307 3966 2363 4039 et
2386 3959 2740 4039 Plcthqduos
2761 3961 2928 4039 duces
2953 3964 3266 4039 praemissus
3289 3965 3562 4039 scribunt,
3591 3984 3793 4039 nempe

2191 4029 2517 4108 Attglum_et
2552 4029 2982 4108 Parmenionem;
3026 4035 3119 4104 qui
3170 4037 3239 4091 de
3285 4036 3515 4108 Philippi
3545 4029 3790 4099 interi-tu

2191 4099 2324 4154 satis
2347 4101 2538 4156 multa.
2571 4103 2737 4160 Fsun.

2263 4169 2315 4224 7.
2359 4170 2771 4247 Congregantur.
2810 4174 2956 4247 Edd.
2989 4176 3254 4247 princops
3303 4189 3354 4234 et
3411 4178 3630 4234 Veneta:
3665 4201 3790 4238 con-

2176 4255 2547 4371 gregaé-wliltmii
2595 4246 2716 4299 Mox
2754 4244 3056 4301 Alexandro
3105 4244 3216 4305 tres
3258 4264 3392 4306 mss.
3427 4249 3598 4323 Lugd.
3631 4255 3786 4312 Batt.

2213 4328 2261 4362 Ill
2378 4329 2409 4368 o
2462 4354 2473 4367 .
2555 4332 2745 4371 ronov.

2213 4327 2298 4365 nm
2332 4327 2473 4368 b0“.
2506 4327 2745 4371 UI‘OI'IOV.

2243 4381 2298 4435 8.
2340 4385 2384 4436 Α
2411 4385 2624 4460 Sabinis
2652 4390 2705 4460 in
2741 4386 2973 4442 Lucania
3000 4399 3317 4460 prostratus.
3368 4392 3552 4450 Livius
3594 4409 3623 4448 a
3678 4398 3784 4452 Lu-

2169 4465 2309 4527 cano
2339 4457 2524 4510 exsule
2548 4459 2787 4512 occisum
2818 4457 3011 4514 scribit.
3037 4460 3302 4517 Gemisth.
3360 4463 3542 4526 διαϐάς
3563 4468 3613 4527 ἐς
3640 4479 3773 4526 ἰτα-

2168 4522 2276 4579 λίαν
2306 4531 2622 4601 Ταρεντίνοις
2648 4531 2868 4653 Ίροηθῶν
2907 4530 2964 4586 ἔν
2991 4554 3092 4588 τινι
3115 4535 3269 4606 μάχῃ
3300 4536 3460 4598 καλῶς
3506 4542 3517 4557 ’
3557 4547 3780 4613 ωνισμὲ-

2168 4615 2248 4653 νος
2271 4596 2612 4653 ἐτελεύτησεν.
2695 4617 3024 4653 rausaressus
3068 4605 3122 4653 in
3169 4603 3382 4653 Italiam
3426 4560 3774 4653 utny‘nremi.

2164 4615 2248 4655 νος
2271 4596 2612 4656 ἐτελὲύτησεν.
2648 4596 2706 4653 Tt

2093 4659 2144 4720 D
2170 4665 2252 4718 nis
2278 4682 2424 4746 opem
2450 4669 2608 4746 [erret
2635 4709 2660 4746 ,ί
2683 4659 2949 4746 ἱη-ρνῖειὶο
2977 4674 3202 4746 quodam
3223 4720 3238 4744 ,
3280 4692 3400 4731 cum
3423 4659 3625 4733 strenue
3659 4698 3769 4735 rem

2167 4738 2421 4820 gessisset,
2450 4740 2711 4820 occubuit.
2737 4742 2903 4820 Finan.
2933 4738 3004 4784 -ἒ
3161 4738 3324 4820 Atig.)
3357 4764 3389 4800 α
3411 4747 3758 4820 Samnitibus,

2169 4808 2309 4876 quod
2339 4819 2394 4862 et
2424 4811 2590 4866 voluit
2612 4813 2734 4868 cod.
2768 4814 2907 4870 Ultr.
2941 4816 3188 4872 scribens
3217 4808 3562 4874 a'Samnitis.

2707 4617 3024 4670 'ansgressus
3068 4603 3126 4656 ia
3169 4603 3382 4659 Italiam
3426 4618 3479 4661 ut

3573 4612 3774 4664 arenti.

2241 4879 2295 4932 9.
2337 4877 2594 4959 Gloriam.
2627 4884 2758 4940 Mss.
2785 4886 2995 4959 optimi,
3021 4887 3278 4959 videlicet
3303 4901 3410 4944 tres
3438 4889 3766 4959 Florentini,

2168 4947 2320 5032 Meus
2347 4960 2403 5032 et
2435 4953 2686 5009 Perizon.
2728 4947 2998 5032 exhibent
3023 4957 3237 5026 glorias.
3290 4959 3396 5017 Vix
3425 4970 3603 5018 tamen
3634 4947 3771 5032 puto

2167 5017 2340 5094 itaab
2373 5021 2616 5094 Auctore
2637 5027 2901 5094 scriptum
2924 5017 3115 5084 fuisse.

2237 5092 2324 5174 to.
2379 5093 2637 5174 _omiga._
2681 5085 2886 5152 unum
2946 5098 3049 5174 hoc
3110 5101 3273 5174 codd.
3340 5085 3537 5174 Loug.,
3606 5101 3760 5158 Flor.

2160 5163 2548 5286 :elrtulugd.
2599 5167 2719 5223 Bal.
2766 5184 2902 5238 sec.,
2955 5171 3106 5226 Meus
3153 5182 3208 5228 et
3235 5163 3761 5246 Perizatt7,'contigit

2190 5248 2219 5286 θ
2247 5250 2377 5286 ιαυι.

2190 5248 2377 5302 ettqut.

2234 5304 2322 5386 11ἰ
2367 5305 2766 5386 Elcclijsimam:
2797 5311 2954 5380 Cum,
2985 5323 3183 5386 prmtcr
3210 5315 3298 5369 ed.
3343 5318 3576 5386 August.
3621 5336 3757 5375 mss.

2155 5381 2266 5446 tres
2297 5374 2468 5446 Lugd.
2516 5379 2678 5440 Bntt.,
2713 5381 2863 5438 Mens
2912 5374 3140 5440 e't'Coll.
3174 5374 3540 5442 Gronovf'sic
3590 5374 3755 5446 exhi-

2158 5444 2282 5526 beat
2311 5444 2433 5503 cod.
2467 5449 2739 5526 Lougob._
2767 5453 3077 5511 ab’Orosio
3129 5457 3432 5526 profectum
3473 5444 3747 5516 esseexi-

2153 5527 2199 5569 st
2210 5517 2319 5591 into
2338 5533 2382 5591 ,'_
2391 5537 2457 5574 vu
2467 5522 2545 5591 lga
2554 5517 2611 5576 ιε’
2623 5523 2951 5579 lectissimum
2963 5567 2976 5580 .

2226 5589 2417 5670 l2._ln
2445 5589 2713 5670 angustiis.
2747 5597 2922 5670 biens,
2973 5598 3039 5670 in
3088 5609 3330 5670 aitgusto.
3373 5598 3545 5670 Lugd.
3593 5602 3743 5657 Ball.

2150 5666 2285 5739 tres,
2320 5661 2456 5739 inter
2487 5658 2791 5739 angustias.
2815 5658 2936 5722 Mox
2970 5658 3295 5739 [.ttgd."Bat.
3328 5658 3747 5739 pr.,voccidilur.

2217 5731 2302 5784 15.
2333 5732 2535 5816 Balatu
2560 5731 2815 5810 tristiori
2840 5731 3132 5810 deploranlt
3183 5742 3285 5801 Ed.
3321 5731 3576 5816 princeps
3597 5784 3612 5814 ,
3643 5747 3746 5800 des

2109 5879 2116 5893 ι
2140 5802 2362 5869 plorent.
