4088 6170
285 281 391 340 823'

1310 283 1787 344 HISTORIARUM
1825 282 2029 342 LIBER
2068 281 2152 339 Ill.
2194 280 2351 340 CAP.
2392 277 2510 336 XV.

3472 272 3582 336 826

287 395 644 470 perpetiendo
673 405 1007 464 senserunt,
1057 397 1205 469 prius
1237 400 1338 468 ipsi
1370 416 1477 456 non
1517 402 1879 473 praesentibus
1905 403 1956 462 Α
1985 399 2005 429 ⁸
2034 411 2328 468 numquam
2360 403 2542 451 autem
2577 392 2726 464 capi.
2759 399 2852 448 aut
2881 391 2948 448 ad
2979 389 3315 450 deditionem
3343 391 3460 463 cogi
3486 408 3582 466 po-

289 491 588 564 prmterita,
616 490 660 523 ιδ
687 492 784 548 sed
832 492 1001 563 gestis
1044 503 1193 564 gesta
1235 505 1554 566 comparent
1585 515 1596 550 :
1640 497 1799 568 178
1829 504 1883 551 et

290 597 524 656 utraque
574 601 642 641 ex
671 587 859 642 auditu
887 628 903 654 ,
936 587 980 620 ¹⁸
1009 587 1154 644 velut
1181 589 1316 646 certi
1358 590 1664 646 alienorum
1692 591 1880 646 arbitri

287 677 556 747 judicent,
591 692 690 748 per
716 677 908 749 viginti
939 679 1180 750 quinque
1204 696 1380 736 annos
1412 683 1657 738 incendia
1685 683 1884 737 civita-

290 779 424 835 tum,
453 768 669 825 excidia
701 769 968 826 bellorum
993 815 1007 838 ,
1042 772 1415 842 subjectiones
1446 775 1878 843 provinciarum,

284 861 465 916 credes
489 859 774 916 hominum
796 902 812 922 .
847 877 1011 932 0pnm
1043 864 1269 934 rapinas
1297 905 1311 928 ,
1345 865 1562 933 praedas
1590 880 1876 935 pecorum,

287 963 626 1011 mortuorum
696 954 1040 1010 venditiones
1089 957 1542 1029 captivitatesque
1601 959 1874 1026 vivorum,

287 1046 446 1104 unius
473 1047 620 1119 regis
649 1048 692 1080 ¹⁶
729 1047 901 1115 fraus,
932 1047 1135 1104 ferocia
1157 1090 1173 1117 ,
1204 1059 1260 1106 et
1285 1050 1601 1107 dominatus
1628 1051 1876 1122 agitavit.

880 1201 1107 1261 CAPUT
1152 1203 1265 1261 XV.

271 1335 546 1395 .Samnites
585 1333 941 1391 Romanorum
978 1338 1154 1410 copias
1191 1340 1421 1410 rapiunt.
1467 1339 1692 1396 Romani
1719 1342 1879 1396 ictum

528 1410 696 1478 [mlius
723 1418 992 1480 rumpunt,
1021 1409 1286 1466 Satricum
1315 1422 1640 1482 expugnant.

353 1588 678 1646 Sufﬁcerent
730 1589 832 1645 ista
883 1589 950 1645 ad
997 1591 1310 1662 exemplum
1341 1593 1686 1650 miseriarum
1733 1594 1880 1650 insi-

276 1689 450 1736 nuata
481 1682 761 1738 memoriae
787 1691 988 1738 nostra:
1008 1691 1161 1755 gesta
1179 1699 1276 1753 per
1298 1683 1629 1756 Philippum,
1660 1687 1874 1743 etiamsi

1987 489 2158 544 tuisse
2207 487 2514 544 constabat.
2555 484 2637 540 lta
2664 483 2958 549 Samnites,
2992 483 3215 540 victoria
3249 483 3424 556 potiti,
3455 486 3579 541 uni-

1983 599 2199 640 versum
2231 583 2530 640 exercitum
2561 581 2866 638 Romanum
2896 581 3128 652 turpiter
3165 590 3380 652 captum
3412 582 3579 638 armis

1983 678 2145 734 etiam
2187 675 2638 746 vestimentisque
2669 673 2929 729 nudatum
2955 715 2970 740 ,
3002 682 3211 728 tantum
3243 675 3470 746 singulis
3499 675 3580 730 vi-

1984 770 2213 826 lioribus
2237 767 2593 840 operimentis
2617 767 2686 823 ob
2726 767 3032 823 verecunda
3065 782 3357 838 corporum
3390 777 3578 839 tegen-

1983 863 2051 918 da
2077 863 2376 927 concessis,
2399 861 2503 918 sub
2536 861 2726 932 jugum
2755 860 2980 916 missum
3011 859 3337 931 servitioque
3357 860 3577 931 subjec-

1983 963 2120 1020 tum,
2163 955 2385 1026 longum
2433 969 2595 1025 agere
2640 969 2856 1026 pompm
2887 952 3132 1008 ordinem
3179 940 3574 1024 prmceperunt;

1983 1045 2269 1104 Sescentis
2282 1055 2462 1102 autem
2494 1046 2768 1117 equitibus
2795 1045 3057 1102 Romanis
3083 1045 3134 1100 in
3161 1045 3466 1102 obsidatum
3493 1063 3579 1105 re-

1981 1141 2174 1210 ceptis,
2191 1138 2774 1209 oneratosignomiuia.
2795 1139 3007 1194 czeteris
3025 1137 3187 1194 rebus
3200 1153 3422 1204 vacuos,
3441 1154 3576 1196 con-

1982 1233 2129 1287 sules
2142 1232 2489 1288 remiserunt.
2509 1231 2651 1300 Quid
2668 1231 3126 1303 deexaggeranda
3149 1233 3309 1304 ltujus
3336 1234 3576 1291 foedissi-

1982 1326 2054 1379 mi
2089 1324 2310 1380 foederis
2333 1323 2542 1379 macula
2557 1324 2739 1380 verbis
2757 1323 3126 1396 laborem,qui
3151 1334 3332 1382 tacere
3351 1327 3577 1382 maluis-

1981 1434 2097 1474 sem
2125 1418 2148 1472 ?
2180 1416 2353 1472 llodie
2400 1417 2550 1472 enim
2579 1417 2813 1473 Romani
2839 1425 2933 1472 aut
2969 1417 3192 1473 omnino
3233 1433 3340 1474 non
3371 1429 3574 1488 essent,

1981 1519 2076 1565 aut
2105 1509 2329 1565 Samnio
2368 1507 2686 1564 dominante
2734 1509 3024 1572 servirent,
3054 1510 3099 1564 si
3133 1509 3293 1566 [idem
3326 1511 3572 1580 lmderis,

1981 1621 2142 1674 quam
2171 1603 2272 1658 sibi
2321 1603 2532 1659 servari
2574 1618 2602 1656 a
2641 1601 2900 1672 subjectis
2929 1603 3156 1671 volunt,
3198 1603 3298 1674 ipsi
3345 1603 3579 1674 subjecti

1981 1695 2320 1751 Samnitibus
2345 1694 2745 1750 servavissent.
2772 1695 3082 1752 Posteriore
3108 1711 3253 1751 anno
3279 1697 3580 1769 inlringnnt

270 1774 594 1830 Alexander
645 1775 694 1830 ei
746 1789 854 1832 non
893 1776 1254 1832 successisset
1300 1776 1354 1831 in
1405 1792 1656 1847 regnum.
1711 1777 1876 1850 Cujus
1907 1789 1956 1850 B
1981 1787 2211 1843 Romani
2243 1788 2510 1843 ﬁrmatam
2549 1801 2672 1842 cum
2703 1787 3042 1844 Samnitibus
3072 1785 3384 1860 pactionem
3407 1831 3423 1857 ν
3454 1805 3579 1848 ρος-

270 1865 452 1932 bella,
481 1867 648 1922 immo
672 1868 774 1923 sub
803 1868 957 1939 cujus
979 1868 1136 1925 bellis
1161 1869 1349 1926 mundi
1379 1872 1522 1927 mala
1551 1872 1744 1929 ordine
1783 1888 1873 1930 se-

264 1959 501 2028 quentia
519 1960 792 2028 suspendo
811 1961 1106 2033 paulisper,
1133 1972 1190 2020 ut
1209 1963 1261 2018 in
1288 1963 1390 2019 hoc
1413 1965 1534 2020 loco
1552 1980 1653 2036 pro
1671 1981 1874 2024 conve-

268 2053 486 2108 nientia
503 2064 826 2124 temporum,
847 2055 1084 2110 Romana
1099 2055 1406 2126 subjiciam.
1426 2058 1614 2114 ‘Anuo
1636 2060 1707 2115 ab
1724 2059 1872 2117 Urbe

267 2146 496 2205 condita
540 2162 805 2204 ccccxxvt
848 2146 1120 2204 Caudinas
1166 2148 1409 2207 furculas
1453 2152 1588 2208 satis
1623 2153 1872 2210 celebres

268 2248 333 2295 et
362 2239 623 2306 famosas,
649 2241 877 2312 insignis
905 2241 1276 2298 Romanorum
1310 2243 1436 2299 iecit
1465 2243 1706 2302 infamia.
1736 2246 1872 2302 Nam

277 2349 408 2388 cum
437 2333 726 2405 superiore
751 2334 929 2391 bello’
947 2336 1130 2406 viginti
1149 2337 1318 2392 millia
1335 2329 1686 2406 Samnitium,
1706 2340 1875 2396 Fabio

275 2427 543 2496 magistro
577 2426 820 2497 equitum
856 2441 1088 2497 pugnant
1123 2439 1469 2498 conserente,
1515 2432 1871 2502 cecidissent,

269 2517 757 2589 circumspectiore
769 2533 901 2598 cura
925 2519 1198 2576 Samnites
1218 2536 1282 2576 ac
1300 2523 1470 2593 magis
1485 2523 1752 2580 instructo
1773 2540 1871 2597 ap-

272 2620 473 2681 paratu
497 2610 639 2681 apud
661 2609 936 2668 Caudinas
968 2613 1203 2668 furculas
1220 2614 1608 2684 consederunt,
1639 2617 1726 2672 ubi
1749 2634 1874 2674 cum

275 2707 441 2779 179
461 2706 484 2737 ³
526 2705 806 2762 Veturium
831 2715 886 2762 et
906 2706 1245 2764 Postumium
1270 2709 1547 2776 consules,
1575 2725 1876 2782 omnesque

269 2799 463 2868 copias
485 2797 851 2854 Romanorum
874 2799 1136 2869 angustiis
1161 2800 1404 2856 locorum
1427 2802 1706 2874 armisque
1727 2804 1877 2858 clau-

268 2891 497 2956 sissent,
530 2891 554 2923 ⁸
580 2890 829 2957 Pontius,
863 2892 971 2947 dux
995 2908 1209 2958 eorum,
1244 2893 1296 2947 in
1330 2900 1541 2948 tantum
1571 2895 1772 2951 abusus
1794 2906 1877 2952 est

270 2987 520 3042 victorim
541 2985 857 3055 securitate,
882 2994 942 3041 ut
984 2985 1316 3042 Herennium
1348 2997 1558 3055 patrem
1589 2989 1877 3046 consulen-

267 3081 402 3138 dum
434 3089 685 3152 putaret,
714 3092 894 3138 utrum
935 3081 1210 3138 occideret
1255 3083 1495 3150 clausos,
1529 3100 1596 3138 an
1627 3095 1877 3156 parceret

1976 1896 2086 1952 que
2113 1881 2169 1936 in
2196 1879 2392 1936 bellum
2413 1888 2640 1952 cogunt,
2671 1881 2692 1913 ⁸
2720 1881 2864 1954 quod
2906 1881 3142 1954 Papyrio
3169 1884 3397 1940 consule
3441 1884 3576 1938 insi-

1975 1984 2152 2033 stente
2177 1977 2550 2044 commissum,
2582 1991 2805 2049 magnas
2830 1986 3041 2049 strages
3085 1977 3369 2050 utriusque
3395 1979 3579 2050 populi

1975 2069 2145 2124 dedit.
2176 2067 2419 2142 Cumque
2451 2069 2578 2126 hinc
2599 2068 2680 2124 ira
2701 2071 2944 2125 recentis
2967 2069 3224 2136 infantiae,
3258 2071 3384 2128 inde
3404 2071 3578 2143 gloria

1976 2162 2238 2234 proximae
2263 2163 2506 2219 victoria:
2537 2174 2839 2234 pugnantes
2868 2165 2888 2196 "
2933 2162 3326 2233 iustimularet,
3360 2165 3577 2222 tandem

1979 2257 2208 2312 Romani
2238 2257 2589 2327 pertinaciter
2642 2256 2930 2312 moriendo
2959 2256 3246 2313 vicerunt:
3297 2273 3398 2314 nec
3438 2257 3577 2314 caedi

1979 2349 2185 2419 pariter
2206 2349 2292 2406 vel
2323 2348 2535 2405 credere
2560 2347 2916 2416 destiterunt,
2950 2347 3053 2403 nisi
3091 2358 3378 2420 postquam
3417 2348 3576 2406 victis

1976 2437 2336 2504 Samnitibus,
2365 2438 2387 2469 ⁸
2412 2447 2468 2492 et
2504 2446 2664 2508 capto
2693 2436 2816 2492 duci
2859 2451 3071 2503 eorum,
3092 2436 3282 2508 jugum
3317 2451 3576 2506 reposue-

1978 2539 2126 2586 runt.
2165 2531 2322 2603 180
2353 2530 2499 2586 Idem
2520 2529 2714 2586 deinde
2740 2529 3005 2601 Papyrius
3025 2528 3318 2595 Satricum,
3349 2529 3578 2600 ettpulso

1979 2624 2105 2680 inde
2135 2623 2435 2680 Samnitico
2468 2621 2749 2694 praesidio,
2781 2621 3142 2692 expugnavit,
3179 2631 3234 2676 et
3271 2622 3436 2693 cepit.
3477 2621 3578 2678 llic

1977 2727 2160 2771 autem
2184 2714 2449 2786 Papyrius
2479 2713 2617 2770 adeo
2647 2721 2776 2769 tunc
2795 2712 2936 2784 apud
2966 2711 3244 2768 Romanos
3268 2713 3575 2769 bellicosis-

1977 2807 2150 2862 simus
2177 2821 2241 2861 ac
2269 2805 2687 2862 strenuissimus
2730 2805 3055 2872 habebatur,
3086 2814 3143 2860 ut
3175 2819 3300 2860 cum
3339 2806 3577 2862 Alexan-

1977 2901 2075 2956 der
2104 2901 2327 2972 Magnus
2357 2900 2654 2971 disponere
2682 2898 2962 2956 diceretur
2999 2898 3068 2954 ab
3094 2897 3318 2956 Oriente
3346 2899 3576 2955 descen-

1977 2996 2116 3051 dens
2144 2995 2393 3049 obtinere
2423 2992 2634 3048 viribus
2679 2992 2940 3058 Africam,
2971 2993 2992 3025 ⁹
3020 2999 3184 3060 atque
3214 2990 3342 3047 inde
3389 2991 3440 3046 in
3470 2991 3576 3046 Ita—

1980 3087 2109 3142 liam
2150 3084 2450 3150 trausvebi,
2474 3082 2706 3138 Romani
2734 3085 2876 3137 inter
2902 3091 3131 3138 caeteros
3165 3082 3334 3138 duces
3362 3089 3490 3137 tunc
3518 3083 3572 3138 in

267 3175 576 3245 subiugatis
604 3192 619 3230 :
654 3182 714 3230 ut
737 3173 887 3229 vivos
913 3183 1092 3230 tamen
1116 3173 1370 3230 dedecori
1400 3187 1728 3246 reservaret,
1762 3180 1872 3234 ele-
1898 3167 1944 3230 C
1980 3178 2257 3250 republica
2296 3192 2391 3231 sua
2429 3175 2693 3245 optimos,
2745 3173 2888 3228 hunc
2926 3173 3260 3245 praecipuum
3289 3172 3408 3228 fore
3431 3213 3445 3237 ,
3478 3172 3573 3242 qui

266 3267 370 3338 git.
400 3266 680 3326 Romanos
706 3267 852 3324 cnim
883 3275 1042 3324 antea
1073 3267 1377 3340 schissime
1416 3267 1560 3325 vinci
1589 3278 1646 3326 et
1674 3271 1869 3342 occidi,

1979 3272 2274 3330 Alexandri
2301 3273 2563 3343 impetum
2593 3268 2869 3326 sustinere
2897 3275 3105 3339 posset,
3152 3265 3567 3324 meditarentur.

1559 3409 2018 3472 HAVERCAMPI
2060 3410 2294 3471 NOTE.
3269 3406 3284 3458 ί

346 3543 433 3600 ﬂ.
470 3543 584 3614 Sed
633 3543 789 3614 gestis
821 3551 961 3611 gesta
1007 3548 1331 3614 comparent.
1381 3540 1438 3596 lu
1474 3538 1616 3614 Coll.
1649 3542 1863 3598 Grono-

274 3614 436 3669 viana
468 3613 585 3669 bzec
633 3613 705 3668 ita
753 3614 1012 3682 leguntur
1056 3613 1333 3680 multoque
1360 3613 1572 3666 auctius
1599 3614 1862 3670 exhiben-

268 3696 379 3752 tur,
410 3685 500 3740 sed
528 3685 683 3754 gestis
708 3694 872 3756 gestu.
927 3682 992 3737 Id
1013 3755 1018 3756 γ
1038 3692 1142 3752 est,
1173 3701 1274 3738 non
1302 3695 1597 3756 comparent
1629 3700 1861 3754 prwsen-

266 3758 404 3811 tgbus
434 3755 964 3828 prmteritatempora
1002 3755 1104 3828 his,
1141 3756 1229 3823 qui
1264 3770 1396 3808 nunc
1427 3755 1679 3828 injuriant
1701 3757 1862 3810 susti-

266 3837 410 3882 nent.
445 3826 550 3883 Sal
578 3825 713 3880 male
730 3825 870 3896 gesta
900 3826 1280 3894 prwteritorum
1323 3834 1620 3893 comparent
1663 3826 1715 3879 in
1739 3829 1864 3896 jure

266 3899 596 3966 pra‘scntittm
625 3939 639 3962 ,
685 3895 746 3950 eti
761 3897 894 3950 bona
919 3897 1194 3968 prtesentio
1224 3895 1687 3968 bonisprmteritis.
1731 3895 1862 3952 Ideo

265 3980 439 4022 autem
485 3969 748 4039 prmtcrita
797 3967 1100 4039 comparari
1134 3967 1468 4039 prmscntibus
1511 3975 1686 4032 vetat,
1738 3968 1862 4038 quia

266 4036 553 4109 prwtcrita,
601 4041 648 4092 si
685 4041 882 4106 majore
931 4036 1142 4091 miseria
1177 4036 1482 4109 a/I'ecerunt,
1517 4046 1708 4103 tamen,
1743 4036 1863 4092 cum

268 4107 373 4164 non
395 4112 519 4177 sint,
539 4111 736 4164 seriam
766 4117 1092 4180 reputontur.
1120 4107 1393 4180 praesentia
1419 4109 1674 4180 nutetu,si
1702 4125 1862 4180 parva

263 4181 616 4236 sollicitudine
641 4178 892 4250 afﬁciunt,
925 4181 1166 4253 graviora
1193 4179 1515 4253 sentiuntur.
1557 4178 1664 4234 Sed
1685 4179 1861 4253 facile

265 4263 497 4323 apparet
526 4265 646 4306 esse
673 4249 943 4323 glossam;
964 4265 1126 4323 quam
1154 4251 1476 4323 ascripserit
1502 4249 1572 4317 is,
1607 4251 1698 4321 qui
1735 4266 1860 4306 sen-

264 4321 386 4380 sum
416 4323 710 4378 verborum
738 4321 917 4378 Orosii
947 4321 1230 4377 elucidare
1261 4322 1516 4376 voluerit.

343 4395 432 4449 15.
483 4393 633 4448 Velut
676 4393 820 4447 certi.
875 4391 976 4448 Ed.
1033 4395 1171 4461 Aug.
1221 4406 1343 4446 cum
1391 4406 1496 4445 ms.
1541 4389 1696 4461 Ultr.
1715 4391 1863 4447 delet

269 4466 419 4519 certi.
450 4463 633 4535 Neque
681 4464 736 4519 in
782 4463 955 4520 tribus
985 4460 1144 4517 codd.
1191 4461 1525 4517 Florentinis
1557 4469 1651 4517 aut
1679 4460 1856 4534 Lugd.

271 4537 392 4590 But.
425 4534 665 4606 secundo
692 4543 939 4606 apparet.

339 4608 430 4662 16.
470 4605 664 4678 Fraus,
694 4601 910 4678 fer-acia.
943 4601 1082 4678 Edd_.
1117 4602 1362 4678 Venetae,
1393 4601 1536 4671 fraus
1568 4602 1748 4678 e/Iera.

336 4678 474 4734 CAP.
504 4676 620 4732 XV.
644 4672 714 4716 4—1
746 4678 801 4731 l.
841 4677 991 4729 Anno
1021 4675 1084 4728 ab
1119 4672 1186 4729 U.
1220 4690 1267 4728 c.
1288 4687 1572 4729 ccccxxvt.
1619 4673 1716 4730 Hie
1763 4689 1861 4730 ano

265 4764 373 4804 nus
403 4750 456 4804 in
485 4747 805 4817 Capitolinis
833 4745 1148 4802 consulibus
1179 4754 1262 4801 est
1291 4753 1414 4816 post
1440 4742 1642 4801 Urbem
1670 4747 1863 4802 condi-

263 4832 376 4875 tam
409 4834 710 4876 ccccxxxn.
742 4817 908 4873 Fann.

335 4893 391 4946 2.
443 4890 637 4960 Viginti
663 4887 827 4944 millia
859 4887 1176 4944 Samnitium
1197 4926 1226 4960 ,_
1243 4883 1412 4960 Fabio
1441 4885 1686 4954 magistro
1714 4887 1860 4960 cqui-

268 4971 400 5016 tum.
448 4957 598 5017 idem
627 4975 888 5016 numerus
915 4972 1184 5013 caesorum
1214 4957 1453 5028 hostium
1488 4969 1570 5028 est
1594 4957 1738 5028 apud
1755 4957 1858 5013 Li-

267 5033 414 5087 vium
449 5034 542 5088 lib.
575 5047 688 5098 vut,
726 5031 813 5086 ubi
844 5029 964 5086 haec
993 5029 1174 5085 omnia
1213 5027 1348 5083 satis
1381 5027 1722 5098 copiose.’Q.
1758 5029 1860 5084 Fa-

269 5105 391 5159 bius
414 5097 680 5159 Maximus
708 5101 996 5157 Rullianus
1023 5143 1038 5169 ,
1079 5114 1242 5171 quem
1272 5099 1363 5171 hic
1389 5097 1618 5171 Orosius
1639 5099 1858 5171 signiti-

265 5186 376 5239 cat,
404 5176 663 5245 magister
691 5167 1164 5245 equitum_luitL.
1188 5169 1404 5245 Papirio
1429 5167 1858 5245 Cursori_dicta-

268 5240 896 5316 tori,quartoannoautc
921 5241 1218 5316 Caudinam
1245 5240 1625 5316 ignominiam.
1655 5241 1859 5316 Propter

267 5311 477 5372 Livium
519 5317 636 5382 lege
681 5313 994 5385 Eutropium
1026 5313 1151 5370 libr.
1179 5311 1526 5381 tt,Valerium
1553 5311 1694 5367 Max.
1729 5311 1853 5368 libr.

266 5403 327 5454 ll,
360 5403 479 5457 cap.
505 5392 560 5442 ‘2.
585 5386 752 5442 ΒΑΜ.

335 5457 392 5514 3.
427 5452 708 5514 'Veturium
737 5465 785 5511 et
818 5454 1150 5510 Postumium
1183 5453 1442 5508 consules.
1487 5452 1552 5508 Τ.
1599 5452 1861 5509 Veturius

267 5537 323 5584 et
355 5529 449 5596 Sp.
485 5528 795 5584 Postumius
838 5526 1034 5582 iterum
1066 5525 1318 5580 consules
1350 5524 1602 5596 luerunt,
1636 5523 1858 5596 quando

266 5595 408 5666 apud
430 5599 692 5656 Caudium
725 5597 866 5652 male
915 5607 1205 5666 pugnatum
1236 5605 1350 5660 est,
1384 5604 1439 5649 et
1481 5595 1724 5666 legiones
1754 5595 1860 5650 sub

261 5665 450 5738 jugum
476 5672 676 5726 missze.
699 5669 814 5725 Cic.
850 5665 945 5723 lib.
973 5683 1029 5721 ttt
1061 5666 1128 5721 de
1171 5667 1328 5738 Ollic.
1350 5707 1364 5729 ,
1396 5666 1584 5738 Livius
1623 5665 1714 5738 lib.
1741 5680 1857 5738 _vt,

269 5734 415 5796 Ftor.
452 5743 545 5798 lib.
583 5757 620 5804 ι,
663 5756 783 5812 cap.
819 5739 907 5808 16,
939 5740 1165 5810 August.
1198 5737 1291 5794 lib.
1326 5751 1384 5792 ltl
1425 5736 1494 5794 de
1527 5734 1692 5796 Civit.
1738 5735 1860 5806 Dei,

267 5825 384 5883 cap.
418 5813 501 5868 I7.
536 5813 703 5868 Fasn.

2039 3549 2095 3602 4.
2139 3543 2384 3609 Pontius,
2416 3542 2523 3596 dua:
2548 3557 2746 3596 eorum.
2797 3539 2924 3595 llaec
2949 3553 3016 3596 ex
3064 3538 3262 3596 Orosio
3290 3538 3566 3599 Diaconus

1968 3617 2230 3688 Eutropio
2255 3613 2482 3672 addidit.
2511 3611 2680 3669 FABR.
2721 3641 2792 3654 -
2830 3611 2947 3667 Rea:
2971 3627 3150 3665 eorum
3174 3610 3227 3665 in
3263 3611 3390 3666 cod.
3419 3610 3569 3667 Lon-

2003 3689 2092 3744 0|).

1967 3705 2094 3814 soil
2128 3757 2430 3827 Numquam
2453 3763 2624 3827 autem
2663 3751 2799 3822 capi.
2831 3750 3003 3821 Lugd.
3040 3751 3159 3804 Bat.
3201 3759 3380 3827 quart.
3418 3767 3570 3827 num:-

1966 3846 2124 3896 quam
2147 3819 2298 3895 capi:
2319 3826 2390 3882 At
2413 3823 2665 3896 secuud.,
2699 3819 2993 3896 numquam
3025 3830 3201 3896 tamen
3219 3819 3378 3896 'cnpi.
3410 3819 3569 3889 Quod

1967 3891 2096 3955 mox
2127 3891 2393 3968 sequitur,
2425 3894 2674 3968 potuisse,
2703 3894 2862 3968 abest
2886 3908 2918 3968 a_
2948 3891 3065 3946 Meo
3090 3892 3422 3968 et__Pcr_izon.

2039 3971 2092 4025 6.
2137 3962 2290 4036 Quod
2319 3962 2552 4039 Papgrio
2581 3963 2792 4019 consule
2818 3964 3107 4039 insistente.
3129 3963 3365 4039 Orosius
3377 3973 3432 4019 et
3457 3962 3568 4039 Ett-

1967 4033 2176 4110 tr-Opius
2205 4055 2304 4096 eos
2333 4033 2583 4110 auctores
2623 4046 2927 4110 sequuntur
2950 4074 2967 4100 ,
3004 4037 3094 4104 qui
3141 4049 3184 4110 a_
3217 4033 3281 4090 L.
3326 4034 3571 4110 ‘Papyrio

1964 4104 2210 4173 consule.
2234 4126 2338 4165 non
2364 4109 2625 4179 magistro
2655 4104 2920 4178 equitum,
2940 4116 3134 4179 contra
3151 4104 3436 4179 Samnites
3450 4104 3567 4179 rem

1963 4186 2107 4238 bene
2133 4191 2339 4252 gestam
2374 4176 2718 4235 tradiderunt
2739 4195 2755 4234 :
2782 4191 2906 4233 nam
2934 4176 3003 4232 de
3032 4177 3135 4232 hoc
3155 4176 3360 4248 ambigi
3383 4177 3568 4233 Livius

1965 4251 2174 4310 scribit.
2222 4251 2385 4307 FABR.

2039 4327 2091 4379 7.
2126 4321 2510 4378 Instimularet.
2544 4319 2779 4387 Quidam
2817 4331 2951 4374 mss.
2987 4327 3042 4374 et
3071 4317 3205 4373 edit.
3251 4318 3441 4386 legunt
3467 4317 3561 4371 sti-

1964 4397 2209 4462 mularet,
2258 4397 2399 4448 inter
2427 4406 2564 4462 quos
2605 4404 2737 4462 mss.
2771 4404 2884 4444 sec.
2922 4387 3090 4455 Lugd.
3122 4387 3241 4442 Bai.
3276 4387 3417 4442 Infra
3452 4387 3567 4462 _lib.

1966 4483 2018 4520 vr
2048 4482 2166 4534 cap.
2196 4458 2269 4520 ’18
2303 4463 2372 4518 de
2398 4458 2640 4534 Ciesare,
2671 4458 2874 4534 Corpus
2917 4463 3030 4530 ejus
3068 4467 3275 4534 raptum
3304 4459 3526 4534 populus
3551 4497 3566 4522 ,

1965 4526 2147 4590 dolore
2177 4533 2548 4595 instimulalus,
2583 4531 2635 4584 in
2665 4526 2786 4602 fore
2811 4526 3117 4602 fragmentis
3131 4526 3482 4602 tribunalium
3506 4543 3568 4602 ac

1963 4607 2328 4672 subselliorum
2369 4603 2638 4672 cremavit.
2665 4596 2792 4656 'Sed
2812 4596 3070 4672 ’et_'vre_rbo
3097 4596 3429 4654 instimulare
3455 4596 3566 4654 uti-

1967 4669 2053 4734 tur
2076 4691 2292 4749 quoque
2320 4673 2482 4730 Ovid.
2517 4671 2734 4729 Fastor.
2766 4686 2854 4738 vt,
2881 4669 2986 4727 507
3019 4685 3034 4724 :

1883 4847 1940 4910 D
2025 4859 2336 4914 Dissimulat:
2359 4858 2504 4909 deam
2526 4855 2691 4907 Latias
2713 4855 2945 4906 Saturnia
2967 4853 3180 4905 Bacchas

2089 4923 2362 4975 lnstimulat
2385 4921 2508 4972 lictis
2530 4920 2759 4972 insidiosa
2781 4917 2936 4969 sonis.

1963 5095 2070 5151 Pro
2099 5095 2323 5150 recentis
2356 5092 2587 5159 infamia:
2609 5134 2624 5160 ,
2661 5104 2792 5146 mss.
2832 5096 2946 5146 tres
2974 5086 3148 5160 Lugd.
3182 5087 3327 5144 Batt.
3363 5085 3570 5146 habent

1963 5165 2305 5238 prwcetlentis
2335 5164 2590 5238 infamiw.

2037 5239 2092 5292 8.
2127 5236 2193 5290 Et
2221 5245 2370 5303 capto
2391 5227 2538 5288 'duci.
2575 5233 2702 5288 llaec
2729 5239 2814 5287 est
2843 5231 3007 5297 lectio
3029 5231 3156 5288 cod.
3181 5229 3461 5303 Lougob._
3457 5227 3574 5303 slve

1965 5307 2115 5362 Flor.
2171 5299 2355 5376 primi,
2407 5315 2573 5373 atque
2616 5307 2687 5376 ita
2734 5318 2952 5376 quoque
2997 5303 3291 5372 corrigitur
3314 5299 3375 5355 in
3421 5299 3570 5376 Flor.

1967 5393 2119 5441 scc.;
2171 5368 2409 5448 vulgati,
2432 5368 2611 5448 fapto
2639 5368 2790 5428 duce.
2845 5368 2971 5429 Post
3013 5368 3388 5448 reposuerunt,
3420 5368 3573 5448 addit

1966 5439 2226 5503 servitutis
2264 5439 2722 5511 insaPcrizon”
2776 5453 2833 5500 et
2881 5459 2982 5515 pro
3007 5439 3148 5500 idem
3196 5441 3383 5497 deinde
3423 5439 3574 5493 Meus

1968 5519 2155 5576 scribit
2183 5519 2319 5572 idem
2344 5527 2415 5572 et.

2041 5593 2094 5645 9.
2137 5591 2306 5661 Atque
2327 5589 2464 5670 inde.
2493 5586 2594 5670 Ed.
2627 5589 2852 5670 August.
2893 5584 3184 5670 acdeinde:
3209 5578 3386 5670 Quod
3405 5577 3571 5670 paulo

1972 5670 2097 5716 autc
2129 5653 2406 5727 praecessit
2435 5676 2495 5712 ac
2534 5653 2919 5727 strenuissimus
2962 5659 3012 5727 in
3064 5653 3201 5708 Edd.
3224 5657 3573 5727 _t)ttgust.__ct

1971 5720 2194 5787 Venetis
2219 5747 2324 5786 non
2348 5738 2552 5800 exstat,
2579 5741 2637 5786 ut
2659 5743 2757 5786 nec
2783 5726 2925 5797 apud
2948 5726 3200 5782 Vinceut.
3224 5720 3438 5779 Bellov.
3468 5720 3567 5777 lib.

1970 5816 2046 5862 vt.
2079 5817 2201 5872 cap.
2237 5803 2288 5856 7.
