  <div class='ocr_page' id='page_1' title='image "/cluster/home/n/w/nwhite01/storage/ocr_20150623/31/hvd.32044096580543/420.png"; bbox 0 0 4088 6170; ppageno 0'>
   <div class='ocr_carea' id='block_1_1' title="bbox 248 304 353 363">
    <p class='ocr_par' dir='ltr' id='par_1_1' title="bbox 248 304 353 363">
     <span class='ocr_line' id='line_1_1' title="bbox 248 304 353 363; baseline 0.01 -1"><span class='ocrx_word' id='word_1_1' title='bbox 248 304 353 363; x_wconf 69' lang='lat'><strong>829</strong></span> 
     </span>
    </p>
   </div>
   <div class='ocr_carea' id='block_1_2' title="bbox 1260 301 2517 364">
    <p class='ocr_par' dir='ltr' id='par_1_2' title="bbox 1260 301 2517 364">
     <span class='ocr_line' id='line_1_2' title="bbox 1260 301 2517 364; baseline 0.001 -5"><span class='ocrx_word' id='word_1_2' title='bbox 1260 301 1737 363; x_wconf 67' lang='lat' dir='ltr'><strong>IIISTORJARUII</strong></span> <span class='ocrx_word' id='word_1_3' title='bbox 1778 302 1982 364; x_wconf 79' lang='lat' dir='ltr'><strong>LIBER</strong></span> <span class='ocrx_word' id='word_1_4' title='bbox 2021 304 2112 364; x_wconf 90' lang='lat' dir='ltr'><strong>III.</strong></span> <span class='ocrx_word' id='word_1_5' title='bbox 2151 303 2308 362; x_wconf 86' lang='lat' dir='ltr'><strong>CAP.</strong></span> <span class='ocrx_word' id='word_1_6' title='bbox 2351 302 2517 361; x_wconf 84' lang='lat' dir='ltr'><strong>XVII.</strong></span> 
     </span>
    </p>
   </div>
   <div class='ocr_carea' id='block_1_3' title="bbox 3445 308 3555 368">
    <p class='ocr_par' dir='ltr' id='par_1_3' title="bbox 3445 308 3555 368">
     <span class='ocr_line' id='line_1_3' title="bbox 3445 308 3555 368; baseline 0.027 -3"><span class='ocrx_word' id='word_1_7' title='bbox 3445 308 3555 368; x_wconf 76' lang='lat'><strong>830</strong></span> 
     </span>
    </p>
   </div>
   <div class='ocr_carea' id='block_1_4' title="bbox 253 414 3553 487">
    <p class='ocr_par' dir='ltr' id='par_1_4' title="bbox 253 414 3553 487">
     <span class='ocr_line' id='line_1_4' title="bbox 253 414 3553 487; baseline 0.002 -14"><span class='ocrx_word' id='word_1_8' title='bbox 253 432 316 473; x_wconf 89' lang='lat' dir='ltr'><strong>ea</strong></span> <span class='ocrx_word' id='word_1_9' title='bbox 351 417 393 451; x_wconf 74' lang='grc'><strong>’⁷</strong></span> <span class='ocrx_word' id='word_1_10' title='bbox 418 415 613 475; x_wconf 87' lang='lat' dir='ltr'><strong>Darius</strong></span> <span class='ocrx_word' id='word_1_11' title='bbox 651 430 773 473; x_wconf 91' lang='lat' dir='ltr'><strong>cum</strong></span> <span class='ocrx_word' id='word_1_12' title='bbox 809 414 1065 474; x_wconf 75' lang='lat' dir='ltr'><strong>trecentis</strong></span> <span class='ocrx_word' id='word_1_13' title='bbox 1111 414 1354 472; x_wconf 83' lang='lat' dir='ltr'><strong>millibus</strong></span> <span class='ocrx_word' id='word_1_14' title='bbox 1382 416 1620 487; x_wconf 75' lang='lat' dir='ltr'><strong>peditum</strong></span> <span class='ocrx_word' id='word_1_15' title='bbox 1651 428 1703 472; x_wconf 87' lang='lat' dir='ltr'><strong>et</strong></span> <span class='ocrx_word' id='word_1_16' title='bbox 1726 434 1854 475; x_wconf 87' lang='lat' dir='ltr'><strong>een-</strong></span> <span class='ocrx_word' id='word_1_17' title='bbox 1882 423 1928 482; x_wconf 85' lang='grc' dir='ltr'><strong>Α</strong></span> <span class='ocrx_word' id='word_1_18' title='bbox 1961 418 2274 475; x_wconf 80' lang='lat' dir='ltr'><strong>Alexander</strong></span> <span class='ocrx_word' id='word_1_19' title='bbox 2317 418 2733 475; x_wconf 91' lang='lat' dir='ltr'><strong>Parmenionem</strong></span> <span class='ocrx_word' id='word_1_20' title='bbox 2764 416 2831 474; x_wconf 87' lang='lat' dir='ltr'><strong>ad</strong></span> <span class='ocrx_word' id='word_1_21' title='bbox 2871 416 3233 476; x_wconf 82' lang='lat' dir='ltr'><strong>invadendam</strong></span> <span class='ocrx_word' id='word_1_22' title='bbox 3274 416 3553 478; x_wconf 69' lang='lat' dir='ltr'><strong>Persicam</strong></span> 
     </span>
    </p>
   </div>
   <div class='ocr_carea' id='block_1_5' title="bbox 249 510 1844 581">
    <p class='ocr_par' dir='ltr' id='par_1_5' title="bbox 249 510 1844 581">
     <span class='ocr_line' id='line_1_5' title="bbox 249 510 1844 581; baseline 0 -14"><span class='ocrx_word' id='word_1_23' title='bbox 249 520 361 567; x_wconf 90' lang='lat' dir='ltr'><strong>tum</strong></span> <span class='ocrx_word' id='word_1_24' title='bbox 396 511 635 566; x_wconf 91' lang='lat' dir='ltr'><strong>millibus</strong></span> <span class='ocrx_word' id='word_1_25' title='bbox 680 512 928 581; x_wconf 75' lang='lat' dir='ltr'><strong>equitum</strong></span> <span class='ocrx_word' id='word_1_26' title='bbox 969 510 1024 566; x_wconf 92' lang='lat' dir='ltr'><strong>in</strong></span> <span class='ocrx_word' id='word_1_27' title='bbox 1073 511 1246 566; x_wconf 91' lang='lat' dir='ltr'><strong>aciem</strong></span> <span class='ocrx_word' id='word_1_28' title='bbox 1281 510 1546 580; x_wconf 82' lang='lat' dir='ltr'><strong>procedit.</strong></span> <span class='ocrx_word' id='word_1_29' title='bbox 1596 511 1844 567; x_wconf 82' lang='lat' dir='ltr'><strong>Movebat</strong></span> 
     </span>
    </p>
   </div>
   <div class='ocr_carea' id='block_1_6' title="bbox 250 601 1840 663">
    <p class='ocr_par' dir='ltr' id='par_1_6' title="bbox 250 601 1840 663">
     <span class='ocr_line' id='line_1_6' title="bbox 250 601 1840 663; baseline 0.001 -6"><span class='ocrx_word' id='word_1_30' title='bbox 250 602 367 659; x_wconf 68' lang='lat' dir='ltr'><strong>haec</strong></span> <span class='ocrx_word' id='word_1_31' title='bbox 398 603 688 659; x_wconf 84' lang='lat' dir='ltr'><strong>multitudo</strong></span> <span class='ocrx_word' id='word_1_32' title='bbox 719 602 955 663; x_wconf 84' lang='lat' dir='ltr'><strong>hostium</strong></span> <span class='ocrx_word' id='word_1_33' title='bbox 984 602 1146 659; x_wconf 88' lang='lat' dir='ltr'><strong>etiam</strong></span> <span class='ocrx_word' id='word_1_34' title='bbox 1173 601 1553 659; x_wconf 80' lang='lat' dir='ltr'><strong>Alexandrum</strong></span> <span class='ocrx_word' id='word_1_35' title='bbox 1597 604 1840 660; x_wconf 78' lang='lat' dir='ltr'><strong>maxime</strong></span> 
     </span>
    </p>
   </div>
   <div class='ocr_carea' id='block_1_7' title="bbox 246 692 1843 766">
    <p class='ocr_par' dir='ltr' id='par_1_7' title="bbox 246 692 1843 766">
     <span class='ocr_line' id='line_1_7' title="bbox 246 692 1843 766; baseline 0.001 -16"><span class='ocrx_word' id='word_1_36' title='bbox 246 703 502 765; x_wconf 88' lang='lat' dir='ltr'><strong>respectu</strong></span> <span class='ocrx_word' id='word_1_37' title='bbox 550 692 839 765; x_wconf 76' lang='lat' dir='ltr'><strong>paucitatis</strong></span> <span class='ocrx_word' id='word_1_38' title='bbox 869 709 1013 762; x_wconf 71' lang='lat' dir='ltr'><strong>sum,</strong></span> <span class='ocrx_word' id='word_1_39' title='bbox 1046 696 1293 765; x_wconf 85' lang='lat' dir='ltr'><strong>quamvis</strong></span> <span class='ocrx_word' id='word_1_40' title='bbox 1334 695 1445 766; x_wconf 85' lang='lat' dir='ltr'><strong>jam</strong></span> <span class='ocrx_word' id='word_1_41' title='bbox 1477 694 1684 765; x_wconf 91' lang='lat' dir='ltr'><strong>pridem</strong></span> <span class='ocrx_word' id='word_1_42' title='bbox 1718 711 1843 751; x_wconf 83' lang='lat' dir='ltr'><strong>sex-</strong></span> 
     </span>
    </p>
   </div>
   <div class='ocr_carea' id='block_1_8' title="bbox 242 785 1829 857">
    <p class='ocr_par' dir='ltr' id='par_1_8' title="bbox 242 785 1829 857">
     <span class='ocr_line' id='line_1_8' title="bbox 242 785 1829 857; baseline 0.001 -14"><span class='ocrx_word' id='word_1_43' title='bbox 242 795 399 843; x_wconf 88' lang='lat' dir='ltr'><strong>centa</strong></span> <span class='ocrx_word' id='word_1_44' title='bbox 431 786 601 841; x_wconf 76' lang='lat' dir='ltr'><strong>millia</strong></span> <span class='ocrx_word' id='word_1_45' title='bbox 630 787 866 841; x_wconf 85' lang='lat' dir='ltr'><strong>hostium</strong></span> <span class='ocrx_word' id='word_1_46' title='bbox 896 785 1084 842; x_wconf 89' lang='lat' dir='ltr'><strong>eadem</strong></span> <span class='ocrx_word' id='word_1_47' title='bbox 1116 786 1390 856; x_wconf 84' lang='lat' dir='ltr'><strong>paucitate</strong></span> <span class='ocrx_word' id='word_1_48' title='bbox 1418 787 1693 857; x_wconf 83' lang='lat' dir='ltr'><strong>superatis</strong></span> <span class='ocrx_word' id='word_1_49' title='bbox 1722 802 1829 844; x_wconf 90' lang='lat' dir='ltr'><strong>non</strong></span> 
     </span>
    </p>
   </div>
   <div class='ocr_carea' id='block_1_9' title="bbox 238 877 1833 950">
    <p class='ocr_par' dir='ltr' id='par_1_9' title="bbox 238 877 1833 950">
     <span class='ocr_line' id='line_1_9' title="bbox 238 877 1833 950; baseline 0.001 -16"><span class='ocrx_word' id='word_1_50' title='bbox 238 878 418 935; x_wconf 89' lang='lat' dir='ltr'><strong>solum</strong></span> <span class='ocrx_word' id='word_1_51' title='bbox 445 894 551 932; x_wconf 89' lang='lat' dir='ltr'><strong>non</strong></span> <span class='ocrx_word' id='word_1_52' title='bbox 578 878 767 934; x_wconf 89' lang='lat' dir='ltr'><strong>timere</strong></span> <span class='ocrx_word' id='word_1_53' title='bbox 798 892 1055 950; x_wconf 83' lang='lat' dir='ltr'><strong>pugnam,</strong></span> <span class='ocrx_word' id='word_1_54' title='bbox 1081 877 1175 933; x_wconf 92' lang='lat' dir='ltr'><strong>sed</strong></span> <span class='ocrx_word' id='word_1_55' title='bbox 1206 878 1367 934; x_wconf 88' lang='lat' dir='ltr'><strong>etiam</strong></span> <span class='ocrx_word' id='word_1_56' title='bbox 1394 878 1675 934; x_wconf 80' lang='lat' dir='ltr'><strong>victoriam</strong></span> <span class='ocrx_word' id='word_1_57' title='bbox 1706 893 1833 949; x_wconf 71' lang='lat' dir='ltr'><strong>sre-</strong></span> 
     </span>
    </p>
   </div>
   <div class='ocr_carea' id='block_1_10' title="bbox 241 968 1834 1042">
    <p class='ocr_par' dir='ltr' id='par_1_10' title="bbox 241 968 1834 1042">
     <span class='ocr_line' id='line_1_10' title="bbox 241 968 1834 1042; baseline 0.001 -17"><span class='ocrx_word' id='word_1_58' title='bbox 241 984 365 1026; x_wconf 87' lang='lat' dir='ltr'><strong>rare</strong></span> <span class='ocrx_word' id='word_1_59' title='bbox 395 969 692 1026; x_wconf 88' lang='lat' dir='ltr'><strong>didicisset.</strong></span> <span class='ocrx_word' id='word_1_60' title='bbox 726 969 914 1042; x_wconf 87' lang='lat' dir='ltr'><strong>Itaque</strong></span> <span class='ocrx_word' id='word_1_61' title='bbox 948 984 1071 1025; x_wconf 91' lang='lat' dir='ltr'><strong>cum</strong></span> <span class='ocrx_word' id='word_1_62' title='bbox 1106 969 1245 1025; x_wconf 91' lang='lat' dir='ltr'><strong>intra</strong></span> <span class='ocrx_word' id='word_1_63' title='bbox 1263 968 1468 1041; x_wconf 91' lang='lat' dir='ltr'><strong>jactum</strong></span> <span class='ocrx_word' id='word_1_64' title='bbox 1495 969 1585 1025; x_wconf 89' lang='lat' dir='ltr'><strong>teli</strong></span> <span class='ocrx_word' id='word_1_65' title='bbox 1608 978 1834 1041; x_wconf 85' lang='lat' dir='ltr'><strong>uterque</strong></span> 
     </span>
    </p>
   </div>
   <div class='ocr_carea' id='block_1_11' title="bbox 240 1060 1829 1133">
    <p class='ocr_par' dir='ltr' id='par_1_11' title="bbox 240 1060 1829 1133">
     <span class='ocr_line' id='line_1_11' title="bbox 240 1060 1829 1133; baseline 0.001 -17"><span class='ocrx_word' id='word_1_66' title='bbox 240 1060 580 1117; x_wconf 89' lang='lat' dir='ltr'><strong>constitisset</strong></span> <span class='ocrx_word' id='word_1_67' title='bbox 610 1062 906 1131; x_wconf 77' lang='lat' dir='ltr'><strong>exercitus,</strong></span> <span class='ocrx_word' id='word_1_68' title='bbox 940 1070 996 1116; x_wconf 89' lang='lat' dir='ltr'><strong>et</strong></span> <span class='ocrx_word' id='word_1_69' title='bbox 1033 1061 1271 1118; x_wconf 88' lang='lat' dir='ltr'><strong>intentos</strong></span> <span class='ocrx_word' id='word_1_70' title='bbox 1303 1062 1346 1095; x_wconf 81' lang='grc'><strong>¹⁸</strong></span> <span class='ocrx_word' id='word_1_71' title='bbox 1365 1062 1433 1118; x_wconf 92' lang='lat' dir='ltr'><strong>ad</strong></span> <span class='ocrx_word' id='word_1_72' title='bbox 1457 1062 1670 1133; x_wconf 87' lang='lat' dir='ltr'><strong>signum</strong></span> <span class='ocrx_word' id='word_1_73' title='bbox 1705 1062 1829 1123; x_wconf 80' lang='lat' dir='ltr'><strong>belli</strong></span> 
     </span>
    </p>
   </div>
   <div class='ocr_carea' id='block_1_12' title="bbox 236 1151 1835 1223">
    <p class='ocr_par' dir='ltr' id='par_1_12' title="bbox 236 1151 1835 1223">
     <span class='ocr_line' id='line_1_12' title="bbox 236 1151 1835 1223; baseline 0.005 -18"><span class='ocrx_word' id='word_1_74' title='bbox 236 1152 474 1223; x_wconf 88' lang='lat' dir='ltr'><strong>populos</strong></span> <span class='ocrx_word' id='word_1_75' title='bbox 517 1151 885 1209; x_wconf 83' lang='lat' dir='ltr'><strong>discurrentes</strong></span> <span class='ocrx_word' id='word_1_76' title='bbox 936 1153 1208 1223; x_wconf 86' lang='lat' dir='ltr'><strong>principes</strong></span> <span class='ocrx_word' id='word_1_77' title='bbox 1248 1154 1413 1209; x_wconf 89' lang='lat' dir='ltr'><strong>variis</strong></span> <span class='ocrx_word' id='word_1_78' title='bbox 1467 1154 1835 1213; x_wconf 87' lang='lat' dir='ltr'><strong>incitamentis</strong></span> 
     </span>
    </p>
   </div>
   <div class='ocr_carea' id='block_1_13' title="bbox 231 1247 1836 1320">
    <p class='ocr_par' dir='ltr' id='par_1_13' title="bbox 231 1247 1836 1320">
     <span class='ocr_line' id='line_1_13' title="bbox 231 1247 1836 1320; baseline 0.002 -22"><span class='ocrx_word' id='word_1_79' title='bbox 231 1256 516 1311; x_wconf 89' lang='lat' dir='ltr'><strong>acuerent,</strong></span> <span class='ocrx_word' id='word_1_80' title='bbox 570 1247 880 1317; x_wconf 87' lang='lat' dir='ltr'><strong>ingentibus</strong></span> <span class='ocrx_word' id='word_1_81' title='bbox 918 1248 1192 1318; x_wconf 86' lang='lat' dir='ltr'><strong>utrimque</strong></span> <span class='ocrx_word' id='word_1_82' title='bbox 1230 1247 1425 1303; x_wconf 91' lang='lat' dir='ltr'><strong>animis</strong></span> <span class='ocrx_word' id='word_1_83' title='bbox 1466 1262 1642 1320; x_wconf 88' lang='lat' dir='ltr'><strong>pugna</strong></span> <span class='ocrx_word' id='word_1_84' title='bbox 1685 1262 1836 1301; x_wconf 89' lang='lat' dir='ltr'><strong>com-</strong></span> 
     </span>
    </p>
   </div>
   <div class='ocr_carea' id='block_1_14' title="bbox 231 1340 1836 1415">
    <p class='ocr_par' dir='ltr' id='par_1_14' title="bbox 231 1340 1836 1415">
     <span class='ocr_line' id='line_1_14' title="bbox 231 1340 1836 1415; baseline 0.002 -20"><span class='ocrx_word' id='word_1_85' title='bbox 231 1340 495 1398; x_wconf 87' lang='lat' dir='ltr'><strong>mittitur.</strong></span> <span class='ocrx_word' id='word_1_86' title='bbox 552 1341 607 1397; x_wconf 92' lang='lat' dir='ltr'><strong>ln</strong></span> <span class='ocrx_word' id='word_1_87' title='bbox 658 1358 762 1413; x_wconf 84' lang='lat' dir='ltr'><strong>qua</strong></span> <span class='ocrx_word' id='word_1_88' title='bbox 820 1342 1185 1415; x_wconf 72' lang='lat' dir='ltr'><strong>ambO‘rcges</strong></span> <span class='ocrx_word' id='word_1_89' title='bbox 1241 1344 1283 1377; x_wconf 77' lang='lat'>”</span> <span class='ocrx_word' id='word_1_90' title='bbox 1324 1352 1382 1398; x_wconf 92' lang='lat' dir='ltr'><strong>et</strong></span> <span class='ocrx_word' id='word_1_91' title='bbox 1428 1342 1739 1399; x_wconf 79' lang='lat' dir='ltr'><strong>Alexander</strong></span> <span class='ocrx_word' id='word_1_92' title='bbox 1779 1351 1836 1399; x_wconf 87' lang='lat' dir='ltr'><strong>et</strong></span> 
     </span>
    </p>
   </div>
   <div class='ocr_carea' id='block_1_15' title="bbox 229 1434 1835 1505">
    <p class='ocr_par' dir='ltr' id='par_1_15' title="bbox 229 1434 1835 1505">
     <span class='ocr_line' id='line_1_15' title="bbox 229 1434 1835 1505; baseline 0.001 -16"><span class='ocrx_word' id='word_1_93' title='bbox 229 1434 434 1490; x_wconf 87' lang='lat' dir='ltr'><strong>Darius</strong></span> <span class='ocrx_word' id='word_1_94' title='bbox 468 1435 871 1492; x_wconf 77' lang='lat' dir='ltr'><strong>vulnerantur:</strong></span> <span class='ocrx_word' id='word_1_95' title='bbox 912 1450 978 1492; x_wconf 89' lang='lat' dir='ltr'><strong>ac</strong></span> <span class='ocrx_word' id='word_1_96' title='bbox 1024 1445 1131 1490; x_wconf 91' lang='lat' dir='ltr'><strong>tam</strong></span> <span class='ocrx_word' id='word_1_97' title='bbox 1183 1435 1275 1491; x_wconf 92' lang='lat' dir='ltr'><strong>diu</strong></span> <span class='ocrx_word' id='word_1_98' title='bbox 1315 1446 1592 1491; x_wconf 86' lang='lat' dir='ltr'><strong>certamen</strong></span> <span class='ocrx_word' id='word_1_99' title='bbox 1630 1449 1835 1505; x_wconf 88' lang='lat' dir='ltr'><strong>anceps</strong></span> 
     </span>
    </p>
   </div>
   <div class='ocr_carea' id='block_1_16' title="bbox 226 1526 1836 1601">
    <p class='ocr_par' dir='ltr' id='par_1_16' title="bbox 226 1526 1836 1601">
     <span class='ocr_line' id='line_1_16' title="bbox 226 1526 1836 1601; baseline 0.002 -21"><span class='ocrx_word' id='word_1_100' title='bbox 226 1526 356 1595; x_wconf 73' lang='lat' dir='ltr'><strong>fuit,</strong></span> <span class='ocrx_word' id='word_1_101' title='bbox 409 1530 455 1562; x_wconf 77' lang='grc' dir='ltr'><strong><em>ὀ</em></strong></span> <span class='ocrx_word' id='word_1_102' title='bbox 507 1528 682 1601; x_wconf 88' lang='lat' dir='ltr'><strong>quoad</strong></span> <span class='ocrx_word' id='word_1_103' title='bbox 734 1528 945 1599; x_wconf 86' lang='lat' dir='ltr'><strong>fugeret</strong></span> <span class='ocrx_word' id='word_1_104' title='bbox 988 1528 1204 1583; x_wconf 81' lang='lat' dir='ltr'><strong>Darius.</strong></span> <span class='ocrx_word' id='word_1_105' title='bbox 1248 1528 1455 1584; x_wconf 76' lang='lat' dir='ltr'><strong>Exinde</strong></span> <span class='ocrx_word' id='word_1_106' title='bbox 1486 1528 1662 1583; x_wconf 82' lang='lat' dir='ltr'><strong>caedes</strong></span> <span class='ocrx_word' id='word_1_107' title='bbox 1704 1527 1836 1584; x_wconf 87' lang='lat' dir='ltr'><strong>Pcr-</strong></span> 
     </span>
    </p>
   </div>
   <div class='ocr_carea' id='block_1_17' title="bbox 219 1619 1832 1695">
    <p class='ocr_par' dir='ltr' id='par_1_17' title="bbox 219 1619 1832 1695">
     <span class='ocr_line' id='line_1_17' title="bbox 219 1619 1832 1695; baseline -0.001 -19"><span class='ocrx_word' id='word_1_108' title='bbox 219 1636 412 1677; x_wconf 88' lang='lat' dir='ltr'><strong>sarum</strong></span> <span class='ocrx_word' id='word_1_109' title='bbox 444 1622 601 1695; x_wconf 78' lang='lat'><strong>183</strong></span> <span class='ocrx_word' id='word_1_110' title='bbox 626 1630 814 1678; x_wconf 89' lang='lat' dir='ltr'><strong>secuta</strong></span> <span class='ocrx_word' id='word_1_111' title='bbox 842 1628 944 1677; x_wconf 89' lang='lat' dir='ltr'><strong>est.</strong></span> <span class='ocrx_word' id='word_1_112' title='bbox 973 1620 1053 1676; x_wconf 91' lang='lat' dir='ltr'><strong>Ibi</strong></span> <span class='ocrx_word' id='word_1_113' title='bbox 1079 1630 1206 1675; x_wconf 87' lang='lat' dir='ltr'><strong>tunc</strong></span> <span class='ocrx_word' id='word_1_114' title='bbox 1227 1621 1268 1651; x_wconf 82' lang='lat'><strong>&quot;</strong></span> <span class='ocrx_word' id='word_1_115' title='bbox 1289 1619 1532 1691; x_wconf 88' lang='lat' dir='ltr'><strong>peditum</strong></span> <span class='ocrx_word' id='word_1_116' title='bbox 1561 1620 1832 1691; x_wconf 82' lang='lat' dir='ltr'><strong>octoginta</strong></span> 
     </span>
    </p>
   </div>
   <div class='ocr_carea' id='block_1_18' title="bbox 218 1711 1833 1787">
    <p class='ocr_par' dir='ltr' id='par_1_18' title="bbox 218 1711 1833 1787">
     <span class='ocr_line' id='line_1_18' title="bbox 218 1711 1833 1787; baseline -0.002 -18"><span class='ocrx_word' id='word_1_117' title='bbox 218 1714 422 1781; x_wconf 88' lang='lat' dir='ltr'><strong>millia,</strong></span> <span class='ocrx_word' id='word_1_118' title='bbox 448 1716 689 1787; x_wconf 90' lang='lat' dir='ltr'><strong>equitum</strong></span> <span class='ocrx_word' id='word_1_119' title='bbox 712 1711 904 1769; x_wconf 89' lang='lat' dir='ltr'><strong>decem</strong></span> <span class='ocrx_word' id='word_1_120' title='bbox 935 1712 1099 1767; x_wconf 89' lang='lat' dir='ltr'><strong>millia</strong></span> <span class='ocrx_word' id='word_1_121' title='bbox 1126 1726 1292 1778; x_wconf 85' lang='lat' dir='ltr'><strong>caesa,</strong></span> <span class='ocrx_word' id='word_1_122' title='bbox 1319 1721 1474 1782; x_wconf 87' lang='lat' dir='ltr'><strong>capta</strong></span> <span class='ocrx_word' id='word_1_123' title='bbox 1500 1720 1684 1767; x_wconf 88' lang='lat' dir='ltr'><strong>autem</strong></span> <span class='ocrx_word' id='word_1_124' title='bbox 1706 1726 1833 1782; x_wconf 84' lang='lat' dir='ltr'><strong>qua-</strong></span> 
     </span>
    </p>
   </div>
   <div class='ocr_carea' id='block_1_19' title="bbox 1945 510 3542 583">
    <p class='ocr_par' dir='ltr' id='par_1_19' title="bbox 1945 510 3542 583">
     <span class='ocr_line' id='line_1_19' title="bbox 1945 510 3542 583; baseline 0.001 -17"><span class='ocrx_word' id='word_1_125' title='bbox 1945 511 2178 568; x_wconf 89' lang='lat' dir='ltr'><strong>classcm</strong></span> <span class='ocrx_word' id='word_1_126' title='bbox 2209 526 2335 566; x_wconf 90' lang='lat' dir='ltr'><strong>cum</strong></span> <span class='ocrx_word' id='word_1_127' title='bbox 2365 511 2542 582; x_wconf 88' lang='lat' dir='ltr'><strong>copiis</strong></span> <span class='ocrx_word' id='word_1_128' title='bbox 2573 510 2760 575; x_wconf 89' lang='lat' dir='ltr'><strong>mittit,</strong></span> <span class='ocrx_word' id='word_1_129' title='bbox 2795 512 2913 582; x_wconf 91' lang='lat' dir='ltr'><strong>ipse</strong></span> <span class='ocrx_word' id='word_1_130' title='bbox 2951 510 3006 565; x_wconf 90' lang='lat' dir='ltr'><strong>in</strong></span> <span class='ocrx_word' id='word_1_131' title='bbox 3038 511 3251 583; x_wconf 83' lang='lat' dir='ltr'><strong>Syriam</strong></span> <span class='ocrx_word' id='word_1_132' title='bbox 3288 515 3542 580; x_wconf 81' lang='lat' dir='ltr'><strong>proficis-</strong></span> 
     </span>
    </p>
   </div>
   <div class='ocr_carea' id='block_1_20' title="bbox 1945 601 3556 674">
    <p class='ocr_par' dir='ltr' id='par_1_20' title="bbox 1945 601 3556 674">
     <span class='ocr_line' id='line_1_20' title="bbox 1945 601 3556 674; baseline 0.001 -15"><span class='ocrx_word' id='word_1_133' title='bbox 1945 603 2110 671; x_wconf 87' lang='lat' dir='ltr'><strong>citur,</strong></span> <span class='ocrx_word' id='word_1_134' title='bbox 2142 603 2217 659; x_wconf 87' lang='lat' dir='ltr'><strong>ibi</strong></span> <span class='ocrx_word' id='word_1_135' title='bbox 2252 618 2317 659; x_wconf 82' lang='lat' dir='ltr'><strong>ex</strong></span> <span class='ocrx_word' id='word_1_136' title='bbox 2351 602 2542 659; x_wconf 88' lang='lat' dir='ltr'><strong>multis</strong></span> <span class='ocrx_word' id='word_1_137' title='bbox 2573 602 2679 658; x_wconf 91' lang='lat' dir='ltr'><strong>sibi</strong></span> <span class='ocrx_word' id='word_1_138' title='bbox 2709 602 2756 633; x_wconf 72' lang='grc'><strong>’⁸⁵</strong></span> <span class='ocrx_word' id='word_1_139' title='bbox 2785 601 3007 674; x_wconf 67' lang='lat' dir='ltr'><strong>regibus</strong></span> <span class='ocrx_word' id='word_1_140' title='bbox 3035 617 3157 659; x_wconf 90' lang='lat' dir='ltr'><strong>cum</strong></span> <span class='ocrx_word' id='word_1_141' title='bbox 3193 602 3376 658; x_wconf 80' lang='lat' dir='ltr'><strong>infulis</strong></span> <span class='ocrx_word' id='word_1_142' title='bbox 3408 606 3556 661; x_wconf 89' lang='lat' dir='ltr'><strong>ultro</strong></span> 
     </span>
    </p>
   </div>
   <div class='ocr_carea' id='block_1_21' title="bbox 1943 696 3551 774">
    <p class='ocr_par' dir='ltr' id='par_1_21' title="bbox 1943 696 3551 774">
     <span class='ocr_line' id='line_1_21' title="bbox 1943 696 3551 774; baseline 0.002 -22"><span class='ocrx_word' id='word_1_143' title='bbox 1943 697 2377 762; x_wconf 84' lang='lat' dir='ltr'><strong>occurrentibus,</strong></span> <span class='ocrx_word' id='word_1_144' title='bbox 2415 696 2461 729; x_wconf 79' lang='lat'>&quot;</span> <span class='ocrx_word' id='word_1_145' title='bbox 2492 696 2634 753; x_wconf 90' lang='lat' dir='ltr'><strong>alios</strong></span> <span class='ocrx_word' id='word_1_146' title='bbox 2660 696 2886 768; x_wconf 82' lang='lat' dir='ltr'><strong>adlegit,</strong></span> <span class='ocrx_word' id='word_1_147' title='bbox 2920 697 3055 752; x_wconf 89' lang='lat' dir='ltr'><strong>alios</strong></span> <span class='ocrx_word' id='word_1_148' title='bbox 3087 698 3346 768; x_wconf 74' lang='lat' dir='ltr'><strong>perdidit,</strong></span> <span class='ocrx_word' id='word_1_149' title='bbox 3372 702 3420 733; x_wconf 75' lang='grc'><strong>’⁵</strong></span> <span class='ocrx_word' id='word_1_150' title='bbox 3442 700 3551 774; x_wconf 83' lang='lat' dir='ltr'><strong>Ty-</strong></span> 
     </span>
    </p>
   </div>
   <div class='ocr_carea' id='block_1_22' title="bbox 1942 790 3543 869">
    <p class='ocr_par' dir='ltr' id='par_1_22' title="bbox 1942 790 3543 869">
     <span class='ocr_line' id='line_1_22' title="bbox 1942 790 3543 869; baseline 0.004 -25"><span class='ocrx_word' id='word_1_151' title='bbox 1942 805 2061 845; x_wconf 88' lang='lat' dir='ltr'><strong>rutn</strong></span> <span class='ocrx_word' id='word_1_152' title='bbox 2105 791 2297 845; x_wconf 90' lang='lat' dir='ltr'><strong>urbem</strong></span> <span class='ocrx_word' id='word_1_153' title='bbox 2331 790 2769 861; x_wconf 88' lang='lat' dir='ltr'><strong>antiquissimam</strong></span> <span class='ocrx_word' id='word_1_154' title='bbox 2800 800 2855 847; x_wconf 91' lang='lat' dir='ltr'><strong>et</strong></span> <span class='ocrx_word' id='word_1_155' title='bbox 2886 790 3364 869; x_wconf 79' lang='lat' dir='ltr'><strong>ﬂorentissimam,</strong></span> <span class='ocrx_word' id='word_1_156' title='bbox 3402 795 3543 851; x_wconf 85' lang='lat' dir='ltr'><strong>ﬁdu-</strong></span> 
     </span>
    </p>
   </div>
   <div class='ocr_carea' id='block_1_23' title="bbox 1942 881 3539 954">
    <p class='ocr_par' dir='ltr' id='par_1_23' title="bbox 1942 881 3539 954">
     <span class='ocr_line' id='line_1_23' title="bbox 1942 881 3539 954; baseline 0.006 -18"><span class='ocrx_word' id='word_1_157' title='bbox 1942 881 2024 936; x_wconf 82' lang='lat' dir='ltr'><strong>cia</strong></span> <span class='ocrx_word' id='word_1_158' title='bbox 2055 881 2592 954; x_wconf 77' lang='lat' dir='ltr'><strong>Carthaginiensium</strong></span> <span class='ocrx_word' id='word_1_159' title='bbox 2622 881 2725 938; x_wconf 91' lang='lat' dir='ltr'><strong>sibi</strong></span> <span class='ocrx_word' id='word_1_160' title='bbox 2762 891 3151 954; x_wconf 86' lang='lat' dir='ltr'><strong>cognatorum,</strong></span> <span class='ocrx_word' id='word_1_161' title='bbox 3179 885 3539 945; x_wconf 74' lang='lat' dir='ltr'><strong>obsistentem</strong></span> 
     </span>
    </p>
   </div>
   <div class='ocr_carea' id='block_1_24' title="bbox 1941 972 3541 1050">
    <p class='ocr_par' dir='ltr' id='par_1_24' title="bbox 1941 972 3541 1050">
     <span class='ocr_line' id='line_1_24' title="bbox 1941 972 3541 1050; baseline 0.004 -21"><span class='ocrx_word' id='word_1_162' title='bbox 1941 975 2218 1046; x_wconf 89' lang='lat' dir='ltr'><strong>oppressit</strong></span> <span class='ocrx_word' id='word_1_163' title='bbox 2248 984 2303 1031; x_wconf 88' lang='lat' dir='ltr'><strong>et</strong></span> <span class='ocrx_word' id='word_1_164' title='bbox 2323 976 2489 1045; x_wconf 88' lang='lat' dir='ltr'><strong>cepit.</strong></span> <span class='ocrx_word' id='word_1_165' title='bbox 2524 975 2662 1031; x_wconf 84' lang='lat' dir='ltr'><strong>Exin</strong></span> <span class='ocrx_word' id='word_1_166' title='bbox 2685 972 2956 1044; x_wconf 88' lang='lat' dir='ltr'><strong>Ciliciam,</strong></span> <span class='ocrx_word' id='word_1_167' title='bbox 2978 974 3232 1033; x_wconf 78' lang='lat' dir='ltr'><strong>Rhodum</strong></span> <span class='ocrx_word' id='word_1_168' title='bbox 3255 988 3419 1050; x_wconf 87' lang='lat' dir='ltr'><strong>atque</strong></span> <span class='ocrx_word' id='word_1_169' title='bbox 3444 980 3541 1036; x_wconf 64' lang='lat' dir='ltr'><strong>1E-</strong></span> 
     </span>
    </p>
   </div>
   <div class='ocr_carea' id='block_1_25' title="bbox 1938 1067 3546 1140">
    <p class='ocr_par' dir='ltr' id='par_1_25' title="bbox 1938 1067 3546 1140">
     <span class='ocr_line' id='line_1_25' title="bbox 1938 1067 3546 1140; baseline 0.003 -17"><span class='ocrx_word' id='word_1_170' title='bbox 1938 1077 2163 1140; x_wconf 78' lang='lat' dir='ltr'><strong>gyptum</strong></span> <span class='ocrx_word' id='word_1_171' title='bbox 2204 1068 2473 1139; x_wconf 88' lang='lat' dir='ltr'><strong>pertinaci</strong></span> <span class='ocrx_word' id='word_1_172' title='bbox 2516 1067 2701 1124; x_wconf 88' lang='lat' dir='ltr'><strong>furore</strong></span> <span class='ocrx_word' id='word_1_173' title='bbox 2734 1067 3001 1136; x_wconf 84' lang='lat' dir='ltr'><strong>pervadit.</strong></span> <span class='ocrx_word' id='word_1_174' title='bbox 3053 1069 3096 1100; x_wconf 85' lang='grc'><strong>³⁷</strong></span> <span class='ocrx_word' id='word_1_175' title='bbox 3126 1068 3256 1125; x_wconf 89' lang='lat' dir='ltr'><strong>Inde</strong></span> <span class='ocrx_word' id='word_1_176' title='bbox 3297 1070 3364 1125; x_wconf 92' lang='lat' dir='ltr'><strong>ad</strong></span> <span class='ocrx_word' id='word_1_177' title='bbox 3409 1083 3546 1128; x_wconf 70' lang='lat' dir='ltr'><strong>tem—</strong></span> 
     </span>
    </p>
   </div>
   <div class='ocr_carea' id='block_1_26' title="bbox 1939 1158 3544 1241">
    <p class='ocr_par' dir='ltr' id='par_1_26' title="bbox 1939 1158 3544 1241">
     <span class='ocr_line' id='line_1_26' title="bbox 1939 1158 3544 1241; baseline 0.002 -26"><span class='ocrx_word' id='word_1_178' title='bbox 1939 1161 2086 1231; x_wconf 92' lang='lat' dir='ltr'><strong>plum</strong></span> <span class='ocrx_word' id='word_1_179' title='bbox 2109 1161 2259 1217; x_wconf 90' lang='lat' dir='ltr'><strong>Jovis</strong></span> <span class='ocrx_word' id='word_1_180' title='bbox 2288 1158 2574 1217; x_wconf 79' lang='lat' dir='ltr'><strong>Ammonis</strong></span> <span class='ocrx_word' id='word_1_181' title='bbox 2602 1160 2798 1232; x_wconf 88' lang='lat' dir='ltr'><strong>pergit,</strong></span> <span class='ocrx_word' id='word_1_182' title='bbox 2829 1171 2888 1215; x_wconf 90' lang='lat' dir='ltr'><strong>ut</strong></span> <span class='ocrx_word' id='word_1_183' title='bbox 2915 1160 3201 1216; x_wconf 85' lang='lat' dir='ltr'><strong>mendacio</strong></span> <span class='ocrx_word' id='word_1_184' title='bbox 3220 1163 3266 1194; x_wconf 77' lang='grc'><strong>³⁸</strong></span> <span class='ocrx_word' id='word_1_185' title='bbox 3286 1162 3352 1219; x_wconf 88' lang='lat' dir='ltr'><strong>ad</strong></span> <span class='ocrx_word' id='word_1_186' title='bbox 3384 1164 3544 1241; x_wconf 64' lang='grc'><strong>184</strong></span> 
     </span>
    </p>
   </div>
   <div class='ocr_carea' id='block_1_27' title="bbox 1939 1252 3541 1325">
    <p class='ocr_par' dir='ltr' id='par_1_27' title="bbox 1939 1252 3541 1325">
     <span class='ocr_line' id='line_1_27' title="bbox 1939 1252 3541 1325; baseline 0.004 -19"><span class='ocrx_word' id='word_1_187' title='bbox 1939 1260 2152 1324; x_wconf 86' lang='lat' dir='ltr'><strong>tempus</strong></span> <span class='ocrx_word' id='word_1_188' title='bbox 2192 1252 2521 1322; x_wconf 92' lang='lat' dir='ltr'><strong>composito,</strong></span> <span class='ocrx_word' id='word_1_189' title='bbox 2552 1254 2596 1286; x_wconf 69' lang='grc'><strong>’³</strong></span> <span class='ocrx_word' id='word_1_190' title='bbox 2628 1253 2981 1324; x_wconf 79' lang='lat' dir='ltr'><strong>ignominiam</strong></span> <span class='ocrx_word' id='word_1_191' title='bbox 3019 1252 3121 1309; x_wconf 84' lang='lat' dir='ltr'><strong>sibi</strong></span> <span class='ocrx_word' id='word_1_192' title='bbox 3169 1253 3213 1285; x_wconf 78' lang='grc' dir='ltr'><strong>³ο</strong></span> <span class='ocrx_word' id='word_1_193' title='bbox 3254 1257 3427 1325; x_wconf 84' lang='lat' dir='ltr'><strong>patris</strong></span> <span class='ocrx_word' id='word_1_194' title='bbox 3459 1259 3541 1312; x_wconf 87' lang='lat' dir='ltr'><strong>iu-</strong></span> 
     </span>
    </p>
   </div>
   <div class='ocr_carea' id='block_1_28' title="bbox 1936 1343 3531 1405">
    <p class='ocr_par' dir='ltr' id='par_1_28' title="bbox 1936 1343 3531 1405">
     <span class='ocr_line' id='line_1_28' title="bbox 1936 1343 3531 1405; baseline 0.003 -4"><span class='ocrx_word' id='word_1_195' title='bbox 1936 1345 2071 1401; x_wconf 88' lang='lat' dir='ltr'><strong>ccrti</strong></span> <span class='ocrx_word' id='word_1_196' title='bbox 2101 1355 2155 1401; x_wconf 91' lang='lat' dir='ltr'><strong>et</strong></span> <span class='ocrx_word' id='word_1_197' title='bbox 2199 1344 2481 1399; x_wconf 88' lang='lat' dir='ltr'><strong>infamiam</strong></span> <span class='ocrx_word' id='word_1_198' title='bbox 2527 1343 2796 1400; x_wconf 75' lang='lat' dir='ltr'><strong>adultera:</strong></span> <span class='ocrx_word' id='word_1_199' title='bbox 2846 1344 3043 1400; x_wconf 88' lang='lat' dir='ltr'><strong>matris</strong></span> <span class='ocrx_word' id='word_1_200' title='bbox 3096 1346 3364 1401; x_wconf 86' lang='lat' dir='ltr'><strong>aboleret.</strong></span> <span class='ocrx_word' id='word_1_201' title='bbox 3399 1347 3531 1405; x_wconf 86' lang='lat' dir='ltr'><strong>Nam</strong></span> 
     </span>
    </p>
   </div>
   <div class='ocr_carea' id='block_1_29' title="bbox 1936 1436 3537 1508">
    <p class='ocr_par' dir='ltr' id='par_1_29' title="bbox 1936 1436 3537 1508">
     <span class='ocr_line' id='line_1_29' title="bbox 1936 1436 3537 1508; baseline 0.002 -14"><span class='ocrx_word' id='word_1_202' title='bbox 1936 1436 2260 1494; x_wconf 90' lang='lat' dir='ltr'><strong>arcessitum</strong></span> <span class='ocrx_word' id='word_1_203' title='bbox 2293 1437 2360 1492; x_wconf 91' lang='lat' dir='ltr'><strong>ad</strong></span> <span class='ocrx_word' id='word_1_204' title='bbox 2403 1451 2464 1493; x_wconf 91' lang='lat' dir='ltr'><strong>se</strong></span> <span class='ocrx_word' id='word_1_205' title='bbox 2490 1437 2601 1492; x_wconf 90' lang='lat' dir='ltr'><strong>fani</strong></span> <span class='ocrx_word' id='word_1_206' title='bbox 2636 1436 2812 1508; x_wconf 87' lang='lat' dir='ltr'><strong>ipsius</strong></span> <span class='ocrx_word' id='word_1_207' title='bbox 2842 1437 3178 1505; x_wconf 87' lang='lat' dir='ltr'><strong>antistitem,</strong></span> <span class='ocrx_word' id='word_1_208' title='bbox 3222 1453 3286 1495; x_wconf 80' lang='lat' dir='ltr'><strong>ex</strong></span> <span class='ocrx_word' id='word_1_209' title='bbox 3318 1443 3537 1498; x_wconf 87' lang='lat' dir='ltr'><strong>occulto</strong></span> 
     </span>
    </p>
   </div>
   <div class='ocr_carea' id='block_1_30' title="bbox 1936 1532 3536 1606">
    <p class='ocr_par' dir='ltr' id='par_1_30' title="bbox 1936 1532 3536 1606">
     <span class='ocr_line' id='line_1_30' title="bbox 1936 1532 3536 1606; baseline 0.001 -17"><span class='ocrx_word' id='word_1_210' title='bbox 1936 1533 2170 1600; x_wconf 86' lang='lat' dir='ltr'><strong>monuit,</strong></span> <span class='ocrx_word' id='word_1_211' title='bbox 2218 1532 2349 1605; x_wconf 88' lang='lat' dir='ltr'><strong>quid</strong></span> <span class='ocrx_word' id='word_1_212' title='bbox 2393 1532 2497 1588; x_wconf 88' lang='lat' dir='ltr'><strong>sibi</strong></span> <span class='ocrx_word' id='word_1_213' title='bbox 2529 1542 2803 1603; x_wconf 88' lang='lat' dir='ltr'><strong>tamquam</strong></span> <span class='ocrx_word' id='word_1_214' title='bbox 2848 1533 3160 1588; x_wconf 87' lang='lat' dir='ltr'><strong>consulenti</strong></span> <span class='ocrx_word' id='word_1_215' title='bbox 3212 1533 3536 1606; x_wconf 78' lang='lat' dir='ltr'><strong>responderi</strong></span> 
     </span>
    </p>
   </div>
   <div class='ocr_carea' id='block_1_31' title="bbox 1935 1622 3539 1692">
    <p class='ocr_par' dir='ltr' id='par_1_31' title="bbox 1935 1622 3539 1692">
     <span class='ocr_line' id='line_1_31' title="bbox 1935 1622 3539 1692; baseline 0.004 -14"><span class='ocrx_word' id='word_1_216' title='bbox 1935 1625 2092 1692; x_wconf 83' lang='lat' dir='ltr'><strong>velit,</strong></span> <span class='ocrx_word' id='word_1_217' title='bbox 2123 1624 2267 1682; x_wconf 82' lang='lat' dir='ltr'><strong>sicut</strong></span> <span class='ocrx_word' id='word_1_218' title='bbox 2293 1624 2541 1682; x_wconf 85' lang='lat' dir='ltr'><strong>historici</strong></span> <span class='ocrx_word' id='word_1_219' title='bbox 2572 1641 2761 1681; x_wconf 89' lang='lat' dir='ltr'><strong>eorum</strong></span> <span class='ocrx_word' id='word_1_220' title='bbox 2800 1622 3009 1681; x_wconf 90' lang='lat' dir='ltr'><strong>dicunt.</strong></span> <span class='ocrx_word' id='word_1_221' title='bbox 3060 1625 3135 1680; x_wconf 89' lang='lat' dir='ltr'><strong>Ita</strong></span> <span class='ocrx_word' id='word_1_222' title='bbox 3178 1638 3362 1683; x_wconf 88' lang='lat' dir='ltr'><strong>certus</strong></span> <span class='ocrx_word' id='word_1_223' title='bbox 3412 1629 3539 1685; x_wconf 82' lang='lat' dir='ltr'><strong>Ale-</strong></span> 
     </span>
    </p>
   </div>
   <div class='ocr_carea' id='block_1_32' title="bbox 1932 1716 3535 1789">
    <p class='ocr_par' dir='ltr' id='par_1_32' title="bbox 1932 1716 3535 1789">
     <span class='ocr_line' id='line_1_32' title="bbox 1932 1716 3535 1789; baseline 0.003 -17"><span class='ocrx_word' id='word_1_224' title='bbox 1932 1718 2145 1773; x_wconf 80' lang='lat' dir='ltr'><strong>xander</strong></span> <span class='ocrx_word' id='word_1_225' title='bbox 2182 1716 2310 1784; x_wconf 87' lang='lat' dir='ltr'><strong>fuit,</strong></span> <span class='ocrx_word' id='word_1_226' title='bbox 2359 1717 2631 1787; x_wconf 88' lang='lat' dir='ltr'><strong>nobisque</strong></span> <span class='ocrx_word' id='word_1_227' title='bbox 2672 1716 2934 1789; x_wconf 87' lang='lat' dir='ltr'><strong>prodidit,</strong></span> <span class='ocrx_word' id='word_1_228' title='bbox 2964 1716 3069 1773; x_wconf 91' lang='lat' dir='ltr'><strong>diis</strong></span> <span class='ocrx_word' id='word_1_229' title='bbox 3112 1717 3245 1787; x_wconf 87' lang='lat' dir='ltr'><strong>ipsis</strong></span> <span class='ocrx_word' id='word_1_230' title='bbox 3285 1723 3452 1776; x_wconf 90' lang='lat' dir='ltr'><strong>mutis</strong></span> <span class='ocrx_word' id='word_1_231' title='bbox 3479 1728 3535 1777; x_wconf 87' lang='lat' dir='ltr'><strong>et</strong></span> 
     </span>
    </p>
   </div>
   <div class='ocr_carea' id='block_1_33' title="bbox 216 1803 3531 1884">
    <p class='ocr_par' dir='ltr' id='par_1_33' title="bbox 216 1803 3531 1884">
     <span class='ocr_line' id='line_1_33' title="bbox 216 1803 3531 1884; baseline 0.004 -26"><span class='ocrx_word' id='word_1_232' title='bbox 216 1804 483 1876; x_wconf 84' lang='lat' dir='ltr'><strong>draginta</strong></span> <span class='ocrx_word' id='word_1_233' title='bbox 512 1805 684 1860; x_wconf 91' lang='lat' dir='ltr'><strong>millia</strong></span> <span class='ocrx_word' id='word_1_234' title='bbox 724 1803 896 1861; x_wconf 92' lang='lat' dir='ltr'><strong>fuere.</strong></span> <span class='ocrx_word' id='word_1_235' title='bbox 922 1805 967 1836; x_wconf 82' lang='grc'>²²</span> <span class='ocrx_word' id='word_1_236' title='bbox 1000 1803 1081 1861; x_wconf 79' lang='lat' dir='ltr'><strong>Es</strong></span> <span class='ocrx_word' id='word_1_237' title='bbox 1110 1803 1491 1860; x_wconf 83' lang='lat' dir='ltr'><strong>Macedonibus</strong></span> <span class='ocrx_word' id='word_1_238' title='bbox 1525 1817 1659 1858; x_wconf 89' lang='lat' dir='ltr'><strong>vero</strong></span> <span class='ocrx_word' id='word_1_239' title='bbox 1682 1803 1824 1858; x_wconf 88' lang='lat' dir='ltr'><strong>ceci—</strong></span> <span class='ocrx_word' id='word_1_240' title='bbox 1857 1813 1906 1874; x_wconf 82' lang='grc' dir='ltr'><strong>Β</strong></span> <span class='ocrx_word' id='word_1_241' title='bbox 1934 1812 2143 1880; x_wconf 76' lang='lat' dir='ltr'><strong>surdis,</strong></span> <span class='ocrx_word' id='word_1_242' title='bbox 2170 1811 2255 1867; x_wconf 90' lang='lat' dir='ltr'><strong>vel</strong></span> <span class='ocrx_word' id='word_1_243' title='bbox 2288 1813 2341 1866; x_wconf 91' lang='lat' dir='ltr'><strong>in</strong></span> <span class='ocrx_word' id='word_1_244' title='bbox 2368 1819 2637 1881; x_wconf 88' lang='lat' dir='ltr'><strong>p0testate</strong></span> <span class='ocrx_word' id='word_1_245' title='bbox 2662 1826 2787 1868; x_wconf 89' lang='lat' dir='ltr'><strong>esse</strong></span> <span class='ocrx_word' id='word_1_246' title='bbox 2813 1811 3076 1866; x_wconf 88' lang='lat' dir='ltr'><strong>antistitis</strong></span> <span class='ocrx_word' id='word_1_247' title='bbox 3106 1812 3235 1884; x_wconf 90' lang='lat' dir='ltr'><strong>quid</strong></span> <span class='ocrx_word' id='word_1_248' title='bbox 3270 1814 3400 1870; x_wconf 81' lang='lat' dir='ltr'><strong>velit</strong></span> <span class='ocrx_word' id='word_1_249' title='bbox 3428 1815 3531 1871; x_wconf 87' lang='lat' dir='ltr'><strong>lin-</strong></span> 
     </span>
    </p>
   </div>
   <div class='ocr_carea' id='block_1_34' title="bbox 209 1893 1826 1969">
    <p class='ocr_par' dir='ltr' id='par_1_34' title="bbox 209 1893 1826 1969">
     <span class='ocr_line' id='line_1_34' title="bbox 209 1893 1826 1969; baseline -0.001 -17"><span class='ocrx_word' id='word_1_250' title='bbox 209 1898 361 1956; x_wconf 88' lang='lat' dir='ltr'><strong>dere</strong></span> <span class='ocrx_word' id='word_1_251' title='bbox 387 1899 597 1969; x_wconf 84' lang='lat' dir='ltr'><strong>pedites</strong></span> <span class='ocrx_word' id='word_1_252' title='bbox 614 1905 832 1953; x_wconf 87' lang='lat' dir='ltr'><strong>centum</strong></span> <span class='ocrx_word' id='word_1_253' title='bbox 861 1895 1101 1967; x_wconf 77' lang='lat' dir='ltr'><strong>triginta,</strong></span> <span class='ocrx_word' id='word_1_254' title='bbox 1127 1895 1339 1966; x_wconf 87' lang='lat' dir='ltr'><strong>equites</strong></span> <span class='ocrx_word' id='word_1_255' title='bbox 1360 1904 1574 1950; x_wconf 87' lang='lat' dir='ltr'><strong>centum</strong></span> <span class='ocrx_word' id='word_1_256' title='bbox 1597 1893 1826 1965; x_wconf 90' lang='lat' dir='ltr'><strong>etquin-</strong></span> 
     </span>
    </p>
   </div>
   <div class='ocr_carea' id='block_1_35' title="bbox 206 1984 1824 2060">
    <p class='ocr_par' dir='ltr' id='par_1_35' title="bbox 206 1984 1824 2060">
     <span class='ocr_line' id='line_1_35' title="bbox 206 1984 1824 2060; baseline -0.002 -17"><span class='ocrx_word' id='word_1_257' title='bbox 206 1990 509 2060; x_wconf 80' lang='lat' dir='ltr'><strong>quaginta.</strong></span> <span class='ocrx_word' id='word_1_258' title='bbox 534 1990 592 2045; x_wconf 85' lang='lat' dir='ltr'><strong>ln</strong></span> <span class='ocrx_word' id='word_1_259' title='bbox 621 1989 817 2045; x_wconf 87' lang='lat' dir='ltr'><strong>castris</strong></span> <span class='ocrx_word' id='word_1_260' title='bbox 840 1987 1152 2053; x_wconf 85' lang='lat' dir='ltr'><strong>Persarum,</strong></span> <span class='ocrx_word' id='word_1_261' title='bbox 1191 1985 1419 2042; x_wconf 90' lang='lat' dir='ltr'><strong>multum</strong></span> <span class='ocrx_word' id='word_1_262' title='bbox 1446 1984 1565 2041; x_wconf 88' lang='lat' dir='ltr'><strong>auri</strong></span> <span class='ocrx_word' id='word_1_263' title='bbox 1593 1994 1824 2041; x_wconf 67' lang='lat' dir='ltr'><strong>cratera-</strong></span> 
     </span>
    </p>
   </div>
   <div class='ocr_carea' id='block_1_36' title="bbox 209 2079 1824 2154">
    <p class='ocr_par' dir='ltr' id='par_1_36' title="bbox 209 2079 1824 2154">
     <span class='ocr_line' id='line_1_36' title="bbox 209 2079 1824 2154; baseline -0.002 -16"><span class='ocrx_word' id='word_1_264' title='bbox 209 2097 462 2153; x_wconf 84' lang='lat' dir='ltr'><strong>rtunque</strong></span> <span class='ocrx_word' id='word_1_265' title='bbox 488 2098 653 2152; x_wconf 91' lang='lat' dir='ltr'><strong>opum</strong></span> <span class='ocrx_word' id='word_1_266' title='bbox 682 2082 729 2116; x_wconf 80' lang='grc'>³³</span> <span class='ocrx_word' id='word_1_267' title='bbox 753 2088 1029 2154; x_wconf 90' lang='lat' dir='ltr'><strong>repertum</strong></span> <span class='ocrx_word' id='word_1_268' title='bbox 1052 2090 1155 2136; x_wconf 89' lang='lat' dir='ltr'><strong>est.</strong></span> <span class='ocrx_word' id='word_1_269' title='bbox 1179 2079 1326 2137; x_wconf 87' lang='lat' dir='ltr'><strong>Inter</strong></span> <span class='ocrx_word' id='word_1_270' title='bbox 1348 2079 1590 2151; x_wconf 89' lang='lat' dir='ltr'><strong>captivos</strong></span> <span class='ocrx_word' id='word_1_271' title='bbox 1614 2090 1824 2135; x_wconf 78' lang='lat' dir='ltr'><strong>casun-</strong></span> 
     </span>
    </p>
   </div>
   <div class='ocr_carea' id='block_1_37' title="bbox 208 2169 1820 2242">
    <p class='ocr_par' dir='ltr' id='par_1_37' title="bbox 208 2169 1820 2242">
     <span class='ocr_line' id='line_1_37' title="bbox 208 2169 1820 2242; baseline -0.002 -13"><span class='ocrx_word' id='word_1_272' title='bbox 208 2186 367 2242; x_wconf 86' lang='lat' dir='ltr'><strong>rum,</strong></span> <span class='ocrx_word' id='word_1_273' title='bbox 418 2184 593 2227; x_wconf 85' lang='lat' dir='ltr'><strong>mater</strong></span> <span class='ocrx_word' id='word_1_274' title='bbox 622 2181 678 2228; x_wconf 91' lang='lat' dir='ltr'><strong>et</strong></span> <span class='ocrx_word' id='word_1_275' title='bbox 705 2185 844 2227; x_wconf 80' lang='lat' dir='ltr'><strong>uxor</strong></span> <span class='ocrx_word' id='word_1_276' title='bbox 889 2170 1191 2242; x_wconf 90' lang='lat' dir='ltr'><strong>eademque</strong></span> <span class='ocrx_word' id='word_1_277' title='bbox 1239 2185 1396 2226; x_wconf 92' lang='lat' dir='ltr'><strong>soror</strong></span> <span class='ocrx_word' id='word_1_278' title='bbox 1431 2178 1487 2227; x_wconf 91' lang='lat' dir='ltr'><strong>et</strong></span> <span class='ocrx_word' id='word_1_279' title='bbox 1532 2169 1659 2226; x_wconf 76' lang='lat' dir='ltr'><strong>tiliae</strong></span> <span class='ocrx_word' id='word_1_280' title='bbox 1698 2170 1820 2227; x_wconf 74' lang='lat' dir='ltr'><strong>dum</strong></span> 
     </span>
    </p>
   </div>
   <div class='ocr_carea' id='block_1_38' title="bbox 209 2262 1817 2336">
    <p class='ocr_par' dir='ltr' id='par_1_38' title="bbox 209 2262 1817 2336">
     <span class='ocr_line' id='line_1_38' title="bbox 209 2262 1817 2336; baseline -0.001 -17"><span class='ocrx_word' id='word_1_281' title='bbox 209 2264 370 2319; x_wconf 76' lang='lat' dir='ltr'><strong>Darii</strong></span> <span class='ocrx_word' id='word_1_282' title='bbox 394 2262 578 2320; x_wconf 85' lang='lat' dir='ltr'><strong>fuere:</strong></span> <span class='ocrx_word' id='word_1_283' title='bbox 595 2279 824 2336; x_wconf 89' lang='lat' dir='ltr'><strong>quarum</strong></span> <span class='ocrx_word' id='word_1_284' title='bbox 844 2264 1273 2335; x_wconf 87' lang='lat' dir='ltr'><strong>redemptionem</strong></span> <span class='ocrx_word' id='word_1_285' title='bbox 1295 2263 1485 2318; x_wconf 87' lang='lat' dir='ltr'><strong>Darius</strong></span> <span class='ocrx_word' id='word_1_286' title='bbox 1506 2278 1628 2319; x_wconf 85' lang='lat' dir='ltr'><strong>cum</strong></span> <span class='ocrx_word' id='word_1_287' title='bbox 1652 2264 1817 2318; x_wconf 89' lang='lat' dir='ltr'><strong>etiam</strong></span> 
     </span>
    </p>
   </div>
   <div class='ocr_carea' id='block_1_39' title="bbox 206 2355 1819 2430">
    <p class='ocr_par' dir='ltr' id='par_1_39' title="bbox 206 2355 1819 2430">
     <span class='ocr_line' id='line_1_39' title="bbox 206 2355 1819 2430; baseline 0.001 -20"><span class='ocrx_word' id='word_1_288' title='bbox 206 2355 402 2411; x_wconf 86' lang='lat' dir='ltr'><strong>oblata</strong></span> <span class='ocrx_word' id='word_1_289' title='bbox 432 2356 585 2428; x_wconf 86' lang='lat' dir='ltr'><strong>regni</strong></span> <span class='ocrx_word' id='word_1_290' title='bbox 615 2356 844 2413; x_wconf 89' lang='lat' dir='ltr'><strong>dimidia</strong></span> <span class='ocrx_word' id='word_1_291' title='bbox 874 2366 1030 2430; x_wconf 88' lang='lat' dir='ltr'><strong>parte</strong></span> <span class='ocrx_word' id='word_1_292' title='bbox 1056 2372 1163 2414; x_wconf 91' lang='lat' dir='ltr'><strong>non</strong></span> <span class='ocrx_word' id='word_1_293' title='bbox 1198 2356 1619 2429; x_wconf 83' lang='lat' dir='ltr'><strong>impetravisset,</strong></span> <span class='ocrx_word' id='word_1_294' title='bbox 1654 2357 1819 2414; x_wconf 91' lang='lat' dir='ltr'><strong>tertio</strong></span> 
     </span>
    </p>
   </div>
   <div class='ocr_carea' id='block_1_40' title="bbox 210 2448 1819 2523">
    <p class='ocr_par' dir='ltr' id='par_1_40' title="bbox 210 2448 1819 2523">
     <span class='ocr_line' id='line_1_40' title="bbox 210 2448 1819 2523; baseline 0.001 -19"><span class='ocrx_word' id='word_1_295' title='bbox 210 2450 435 2506; x_wconf 88' lang='lat' dir='ltr'><strong>cunctis</strong></span> <span class='ocrx_word' id='word_1_296' title='bbox 463 2450 755 2507; x_wconf 89' lang='lat' dir='ltr'><strong>Persarum</strong></span> <span class='ocrx_word' id='word_1_297' title='bbox 789 2451 998 2507; x_wconf 85' lang='lat' dir='ltr'><strong>viribus</strong></span> <span class='ocrx_word' id='word_1_298' title='bbox 1028 2448 1413 2523; x_wconf 89' lang='lat' dir='ltr'><strong>sociorumque</strong></span> <span class='ocrx_word' id='word_1_299' title='bbox 1442 2449 1660 2506; x_wconf 82' lang='lat' dir='ltr'><strong>auxiliis</strong></span> <span class='ocrx_word' id='word_1_300' title='bbox 1686 2465 1819 2508; x_wconf 85' lang='lat' dir='ltr'><strong>con—</strong></span> 
     </span>
    </p>
   </div>
   <div class='ocr_carea' id='block_1_41' title="bbox 206 2544 1814 2617">
    <p class='ocr_par' dir='ltr' id='par_1_41' title="bbox 206 2544 1814 2617">
     <span class='ocr_line' id='line_1_41' title="bbox 206 2544 1814 2617; baseline 0.002 -20"><span class='ocrx_word' id='word_1_301' title='bbox 206 2545 429 2612; x_wconf 86' lang='lat' dir='ltr'><strong>tractis,</strong></span> <span class='ocrx_word' id='word_1_302' title='bbox 458 2544 659 2600; x_wconf 89' lang='lat' dir='ltr'><strong>bellum</strong></span> <span class='ocrx_word' id='word_1_303' title='bbox 692 2546 982 2601; x_wconf 88' lang='lat' dir='ltr'><strong>instaurat.</strong></span> <span class='ocrx_word' id='word_1_304' title='bbox 1017 2545 1124 2602; x_wconf 89' lang='lat' dir='ltr'><strong>Sed</strong></span> <span class='ocrx_word' id='word_1_305' title='bbox 1147 2545 1276 2600; x_wconf 92' lang='lat' dir='ltr'><strong>dum</strong></span> <span class='ocrx_word' id='word_1_306' title='bbox 1310 2544 1428 2601; x_wconf 60' lang='lat' dir='ltr'><strong>huc</strong></span> <span class='ocrx_word' id='word_1_307' title='bbox 1454 2545 1651 2601; x_wconf 87' lang='lat' dir='ltr'><strong>Darius</strong></span> <span class='ocrx_word' id='word_1_308' title='bbox 1677 2547 1814 2617; x_wconf 88' lang='lat' dir='ltr'><strong>agit,</strong></span> 
     </span>
    </p>
   </div>
   <div class='ocr_carea' id='block_1_42' title="bbox 1929 1902 3529 1974">
    <p class='ocr_par' dir='ltr' id='par_1_42' title="bbox 1929 1902 3529 1974">
     <span class='ocr_line' id='line_1_42' title="bbox 1929 1902 3529 1974; baseline 0.002 -15"><span class='ocrx_word' id='word_1_309' title='bbox 1929 1917 2059 1974; x_wconf 85' lang='lat' dir='ltr'><strong>gere</strong></span> <span class='ocrx_word' id='word_1_310' title='bbox 2085 1920 2099 1958; x_wconf 88' lang='lat'><strong>:</strong></span> <span class='ocrx_word' id='word_1_311' title='bbox 2123 1902 2213 1959; x_wconf 91' lang='lat' dir='ltr'><strong>vel</strong></span> <span class='ocrx_word' id='word_1_312' title='bbox 2236 1903 2292 1959; x_wconf 90' lang='lat' dir='ltr'><strong>in</strong></span> <span class='ocrx_word' id='word_1_313' title='bbox 2321 1902 2601 1958; x_wconf 88' lang='lat' dir='ltr'><strong>voluntate</strong></span> <span class='ocrx_word' id='word_1_314' title='bbox 2621 1903 2961 1959; x_wconf 89' lang='lat' dir='ltr'><strong>consulentis</strong></span> <span class='ocrx_word' id='word_1_315' title='bbox 2981 1903 3108 1971; x_wconf 89' lang='lat' dir='ltr'><strong>quid</strong></span> <span class='ocrx_word' id='word_1_316' title='bbox 3136 1905 3290 1961; x_wconf 87' lang='lat' dir='ltr'><strong>malit</strong></span> <span class='ocrx_word' id='word_1_317' title='bbox 3314 1906 3529 1964; x_wconf 89' lang='lat' dir='ltr'><strong>audire.</strong></span> 
     </span>
    </p>
   </div>
   <div class='ocr_carea' id='block_1_43' title="bbox 1929 1992 3528 2070">
    <p class='ocr_par' dir='ltr' id='par_1_43' title="bbox 1929 1992 3528 2070">
     <span class='ocr_line' id='line_1_43' title="bbox 1929 1992 3528 2070; baseline 0.004 -18"><span class='ocrx_word' id='word_1_318' title='bbox 1929 1996 2235 2053; x_wconf 77' lang='lat' dir='ltr'><strong>Revertens</strong></span> <span class='ocrx_word' id='word_1_319' title='bbox 2255 1996 2324 2054; x_wconf 88' lang='lat' dir='ltr'><strong>ab</strong></span> <span class='ocrx_word' id='word_1_320' title='bbox 2350 1995 2620 2054; x_wconf 81' lang='lat' dir='ltr'><strong>Ammone</strong></span> <span class='ocrx_word' id='word_1_321' title='bbox 2647 1996 2714 2053; x_wconf 93' lang='lat' dir='ltr'><strong>ad</strong></span> <span class='ocrx_word' id='word_1_322' title='bbox 2738 1996 2957 2053; x_wconf 89' lang='lat' dir='ltr'><strong>tertium</strong></span> <span class='ocrx_word' id='word_1_323' title='bbox 2990 1992 3268 2055; x_wconf 87' lang='lat' dir='ltr'><strong>Persicum</strong></span> <span class='ocrx_word' id='word_1_324' title='bbox 3298 1999 3528 2070; x_wconf 89' lang='lat' dir='ltr'><strong>bellum,</strong></span> 
     </span>
    </p>
   </div>
   <div class='ocr_carea' id='block_1_44' title="bbox 1926 2088 3031 2164">
    <p class='ocr_par' dir='ltr' id='par_1_44' title="bbox 1926 2088 3031 2164">
     <span class='ocr_line' id='line_1_44' title="bbox 1926 2088 3031 2164; baseline 0.002 -18"><span class='ocrx_word' id='word_1_325' title='bbox 1926 2088 1969 2121; x_wconf 78' lang='grc'><strong>³⁸</strong></span> <span class='ocrx_word' id='word_1_326' title='bbox 1992 2088 2384 2146; x_wconf 77' lang='lat' dir='ltr'><strong>Alexandriam</strong></span> <span class='ocrx_word' id='word_1_327' title='bbox 2411 2089 2465 2146; x_wconf 92' lang='lat' dir='ltr'><strong>in</strong></span> <span class='ocrx_word' id='word_1_328' title='bbox 2501 2088 2737 2164; x_wconf 61' lang='lat' dir='ltr'><strong>IEgypto</strong></span> <span class='ocrx_word' id='word_1_329' title='bbox 2763 2090 3031 2147; x_wconf 87' lang='lat' dir='ltr'><strong>condidit.</strong></span> 
     </span>
    </p>
   </div>
   <div class='ocr_carea' id='block_1_45' title="bbox 2510 2245 2937 2304">
    <p class='ocr_par' dir='ltr' id='par_1_45' title="bbox 2510 2245 2937 2304">
     <span class='ocr_line' id='line_1_45' title="bbox 2510 2245 2937 2304; baseline -0.012 0"><span class='ocrx_word' id='word_1_330' title='bbox 2510 2245 2741 2304; x_wconf 85' lang='lat' dir='ltr'><strong>CAPUT</strong></span> <span class='ocrx_word' id='word_1_331' title='bbox 2773 2245 2937 2301; x_wconf 77' lang='lat' dir='ltr'><strong>XVII.</strong></span> 
     </span>
    </p>
   </div>
   <div class='ocr_carea' id='block_1_46' title="bbox 2004 2358 3444 2483">
    <p class='ocr_par' dir='ltr' id='par_1_46' title="bbox 2004 2358 3444 2483">
     <span class='ocr_line' id='line_1_46' title="bbox 2004 2358 3444 2483; baseline -0.003 -65"><span class='ocrx_word' id='word_1_332' title='bbox 2004 2361 2155 2418; x_wconf 86' lang='lat' dir='ltr'><strong>Darii</strong></span> <span class='ocrx_word' id='word_1_333' title='bbox 2186 2359 2427 2439; x_wconf 83' lang='lat' dir='ltr'><strong>ultimum</strong></span> <span class='ocrx_word' id='word_1_334' title='bbox 2456 2376 2573 2415; x_wconf 86' lang='lat' dir='ltr'><strong>cum</strong></span> <span class='ocrx_word' id='word_1_335' title='bbox 2595 2359 2901 2483; x_wconf 43' lang='lat' dir='ltr'><strong>.Alea‘qndro</strong></span> <span class='ocrx_word' id='word_1_336' title='bbox 2932 2358 3199 2431; x_wconf 80' lang='lat' dir='ltr'><strong>prrclittm,</strong></span> <span class='ocrx_word' id='word_1_337' title='bbox 3230 2360 3444 2431; x_wconf 82' lang='lat' dir='ltr'><strong>ejusque</strong></span> 
     </span>
     <span class='ocr_line' id='line_1_47' title="bbox 2587 2446 2854 2483; baseline 0 0"><span class='ocrx_word' id='word_1_338' title='bbox 2587 2448 2640 2483; x_wconf 82' lang='lat' dir='ltr'><strong>ut</strong></span> <span class='ocrx_word' id='word_1_339' title='bbox 2670 2448 2742 2483; x_wconf 78' lang='lat' dir='ltr'><strong>ert</strong></span> <span class='ocrx_word' id='word_1_340' title='bbox 2772 2446 2854 2483; x_wconf 88' lang='lat' dir='ltr'><strong>us.</strong></span> 
     </span>
    </p>
   </div>
   <div class='ocr_carea' id='block_1_47' title="bbox 2587 2446 2854 2486">
    <p class='ocr_par' dir='ltr' id='par_1_47' title="bbox 2587 2446 2854 2486">
     <span class='ocr_line' id='line_1_48' title="bbox 2587 2446 2854 2486; baseline 0 -1"><span class='ocrx_word' id='word_1_341' title='bbox 2587 2446 2854 2486; x_wconf 75' lang='lat' dir='ltr'><strong>interitus.</strong></span> 
     </span>
    </p>
   </div>
   <div class='ocr_carea' id='block_1_48' title="bbox 1994 2547 3521 2621">
    <p class='ocr_par' dir='ltr' id='par_1_48' title="bbox 1994 2547 3521 2621">
     <span class='ocr_line' id='line_1_49' title="bbox 1994 2547 3521 2621; baseline 0.001 -18"><span class='ocrx_word' id='word_1_342' title='bbox 1994 2549 2012 2581; x_wconf 74' lang='grc' dir='ltr'>ι</span> <span class='ocrx_word' id='word_1_343' title='bbox 2044 2547 2238 2605; x_wconf 89' lang='lat' dir='ltr'><strong>Darius</strong></span> <span class='ocrx_word' id='word_1_344' title='bbox 2277 2563 2427 2620; x_wconf 89' lang='lat' dir='ltr'><strong>vero,</strong></span> <span class='ocrx_word' id='word_1_345' title='bbox 2460 2562 2559 2620; x_wconf 91' lang='lat' dir='ltr'><strong>spe</strong></span> <span class='ocrx_word' id='word_1_346' title='bbox 2585 2549 2739 2621; x_wconf 88' lang='lat' dir='ltr'><strong>pacis</strong></span> <span class='ocrx_word' id='word_1_347' title='bbox 2768 2548 2966 2605; x_wconf 89' lang='lat' dir='ltr'><strong>amissa</strong></span> <span class='ocrx_word' id='word_1_348' title='bbox 2989 2589 3006 2619; x_wconf 92' lang='lat'><strong>,</strong></span> <span class='ocrx_word' id='word_1_349' title='bbox 3037 2547 3434 2621; x_wconf 87' lang='lat' dir='ltr'><strong>quadringenta</strong></span> <span class='ocrx_word' id='word_1_350' title='bbox 3464 2556 3521 2605; x_wconf 88' lang='lat' dir='ltr'><strong>et</strong></span> 
     </span>
    </p>
   </div>
   <div class='ocr_carea' id='block_1_49' title="bbox 1505 2636 2223 2696">
    <p class='ocr_par' dir='ltr' id='par_1_49' title="bbox 1505 2636 2223 2696">
     <span class='ocr_line' id='line_1_50' title="bbox 1505 2636 2223 2696; baseline 0.003 -3"><span class='ocrx_word' id='word_1_351' title='bbox 1505 2636 1953 2695; x_wconf 75' lang='lat' dir='ltr'><strong>HAVERCANPI</strong></span> <span class='ocrx_word' id='word_1_352' title='bbox 1990 2636 2223 2696; x_wconf 71' lang='lat' dir='ltr'><strong>NOTE.</strong></span> 
     </span>
    </p>
   </div>
   <div class='ocr_carea' id='block_1_50' title="bbox 285 2728 1812 2806">
    <p class='ocr_par' dir='ltr' id='par_1_50' title="bbox 285 2728 1812 2806">
     <span class='ocr_line' id='line_1_51' title="bbox 285 2728 1812 2806; baseline -0.001 -19"><span class='ocrx_word' id='word_1_353' title='bbox 285 2730 379 2787; x_wconf 76' lang='lat' dir='ltr'><strong>l7.</strong></span> <span class='ocrx_word' id='word_1_354' title='bbox 404 2728 598 2785; x_wconf 87' lang='lat' dir='ltr'><strong>Darius</strong></span> <span class='ocrx_word' id='word_1_355' title='bbox 618 2743 919 2806; x_wconf 34' lang='lat' dir='ltr'><strong>cumucccst.</strong></span> <span class='ocrx_word' id='word_1_356' title='bbox 938 2728 1202 2806; x_wconf 74' lang='lat' dir='ltr'><strong>Arrianus</strong></span> <span class='ocrx_word' id='word_1_357' title='bbox 1226 2746 1239 2784; x_wconf 90' lang='lat'><strong>:</strong></span> <span class='ocrx_word' id='word_1_358' title='bbox 1262 2730 1481 2806; x_wconf 66' lang='grc' dir='ltr'><strong>Ἐλέγεςο</strong></span> <span class='ocrx_word' id='word_1_359' title='bbox 1502 2731 1533 2790; x_wconf 73' lang='grc' dir='ltr'><strong>ἦ</strong></span> <span class='ocrx_word' id='word_1_360' title='bbox 1554 2734 1700 2806; x_wconf 61' lang='lat' dir='ltr'><strong>adeo</strong></span> <span class='ocrx_word' id='word_1_361' title='bbox 1722 2732 1812 2797; x_wconf 80' lang='grc' dir='ltr'><strong>ξὺν</strong></span> 
     </span>
    </p>
   </div>
   <div class='ocr_carea' id='block_1_51' title="bbox 204 2801 1812 2879">
    <p class='ocr_par' dir='ltr' id='par_1_51' title="bbox 204 2801 1812 2879">
     <span class='ocr_line' id='line_1_52' title="bbox 204 2801 1812 2879; baseline -0.001 -20"><span class='ocrx_word' id='word_1_362' title='bbox 204 2803 665 2879; x_wconf 33' lang='grc' dir='ltr'><strong>ὲαρείῳρτρματίρς</strong></span> <span class='ocrx_word' id='word_1_363' title='bbox 680 2802 906 2879; x_wconf 54' lang='grc' dir='ltr'><strong>μάλιστα</strong></span> <span class='ocrx_word' id='word_1_364' title='bbox 929 2802 979 2865; x_wconf 82' lang='grc' dir='ltr'><strong>ἐς</strong></span> <span class='ocrx_word' id='word_1_365' title='bbox 1000 2801 1510 2879; x_wconf 69' lang='grc' dir='ltr'><strong>ἑξήκονταμυρίἀδας</strong></span> <span class='ocrx_word' id='word_1_366' title='bbox 1538 2804 1812 2875; x_wconf 79' lang='grc' dir='ltr'><strong>μαχίμους</strong></span> 
     </span>
    </p>
   </div>
   <div class='ocr_carea' id='block_1_52' title="bbox 204 2862 1812 2944">
    <p class='ocr_par' dir='ltr' id='par_1_52' title="bbox 204 2862 1812 2944">
     <span class='ocr_line' id='line_1_53' title="bbox 204 2862 1812 2944; baseline -0.002 -13"><span class='ocrx_word' id='word_1_367' title='bbox 204 2862 365 2933; x_wconf 43' lang='lat' dir='ltr'><strong>deat.</strong></span> <span class='ocrx_word' id='word_1_368' title='bbox 382 2862 391 2875; x_wconf 81' lang='grc'><strong>’</strong></span> <span class='ocrx_word' id='word_1_369' title='bbox 409 2871 476 2927; x_wconf 83' lang='lat' dir='ltr'><strong>In</strong></span> <span class='ocrx_word' id='word_1_370' title='bbox 512 2862 663 2926; x_wconf 67' lang='lat' dir='ltr'><strong>&#39;Darii</strong></span> <span class='ocrx_word' id='word_1_371' title='bbox 680 2862 929 2944; x_wconf 59' lang='lat' dir='ltr'><strong>&#39;exercitu</strong></span> <span class='ocrx_word' id='word_1_372' title='bbox 957 2862 1141 2944; x_wconf 70' lang='lat' dir='ltr'><strong>eorum</strong></span> <span class='ocrx_word' id='word_1_373' title='bbox 1165 2862 1263 2941; x_wconf 74' lang='lat' dir='ltr'><strong>qui</strong></span> <span class='ocrx_word' id='word_1_374' title='bbox 1284 2862 1513 2944; x_wconf 40' lang='lat' dir='ltr'><strong>pugnant</strong></span> <span class='ocrx_word' id='word_1_375' title='bbox 1538 2862 1812 2944; x_wconf 42' lang='lat' dir='ltr'><strong>Icap&#39;eSsere</strong></span> 
     </span>
    </p>
   </div>
   <div class='ocr_carea' id='block_1_53' title="bbox 205 2941 1489 3016">
    <p class='ocr_par' dir='ltr' id='par_1_53' title="bbox 205 2941 1489 3016">
     <span class='ocr_line' id='line_1_54' title="bbox 205 2941 1489 3016; baseline -0.004 -17"><span class='ocrx_word' id='word_1_376' title='bbox 205 2955 418 3016; x_wconf 96' lang='lat' dir='ltr'><strong>possent</strong></span> <span class='ocrx_word' id='word_1_377' title='bbox 445 2944 514 2999; x_wconf 84' lang='lat' dir='ltr'><strong>ad</strong></span> <span class='ocrx_word' id='word_1_378' title='bbox 541 2958 605 3016; x_wconf 78' lang='lat' dir='ltr'><strong>oc</strong></span> <span class='ocrx_word' id='word_1_379' title='bbox 635 2941 806 2997; x_wconf 81' lang='lat' dir='ltr'><strong>millia</strong></span> <span class='ocrx_word' id='word_1_380' title='bbox 828 2959 938 3016; x_wconf 76' lang='lat' dir='ltr'><strong>esse</strong></span> <span class='ocrx_word' id='word_1_381' title='bbox 963 2943 1288 3016; x_wconf 68' lang='lat' dir='ltr'><strong>dicebantur.</strong></span> <span class='ocrx_word' id='word_1_382' title='bbox 1320 2941 1489 2998; x_wconf 72' lang='lat' dir='ltr'><strong>Fam.</strong></span> 
     </span>
    </p>
   </div>
   <div class='ocr_carea' id='block_1_54' title="bbox 284 3012 1802 3086">
    <p class='ocr_par' dir='ltr' id='par_1_54' title="bbox 284 3012 1802 3086">
     <span class='ocr_line' id='line_1_55' title="bbox 284 3012 1802 3086; baseline -0.003 -16"><span class='ocrx_word' id='word_1_383' title='bbox 284 3017 379 3071; x_wconf 69' lang='lat'><strong>18.</strong></span> <span class='ocrx_word' id='word_1_384' title='bbox 420 3017 504 3071; x_wconf 79' lang='lat' dir='ltr'><strong>Ad</strong></span> <span class='ocrx_word' id='word_1_385' title='bbox 540 3014 766 3086; x_wconf 83' lang='lat' dir='ltr'><strong>signum.</strong></span> <span class='ocrx_word' id='word_1_386' title='bbox 803 3012 937 3069; x_wconf 90' lang='lat' dir='ltr'><strong>Edd.</strong></span> <span class='ocrx_word' id='word_1_387' title='bbox 974 3030 1056 3086; x_wconf 91' lang='lat' dir='ltr'><strong>pr.</strong></span> <span class='ocrx_word' id='word_1_388' title='bbox 1091 3022 1145 3069; x_wconf 89' lang='lat' dir='ltr'><strong>et</strong></span> <span class='ocrx_word' id='word_1_389' title='bbox 1182 3013 1404 3071; x_wconf 76' lang='lat' dir='ltr'><strong>Veneta:</strong></span> <span class='ocrx_word' id='word_1_390' title='bbox 1444 3028 1566 3070; x_wconf 89' lang='lat' dir='ltr'><strong>cum</strong></span> <span class='ocrx_word' id='word_1_391' title='bbox 1598 3012 1802 3082; x_wconf 82' lang='lat' dir='ltr'><strong>Paris,</strong></span> 
     </span>
    </p>
   </div>
   <div class='ocr_carea' id='block_1_55' title="bbox 202 3088 517 3155">
    <p class='ocr_par' dir='ltr' id='par_1_55' title="bbox 202 3088 517 3155">
     <span class='ocr_line' id='line_1_56' title="bbox 202 3088 517 3155; baseline 0.016 -19"><span class='ocrx_word' id='word_1_392' title='bbox 202 3088 259 3142; x_wconf 81' lang='lat' dir='ltr'><strong>in</strong></span> <span class='ocrx_word' id='word_1_393' title='bbox 289 3088 517 3155; x_wconf 76' lang='lat' dir='ltr'><strong>signum.</strong></span> 
     </span>
    </p>
   </div>
   <div class='ocr_carea' id='block_1_56' title="bbox 1918 2732 3518 2806">
    <p class='ocr_par' dir='ltr' id='par_1_56' title="bbox 1918 2732 3518 2806">
     <span class='ocr_line' id='line_1_57' title="bbox 1918 2732 3518 2806; baseline 0.005 -18"><span class='ocrx_word' id='word_1_394' title='bbox 1918 2732 1995 2806; x_wconf 72' lang='lat' dir='ltr'><strong>Ita</strong></span> <span class='ocrx_word' id='word_1_395' title='bbox 2039 2747 2191 2806; x_wconf 83' lang='lat' dir='ltr'><strong>recte</strong></span> <span class='ocrx_word' id='word_1_396' title='bbox 2232 2741 2343 2789; x_wconf 88' lang='lat' dir='ltr'><strong>tres</strong></span> <span class='ocrx_word' id='word_1_397' title='bbox 2386 2733 2692 2806; x_wconf 74' lang='lat' dir='ltr'><strong>Florentini</strong></span> <span class='ocrx_word' id='word_1_398' title='bbox 2729 2742 2785 2806; x_wconf 75' lang='lat' dir='ltr'><strong>et</strong></span> <span class='ocrx_word' id='word_1_399' title='bbox 2821 2733 3017 2806; x_wconf 88' lang='lat' dir='ltr'><strong>reliqui</strong></span> <span class='ocrx_word' id='word_1_400' title='bbox 3062 2736 3306 2792; x_wconf 89' lang='lat' dir='ltr'><strong>melioris</strong></span> <span class='ocrx_word' id='word_1_401' title='bbox 3351 2746 3518 2796; x_wconf 73' lang='lat' dir='ltr'><strong>noue.</strong></span> 
     </span>
    </p>
   </div>
   <div class='ocr_carea' id='block_1_57' title="bbox 1916 2802 3511 2887">
    <p class='ocr_par' dir='ltr' id='par_1_57' title="bbox 1916 2802 3511 2887">
     <span class='ocr_line' id='line_1_58' title="bbox 1916 2802 3511 2887; baseline 0.004 -29"><span class='ocrx_word' id='word_1_402' title='bbox 1916 2802 2339 2887; x_wconf 8' lang='lat' dir='ltr'><strong>Male.alii.qcum</strong></span> <span class='ocrx_word' id='word_1_403' title='bbox 2367 2805 2495 2861; x_wconf 91' lang='lat' dir='ltr'><strong>edd.</strong></span> <span class='ocrx_word' id='word_1_404' title='bbox 2536 2804 2861 2880; x_wconf 89' lang='lat' dir='ltr'><strong>quibusdam</strong></span> <span class='ocrx_word' id='word_1_405' title='bbox 2908 2802 3164 2881; x_wconf 83' lang='lat' dir='ltr'><strong>alligavit,</strong></span> <span class='ocrx_word' id='word_1_406' title='bbox 3206 2809 3292 2865; x_wconf 90' lang='lat' dir='ltr'><strong>vel</strong></span> <span class='ocrx_word' id='word_1_407' title='bbox 3320 2810 3511 2884; x_wconf 79' lang='lat' dir='ltr'><strong>elegit,</strong></span> 
     </span>
    </p>
   </div>
   <div class='ocr_carea' id='block_1_58' title="bbox 1914 2874 3511 3021">
    <p class='ocr_par' dir='ltr' id='par_1_58' title="bbox 1914 2874 3511 3021">
     <span class='ocr_line' id='line_1_59' title="bbox 1914 2874 3507 2930; baseline 0.005 -2"><span class='ocrx_word' id='word_1_408' title='bbox 1914 2875 1996 2929; x_wconf 87' lang='lat' dir='ltr'><strong>vel</strong></span> <span class='ocrx_word' id='word_1_409' title='bbox 2022 2874 2135 2929; x_wconf 77' lang='lat' dir='ltr'><strong>able</strong></span> <span class='ocrx_word' id='word_1_410' title='bbox 2172 2876 2231 2930; x_wconf 88' lang='lat' dir='ltr'><strong>it.</strong></span> <span class='ocrx_word' id='word_1_411' title='bbox 2554 2874 2571 2880; x_wconf 99' lang='grc'><strong>⁷</strong></span> <span class='ocrx_word' id='word_1_412' title='bbox 2704 2896 2711 2901; x_wconf 92' lang='grc'>·</span> <span class='ocrx_word' id='word_1_413' title='bbox 3004 2874 3025 2881; x_wconf 97' lang='grc'><strong>⁷</strong></span> <span class='ocrx_word' id='word_1_414' title='bbox 3150 2874 3156 2876; x_wconf 56' lang='grc'><strong>⁷</strong></span> <span class='ocrx_word' id='word_1_415' title='bbox 3400 2874 3423 2884; x_wconf 94' lang='grc'><strong>⁷</strong></span> <span class='ocrx_word' id='word_1_416' title='bbox 3493 2874 3507 2879; x_wconf 89' lang='grc'><strong>⁷</strong></span> 
     </span>
     <span class='ocr_line' id='line_1_60' title="bbox 1921 2894 3511 3021; baseline 0.006 -21"><span class='ocrx_word' id='word_1_417' title='bbox 1921 3016 1938 3021; x_wconf 91' lang='lat'>_</span> <span class='ocrx_word' id='word_1_418' title='bbox 1957 2944 2074 3021; x_wconf 58' lang='grc'><strong>⁸26.</strong></span> <span class='ocrx_word' id='word_1_419' title='bbox 2119 2894 2313 3019; x_wconf 54' lang='lat' dir='ltr'><strong>Tqyrum</strong></span> <span class='ocrx_word' id='word_1_420' title='bbox 2333 2947 2507 3003; x_wconf 85' lang='lat' dir='ltr'><strong>urbem</strong></span> <span class='ocrx_word' id='word_1_421' title='bbox 2532 2948 2961 3020; x_wconf 88' lang='lat' dir='ltr'><strong>antiquissimum.</strong></span> <span class='ocrx_word' id='word_1_422' title='bbox 3002 2947 3179 3021; x_wconf 79' lang='lat' dir='ltr'><strong>Tyrus</strong></span> <span class='ocrx_word' id='word_1_423' title='bbox 3200 2949 3511 3021; x_wconf 84' lang='lat' dir='ltr'><strong>Olympiade</strong></span> 
     </span>
    </p>
   </div>
   <div class='ocr_carea' id='block_1_59' title="bbox 1914 3016 3493 3090">
    <p class='ocr_par' dir='ltr' id='par_1_59' title="bbox 1914 3016 3493 3090">
     <span class='ocr_line' id='line_1_61' title="bbox 1914 3016 3493 3090; baseline 0.004 -20"><span class='ocrx_word' id='word_1_424' title='bbox 1914 3016 2018 3090; x_wconf 65' lang='grc' dir='ltr'><strong>με</strong></span> <span class='ocrx_word' id='word_1_425' title='bbox 2045 3016 2276 3090; x_wconf 77' lang='lat' dir='ltr'><strong>septimo</strong></span> <span class='ocrx_word' id='word_1_426' title='bbox 2306 3034 2492 3090; x_wconf 76' lang='lat' dir='ltr'><strong>mense</strong></span> <span class='ocrx_word' id='word_1_427' title='bbox 2520 3016 2681 3090; x_wconf 82' lang='lat' dir='ltr'><strong>quam</strong></span> <span class='ocrx_word' id='word_1_428' title='bbox 2712 3020 3012 3089; x_wconf 86' lang='lat' dir='ltr'><strong>oppugnari</strong></span> <span class='ocrx_word' id='word_1_429' title='bbox 3039 3016 3216 3090; x_wconf 74' lang='lat' dir='ltr'><strong>empta</strong></span> <span class='ocrx_word' id='word_1_430' title='bbox 3246 3016 3385 3086; x_wconf 77' lang='lat' dir='ltr'><strong>erat,</strong></span> <span class='ocrx_word' id='word_1_431' title='bbox 3422 3024 3493 3077; x_wconf 91' lang='lat' dir='ltr'><strong>ab</strong></span> 
     </span>
    </p>
   </div>
   <div class='ocr_carea' id='block_1_60' title="bbox 1910 3086 3495 3162">
    <p class='ocr_par' dir='ltr' id='par_1_60' title="bbox 1910 3086 3495 3162">
     <span class='ocr_line' id='line_1_62' title="bbox 1910 3086 3495 3162; baseline 0.004 -23"><span class='ocrx_word' id='word_1_432' title='bbox 1910 3086 2218 3162; x_wconf 70' lang='lat' dir='ltr'><strong>Alesandro</strong></span> <span class='ocrx_word' id='word_1_433' title='bbox 2247 3097 2401 3162; x_wconf 70' lang='lat' dir='ltr'><strong>capta</strong></span> <span class='ocrx_word' id='word_1_434' title='bbox 2433 3086 2556 3154; x_wconf 60' lang='lat' dir='ltr'><strong>fuit;</strong></span> <span class='ocrx_word' id='word_1_435' title='bbox 2589 3097 2647 3144; x_wconf 86' lang='lat' dir='ltr'><strong>ut</strong></span> <span class='ocrx_word' id='word_1_436' title='bbox 2671 3086 3188 3162; x_wconf 58' lang='lat' dir='ltr'><strong>copi&#39;osejiindorus</strong></span> <span class='ocrx_word' id='word_1_437' title='bbox 3220 3090 3313 3145; x_wconf 92' lang='lat' dir='ltr'><strong>lib.</strong></span> <span class='ocrx_word' id='word_1_438' title='bbox 3360 3107 3495 3162; x_wconf 78' lang='lat' dir='ltr'><strong>xvu,</strong></span> 
     </span>
    </p>
   </div>
   <div class='ocr_carea' id='block_1_61' title="bbox 290 3153 3070 3236">
    <p class='ocr_par' dir='ltr' id='par_1_61' title="bbox 290 3153 3070 3236">
     <span class='ocr_line' id='line_1_63' title="bbox 290 3153 3070 3236; baseline 0.001 -24"><span class='ocrx_word' id='word_1_439' title='bbox 290 3153 375 3214; x_wconf 77' lang='grc'><strong>19.</strong></span> <span class='ocrx_word' id='word_1_440' title='bbox 440 3156 513 3236; x_wconf 85' lang='lat' dir='ltr'><strong>_E_t</strong></span> <span class='ocrx_word' id='word_1_441' title='bbox 579 3156 874 3236; x_wconf 74' lang='lat' dir='ltr'><strong>Alexander</strong></span> <span class='ocrx_word' id='word_1_442' title='bbox 938 3167 1013 3236; x_wconf 86' lang='lat' dir='ltr'><strong>et_</strong></span> <span class='ocrx_word' id='word_1_443' title='bbox 1046 3153 1241 3210; x_wconf 86' lang='lat' dir='ltr'><strong>Darius</strong></span> <span class='ocrx_word' id='word_1_444' title='bbox 1301 3156 1662 3236; x_wconf 66' lang='lat' dir='ltr'><strong>uulnerantur.</strong></span> <span class='ocrx_word' id='word_1_445' title='bbox 1725 3154 1803 3210; x_wconf 89' lang='lat' dir='ltr'><strong>De</strong></span> <span class='ocrx_word' id='word_1_446' title='bbox 1831 3172 1875 3236; x_wconf 67' lang='grc' dir='ltr'><strong>ρ</strong></span> <span class='ocrx_word' id='word_1_447' title='bbox 1910 3157 2219 3236; x_wconf 46' lang='lat' dir='ltr'><strong>Arsiam-tt,</strong></span> <span class='ocrx_word' id='word_1_448' title='bbox 2243 3159 2467 3236; x_wconf 75' lang='lat' dir='ltr'><strong>Curtius</strong></span> <span class='ocrx_word' id='word_1_449' title='bbox 2498 3175 2575 3236; x_wconf 78' lang='lat' dir='ltr'><strong>Iv,</strong></span> <span class='ocrx_word' id='word_1_450' title='bbox 2606 3153 2869 3236; x_wconf 68' lang='lat' dir='ltr'><strong>scribunt.</strong></span> <span class='ocrx_word' id='word_1_451' title='bbox 2904 3158 3070 3236; x_wconf 66' lang='lat' dir='ltr'><strong>Faan.</strong></span> 
     </span>
    </p>
   </div>
   <div class='ocr_carea' id='block_1_62' title="bbox 202 3226 1803 3298">
    <p class='ocr_par' dir='ltr' id='par_1_62' title="bbox 202 3226 1803 3298">
     <span class='ocr_line' id='line_1_64' title="bbox 202 3226 1803 3298; baseline -0.003 -14"><span class='ocrx_word' id='word_1_452' title='bbox 202 3228 508 3285; x_wconf 82' lang='lat' dir='ltr'><strong>Alexandri</strong></span> <span class='ocrx_word' id='word_1_453' title='bbox 547 3226 791 3292; x_wconf 78' lang='lat' dir='ltr'><strong>vulnere,</strong></span> <span class='ocrx_word' id='word_1_454' title='bbox 833 3242 942 3298; x_wconf 88' lang='lat' dir='ltr'><strong>quo</strong></span> <span class='ocrx_word' id='word_1_455' title='bbox 982 3226 1257 3298; x_wconf 75' lang='lat' dir='ltr'><strong>dextrum</strong></span> <span class='ocrx_word' id='word_1_456' title='bbox 1285 3226 1403 3295; x_wconf 88' lang='lat' dir='ltr'><strong>ejus</strong></span> <span class='ocrx_word' id='word_1_457' title='bbox 1455 3226 1629 3281; x_wconf 86' lang='lat' dir='ltr'><strong>femur</strong></span> <span class='ocrx_word' id='word_1_458' title='bbox 1674 3241 1803 3295; x_wconf 87' lang='lat' dir='ltr'><strong>per-</strong></span> 
     </span>
    </p>
   </div>
   <div class='ocr_carea' id='block_1_63' title="bbox 210 3296 1807 3365">
    <p class='ocr_par' dir='ltr' id='par_1_63' title="bbox 210 3296 1807 3365">
     <span class='ocr_line' id='line_1_65' title="bbox 210 3296 1807 3365; baseline -0.002 -10"><span class='ocrx_word' id='word_1_459' title='bbox 210 3301 472 3355; x_wconf 73' lang='lat' dir='ltr'><strong>Stricmm</strong></span> <span class='ocrx_word' id='word_1_460' title='bbox 518 3306 635 3365; x_wconf 79' lang='lat' dir='ltr'><strong>est,</strong></span> <span class='ocrx_word' id='word_1_461' title='bbox 672 3296 973 3362; x_wconf 80' lang='lat' dir='ltr'><strong>Diodorus,</strong></span> <span class='ocrx_word' id='word_1_462' title='bbox 1026 3296 1380 3353; x_wconf 76' lang='lat' dir='ltr'><strong>Plutarchus.</strong></span> <span class='ocrx_word' id='word_1_463' title='bbox 1414 3298 1680 3352; x_wconf 86' lang='lat' dir='ltr'><strong>Arrianus</strong></span> <span class='ocrx_word' id='word_1_464' title='bbox 1706 3342 1719 3365; x_wconf 87' lang='lat'><strong>,</strong></span> <span class='ocrx_word' id='word_1_465' title='bbox 1751 3305 1807 3352; x_wconf 89' lang='lat' dir='ltr'><strong>et</strong></span> 
     </span>
    </p>
   </div>
   <div class='ocr_carea' id='block_1_64' title="bbox 204 3367 1805 3439">
    <p class='ocr_par' dir='ltr' id='par_1_64' title="bbox 204 3367 1805 3439">
     <span class='ocr_line' id='line_1_66' title="bbox 204 3367 1805 3439; baseline 0 -15"><span class='ocrx_word' id='word_1_466' title='bbox 204 3372 454 3426; x_wconf 79' lang='lat' dir='ltr'><strong>Curtius.</strong></span> <span class='ocrx_word' id='word_1_467' title='bbox 504 3369 584 3424; x_wconf 88' lang='lat' dir='ltr'><strong>De</strong></span> <span class='ocrx_word' id='word_1_468' title='bbox 627 3367 790 3422; x_wconf 84' lang='lat' dir='ltr'><strong>Dario</strong></span> <span class='ocrx_word' id='word_1_469' title='bbox 826 3369 879 3422; x_wconf 92' lang='lat' dir='ltr'><strong>in</strong></span> <span class='ocrx_word' id='word_1_470' title='bbox 933 3368 1034 3421; x_wconf 83' lang='lat' dir='ltr'><strong>hoc</strong></span> <span class='ocrx_word' id='word_1_471' title='bbox 1065 3368 1253 3439; x_wconf 65' lang='lat' dir='ltr'><strong>[)t‘mllt)</strong></span> <span class='ocrx_word' id='word_1_472' title='bbox 1284 3367 1564 3423; x_wconf 68' lang='lat' dir='ltr'><strong>vulnerato</strong></span> <span class='ocrx_word' id='word_1_473' title='bbox 1602 3381 1805 3439; x_wconf 87' lang='lat' dir='ltr'><strong>pr:eler</strong></span> 
     </span>
    </p>
   </div>
   <div class='ocr_carea' id='block_1_65' title="bbox 200 3438 1218 3511">
    <p class='ocr_par' dir='ltr' id='par_1_65' title="bbox 200 3438 1218 3511">
     <span class='ocr_line' id='line_1_67' title="bbox 200 3438 1218 3511; baseline -0.005 -13"><span class='ocrx_word' id='word_1_474' title='bbox 200 3441 481 3498; x_wconf 69' lang='lat' dir='ltr'><strong>Iustinum</strong></span> <span class='ocrx_word' id='word_1_475' title='bbox 512 3456 674 3495; x_wconf 89' lang='lat' dir='ltr'><strong>nemo</strong></span> <span class='ocrx_word' id='word_1_476' title='bbox 698 3438 1011 3511; x_wconf 76' lang='lat' dir='ltr'><strong>quidquam.</strong></span> <span class='ocrx_word' id='word_1_477' title='bbox 1048 3438 1218 3494; x_wconf 78' lang='lat' dir='ltr'><strong>Ftlnn.</strong></span> 
     </span>
    </p>
   </div>
   <div class='ocr_carea' id='block_1_66' title="bbox 276 3509 1801 3580">
    <p class='ocr_par' dir='ltr' id='par_1_66' title="bbox 276 3509 1801 3580">
     <span class='ocr_line' id='line_1_68' title="bbox 276 3509 1801 3580; baseline -0.001 -12"><span class='ocrx_word' id='word_1_478' title='bbox 276 3513 375 3568; x_wconf 59' lang='lat'><strong>30.</strong></span> <span class='ocrx_word' id='word_1_479' title='bbox 415 3513 600 3579; x_wconf 82' lang='lat' dir='ltr'><strong>Quoad</strong></span> <span class='ocrx_word' id='word_1_480' title='bbox 632 3509 849 3580; x_wconf 76' lang='lat' dir='ltr'><strong>fugeret.</strong></span> <span class='ocrx_word' id='word_1_481' title='bbox 881 3509 957 3565; x_wconf 90' lang='lat' dir='ltr'><strong>Ita</strong></span> <span class='ocrx_word' id='word_1_482' title='bbox 1002 3522 1109 3565; x_wconf 91' lang='lat' dir='ltr'><strong>tres</strong></span> <span class='ocrx_word' id='word_1_483' title='bbox 1150 3510 1309 3566; x_wconf 89' lang='lat' dir='ltr'><strong>codd.</strong></span> <span class='ocrx_word' id='word_1_484' title='bbox 1344 3509 1647 3566; x_wconf 79' lang='lat' dir='ltr'><strong>Florentiui</strong></span> <span class='ocrx_word' id='word_1_485' title='bbox 1678 3523 1801 3567; x_wconf 89' lang='lat' dir='ltr'><strong>cum</strong></span> 
     </span>
    </p>
   </div>
   <div class='ocr_carea' id='block_1_67' title="bbox 205 3581 1192 3652">
    <p class='ocr_par' dir='ltr' id='par_1_67' title="bbox 205 3581 1192 3652">
     <span class='ocr_line' id='line_1_69' title="bbox 205 3581 1192 3652; baseline -0.005 -13"><span class='ocrx_word' id='word_1_486' title='bbox 205 3583 593 3639; x_wconf 71' lang='lat' dir='ltr'><strong>Perizoniane.</strong></span> <span class='ocrx_word' id='word_1_487' title='bbox 620 3582 812 3652; x_wconf 81' lang='lat' dir='ltr'><strong>Vulgo,</strong></span> <span class='ocrx_word' id='word_1_488' title='bbox 838 3581 1192 3652; x_wconf 74' lang='lat' dir='ltr'><strong>quoadusque.</strong></span> 
     </span>
    </p>
   </div>
   <div class='ocr_carea' id='block_1_68' title="bbox 274 3652 1799 3723">
    <p class='ocr_par' dir='ltr' id='par_1_68' title="bbox 274 3652 1799 3723">
     <span class='ocr_line' id='line_1_70' title="bbox 274 3652 1799 3723; baseline 0.001 -15"><span class='ocrx_word' id='word_1_489' title='bbox 274 3654 374 3710; x_wconf 68' lang='lat'><strong>21.</strong></span> <span class='ocrx_word' id='word_1_490' title='bbox 418 3652 662 3709; x_wconf 84' lang='lat' dir='ltr'><strong>Peditum</strong></span> <span class='ocrx_word' id='word_1_491' title='bbox 706 3668 845 3707; x_wconf 79' lang='lat' dir='ltr'><strong>Lxxx</strong></span> <span class='ocrx_word' id='word_1_492' title='bbox 896 3652 1065 3707; x_wconf 81' lang='lat' dir='ltr'><strong>millia</strong></span> <span class='ocrx_word' id='word_1_493' title='bbox 1106 3652 1337 3723; x_wconf 79' lang='lat' dir='ltr'><strong>equitum</strong></span> <span class='ocrx_word' id='word_1_494' title='bbox 1384 3652 1557 3707; x_wconf 86' lang='lat' dir='ltr'><strong>decem</strong></span> <span class='ocrx_word' id='word_1_495' title='bbox 1608 3654 1799 3710; x_wconf 85' lang='lat' dir='ltr'><strong>millia.</strong></span> 
     </span>
    </p>
   </div>
   <div class='ocr_carea' id='block_1_69' title="bbox 202 3723 1800 3794">
    <p class='ocr_par' dir='ltr' id='par_1_69' title="bbox 202 3723 1800 3794">
     <span class='ocr_line' id='line_1_71' title="bbox 202 3723 1800 3794; baseline -0.001 -12"><span class='ocrx_word' id='word_1_496' title='bbox 202 3723 487 3782; x_wconf 63' lang='lat' dir='ltr'><strong>Cossorum</strong></span> <span class='ocrx_word' id='word_1_497' title='bbox 523 3725 761 3794; x_wconf 89' lang='lat' dir='ltr'><strong>equitum</strong></span> <span class='ocrx_word' id='word_1_498' title='bbox 806 3724 1095 3779; x_wconf 89' lang='lat' dir='ltr'><strong>Persarum</strong></span> <span class='ocrx_word' id='word_1_499' title='bbox 1144 3738 1405 3778; x_wconf 89' lang='lat' dir='ltr'><strong>numerus</strong></span> <span class='ocrx_word' id='word_1_500' title='bbox 1445 3724 1590 3779; x_wconf 90' lang='lat' dir='ltr'><strong>idem</strong></span> <span class='ocrx_word' id='word_1_501' title='bbox 1624 3734 1708 3778; x_wconf 90' lang='lat' dir='ltr'><strong>est</strong></span> <span class='ocrx_word' id='word_1_502' title='bbox 1749 3728 1800 3781; x_wconf 91' lang='lat' dir='ltr'><strong>in</strong></span> 
     </span>
    </p>
   </div>
   <div class='ocr_carea' id='block_1_70' title="bbox 202 3793 1802 3862">
    <p class='ocr_par' dir='ltr' id='par_1_70' title="bbox 202 3793 1802 3862">
     <span class='ocr_line' id='line_1_72' title="bbox 202 3793 1802 3862; baseline -0.001 -11"><span class='ocrx_word' id='word_1_503' title='bbox 202 3797 451 3860; x_wconf 89' lang='lat' dir='ltr'><strong>Diodori,</strong></span> <span class='ocrx_word' id='word_1_504' title='bbox 507 3795 704 3859; x_wconf 79' lang='lat' dir='ltr'><strong>Curtii,</strong></span> <span class='ocrx_word' id='word_1_505' title='bbox 750 3794 972 3862; x_wconf 83' lang='lat' dir='ltr'><strong>Justini,</strong></span> <span class='ocrx_word' id='word_1_506' title='bbox 1017 3804 1071 3848; x_wconf 89' lang='lat' dir='ltr'><strong>et</strong></span> <span class='ocrx_word' id='word_1_507' title='bbox 1106 3793 1286 3848; x_wconf 70' lang='lat' dir='ltr'><strong>Oresti</strong></span> <span class='ocrx_word' id='word_1_508' title='bbox 1340 3794 1512 3856; x_wconf 90' lang='lat' dir='ltr'><strong>libris,</strong></span> <span class='ocrx_word' id='word_1_509' title='bbox 1561 3796 1802 3861; x_wconf 81' lang='lat' dir='ltr'><strong>peditum</strong></span> 
     </span>
    </p>
   </div>
   <div class='ocr_carea' id='block_1_71' title="bbox 201 3864 1802 3928">
    <p class='ocr_par' dir='ltr' id='par_1_71' title="bbox 201 3864 1802 3928">
     <span class='ocr_line' id='line_1_73' title="bbox 201 3864 1802 3928; baseline 0.002 -9"><span class='ocrx_word' id='word_1_510' title='bbox 201 3882 337 3922; x_wconf 72' lang='lat' dir='ltr'><strong>vero</strong></span> <span class='ocrx_word' id='word_1_511' title='bbox 368 3868 613 3922; x_wconf 77' lang='lat' dir='ltr'><strong>lustinus</strong></span> <span class='ocrx_word' id='word_1_512' title='bbox 659 3881 825 3920; x_wconf 90' lang='lat' dir='ltr'><strong>unum</strong></span> <span class='ocrx_word' id='word_1_513' title='bbox 869 3876 927 3920; x_wconf 83' lang='lat' dir='ltr'><strong>et.</strong></span> <span class='ocrx_word' id='word_1_514' title='bbox 967 3881 1031 3919; x_wconf 67' lang='grc' dir='ltr'><strong>ιι</strong></span> <span class='ocrx_word' id='word_1_515' title='bbox 1065 3864 1259 3928; x_wconf 89' lang='lat' dir='ltr'><strong>millia,</strong></span> <span class='ocrx_word' id='word_1_516' title='bbox 1310 3865 1534 3920; x_wconf 91' lang='lat' dir='ltr'><strong>Curtius</strong></span> <span class='ocrx_word' id='word_1_517' title='bbox 1582 3875 1802 3923; x_wconf 91' lang='lat' dir='ltr'><strong>centum</strong></span> 
     </span>
    </p>
   </div>
   <div class='ocr_carea' id='block_1_72' title="bbox 200 3936 1800 4004">
    <p class='ocr_par' dir='ltr' id='par_1_72' title="bbox 200 3936 1800 4004">
     <span class='ocr_line' id='line_1_74' title="bbox 200 3936 1800 4004; baseline 0.002 -13"><span class='ocrx_word' id='word_1_518' title='bbox 200 3939 402 4004; x_wconf 87' lang='lat' dir='ltr'><strong>millia,</strong></span> <span class='ocrx_word' id='word_1_519' title='bbox 457 3938 677 3992; x_wconf 89' lang='lat' dir='ltr'><strong>Diodor.</strong></span> <span class='ocrx_word' id='word_1_520' title='bbox 721 3937 953 4004; x_wconf 90' lang='lat' dir='ltr'><strong>amplius</strong></span> <span class='ocrx_word' id='word_1_521' title='bbox 992 3951 1096 3992; x_wconf 76' lang='lat' dir='ltr'><strong>cxx</strong></span> <span class='ocrx_word' id='word_1_522' title='bbox 1139 3936 1307 3990; x_wconf 85' lang='lat' dir='ltr'><strong>millia</strong></span> <span class='ocrx_word' id='word_1_523' title='bbox 1345 3950 1481 3991; x_wconf 66' lang='lat' dir='ltr'><strong>ctesa</strong></span> <span class='ocrx_word' id='word_1_524' title='bbox 1528 3937 1800 3994; x_wconf 88' lang='lat' dir='ltr'><strong>scribunt.</strong></span> 
     </span>
    </p>
   </div>
   <div class='ocr_carea' id='block_1_73' title="bbox 203 4006 1803 4091">
    <p class='ocr_par' dir='ltr' id='par_1_73' title="bbox 203 4006 1803 4091">
     <span class='ocr_line' id='line_1_75' title="bbox 203 4006 1803 4091; baseline 0 -28"><span class='ocrx_word' id='word_1_525' title='bbox 203 4009 417 4091; x_wconf 78' lang='lat' dir='ltr'><strong>Plutar.</strong></span> <span class='ocrx_word' id='word_1_526' title='bbox 447 4008 521 4063; x_wconf 87' lang='lat' dir='ltr'><strong>ait</strong></span> <span class='ocrx_word' id='word_1_527' title='bbox 552 4007 916 4091; x_wconf 63' lang='lat' dir='ltr'><strong>Alexandrum</strong></span> <span class='ocrx_word' id='word_1_528' title='bbox 950 4007 1309 4091; x_wconf 53' lang='lat' dir='ltr'><strong>prostra‘visse</strong></span> <span class='ocrx_word' id='word_1_529' title='bbox 1329 4008 1462 4085; x_wconf 81' lang='grc' dir='ltr'><strong>ὑπὲρ</strong></span> <span class='ocrx_word' id='word_1_530' title='bbox 1494 4006 1672 4064; x_wconf 75' lang='grc' dir='ltr'><strong>ἕνδεκα</strong></span> <span class='ocrx_word' id='word_1_531' title='bbox 1699 4030 1803 4082; x_wconf 84' lang='grc' dir='ltr'><strong>μυ-</strong></span> 
     </span>
    </p>
   </div>
   <div class='ocr_carea' id='block_1_74' title="bbox 200 4077 1008 4157">
    <p class='ocr_par' dir='ltr' id='par_1_74' title="bbox 200 4077 1008 4157">
     <span class='ocr_line' id='line_1_76' title="bbox 200 4077 1008 4157; baseline -0.004 -21"><span class='ocrx_word' id='word_1_532' title='bbox 200 4083 390 4157; x_wconf 59' lang='grc' dir='ltr'><strong>ριάετρις</strong></span> <span class='ocrx_word' id='word_1_533' title='bbox 418 4088 519 4157; x_wconf 52' lang='grc' dir='ltr'><strong>[ὢν</strong></span> <span class='ocrx_word' id='word_1_534' title='bbox 532 4080 825 4157; x_wconf 41' lang='grc' dir='ltr'><strong>πολεμίων.-</strong></span> <span class='ocrx_word' id='word_1_535' title='bbox 843 4077 1008 4134; x_wconf 67' lang='lat' dir='ltr'><strong>Faan.</strong></span> 
     </span>
    </p>
   </div>
   <div class='ocr_carea' id='block_1_75' title="bbox 268 4149 1801 4220">
    <p class='ocr_par' dir='ltr' id='par_1_75' title="bbox 268 4149 1801 4220">
     <span class='ocr_line' id='line_1_77' title="bbox 268 4149 1801 4220; baseline 0.001 -14"><span class='ocrx_word' id='word_1_536' title='bbox 268 4151 365 4206; x_wconf 69' lang='lat'><strong>22.</strong></span> <span class='ocrx_word' id='word_1_537' title='bbox 410 4149 495 4204; x_wconf 70' lang='lat' dir='ltr'><strong>Ea:</strong></span> <span class='ocrx_word' id='word_1_538' title='bbox 524 4150 900 4204; x_wconf 76' lang='lat' dir='ltr'><strong>Macedonibus</strong></span> <span class='ocrx_word' id='word_1_539' title='bbox 928 4167 1043 4203; x_wconf 83' lang='lat' dir='ltr'><strong>vero</strong></span> <span class='ocrx_word' id='word_1_540' title='bbox 1080 4151 1311 4206; x_wconf 88' lang='lat' dir='ltr'><strong>cecidere</strong></span> <span class='ocrx_word' id='word_1_541' title='bbox 1341 4150 1537 4220; x_wconf 81' lang='lat' dir='ltr'><strong>pedites</strong></span> <span class='ocrx_word' id='word_1_542' title='bbox 1569 4152 1691 4208; x_wconf 71' lang='lat'><strong>130.</strong></span> <span class='ocrx_word' id='word_1_543' title='bbox 1726 4150 1801 4207; x_wconf 84' lang='lat' dir='ltr'><strong>Ita</strong></span> 
     </span>
    </p>
   </div>
   <div class='ocr_carea' id='block_1_76' title="bbox 199 4219 1801 4286">
    <p class='ocr_par' dir='ltr' id='par_1_76' title="bbox 199 4219 1801 4286">
     <span class='ocr_line' id='line_1_78' title="bbox 199 4219 1801 4286; baseline 0.002 -9"><span class='ocrx_word' id='word_1_544' title='bbox 199 4222 472 4286; x_wconf 80' lang='lat' dir='ltr'><strong>Justinus,</strong></span> <span class='ocrx_word' id='word_1_545' title='bbox 500 4222 718 4286; x_wconf 81' lang='lat' dir='ltr'><strong>quicum</strong></span> <span class='ocrx_word' id='word_1_546' title='bbox 752 4219 878 4275; x_wconf 81' lang='lat' dir='ltr'><strong>facit</strong></span> <span class='ocrx_word' id='word_1_547' title='bbox 907 4220 1178 4277; x_wconf 88' lang='lat' dir='ltr'><strong>Diodorus</strong></span> <span class='ocrx_word' id='word_1_548' title='bbox 1204 4224 1283 4277; x_wconf 87' lang='lat' dir='ltr'><strong>sic</strong></span> <span class='ocrx_word' id='word_1_549' title='bbox 1305 4219 1551 4277; x_wconf 78' lang='lat' dir='ltr'><strong>set-ibens</strong></span> <span class='ocrx_word' id='word_1_550' title='bbox 1581 4229 1715 4280; x_wconf 77' lang='grc' dir='ltr'><strong>ετῶν</strong></span> <span class='ocrx_word' id='word_1_551' title='bbox 1747 4222 1801 4280; x_wconf 73' lang='grc' dir='ltr'><strong><em>δὲ</em></strong></span> 
     </span>
    </p>
   </div>
   <div class='ocr_carea' id='block_1_77' title="bbox 200 4291 1800 4372">
    <p class='ocr_par' dir='ltr' id='par_1_77' title="bbox 200 4291 1800 4372">
     <span class='ocr_line' id='line_1_79' title="bbox 200 4291 1800 4372; baseline -0.001 -23"><span class='ocrx_word' id='word_1_552' title='bbox 200 4291 497 4372; x_wconf 60' lang='grc' dir='ltr'><strong>Μακεζᾷνων</strong></span> <span class='ocrx_word' id='word_1_553' title='bbox 530 4293 1046 4372; x_wconf 38' lang='grc' dir='ltr'><strong>ξτςλεύῖησαν-πεζοὶ</strong></span> <span class='ocrx_word' id='word_1_554' title='bbox 1069 4297 1174 4372; x_wconf 64' lang='grc' dir='ltr'><strong>Δμὲν</strong></span> <span class='ocrx_word' id='word_1_555' title='bbox 1200 4297 1271 4356; x_wconf 78' lang='grc' dir='ltr'><strong>εἰς</strong></span> <span class='ocrx_word' id='word_1_556' title='bbox 1312 4294 1637 4372; x_wconf 58' lang='grc' dir='ltr'><strong>τριαξοσίρυς</strong></span> <span class='ocrx_word' id='word_1_557' title='bbox 1657 4337 1670 4358; x_wconf 86' lang='grc'>,</span> <span class='ocrx_word' id='word_1_558' title='bbox 1717 4296 1800 4372; x_wconf 56' lang='lat' dir='ltr'><strong>llr-</strong></span> 
     </span>
    </p>
   </div>
   <div class='ocr_carea' id='block_1_78' title="bbox 199 4363 1802 4440">
    <p class='ocr_par' dir='ltr' id='par_1_78' title="bbox 199 4363 1802 4440">
     <span class='ocr_line' id='line_1_80' title="bbox 199 4363 1802 4440; baseline 0.001 -21"><span class='ocrx_word' id='word_1_559' title='bbox 199 4372 319 4426; x_wconf 76' lang='grc' dir='ltr'><strong>πεῖς</strong></span> <span class='ocrx_word' id='word_1_560' title='bbox 349 4363 413 4440; x_wconf 38' lang='grc' dir='ltr'><strong>δὲ,</strong></span> <span class='ocrx_word' id='word_1_561' title='bbox 435 4367 558 4440; x_wconf 68' lang='grc' dir='ltr'><strong>περὶ</strong></span> <span class='ocrx_word' id='word_1_562' title='bbox 586 4365 762 4440; x_wconf 55' lang='lat' dir='ltr'><strong>inuria</strong></span> <span class='ocrx_word' id='word_1_563' title='bbox 802 4366 889 4419; x_wconf 78' lang='grc' dir='ltr'><strong>καὶ</strong></span> <span class='ocrx_word' id='word_1_564' title='bbox 927 4363 1252 4440; x_wconf 59' lang='grc' dir='ltr'><strong>πεντήᾶςοντα.</strong></span> <span class='ocrx_word' id='word_1_565' title='bbox 1281 4363 1369 4440; x_wconf 65' lang='lat' dir='ltr'><strong>_A&#39;l</strong></span> <span class='ocrx_word' id='word_1_566' title='bbox 1417 4363 1639 4440; x_wconf 72' lang='lat' dir='ltr'><strong>Curtius</strong></span> <span class='ocrx_word' id='word_1_567' title='bbox 1672 4383 1685 4420; x_wconf 90' lang='lat'><strong>:</strong></span> 
     </span>
    </p>
   </div>
   <div class='ocr_carea' id='block_1_79' title="bbox 199 4434 1797 4507">
    <p class='ocr_par' dir='ltr' id='par_1_79' title="bbox 199 4434 1797 4507">
     <span class='ocr_line' id='line_1_81' title="bbox 199 4434 1797 4507; baseline 0.004 -22"><span class='ocrx_word' id='word_1_568' title='bbox 199 4446 350 4507; x_wconf 78' lang='lat' dir='ltr'><strong>parte</strong></span> <span class='ocrx_word' id='word_1_569' title='bbox 381 4434 663 4507; x_wconf 62' lang='lat' dir='ltr'><strong>Alerandri</strong></span> <span class='ocrx_word' id='word_1_570' title='bbox 691 4444 914 4507; x_wconf 85' lang='lat' dir='ltr'><strong>quatuor</strong></span> <span class='ocrx_word' id='word_1_571' title='bbox 943 4436 1293 4507; x_wconf 73' lang='lat' dir='ltr'><strong>etquingenti</strong></span> <span class='ocrx_word' id='word_1_572' title='bbox 1314 4435 1480 4507; x_wconf 72' lang='lat' dir='ltr'><strong>saucii</strong></span> <span class='ocrx_word' id='word_1_573' title='bbox 1512 4437 1673 4503; x_wconf 79' lang='lat' dir='ltr'><strong>luere,</strong></span> <span class='ocrx_word' id='word_1_574' title='bbox 1701 4437 1797 4491; x_wconf 79' lang='lat' dir='ltr'><strong>tti-</strong></span> 
     </span>
    </p>
   </div>
   <div class='ocr_carea' id='block_1_80' title="bbox 199 4505 1794 4578">
    <p class='ocr_par' dir='ltr' id='par_1_80' title="bbox 199 4505 1794 4578">
     <span class='ocr_line' id='line_1_82' title="bbox 199 4505 1794 4578; baseline 0.003 -20"><span class='ocrx_word' id='word_1_575' title='bbox 199 4505 348 4575; x_wconf 82' lang='lat' dir='ltr'><strong>ginta</strong></span> <span class='ocrx_word' id='word_1_576' title='bbox 375 4506 585 4560; x_wconf 87' lang='lat' dir='ltr'><strong>omnino</strong></span> <span class='ocrx_word' id='word_1_577' title='bbox 616 4514 661 4578; x_wconf 86' lang='lat' dir='ltr'><strong>et</strong></span> <span class='ocrx_word' id='word_1_578' title='bbox 684 4506 787 4558; x_wconf 87' lang='lat' dir='ltr'><strong>duo</strong></span> <span class='ocrx_word' id='word_1_579' title='bbox 807 4520 869 4560; x_wconf 71' lang='lat' dir='ltr'><strong>ex</strong></span> <span class='ocrx_word' id='word_1_580' title='bbox 888 4505 1455 4578; x_wconf 33' lang='lat' dir='ltr'><strong>peditibus‘desidcrati</strong></span> <span class='ocrx_word' id='word_1_581' title='bbox 1484 4516 1623 4576; x_wconf 88' lang='lat' dir='ltr'><strong>sunt,</strong></span> <span class='ocrx_word' id='word_1_582' title='bbox 1647 4507 1794 4578; x_wconf 83' lang='lat' dir='ltr'><strong>equi-</strong></span> 
     </span>
    </p>
   </div>
   <div class='ocr_carea' id='block_1_81' title="bbox 198 4576 1428 4649">
    <p class='ocr_par' dir='ltr' id='par_1_81' title="bbox 198 4576 1428 4649">
     <span class='ocr_line' id='line_1_83' title="bbox 198 4576 1428 4649; baseline 0.004 -22"><span class='ocrx_word' id='word_1_583' title='bbox 198 4585 309 4649; x_wconf 76' lang='lat' dir='ltr'><strong>tum</strong></span> <span class='ocrx_word' id='word_1_584' title='bbox 335 4585 544 4649; x_wconf 88' lang='lat' dir='ltr'><strong>cen_tum</strong></span> <span class='ocrx_word' id='word_1_585' title='bbox 562 4576 939 4649; x_wconf 72' lang='lat' dir='ltr'><strong>quinquaginta</strong></span> <span class='ocrx_word' id='word_1_586' title='bbox 959 4576 1236 4647; x_wconf 80' lang='lat' dir='ltr'><strong>interfecti.</strong></span> <span class='ocrx_word' id='word_1_587' title='bbox 1265 4576 1428 4649; x_wconf 63' lang='grc' dir='ltr'><strong>ΒΑΜ.</strong></span> 
     </span>
    </p>
   </div>
   <div class='ocr_carea' id='block_1_82' title="bbox 267 4646 1785 4721">
    <p class='ocr_par' dir='ltr' id='par_1_82' title="bbox 267 4646 1785 4721">
     <span class='ocr_line' id='line_1_84' title="bbox 267 4646 1785 4721; baseline 0.001 -17"><span class='ocrx_word' id='word_1_588' title='bbox 267 4646 367 4704; x_wconf 73' lang='grc'><strong>25.</strong></span> <span class='ocrx_word' id='word_1_589' title='bbox 405 4646 817 4721; x_wconf 68' lang='lat' dir='ltr'><strong>Repertum_est&#39;.</strong></span> <span class='ocrx_word' id='word_1_590' title='bbox 863 4646 940 4702; x_wconf 80' lang='lat' dir='ltr'><strong>Ex</strong></span> <span class='ocrx_word' id='word_1_591' title='bbox 987 4646 1121 4702; x_wconf 87' lang='lat' dir='ltr'><strong>mss.</strong></span> <span class='ocrx_word' id='word_1_592' title='bbox 1171 4648 1433 4706; x_wconf 84' lang='lat' dir='ltr'><strong>meliores</strong></span> <span class='ocrx_word' id='word_1_593' title='bbox 1481 4655 1536 4703; x_wconf 89' lang='lat' dir='ltr'><strong>ct</strong></span> <span class='ocrx_word' id='word_1_594' title='bbox 1587 4647 1785 4721; x_wconf 89' lang='lat' dir='ltr'><strong>reliqui</strong></span> 
     </span>
    </p>
   </div>
   <div class='ocr_carea' id='block_1_83' title="bbox 195 4716 871 4774">
    <p class='ocr_par' dir='ltr' id='par_1_83' title="bbox 195 4716 871 4774">
     <span class='ocr_line' id='line_1_85' title="bbox 195 4716 871 4774; baseline 0.004 -4"><span class='ocrx_word' id='word_1_595' title='bbox 195 4716 316 4773; x_wconf 89' lang='lat' dir='ltr'><strong>fere</strong></span> <span class='ocrx_word' id='word_1_596' title='bbox 344 4716 536 4772; x_wconf 87' lang='lat' dir='ltr'><strong>omnes</strong></span> <span class='ocrx_word' id='word_1_597' title='bbox 564 4726 637 4773; x_wconf 88' lang='lat' dir='ltr'><strong>est</strong></span> <span class='ocrx_word' id='word_1_598' title='bbox 666 4717 871 4774; x_wconf 86' lang='lat' dir='ltr'><strong>delent.</strong></span> 
     </span>
    </p>
   </div>
   <div class='ocr_carea' id='block_1_84' title="bbox 268 4787 1786 4860">
    <p class='ocr_par' dir='ltr' id='par_1_84' title="bbox 268 4787 1786 4860">
     <span class='ocr_line' id='line_1_86' title="bbox 268 4787 1786 4860; baseline 0.001 -15"><span class='ocrx_word' id='word_1_599' title='bbox 268 4789 362 4845; x_wconf 70' lang='grc'><strong>24.</strong></span> <span class='ocrx_word' id='word_1_600' title='bbox 406 4788 629 4860; x_wconf 83' lang='lat' dir='ltr'><strong>Regibus</strong></span> <span class='ocrx_word' id='word_1_601' title='bbox 650 4805 781 4860; x_wconf 5' lang='lat' dir='ltr'><strong>cum,</strong></span> <span class='ocrx_word' id='word_1_602' title='bbox 810 4787 1021 4856; x_wconf 80' lang='lat' dir='ltr'><strong>infulis,</strong></span> <span class='ocrx_word' id='word_1_603' title='bbox 1046 4797 1153 4846; x_wconf 85' lang='lat' dir='ltr'><strong>etc.</strong></span> <span class='ocrx_word' id='word_1_604' title='bbox 1196 4788 1363 4853; x_wconf 85' lang='lat' dir='ltr'><strong>Editi,</strong></span> <span class='ocrx_word' id='word_1_605' title='bbox 1394 4788 1606 4860; x_wconf 77' lang='lat' dir='ltr'><strong>insulis,</strong></span> <span class='ocrx_word' id='word_1_606' title='bbox 1641 4789 1786 4860; x_wconf 87' lang='lat' dir='ltr'><strong>quod</strong></span> 
     </span>
    </p>
   </div>
   <div class='ocr_carea' id='block_1_85' title="bbox 196 4857 1787 4931">
    <p class='ocr_par' dir='ltr' id='par_1_85' title="bbox 196 4857 1787 4931">
     <span class='ocr_line' id='line_1_87' title="bbox 196 4857 1787 4931; baseline 0.003 -18"><span class='ocrx_word' id='word_1_607' title='bbox 196 4857 366 4931; x_wconf 78' lang='lat' dir='ltr'><strong>forte,</strong></span> <span class='ocrx_word' id='word_1_608' title='bbox 400 4868 459 4931; x_wconf 79' lang='lat' dir='ltr'><strong>nt</strong></span> <span class='ocrx_word' id='word_1_609' title='bbox 484 4857 623 4931; x_wconf 80' lang='lat' dir='ltr'><strong>apud</strong></span> <span class='ocrx_word' id='word_1_610' title='bbox 656 4859 981 4916; x_wconf 86' lang='lat' dir='ltr'><strong>nobiliss.et</strong></span> <span class='ocrx_word' id='word_1_611' title='bbox 998 4862 1255 4917; x_wconf 86' lang='lat' dir='ltr'><strong>ornatiss.</strong></span> <span class='ocrx_word' id='word_1_612' title='bbox 1275 4860 1536 4931; x_wconf 87' lang='lat' dir='ltr'><strong>juvenem</strong></span> <span class='ocrx_word' id='word_1_613' title='bbox 1566 4857 1787 4917; x_wconf 78' lang='lat' dir='ltr'><strong>Petrum</strong></span> 
     </span>
    </p>
   </div>
   <div class='ocr_carea' id='block_1_86' title="bbox 194 4929 1785 5002">
    <p class='ocr_par' dir='ltr' id='par_1_86' title="bbox 194 4929 1785 5002">
     <span class='ocr_line' id='line_1_88' title="bbox 194 4929 1785 5002; baseline 0.003 -19"><span class='ocrx_word' id='word_1_614' title='bbox 194 4944 226 4983; x_wconf 85' lang='lat' dir='ltr'><strong>a</strong></span> <span class='ocrx_word' id='word_1_615' title='bbox 270 4929 467 5002; x_wconf 76' lang='lat' dir='ltr'><strong>BrOich</strong></span> <span class='ocrx_word' id='word_1_616' title='bbox 514 4929 967 5002; x_wconf 86' lang='lat' dir='ltr'><strong>Agrippinensem</strong></span> <span class='ocrx_word' id='word_1_617' title='bbox 1021 4932 1124 5002; x_wconf 88' lang='lat' dir='ltr'><strong>legi</strong></span> <span class='ocrx_word' id='word_1_618' title='bbox 1167 4929 1511 5002; x_wconf 78' lang='lat' dir='ltr'><strong>:ecquibus,</strong></span> <span class='ocrx_word' id='word_1_619' title='bbox 1567 4932 1785 5001; x_wconf 89' lang='lat' dir='ltr'><strong>inquit,</strong></span> 
     </span>
    </p>
   </div>
   <div class='ocr_carea' id='block_1_87' title="bbox 195 5001 1796 5067">
    <p class='ocr_par' dir='ltr' id='par_1_87' title="bbox 195 5001 1796 5067">
     <span class='ocr_line' id='line_1_89' title="bbox 195 5001 1796 5067; baseline 0.003 -14"><span class='ocrx_word' id='word_1_620' title='bbox 195 5001 414 5055; x_wconf 84' lang='lat' dir='ltr'><strong>tandem</strong></span> <span class='ocrx_word' id='word_1_621' title='bbox 446 5017 570 5057; x_wconf 89' lang='lat' dir='ltr'><strong>cum</strong></span> <span class='ocrx_word' id='word_1_622' title='bbox 597 5001 791 5057; x_wconf 86' lang='lat' dir='ltr'><strong>insulis</strong></span> <span class='ocrx_word' id='word_1_623' title='bbox 816 5001 1209 5058; x_wconf 79' lang='lat' dir='ltr'><strong>occurrebant?</strong></span> <span class='ocrx_word' id='word_1_624' title='bbox 1231 5002 1340 5057; x_wconf 91' lang='lat' dir='ltr'><strong>Aut</strong></span> <span class='ocrx_word' id='word_1_625' title='bbox 1367 5001 1592 5067; x_wconf 78' lang='lat' dir='ltr'><strong>infulas,</strong></span> <span class='ocrx_word' id='word_1_626' title='bbox 1626 5010 1681 5057; x_wconf 91' lang='lat' dir='ltr'><strong>et</strong></span> <span class='ocrx_word' id='word_1_627' title='bbox 1702 5018 1796 5058; x_wconf 90' lang='lat' dir='ltr'><strong>re-</strong></span> 
     </span>
    </p>
   </div>
   <div class='ocr_carea' id='block_1_88' title="bbox 193 5070 1782 5144">
    <p class='ocr_par' dir='ltr' id='par_1_88' title="bbox 193 5070 1782 5144">
     <span class='ocr_line' id='line_1_90' title="bbox 193 5070 1782 5144; baseline 0.003 -20"><span class='ocrx_word' id='word_1_628' title='bbox 193 5085 325 5144; x_wconf 80' lang='lat' dir='ltr'><strong>gum</strong></span> <span class='ocrx_word' id='word_1_629' title='bbox 346 5070 558 5144; x_wconf 85' lang='lat' dir='ltr'><strong>insigne</strong></span> <span class='ocrx_word' id='word_1_630' title='bbox 580 5072 791 5144; x_wconf 72' lang='lat' dir='ltr'><strong>putavit</strong></span> <span class='ocrx_word' id='word_1_631' title='bbox 805 5071 1067 5129; x_wconf 82' lang='lat' dir='ltr'><strong>Orosius?</strong></span> <span class='ocrx_word' id='word_1_632' title='bbox 1083 5072 1311 5144; x_wconf 89' lang='lat' dir='ltr'><strong>ridendo</strong></span> <span class='ocrx_word' id='word_1_633' title='bbox 1337 5074 1594 5144; x_wconf 85' lang='lat' dir='ltr'><strong>perscite.</strong></span> <span class='ocrx_word' id='word_1_634' title='bbox 1613 5071 1782 5128; x_wconf 62' lang='lat' dir='ltr'><strong>Laur.</strong></span> 
     </span>
    </p>
   </div>
   <div class='ocr_carea' id='block_1_89' title="bbox 193 5141 1787 5215">
    <p class='ocr_par' dir='ltr' id='par_1_89' title="bbox 193 5141 1787 5215">
     <span class='ocr_line' id='line_1_91' title="bbox 193 5141 1787 5215; baseline 0.001 -20"><span class='ocrx_word' id='word_1_635' title='bbox 193 5141 446 5215; x_wconf 78' lang='lat' dir='ltr'><strong>—-Quasi</strong></span> <span class='ocrx_word' id='word_1_636' title='bbox 463 5141 730 5215; x_wconf 62' lang='lat' dir='ltr'><strong>noni-pud</strong></span> <span class='ocrx_word' id='word_1_637' title='bbox 754 5142 1053 5215; x_wconf 54' lang='lat' dir='ltr'><strong>Iustinum,</strong></span> <span class='ocrx_word' id='word_1_638' title='bbox 1068 5159 1131 5198; x_wconf 82' lang='lat' dir='ltr'><strong>ex</strong></span> <span class='ocrx_word' id='word_1_639' title='bbox 1151 5158 1260 5215; x_wconf 91' lang='lat' dir='ltr'><strong>quo</strong></span> <span class='ocrx_word' id='word_1_640' title='bbox 1282 5141 1400 5215; x_wconf 70' lang='lat' dir='ltr'><strong>lucc</strong></span> <span class='ocrx_word' id='word_1_641' title='bbox 1423 5143 1614 5201; x_wconf 84' lang='lat' dir='ltr'><strong>hausta</strong></span> <span class='ocrx_word' id='word_1_642' title='bbox 1635 5155 1787 5211; x_wconf 87' lang='lat' dir='ltr'><strong>sunt,</strong></span> 
     </span>
    </p>
   </div>
   <div class='ocr_carea' id='block_1_90' title="bbox 193 5211 1784 5286">
    <p class='ocr_par' dir='ltr' id='par_1_90' title="bbox 193 5211 1784 5286">
     <span class='ocr_line' id='line_1_92' title="bbox 193 5211 1784 5286; baseline 0.002 -20"><span class='ocrx_word' id='word_1_643' title='bbox 193 5211 595 5286; x_wconf 9' lang='lat' dir='ltr'><strong>scribaturrlib.</strong></span> <span class='ocrx_word' id='word_1_644' title='bbox 625 5211 700 5278; x_wconf 70' lang='lat' dir='ltr'><strong>t1,</strong></span> <span class='ocrx_word' id='word_1_645' title='bbox 732 5228 852 5286; x_wconf 78' lang='lat' dir='ltr'><strong>cap.</strong></span> <span class='ocrx_word' id='word_1_646' title='bbox 889 5214 978 5281; x_wconf 78' lang='grc'><strong>10,</strong></span> <span class='ocrx_word' id='word_1_647' title='bbox 1014 5211 1234 5286; x_wconf 58' lang='lat' dir='ltr'><strong>Tanain</strong></span> <span class='ocrx_word' id='word_1_648' title='bbox 1265 5214 1476 5286; x_wconf 84' lang='lat' dir='ltr'><strong>Syriam</strong></span> <span class='ocrx_word' id='word_1_649' title='bbox 1500 5214 1784 5286; x_wconf 82' lang='lat' dir='ltr'><strong>proﬁcisci-</strong></span> 
     </span>
    </p>
   </div>
   <div class='ocr_carea' id='block_1_91' title="bbox 193 5284 1781 5355">
    <p class='ocr_par' dir='ltr' id='par_1_91' title="bbox 193 5284 1781 5355">
     <span class='ocr_line' id='line_1_93' title="bbox 193 5284 1781 5355; baseline 0.003 -19"><span class='ocrx_word' id='word_1_650' title='bbox 193 5291 305 5355; x_wconf 64' lang='lat' dir='ltr'><strong>tur,</strong></span> <span class='ocrx_word' id='word_1_651' title='bbox 327 5285 413 5338; x_wconf 82' lang='lat' dir='ltr'><strong>ubi</strong></span> <span class='ocrx_word' id='word_1_652' title='bbox 435 5285 607 5341; x_wconf 84' lang='lat' dir='ltr'><strong>obvios</strong></span> <span class='ocrx_word' id='word_1_653' title='bbox 626 5302 742 5339; x_wconf 88' lang='lat' dir='ltr'><strong>cum</strong></span> <span class='ocrx_word' id='word_1_654' title='bbox 763 5285 942 5355; x_wconf 78' lang='lat' dir='ltr'><strong>infulis</strong></span> <span class='ocrx_word' id='word_1_655' title='bbox 960 5284 1150 5340; x_wconf 86' lang='lat' dir='ltr'><strong>multos</strong></span> <span class='ocrx_word' id='word_1_656' title='bbox 1174 5284 1401 5340; x_wconf 78' lang='lat' dir='ltr'><strong>Orientis</strong></span> <span class='ocrx_word' id='word_1_657' title='bbox 1418 5284 1561 5355; x_wconf 84' lang='lat' dir='ltr'><strong>reges</strong></span> <span class='ocrx_word' id='word_1_658' title='bbox 1582 5285 1781 5341; x_wconf 83' lang='lat' dir='ltr'><strong>habuit.</strong></span> 
     </span>
    </p>
   </div>
   <div class='ocr_carea' id='block_1_92' title="bbox 192 5353 1776 5428">
    <p class='ocr_par' dir='ltr' id='par_1_92' title="bbox 192 5353 1776 5428">
     <span class='ocr_line' id='line_1_94' title="bbox 192 5353 1776 5428; baseline 0.001 -20"><span class='ocrx_word' id='word_1_659' title='bbox 192 5353 299 5408; x_wconf 74' lang='lat' dir='ltr'><strong>Hic</strong></span> <span class='ocrx_word' id='word_1_660' title='bbox 341 5370 559 5428; x_wconf 57' lang='lat' dir='ltr'><strong>quoque</strong></span> <span class='ocrx_word' id='word_1_661' title='bbox 591 5356 734 5424; x_wconf 89' lang='lat' dir='ltr'><strong>apud</strong></span> <span class='ocrx_word' id='word_1_662' title='bbox 763 5353 1013 5428; x_wconf 72' lang='lat' dir='ltr'><strong>Drosium</strong></span> <span class='ocrx_word' id='word_1_663' title='bbox 1048 5358 1099 5410; x_wconf 91' lang='lat' dir='ltr'><strong>in</strong></span> <span class='ocrx_word' id='word_1_664' title='bbox 1141 5372 1274 5412; x_wconf 72' lang='lat' dir='ltr'><strong>m.~,s.</strong></span> <span class='ocrx_word' id='word_1_665' title='bbox 1323 5353 1527 5428; x_wconf 77' lang='lat' dir='ltr'><strong>legitur</strong></span> <span class='ocrx_word' id='word_1_666' title='bbox 1560 5356 1776 5428; x_wconf 83' lang='lat' dir='ltr'><strong>infulis,</strong></span> 
     </span>
    </p>
   </div>
   <div class='ocr_carea' id='block_1_93' title="bbox 190 5426 1782 5497">
    <p class='ocr_par' dir='ltr' id='par_1_93' title="bbox 190 5426 1782 5497">
     <span class='ocr_line' id='line_1_95' title="bbox 190 5426 1782 5497; baseline 0.003 -20"><span class='ocrx_word' id='word_1_667' title='bbox 190 5431 361 5493; x_wconf 86' lang='lat' dir='ltr'><strong>atque</strong></span> <span class='ocrx_word' id='word_1_668' title='bbox 386 5428 438 5481; x_wconf 90' lang='lat' dir='ltr'><strong>in</strong></span> <span class='ocrx_word' id='word_1_669' title='bbox 469 5426 698 5482; x_wconf 79' lang='lat' dir='ltr'><strong>Fabricii</strong></span> <span class='ocrx_word' id='word_1_670' title='bbox 732 5426 856 5497; x_wconf 89' lang='lat' dir='ltr'><strong>edd.</strong></span> <span class='ocrx_word' id='word_1_671' title='bbox 883 5426 1038 5482; x_wconf 89' lang='lat' dir='ltr'><strong>Unde</strong></span> <span class='ocrx_word' id='word_1_672' title='bbox 1061 5428 1247 5497; x_wconf 87' lang='lat' dir='ltr'><strong>miror,</strong></span> <span class='ocrx_word' id='word_1_673' title='bbox 1280 5428 1331 5482; x_wconf 90' lang='lat' dir='ltr'><strong>in</strong></span> <span class='ocrx_word' id='word_1_674' title='bbox 1363 5427 1529 5482; x_wconf 81' lang='lat' dir='ltr'><strong>Scotti</strong></span> <span class='ocrx_word' id='word_1_675' title='bbox 1558 5426 1645 5482; x_wconf 87' lang='lat' dir='ltr'><strong>ed.</strong></span> <span class='ocrx_word' id='word_1_676' title='bbox 1672 5429 1782 5482; x_wconf 74' lang='lat' dir='ltr'><strong>blo-</strong></span> 
     </span>
    </p>
   </div>
   <div class='ocr_carea' id='block_1_94' title="bbox 190 5495 1592 5567">
    <p class='ocr_par' dir='ltr' id='par_1_94' title="bbox 190 5495 1592 5567">
     <span class='ocr_line' id='line_1_96' title="bbox 190 5495 1592 5567; baseline 0.003 -21"><span class='ocrx_word' id='word_1_677' title='bbox 190 5506 347 5565; x_wconf 86' lang='lat' dir='ltr'><strong>gnnt.</strong></span> <span class='ocrx_word' id='word_1_678' title='bbox 379 5498 560 5566; x_wconf 80' lang='lat' dir='ltr'><strong>infulis</strong></span> <span class='ocrx_word' id='word_1_679' title='bbox 587 5497 639 5551; x_wconf 92' lang='lat' dir='ltr'><strong>in</strong></span> <span class='ocrx_word' id='word_1_680' title='bbox 672 5495 938 5567; x_wconf 84' lang='lat' dir='ltr'><strong>margine,</strong></span> <span class='ocrx_word' id='word_1_681' title='bbox 968 5496 1153 5553; x_wconf 87' lang='lat' dir='ltr'><strong>insulis</strong></span> <span class='ocrx_word' id='word_1_682' title='bbox 1182 5495 1239 5552; x_wconf 86' lang='lat' dir='ltr'><strong>in</strong></span> <span class='ocrx_word' id='word_1_683' title='bbox 1264 5505 1413 5553; x_wconf 82' lang='lat' dir='ltr'><strong>textu</strong></span> <span class='ocrx_word' id='word_1_684' title='bbox 1448 5497 1592 5566; x_wconf 88' lang='lat' dir='ltr'><strong>poni.</strong></span> 
     </span>
    </p>
   </div>
   <div class='ocr_carea' id='block_1_95' title="bbox 269 5567 1770 5640">
    <p class='ocr_par' dir='ltr' id='par_1_95' title="bbox 269 5567 1770 5640">
     <span class='ocr_line' id='line_1_97' title="bbox 269 5567 1770 5640; baseline 0.002 -18"><span class='ocrx_word' id='word_1_685' title='bbox 269 5567 358 5622; x_wconf 74' lang='lat'><strong>25.</strong></span> <span class='ocrx_word' id='word_1_686' title='bbox 377 5567 783 5640; x_wconf 80' lang='lat' dir='ltr'><strong>_Alios_adlegit.</strong></span> <span class='ocrx_word' id='word_1_687' title='bbox 808 5569 896 5640; x_wconf 91' lang='lat' dir='ltr'><strong>S_ic</strong></span> <span class='ocrx_word' id='word_1_688' title='bbox 924 5575 1009 5624; x_wconf 91' lang='lat' dir='ltr'><strong>est</strong></span> <span class='ocrx_word' id='word_1_689' title='bbox 1042 5568 1104 5640; x_wconf 80' lang='lat' dir='ltr'><strong>in</strong></span> <span class='ocrx_word' id='word_1_690' title='bbox 1138 5570 1338 5624; x_wconf 87' lang='lat' dir='ltr'><strong>nostris</strong></span> <span class='ocrx_word' id='word_1_691' title='bbox 1366 5570 1770 5638; x_wconf 88' lang='lat' dir='ltr'><strong>manuscriptis,</strong></span> 
     </span>
    </p>
   </div>
   <div class='ocr_carea' id='block_1_96' title="bbox 190 5636 1769 5710">
    <p class='ocr_par' dir='ltr' id='par_1_96' title="bbox 190 5636 1769 5710">
     <span class='ocr_line' id='line_1_98' title="bbox 190 5636 1769 5710; baseline 0.003 -20"><span class='ocrx_word' id='word_1_692' title='bbox 190 5650 307 5710; x_wconf 69' lang='lat' dir='ltr'><strong>gon</strong></span> <span class='ocrx_word' id='word_1_693' title='bbox 326 5637 513 5710; x_wconf 67' lang='lat' dir='ltr'><strong>elegit.</strong></span> <span class='ocrx_word' id='word_1_694' title='bbox 543 5636 788 5710; x_wconf 74' lang='lat' dir='ltr'><strong>Justinus</strong></span> <span class='ocrx_word' id='word_1_695' title='bbox 814 5638 975 5710; x_wconf 82' lang='lat' dir='ltr'><strong>dixit,</strong></span> <span class='ocrx_word' id='word_1_696' title='bbox 998 5636 1130 5694; x_wconf 90' lang='lat' dir='ltr'><strong>alios</strong></span> <span class='ocrx_word' id='word_1_697' title='bbox 1153 5640 1207 5710; x_wconf 81' lang='lat' dir='ltr'><strong>in</strong></span> <span class='ocrx_word' id='word_1_698' title='bbox 1238 5640 1536 5694; x_wconf 85' lang='lat' dir='ltr'><strong>societatem</strong></span> <span class='ocrx_word' id='word_1_699' title='bbox 1562 5636 1769 5710; x_wconf 62' lang='lat' dir='ltr'><strong>recepit.</strong></span> 
     </span>
    </p>
   </div>
   <div class='ocr_carea' id='block_1_97' title="bbox 189 5706 1771 5782">
    <p class='ocr_par' dir='ltr' id='par_1_97' title="bbox 189 5706 1771 5782">
     <span class='ocr_line' id='line_1_99' title="bbox 189 5706 1771 5782; baseline 0.002 -21"><span class='ocrx_word' id='word_1_700' title='bbox 189 5706 449 5782; x_wconf 59' lang='lat' dir='ltr'><strong>Prtefeci&#39;t</strong></span> <span class='ocrx_word' id='word_1_701' title='bbox 474 5724 605 5765; x_wconf 90' lang='lat' dir='ltr'><strong>vero</strong></span> <span class='ocrx_word' id='word_1_702' title='bbox 631 5709 801 5782; x_wconf 78' lang='lat' dir='ltr'><strong>Syriae</strong></span> <span class='ocrx_word' id='word_1_703' title='bbox 824 5708 1135 5782; x_wconf 77' lang='lat' dir='ltr'><strong>Alexander</strong></span> <span class='ocrx_word' id='word_1_704' title='bbox 1160 5709 1595 5782; x_wconf 81' lang='lat' dir='ltr'><strong>Parmenionem,</strong></span> <span class='ocrx_word' id='word_1_705' title='bbox 1616 5706 1771 5782; x_wconf 76' lang='lat' dir='ltr'><strong>Cur.</strong></span> 
     </span>
    </p>
   </div>
   <div class='ocr_carea' id='block_1_98' title="bbox 188 5777 1767 5853">
    <p class='ocr_par' dir='ltr' id='par_1_98' title="bbox 188 5777 1767 5853">
     <span class='ocr_line' id='line_1_100' title="bbox 188 5777 1767 5853; baseline 0.003 -18"><span class='ocrx_word' id='word_1_706' title='bbox 188 5777 305 5835; x_wconf 82' lang='lat' dir='ltr'><strong>tius</strong></span> <span class='ocrx_word' id='word_1_707' title='bbox 332 5778 470 5837; x_wconf 91' lang='lat' dir='ltr'><strong>libro</strong></span> <span class='ocrx_word' id='word_1_708' title='bbox 500 5777 715 5853; x_wconf 80' lang='lat' dir='ltr'><strong>quarto,</strong></span> <span class='ocrx_word' id='word_1_709' title='bbox 748 5781 1008 5839; x_wconf 87' lang='lat' dir='ltr'><strong>Arrianus</strong></span> <span class='ocrx_word' id='word_1_710' title='bbox 1038 5779 1129 5837; x_wconf 79' lang='lat' dir='ltr'><strong>lib.</strong></span> <span class='ocrx_word' id='word_1_711' title='bbox 1158 5796 1215 5838; x_wconf 82' lang='lat' dir='ltr'><strong>ll.</strong></span> <span class='ocrx_word' id='word_1_712' title='bbox 1261 5780 1427 5839; x_wconf 66' lang='lat' dir='ltr'><strong>Pana.</strong></span> <span class='ocrx_word' id='word_1_713' title='bbox 1454 5811 1521 5821; x_wconf 92' lang='lat'><strong><em>—</em></strong></span> <span class='ocrx_word' id='word_1_714' title='bbox 1543 5781 1767 5853; x_wconf 79' lang='lat' dir='ltr'><strong>Adlegit.</strong></span> 
     </span>
    </p>
   </div>
   <div class='ocr_carea' id='block_1_99' title="bbox 1979 3227 3507 3298">
    <p class='ocr_par' dir='ltr' id='par_1_99' title="bbox 1979 3227 3507 3298">
     <span class='ocr_line' id='line_1_101' title="bbox 1979 3227 3507 3298; baseline 0.003 -16"><span class='ocrx_word' id='word_1_715' title='bbox 1979 3228 2072 3283; x_wconf 74' lang='lat'><strong>9.7.</strong></span> <span class='ocrx_word' id='word_1_716' title='bbox 2116 3227 2249 3284; x_wconf 89' lang='lat' dir='ltr'><strong>Inde</strong></span> <span class='ocrx_word' id='word_1_717' title='bbox 2275 3228 2345 3283; x_wconf 86' lang='lat' dir='ltr'><strong>ad</strong></span> <span class='ocrx_word' id='word_1_718' title='bbox 2369 3227 2620 3298; x_wconf 86' lang='lat' dir='ltr'><strong>templum</strong></span> <span class='ocrx_word' id='word_1_719' title='bbox 2644 3229 2789 3285; x_wconf 72' lang='lat' dir='ltr'><strong>lovis</strong></span> <span class='ocrx_word' id='word_1_720' title='bbox 2818 3230 3107 3285; x_wconf 81' lang='lat' dir='ltr'><strong>Ammonis.</strong></span> <span class='ocrx_word' id='word_1_721' title='bbox 3139 3232 3219 3291; x_wconf 88' lang='lat' dir='ltr'><strong>De</strong></span> <span class='ocrx_word' id='word_1_722' title='bbox 3238 3231 3343 3289; x_wconf 83' lang='lat' dir='ltr'><strong>hoc</strong></span> <span class='ocrx_word' id='word_1_723' title='bbox 3368 3243 3507 3288; x_wconf 84' lang='lat' dir='ltr'><strong>tem-</strong></span> 
     </span>
    </p>
   </div>
   <div class='ocr_carea' id='block_1_100' title="bbox 1910 3297 3506 3369">
    <p class='ocr_par' dir='ltr' id='par_1_100' title="bbox 1910 3297 3506 3369">
     <span class='ocr_line' id='line_1_102' title="bbox 1910 3297 3506 3369; baseline 0.006 -19"><span class='ocrx_word' id='word_1_724' title='bbox 1910 3297 2030 3368; x_wconf 89' lang='lat' dir='ltr'><strong>plo,</strong></span> <span class='ocrx_word' id='word_1_725' title='bbox 2081 3309 2131 3353; x_wconf 88' lang='lat' dir='ltr'><strong>et</strong></span> <span class='ocrx_word' id='word_1_726' title='bbox 2193 3300 2525 3369; x_wconf 85' lang='lat' dir='ltr'><strong>profectione</strong></span> <span class='ocrx_word' id='word_1_727' title='bbox 2575 3301 2870 3357; x_wconf 81' lang='lat' dir='ltr'><strong>Alexandri</strong></span> <span class='ocrx_word' id='word_1_728' title='bbox 2911 3301 2976 3355; x_wconf 88' lang='lat' dir='ltr'><strong>ad</strong></span> <span class='ocrx_word' id='word_1_729' title='bbox 3016 3304 3341 3360; x_wconf 83' lang='lat' dir='ltr'><strong>Ammonem</strong></span> <span class='ocrx_word' id='word_1_730' title='bbox 3398 3314 3506 3359; x_wconf 88' lang='lat' dir='ltr'><strong>tam</strong></span> 
     </span>
    </p>
   </div>
   <div class='ocr_carea' id='block_1_101' title="bbox 1909 3370 3506 3446">
    <p class='ocr_par' dir='ltr' id='par_1_101' title="bbox 1909 3370 3506 3446">
     <span class='ocr_line' id='line_1_103' title="bbox 1909 3370 3506 3446; baseline 0.006 -23"><span class='ocrx_word' id='word_1_731' title='bbox 1909 3372 2076 3425; x_wconf 87' lang='lat' dir='ltr'><strong>multa</strong></span> <span class='ocrx_word' id='word_1_732' title='bbox 2096 3370 2351 3446; x_wconf 71' lang='lat' dir='ltr'><strong>Diodor.,</strong></span> <span class='ocrx_word' id='word_1_733' title='bbox 2368 3371 2597 3446; x_wconf 64' lang='lat' dir='ltr'><strong>Philan,</strong></span> <span class='ocrx_word' id='word_1_734' title='bbox 2615 3374 2677 3428; x_wconf 86' lang='lat' dir='ltr'><strong>At</strong></span> <span class='ocrx_word' id='word_1_735' title='bbox 2692 3373 2870 3446; x_wconf 84' lang='lat' dir='ltr'><strong>ianus,</strong></span> <span class='ocrx_word' id='word_1_736' title='bbox 2894 3371 3140 3442; x_wconf 84' lang='lat' dir='ltr'><strong>Curtius,</strong></span> <span class='ocrx_word' id='word_1_737' title='bbox 3161 3386 3219 3432; x_wconf 91' lang='lat' dir='ltr'><strong>et</strong></span> <span class='ocrx_word' id='word_1_738' title='bbox 3238 3376 3432 3432; x_wconf 85' lang='lat' dir='ltr'><strong>Justint</strong></span> <span class='ocrx_word' id='word_1_739' title='bbox 3456 3390 3506 3446; x_wconf 86' lang='lat' dir='ltr'><strong>s,</strong></span> 
     </span>
    </p>
   </div>
   <div class='ocr_carea' id='block_1_102' title="bbox 1911 3442 3290 3515">
    <p class='ocr_par' dir='ltr' id='par_1_102' title="bbox 1911 3442 3290 3515">
     <span class='ocr_line' id='line_1_104' title="bbox 1911 3442 3290 3515; baseline 0.004 -20"><span class='ocrx_word' id='word_1_740' title='bbox 1911 3452 1967 3495; x_wconf 86' lang='lat' dir='ltr'><strong>ut</strong></span> <span class='ocrx_word' id='word_1_741' title='bbox 1986 3442 2240 3515; x_wconf 72' lang='lat' dir='ltr'><strong>putidum</strong></span> <span class='ocrx_word' id='word_1_742' title='bbox 2270 3445 2340 3497; x_wconf 87' lang='lat' dir='ltr'><strong>sit</strong></span> <span class='ocrx_word' id='word_1_743' title='bbox 2366 3443 2507 3499; x_wconf 88' lang='lat' dir='ltr'><strong>velle</strong></span> <span class='ocrx_word' id='word_1_744' title='bbox 2536 3444 2740 3515; x_wconf 85' lang='lat' dir='ltr'><strong>aliquid</strong></span> <span class='ocrx_word' id='word_1_745' title='bbox 2768 3444 3085 3501; x_wconf 83' lang='lat' dir='ltr'><strong>admonere.</strong></span> <span class='ocrx_word' id='word_1_746' title='bbox 3121 3447 3290 3503; x_wconf 76' lang='lat' dir='ltr'><strong>FABR.</strong></span> 
     </span>
    </p>
   </div>
   <div class='ocr_carea' id='block_1_103' title="bbox 1976 3512 3504 3589">
    <p class='ocr_par' dir='ltr' id='par_1_103' title="bbox 1976 3512 3504 3589">
     <span class='ocr_line' id='line_1_105' title="bbox 1976 3512 3504 3589; baseline 0.004 -23"><span class='ocrx_word' id='word_1_747' title='bbox 1976 3512 2071 3567; x_wconf 74' lang='lat'><strong>28.</strong></span> <span class='ocrx_word' id='word_1_748' title='bbox 2114 3513 2195 3589; x_wconf 76' lang='lat' dir='ltr'><strong>Ad</strong></span> <span class='ocrx_word' id='word_1_749' title='bbox 2226 3523 2427 3587; x_wconf 86' lang='lat' dir='ltr'><strong>tempus</strong></span> <span class='ocrx_word' id='word_1_750' title='bbox 2449 3512 2750 3589; x_wconf 73' lang='lat' dir='ltr'><strong>composito.</strong></span> <span class='ocrx_word' id='word_1_751' title='bbox 2779 3515 2951 3587; x_wconf 85' lang='lat' dir='ltr'><strong>Lugd.</strong></span> <span class='ocrx_word' id='word_1_752' title='bbox 2982 3519 3122 3573; x_wconf 82' lang='lat' dir='ltr'><strong>Batt.</strong></span> <span class='ocrx_word' id='word_1_753' title='bbox 3155 3534 3237 3589; x_wconf 85' lang='lat' dir='ltr'><strong>pr.</strong></span> <span class='ocrx_word' id='word_1_754' title='bbox 3265 3528 3319 3575; x_wconf 90' lang='lat' dir='ltr'><strong>et</strong></span> <span class='ocrx_word' id='word_1_755' title='bbox 3348 3525 3504 3587; x_wconf 88' lang='lat' dir='ltr'><strong>lert.,</strong></span> 
     </span>
    </p>
   </div>
   <div class='ocr_carea' id='block_1_104' title="bbox 1906 3585 2571 3656">
    <p class='ocr_par' dir='ltr' id='par_1_104' title="bbox 1906 3585 2571 3656">
     <span class='ocr_line' id='line_1_106' title="bbox 1906 3585 2571 3656; baseline 0.006 -20"><span class='ocrx_word' id='word_1_756' title='bbox 1906 3585 1974 3636; x_wconf 85' lang='lat' dir='ltr'><strong>ad</strong></span> <span class='ocrx_word' id='word_1_757' title='bbox 1995 3586 2241 3656; x_wconf 67' lang='lat' dir='ltr'><strong>templum</strong></span> <span class='ocrx_word' id='word_1_758' title='bbox 2264 3585 2571 3655; x_wconf 79' lang='lat' dir='ltr'><strong>composito.</strong></span> 
     </span>
    </p>
   </div>
   <div class='ocr_carea' id='block_1_105' title="bbox 1975 3654 3204 3729">
    <p class='ocr_par' dir='ltr' id='par_1_105' title="bbox 1975 3654 3204 3729">
     <span class='ocr_line' id='line_1_107' title="bbox 1975 3654 3204 3729; baseline 0.003 -21"><span class='ocrx_word' id='word_1_759' title='bbox 1975 3656 2068 3729; x_wconf 61' lang='lat' dir='ltr'><strong>git.</strong></span> <span class='ocrx_word' id='word_1_760' title='bbox 2099 3654 2482 3729; x_wconf 42' lang='lat' dir='ltr'><strong>ignorantiam.</strong></span> <span class='ocrx_word' id='word_1_761' title='bbox 2504 3659 2627 3729; x_wconf 68' lang='lat' dir='ltr'><strong>liti.</strong></span> <span class='ocrx_word' id='word_1_762' title='bbox 2646 3656 2810 3727; x_wconf 86' lang='lat' dir='ltr'><strong>Aug.,</strong></span> <span class='ocrx_word' id='word_1_763' title='bbox 2835 3658 3204 3729; x_wconf 85' lang='lat' dir='ltr'><strong>ignorantiam.</strong></span> 
     </span>
    </p>
   </div>
   <div class='ocr_carea' id='block_1_106' title="bbox 1978 3725 3505 3794">
    <p class='ocr_par' dir='ltr' id='par_1_106' title="bbox 1978 3725 3505 3794">
     <span class='ocr_line' id='line_1_108' title="bbox 1978 3725 3505 3794; baseline 0.002 -14"><span class='ocrx_word' id='word_1_764' title='bbox 1978 3725 2068 3780; x_wconf 79' lang='grc'><strong>50.</strong></span> <span class='ocrx_word' id='word_1_765' title='bbox 2114 3725 2288 3779; x_wconf 85' lang='lat' dir='ltr'><strong>Patris</strong></span> <span class='ocrx_word' id='word_1_766' title='bbox 2331 3728 2533 3781; x_wconf 82' lang='lat' dir='ltr'><strong>incesti.</strong></span> <span class='ocrx_word' id='word_1_767' title='bbox 2574 3727 2668 3782; x_wconf 90' lang='lat' dir='ltr'><strong>Sic</strong></span> <span class='ocrx_word' id='word_1_768' title='bbox 2716 3725 2928 3794; x_wconf 72' lang='lat' dir='ltr'><strong>scripti.</strong></span> <span class='ocrx_word' id='word_1_769' title='bbox 2968 3728 3073 3783; x_wconf 91' lang='lat' dir='ltr'><strong>Sed</strong></span> <span class='ocrx_word' id='word_1_770' title='bbox 3114 3738 3174 3782; x_wconf 90' lang='lat' dir='ltr'><strong>ut</strong></span> <span class='ocrx_word' id='word_1_771' title='bbox 3218 3728 3505 3783; x_wconf 87' lang='lat' dir='ltr'><strong>tolleretur</strong></span> 
     </span>
    </p>
   </div>
   <div class='ocr_carea' id='block_1_107' title="bbox 1906 3795 3503 3868">
    <p class='ocr_par' dir='ltr' id='par_1_107' title="bbox 1906 3795 3503 3868">
     <span class='ocr_line' id='line_1_109' title="bbox 1906 3795 3503 3868; baseline 0.003 -19"><span class='ocrx_word' id='word_1_772' title='bbox 1906 3795 2051 3862; x_wconf 89' lang='lat' dir='ltr'><strong>quod</strong></span> <span class='ocrx_word' id='word_1_773' title='bbox 2085 3796 2357 3868; x_wconf 82' lang='lat' dir='ltr'><strong>vulgatum</strong></span> <span class='ocrx_word' id='word_1_774' title='bbox 2393 3799 2521 3850; x_wconf 92' lang='lat' dir='ltr'><strong>olim</strong></span> <span class='ocrx_word' id='word_1_775' title='bbox 2555 3808 2662 3861; x_wconf 81' lang='lat' dir='ltr'><strong>est,</strong></span> <span class='ocrx_word' id='word_1_776' title='bbox 2704 3798 2906 3867; x_wconf 86' lang='lat' dir='ltr'><strong>incerti,</strong></span> <span class='ocrx_word' id='word_1_777' title='bbox 2950 3799 3069 3868; x_wconf 88' lang='lat' dir='ltr'><strong>quis</strong></span> <span class='ocrx_word' id='word_1_778' title='bbox 3100 3814 3208 3852; x_wconf 91' lang='lat' dir='ltr'><strong>non</strong></span> <span class='ocrx_word' id='word_1_779' title='bbox 3241 3797 3344 3854; x_wconf 78' lang='lat' dir='ltr'><strong>huc</strong></span> <span class='ocrx_word' id='word_1_780' title='bbox 3369 3815 3503 3855; x_wconf 82' lang='lat' dir='ltr'><strong>con-</strong></span> 
     </span>
    </p>
   </div>
   <div class='ocr_carea' id='block_1_108' title="bbox 1907 3867 3500 3926">
    <p class='ocr_par' dir='ltr' id='par_1_108' title="bbox 1907 3867 3500 3926">
     <span class='ocr_line' id='line_1_110' title="bbox 1907 3867 3500 3926; baseline 0.003 -5"><span class='ocrx_word' id='word_1_781' title='bbox 1907 3868 2097 3922; x_wconf 85' lang='lat' dir='ltr'><strong>venire</strong></span> <span class='ocrx_word' id='word_1_782' title='bbox 2129 3867 2324 3924; x_wconf 83' lang='lat' dir='ltr'><strong>melius</strong></span> <span class='ocrx_word' id='word_1_783' title='bbox 2352 3868 2607 3923; x_wconf 70' lang='lat' dir='ltr'><strong>adulterae</strong></span> <span class='ocrx_word' id='word_1_784' title='bbox 2644 3869 2798 3922; x_wconf 84' lang='lat' dir='ltr'><strong>matri</strong></span> <span class='ocrx_word' id='word_1_785' title='bbox 2837 3867 3055 3923; x_wconf 77' lang='lat' dir='ltr'><strong>dixerit.</strong></span> <span class='ocrx_word' id='word_1_786' title='bbox 3088 3868 3500 3926; x_wconf 55' lang='lat' dir='ltr'><strong>Luna—Mss.</strong></span> 
     </span>
    </p>
   </div>
   <div class='ocr_carea' id='block_1_109' title="bbox 1907 3937 3497 4012">
    <p class='ocr_par' dir='ltr' id='par_1_109' title="bbox 1907 3937 3497 4012">
     <span class='ocr_line' id='line_1_111' title="bbox 1907 3937 3497 4012; baseline 0.005 -21"><span class='ocrx_word' id='word_1_787' title='bbox 1907 3937 2164 4012; x_wconf 82' lang='lat' dir='ltr'><strong>meliores</strong></span> <span class='ocrx_word' id='word_1_788' title='bbox 2192 3949 2244 3994; x_wconf 92' lang='lat' dir='ltr'><strong>et</strong></span> <span class='ocrx_word' id='word_1_789' title='bbox 2281 3940 2465 4012; x_wconf 80' lang='lat' dir='ltr'><strong>plures</strong></span> <span class='ocrx_word' id='word_1_790' title='bbox 2488 3940 2678 4012; x_wconf 81' lang='lat' dir='ltr'><strong>incerti</strong></span> <span class='ocrx_word' id='word_1_791' title='bbox 2711 3938 2913 4012; x_wconf 84' lang='lat' dir='ltr'><strong>habent</strong></span> <span class='ocrx_word' id='word_1_792' title='bbox 2939 3954 3046 3994; x_wconf 91' lang='lat' dir='ltr'><strong>non</strong></span> <span class='ocrx_word' id='word_1_793' title='bbox 3078 3941 3278 3995; x_wconf 83' lang='lat' dir='ltr'><strong>incesti.</strong></span> <span class='ocrx_word' id='word_1_794' title='bbox 3309 3941 3497 4012; x_wconf 81' lang='lat' dir='ltr'><strong>Neque</strong></span> 
     </span>
    </p>
   </div>
   <div class='ocr_carea' id='block_1_110' title="bbox 1906 4008 3497 4079">
    <p class='ocr_par' dir='ltr' id='par_1_110' title="bbox 1906 4008 3497 4079">
     <span class='ocr_line' id='line_1_112' title="bbox 1906 4008 3497 4079; baseline 0.004 -17"><span class='ocrx_word' id='word_1_795' title='bbox 1906 4008 2069 4063; x_wconf 84' lang='lat' dir='ltr'><strong>video</strong></span> <span class='ocrx_word' id='word_1_796' title='bbox 2093 4010 2368 4079; x_wconf 89' lang='lat' dir='ltr'><strong>quomodo</strong></span> <span class='ocrx_word' id='word_1_797' title='bbox 2398 4010 2591 4066; x_wconf 91' lang='lat' dir='ltr'><strong>melius</strong></span> <span class='ocrx_word' id='word_1_798' title='bbox 2616 4010 2869 4066; x_wconf 83' lang='lat' dir='ltr'><strong>adultera:</strong></span> <span class='ocrx_word' id='word_1_799' title='bbox 2889 4012 3045 4064; x_wconf 87' lang='lat' dir='ltr'><strong>matri</strong></span> <span class='ocrx_word' id='word_1_800' title='bbox 3066 4012 3378 4068; x_wconf 87' lang='lat' dir='ltr'><strong>conveniat.</strong></span> <span class='ocrx_word' id='word_1_801' title='bbox 3408 4008 3497 4069; x_wconf 35' lang='lat' dir='ltr'><strong>’An</strong></span> 
     </span>
    </p>
   </div>
   <div class='ocr_carea' id='block_1_111' title="bbox 1905 4080 3502 4150">
    <p class='ocr_par' dir='ltr' id='par_1_111' title="bbox 1905 4080 3502 4150">
     <span class='ocr_line' id='line_1_113' title="bbox 1905 4080 3502 4150; baseline 0.004 -16"><span class='ocrx_word' id='word_1_802' title='bbox 1905 4094 2012 4135; x_wconf 92' lang='lat' dir='ltr'><strong>non</strong></span> <span class='ocrx_word' id='word_1_803' title='bbox 2047 4089 2257 4150; x_wconf 89' lang='lat' dir='ltr'><strong>poterat</strong></span> <span class='ocrx_word' id='word_1_804' title='bbox 2293 4080 2538 4136; x_wconf 89' lang='lat' dir='ltr'><strong>adultera</strong></span> <span class='ocrx_word' id='word_1_805' title='bbox 2584 4097 2708 4139; x_wconf 89' lang='lat' dir='ltr'><strong>esse</strong></span> <span class='ocrx_word' id='word_1_806' title='bbox 2745 4082 2861 4138; x_wconf 92' lang='lat' dir='ltr'><strong>sine</strong></span> <span class='ocrx_word' id='word_1_807' title='bbox 2897 4082 3141 4138; x_wconf 85' lang='lat' dir='ltr'><strong>incesto?</strong></span> <span class='ocrx_word' id='word_1_808' title='bbox 3176 4081 3502 4140; x_wconf 77' lang='lat' dir='ltr'><strong>Necessario</strong></span> 
     </span>
    </p>
   </div>
   <div class='ocr_carea' id='block_1_112' title="bbox 1904 4152 3497 4276">
    <p class='ocr_par' dir='ltr' id='par_1_112' title="bbox 1904 4152 3497 4276">
     <span class='ocr_line' id='line_1_114' title="bbox 1904 4152 3497 4276; baseline 0.004 -71"><span class='ocrx_word' id='word_1_809' title='bbox 1904 4163 2083 4276; x_wconf 45' lang='lat' dir='ltr'><strong>a‘qtem</strong></span> <span class='ocrx_word' id='word_1_810' title='bbox 2116 4161 2266 4276; x_wconf 55' lang='lat' dir='ltr'><strong>Sater</strong></span> <span class='ocrx_word' id='word_1_811' title='bbox 2286 4162 2403 4208; x_wconf 91' lang='lat' dir='ltr'><strong>erat</strong></span> <span class='ocrx_word' id='word_1_812' title='bbox 2434 4152 2698 4219; x_wconf 88' lang='lat' dir='ltr'><strong>incertus,</strong></span> <span class='ocrx_word' id='word_1_813' title='bbox 2728 4153 2773 4209; x_wconf 89' lang='lat' dir='ltr'><strong>si</strong></span> <span class='ocrx_word' id='word_1_814' title='bbox 2797 4168 2866 4209; x_wconf 81' lang='lat' dir='ltr'><strong>ex</strong></span> <span class='ocrx_word' id='word_1_815' title='bbox 2895 4152 3166 4209; x_wconf 89' lang='lat' dir='ltr'><strong>adulterio</strong></span> <span class='ocrx_word' id='word_1_816' title='bbox 3196 4165 3497 4226; x_wconf 83' lang='lat' dir='ltr'><strong>conceptus</strong></span> 
     </span>
     <span class='ocr_line' id='line_1_115' title="bbox 1977 4237 2237 4276; baseline 0.004 -1"><span class='ocrx_word' id='word_1_817' title='bbox 1977 4238 2115 4276; x_wconf 79' lang='lat' dir='ltr'><strong>exan</strong></span> <span class='ocrx_word' id='word_1_818' title='bbox 2156 4237 2237 4276; x_wconf 87' lang='lat' dir='ltr'><strong>er.</strong></span> 
     </span>
    </p>
   </div>
   <div class='ocr_carea' id='block_1_113' title="bbox 1977 4237 2237 4279">
    <p class='ocr_par' dir='ltr' id='par_1_113' title="bbox 1977 4237 2237 4279">
     <span class='ocr_line' id='line_1_116' title="bbox 1977 4237 2237 4279; baseline 0.004 -2"><span class='ocrx_word' id='word_1_819' title='bbox 1977 4237 2237 4279; x_wconf 78' lang='lat' dir='ltr'><strong>exanuer.</strong></span> 
     </span>
    </p>
   </div>
   <div class='ocr_carea' id='block_1_114' title="bbox 1977 4292 3500 4368">
    <p class='ocr_par' dir='ltr' id='par_1_114' title="bbox 1977 4292 3500 4368">
     <span class='ocr_line' id='line_1_117' title="bbox 1977 4292 3500 4368; baseline 0.001 -19"><span class='ocrx_word' id='word_1_820' title='bbox 1977 4292 2482 4368; x_wconf 66' lang='lat' dir='ltr'><strong>§I._Alea:andriam</strong></span> <span class='ocrx_word' id='word_1_821' title='bbox 2512 4296 2565 4368; x_wconf 80' lang='lat' dir='ltr'><strong>in</strong></span> <span class='ocrx_word' id='word_1_822' title='bbox 2588 4294 2833 4368; x_wconf 56' lang='lat' dir='ltr'><strong>:{Egyplo</strong></span> <span class='ocrx_word' id='word_1_823' title='bbox 2868 4294 3121 4368; x_wconf 74' lang='lat' dir='ltr'><strong>condidit.</strong></span> <span class='ocrx_word' id='word_1_824' title='bbox 3163 4296 3226 4351; x_wconf 93' lang='lat' dir='ltr'><strong>C.</strong></span> <span class='ocrx_word' id='word_1_825' title='bbox 3268 4297 3500 4354; x_wconf 72' lang='lat' dir='ltr'><strong>Pmlelio</strong></span> 
     </span>
    </p>
   </div>
   <div class='ocr_carea' id='block_1_115' title="bbox 1905 4363 3500 4435">
    <p class='ocr_par' dir='ltr' id='par_1_115' title="bbox 1905 4363 3500 4435">
     <span class='ocr_line' id='line_1_118' title="bbox 1905 4363 3500 4435; baseline 0.001 -17"><span class='ocrx_word' id='word_1_826' title='bbox 1905 4373 1959 4435; x_wconf 89' lang='lat' dir='ltr'><strong>et</strong></span> <span class='ocrx_word' id='word_1_827' title='bbox 1986 4363 2047 4418; x_wconf 86' lang='lat' dir='ltr'><strong>L.</strong></span> <span class='ocrx_word' id='word_1_828' title='bbox 2082 4364 2300 4435; x_wconf 76' lang='lat' dir='ltr'><strong>Papirio</strong></span> <span class='ocrx_word' id='word_1_829' title='bbox 2320 4380 2463 4419; x_wconf 90' lang='lat' dir='ltr'><strong>anno</strong></span> <span class='ocrx_word' id='word_1_830' title='bbox 2490 4366 2558 4422; x_wconf 90' lang='lat' dir='ltr'><strong>ab</strong></span> <span class='ocrx_word' id='word_1_831' title='bbox 2586 4363 2982 4423; x_wconf 34' lang='lat' dir='ltr'><strong>Urhe‘condita</strong></span> <span class='ocrx_word' id='word_1_832' title='bbox 3012 4380 3228 4422; x_wconf 80' lang='lat' dir='ltr'><strong>coxxvu</strong></span> <span class='ocrx_word' id='word_1_833' title='bbox 3259 4368 3500 4423; x_wconf 83' lang='lat' dir='ltr'><strong>Alexan-</strong></span> 
     </span>
    </p>
   </div>
   <div class='ocr_carea' id='block_1_116' title="bbox 1905 4434 3495 4507">
    <p class='ocr_par' dir='ltr' id='par_1_116' title="bbox 1905 4434 3495 4507">
     <span class='ocr_line' id='line_1_119' title="bbox 1905 4434 3495 4507; baseline 0.001 -19"><span class='ocrx_word' id='word_1_834' title='bbox 1905 4434 2077 4507; x_wconf 81' lang='lat' dir='ltr'><strong>driam</strong></span> <span class='ocrx_word' id='word_1_835' title='bbox 2095 4435 2148 4489; x_wconf 91' lang='lat' dir='ltr'><strong>in</strong></span> <span class='ocrx_word' id='word_1_836' title='bbox 2162 4434 2405 4507; x_wconf 68' lang='lat' dir='ltr'><strong>Egyth</strong></span> <span class='ocrx_word' id='word_1_837' title='bbox 2421 4436 2693 4507; x_wconf 88' lang='lat' dir='ltr'><strong>conditam</strong></span> <span class='ocrx_word' id='word_1_838' title='bbox 2708 4436 2893 4491; x_wconf 83' lang='lat' dir='ltr'><strong>scribit</strong></span> <span class='ocrx_word' id='word_1_839' title='bbox 2917 4435 3104 4490; x_wconf 85' lang='lat' dir='ltr'><strong>Livius</strong></span> <span class='ocrx_word' id='word_1_840' title='bbox 3126 4438 3262 4493; x_wconf 89' lang='lat' dir='ltr'><strong>libro</strong></span> <span class='ocrx_word' id='word_1_841' title='bbox 3282 4448 3495 4502; x_wconf 87' lang='lat' dir='ltr'><strong>octavo,</strong></span> 
     </span>
    </p>
   </div>
   <div class='ocr_carea' id='block_1_117' title="bbox 1906 4452 3494 4578">
    <p class='ocr_par' dir='ltr' id='par_1_117' title="bbox 1906 4452 3494 4578">
     <span class='ocr_line' id='line_1_120' title="bbox 1906 4452 3494 4507; baseline 0 -18"><span class='ocrx_word' id='word_1_842' title='bbox 1906 4452 2077 4489; x_wconf 78' lang='lat' dir='ltr'><strong>ortam</strong></span> <span class='ocrx_word' id='word_1_843' title='bbox 2095 4452 2148 4489; x_wconf 84' lang='lat' dir='ltr'><strong>tn</strong></span> <span class='ocrx_word' id='word_1_844' title='bbox 2163 4452 2268 4507; x_wconf 60' lang='lat' dir='ltr'><strong>aug</strong></span> <span class='ocrx_word' id='word_1_845' title='bbox 2311 4452 2401 4505; x_wconf 88' lang='lat' dir='ltr'><strong>pto</strong></span> <span class='ocrx_word' id='word_1_846' title='bbox 2421 4452 2693 4492; x_wconf 81' lang='lat' dir='ltr'><strong>conditam</strong></span> <span class='ocrx_word' id='word_1_847' title='bbox 2708 4452 2893 4491; x_wconf 84' lang='lat' dir='ltr'><strong>senon</strong></span> <span class='ocrx_word' id='word_1_848' title='bbox 2918 4452 3104 4490; x_wconf 77' lang='lat' dir='ltr'><strong>mvrus</strong></span> <span class='ocrx_word' id='word_1_849' title='bbox 3126 4452 3262 4493; x_wconf 84' lang='lat' dir='ltr'><strong>noro</strong></span> <span class='ocrx_word' id='word_1_850' title='bbox 3282 4452 3494 4502; x_wconf 87' lang='lat' dir='ltr'><strong>oetavo,</strong></span> 
     </span>
     <span class='ocr_line' id='line_1_121' title="bbox 1906 4452 3494 4578; baseline 0.003 -19"><span class='ocrx_word' id='word_1_851' title='bbox 1906 4505 2127 4578; x_wconf 63' lang='lat' dir='ltr'><strong>Solinus</strong></span> <span class='ocrx_word' id='word_1_852' title='bbox 2171 4516 2226 4561; x_wconf 92' lang='lat' dir='ltr'><strong>et</strong></span> <span class='ocrx_word' id='word_1_853' title='bbox 2260 4452 2642 4562; x_wconf 64' lang='lat' dir='ltr'><strong>Cassiodorus.</strong></span> <span class='ocrx_word' id='word_1_854' title='bbox 2695 4507 2774 4563; x_wconf 89' lang='lat' dir='ltr'><strong>De</strong></span> <span class='ocrx_word' id='word_1_855' title='bbox 2826 4507 3000 4562; x_wconf 90' lang='lat' dir='ltr'><strong>altero</strong></span> <span class='ocrx_word' id='word_1_856' title='bbox 3047 4507 3186 4562; x_wconf 87' lang='lat' dir='ltr'><strong>infra</strong></span> <span class='ocrx_word' id='word_1_857' title='bbox 3235 4522 3357 4578; x_wconf 89' lang='lat' dir='ltr'><strong>cap.</strong></span> <span class='ocrx_word' id='word_1_858' title='bbox 3404 4509 3494 4564; x_wconf 82' lang='grc'><strong>18.</strong></span> 
     </span>
    </p>
   </div>
   <div class='ocr_carea' id='block_1_118' title="bbox 1822 4561 2065 4632">
    <p class='ocr_par' dir='ltr' id='par_1_118' title="bbox 1822 4561 2065 4632">
     <span class='ocr_line' id='line_1_122' title="bbox 1822 4561 2065 4632; baseline -0.012 0"><span class='ocrx_word' id='word_1_859' title='bbox 1822 4561 1873 4623; x_wconf 81' lang='grc' dir='ltr'>Ῑ)</span> <span class='ocrx_word' id='word_1_860' title='bbox 1899 4575 2065 4632; x_wconf 67' lang='grc' dir='ltr'><strong>ΡΑιιιι.</strong></span> 
     </span>
    </p>
   </div>
   <div class='ocr_carea' id='block_1_119' title="bbox 1965 4645 3495 4719">
    <p class='ocr_par' dir='ltr' id='par_1_119' title="bbox 1965 4645 3495 4719">
     <span class='ocr_line' id='line_1_123' title="bbox 1965 4645 3495 4719; baseline 0.002 -17"><span class='ocrx_word' id='word_1_861' title='bbox 1965 4646 2098 4703; x_wconf 77' lang='lat' dir='ltr'><strong>CAP.</strong></span> <span class='ocrx_word' id='word_1_862' title='bbox 2123 4645 2439 4719; x_wconf 67' lang='lat' dir='ltr'><strong>XVIL—I.</strong></span> <span class='ocrx_word' id='word_1_863' title='bbox 2469 4645 2662 4703; x_wconf 87' lang='lat' dir='ltr'><strong>Darius</strong></span> <span class='ocrx_word' id='word_1_864' title='bbox 2689 4663 2825 4712; x_wconf 78' lang='lat' dir='ltr'><strong>vero,</strong></span> <span class='ocrx_word' id='word_1_865' title='bbox 2848 4663 2940 4717; x_wconf 88' lang='lat' dir='ltr'><strong>spe</strong></span> <span class='ocrx_word' id='word_1_866' title='bbox 2960 4648 3104 4719; x_wconf 87' lang='lat' dir='ltr'><strong>pacis</strong></span> <span class='ocrx_word' id='word_1_867' title='bbox 3130 4648 3320 4703; x_wconf 88' lang='lat' dir='ltr'><strong>amissa</strong></span> <span class='ocrx_word' id='word_1_868' title='bbox 3341 4664 3495 4719; x_wconf 73' lang='lat' dir='ltr'><strong>ccqrv</strong></span> 
     </span>
    </p>
   </div>
   <div class='ocr_carea' id='block_1_120' title="bbox 1892 4711 3488 4788">
    <p class='ocr_par' dir='ltr' id='par_1_120' title="bbox 1892 4711 3488 4788">
     <span class='ocr_line' id='line_1_124' title="bbox 1892 4711 3488 4788; baseline 0.003 -15"><span class='ocrx_word' id='word_1_869' title='bbox 1892 4719 2063 4773; x_wconf 83' lang='lat' dir='ltr'><strong>millia</strong></span> <span class='ocrx_word' id='word_1_870' title='bbox 2106 4719 2357 4787; x_wconf 83' lang='lat' dir='ltr'><strong>peditum.</strong></span> <span class='ocrx_word' id='word_1_871' title='bbox 2403 4718 2622 4775; x_wconf 80' lang='lat' dir='ltr'><strong>Rectius</strong></span> <span class='ocrx_word' id='word_1_872' title='bbox 2664 4711 2889 4788; x_wconf 84' lang='lat' dir='ltr'><strong>ergoiti</strong></span> <span class='ocrx_word' id='word_1_873' title='bbox 2941 4711 3062 4774; x_wconf 81' lang='lat' dir='ltr'><strong>meo</strong></span> <span class='ocrx_word' id='word_1_874' title='bbox 3098 4719 3314 4775; x_wconf 70' lang='lat' dir='ltr'><strong>Iustino</strong></span> <span class='ocrx_word' id='word_1_875' title='bbox 3362 4711 3488 4777; x_wconf 80' lang='lat' dir='ltr'><strong>esi:</strong></span> 
     </span>
    </p>
   </div>
   <div class='ocr_carea' id='block_1_121' title="bbox 1894 4788 3497 4863">
    <p class='ocr_par' dir='ltr' id='par_1_121' title="bbox 1894 4788 3497 4863">
     <span class='ocr_line' id='line_1_125' title="bbox 1894 4788 3497 4863; baseline 0.001 -18"><span class='ocrx_word' id='word_1_876' title='bbox 1894 4789 2034 4863; x_wconf 78' lang='lat' dir='ltr'><strong>Tum</strong></span> <span class='ocrx_word' id='word_1_877' title='bbox 2066 4805 2159 4863; x_wconf 79' lang='lat' dir='ltr'><strong>spe</strong></span> <span class='ocrx_word' id='word_1_878' title='bbox 2190 4790 2337 4863; x_wconf 81' lang='lat' dir='ltr'><strong>pacis</strong></span> <span class='ocrx_word' id='word_1_879' title='bbox 2368 4790 2584 4863; x_wconf 74' lang='lat' dir='ltr'><strong>amissa,</strong></span> <span class='ocrx_word' id='word_1_880' title='bbox 2629 4788 2820 4863; x_wconf 80' lang='lat' dir='ltr'><strong>bellum</strong></span> <span class='ocrx_word' id='word_1_881' title='bbox 2866 4789 3062 4845; x_wconf 85' lang='lat' dir='ltr'><strong>Darius</strong></span> <span class='ocrx_word' id='word_1_882' title='bbox 3100 4801 3350 4863; x_wconf 82' lang='lat' dir='ltr'><strong>reparat:</strong></span> <span class='ocrx_word' id='word_1_883' title='bbox 3377 4807 3497 4863; x_wconf 84' lang='lat' dir='ltr'><strong>cum</strong></span> 
     </span>
    </p>
   </div>
   <div class='ocr_carea' id='block_1_122' title="bbox 1891 4860 3491 4934">
    <p class='ocr_par' dir='ltr' id='par_1_122' title="bbox 1891 4860 3491 4934">
     <span class='ocr_line' id='line_1_126' title="bbox 1891 4860 3491 4934; baseline 0.002 -19"><span class='ocrx_word' id='word_1_884' title='bbox 1891 4860 2284 4934; x_wconf 79' lang='lat' dir='ltr'><strong>quadringentis</strong></span> <span class='ocrx_word' id='word_1_885' title='bbox 2315 4862 2541 4934; x_wconf 81' lang='lat' dir='ltr'><strong>millibus</strong></span> <span class='ocrx_word' id='word_1_886' title='bbox 2573 4861 2837 4934; x_wconf 82' lang='lat' dir='ltr'><strong>peditum,</strong></span> <span class='ocrx_word' id='word_1_887' title='bbox 2871 4870 3007 4934; x_wconf 74' lang='lat' dir='ltr'><strong>et_c.,</strong></span> <span class='ocrx_word' id='word_1_888' title='bbox 3032 4860 3193 4932; x_wconf 83' lang='lat' dir='ltr'><strong>quam</strong></span> <span class='ocrx_word' id='word_1_889' title='bbox 3230 4870 3287 4917; x_wconf 90' lang='lat' dir='ltr'><strong>ut</strong></span> <span class='ocrx_word' id='word_1_890' title='bbox 3310 4862 3491 4934; x_wconf 80' lang='lat' dir='ltr'><strong>[vulgo</strong></span> 
     </span>
    </p>
   </div>
   <div class='ocr_carea' id='block_1_123' title="bbox 1892 4930 3493 5003">
    <p class='ocr_par' dir='ltr' id='par_1_123' title="bbox 1892 4930 3493 5003">
     <span class='ocr_line' id='line_1_127' title="bbox 1892 4930 3493 5003; baseline 0.002 -16"><span class='ocrx_word' id='word_1_891' title='bbox 1892 4930 2260 5002; x_wconf 65' lang='lat' dir='ltr'><strong>legitur,&#39;cum</strong></span> <span class='ocrx_word' id='word_1_892' title='bbox 2288 4947 2355 4987; x_wconf 77' lang='lat' dir='ltr'><strong>st.</strong></span> <span class='ocrx_word' id='word_1_893' title='bbox 2378 4930 2607 4987; x_wconf 84' lang='lat' dir='ltr'><strong>millibus</strong></span> <span class='ocrx_word' id='word_1_894' title='bbox 2628 4932 2878 5003; x_wconf 85' lang='lat' dir='ltr'><strong>peditum.</strong></span> <span class='ocrx_word' id='word_1_895' title='bbox 2903 4930 2997 4987; x_wconf 85' lang='lat' dir='ltr'><strong>Est</strong></span> <span class='ocrx_word' id='word_1_896' title='bbox 3024 4930 3201 4987; x_wconf 82' lang='lat' dir='ltr'><strong>tamen</strong></span> <span class='ocrx_word' id='word_1_897' title='bbox 3233 4930 3493 4990; x_wconf 82' lang='lat' dir='ltr'><strong>nonnulla</strong></span> 
     </span>
    </p>
   </div>
   <div class='ocr_carea' id='block_1_124' title="bbox 1897 5003 3491 5067">
    <p class='ocr_par' dir='ltr' id='par_1_124' title="bbox 1897 5003 3491 5067">
     <span class='ocr_line' id='line_1_128' title="bbox 1897 5003 3491 5067; baseline 0.002 -10"><span class='ocrx_word' id='word_1_898' title='bbox 1897 5003 2137 5059; x_wconf 87' lang='lat' dir='ltr'><strong>varietas</strong></span> <span class='ocrx_word' id='word_1_899' title='bbox 2181 5004 2322 5058; x_wconf 90' lang='lat' dir='ltr'><strong>inter</strong></span> <span class='ocrx_word' id='word_1_900' title='bbox 2356 5018 2473 5067; x_wconf 82' lang='lat' dir='ltr'><strong>eos,</strong></span> <span class='ocrx_word' id='word_1_901' title='bbox 2520 5005 2610 5067; x_wconf 88' lang='lat' dir='ltr'><strong>qui</strong></span> <span class='ocrx_word' id='word_1_902' title='bbox 2647 5004 2947 5059; x_wconf 82' lang='lat' dir='ltr'><strong>exercitum</strong></span> <span class='ocrx_word' id='word_1_903' title='bbox 2989 5003 3143 5059; x_wconf 89' lang='lat' dir='ltr'><strong>Darii</strong></span> <span class='ocrx_word' id='word_1_904' title='bbox 3177 5014 3491 5060; x_wconf 87' lang='lat' dir='ltr'><strong>recensent.</strong></span> 
     </span>
    </p>
   </div>
   <div class='ocr_carea' id='block_1_125' title="bbox 1894 5072 3491 5139">
    <p class='ocr_par' dir='ltr' id='par_1_125' title="bbox 1894 5072 3491 5139">
     <span class='ocr_line' id='line_1_129' title="bbox 1894 5072 3491 5139; baseline 0.003 -11"><span class='ocrx_word' id='word_1_905' title='bbox 1894 5072 2175 5128; x_wconf 87' lang='lat' dir='ltr'><strong>Plutarch.</strong></span> <span class='ocrx_word' id='word_1_906' title='bbox 2215 5074 2273 5128; x_wconf 92' lang='lat' dir='ltr'><strong>in</strong></span> <span class='ocrx_word' id='word_1_907' title='bbox 2317 5072 2627 5129; x_wconf 83' lang='lat' dir='ltr'><strong>Alexandro</strong></span> <span class='ocrx_word' id='word_1_908' title='bbox 2673 5073 2886 5139; x_wconf 87' lang='lat' dir='ltr'><strong>scribit,</strong></span> <span class='ocrx_word' id='word_1_909' title='bbox 2925 5074 3146 5129; x_wconf 88' lang='lat' dir='ltr'><strong>Darium</strong></span> <span class='ocrx_word' id='word_1_910' title='bbox 3176 5074 3491 5132; x_wconf 83' lang='lat' dir='ltr'><strong>Alexandro</strong></span> 
     </span>
    </p>
   </div>
   <div class='ocr_carea' id='block_1_126' title="bbox 1890 5144 3484 5228">
    <p class='ocr_par' dir='ltr' id='par_1_126' title="bbox 1890 5144 3484 5228">
     <span class='ocr_line' id='line_1_130' title="bbox 1890 5144 3484 5228; baseline 0.002 -31"><span class='ocrx_word' id='word_1_911' title='bbox 1890 5145 2103 5228; x_wconf 77' lang='lat' dir='ltr'><strong>obviam</strong></span> <span class='ocrx_word' id='word_1_912' title='bbox 2131 5145 2464 5228; x_wconf 82' lang='lat' dir='ltr'><strong>processisse</strong></span> <span class='ocrx_word' id='word_1_913' title='bbox 2494 5144 2666 5228; x_wconf 38' lang='lat' dir='ltr'><strong>ama.»</strong></span> <span class='ocrx_word' id='word_1_914' title='bbox 2710 5146 2955 5228; x_wconf 73' lang='grc' dir='ltr'><strong>μυριᾴσιν</strong></span> <span class='ocrx_word' id='word_1_915' title='bbox 2992 5146 3334 5228; x_wconf 47' lang='grc' dir='ltr'><strong>στρατοῦε-ἰά</strong></span> <span class='ocrx_word' id='word_1_916' title='bbox 3367 5156 3450 5227; x_wconf 84' lang='lat' dir='ltr'><strong>est</strong></span> <span class='ocrx_word' id='word_1_917' title='bbox 3470 5189 3484 5211; x_wconf 92' lang='lat'><strong>,</strong></span> 
     </span>
    </p>
   </div>
   <div class='ocr_carea' id='block_1_127' title="bbox 1889 5214 3488 5286">
    <p class='ocr_par' dir='ltr' id='par_1_127' title="bbox 1889 5214 3488 5286">
     <span class='ocr_line' id='line_1_131' title="bbox 1889 5214 3488 5286; baseline 0.001 -18"><span class='ocrx_word' id='word_1_918' title='bbox 1889 5231 2009 5269; x_wconf 89' lang='lat' dir='ltr'><strong>cum</strong></span> <span class='ocrx_word' id='word_1_919' title='bbox 2030 5214 2197 5270; x_wconf 79' lang='lat' dir='ltr'><strong>decies</strong></span> <span class='ocrx_word' id='word_1_920' title='bbox 2225 5214 2452 5270; x_wconf 86' lang='lat' dir='ltr'><strong>centenis</strong></span> <span class='ocrx_word' id='word_1_921' title='bbox 2479 5214 2721 5270; x_wconf 76' lang='lat' dir='ltr'><strong>millibus</strong></span> <span class='ocrx_word' id='word_1_922' title='bbox 2742 5214 3032 5286; x_wconf 76' lang='lat' dir='ltr'><strong>copiarum,</strong></span> <span class='ocrx_word' id='word_1_923' title='bbox 3057 5214 3121 5272; x_wconf 84' lang='grc' dir='ltr'><strong>ἰη</strong></span> <span class='ocrx_word' id='word_1_924' title='bbox 3162 5218 3359 5286; x_wconf 86' lang='lat' dir='ltr'><strong>quibus</strong></span> <span class='ocrx_word' id='word_1_925' title='bbox 3380 5222 3411 5285; x_wconf 83' lang='lat'><strong>,&#39;</strong></span> <span class='ocrx_word' id='word_1_926' title='bbox 3430 5228 3488 5270; x_wconf 91' lang='lat' dir='ltr'><strong>ut</strong></span> 
     </span>
    </p>
   </div>
   <div class='ocr_carea' id='block_1_128' title="bbox 1889 5286 3482 5359">
    <p class='ocr_par' dir='ltr' id='par_1_128' title="bbox 1889 5286 3482 5359">
     <span class='ocr_line' id='line_1_132' title="bbox 1889 5286 3482 5359; baseline 0 -19"><span class='ocrx_word' id='word_1_927' title='bbox 1889 5286 2159 5359; x_wconf 81' lang='lat' dir='ltr'><strong>Diodorus</strong></span> <span class='ocrx_word' id='word_1_928' title='bbox 2184 5297 2463 5359; x_wconf 86' lang='lat' dir='ltr'><strong>numerat,</strong></span> <span class='ocrx_word' id='word_1_929' title='bbox 2485 5286 2728 5359; x_wconf 82' lang='lat' dir='ltr'><strong>peditum</strong></span> <span class='ocrx_word' id='word_1_930' title='bbox 2768 5301 2899 5342; x_wconf 85' lang='lat' dir='ltr'><strong>nccc</strong></span> <span class='ocrx_word' id='word_1_931' title='bbox 2930 5287 3482 5359; x_wconf 12' lang='lat' dir='ltr'><strong>millia,iequitum_cc</strong></span> 
     </span>
    </p>
   </div>
   <div class='ocr_carea' id='block_1_129' title="bbox 1890 5355 3486 5415">
    <p class='ocr_par' dir='ltr' id='par_1_129' title="bbox 1890 5355 3486 5415">
     <span class='ocr_line' id='line_1_133' title="bbox 1890 5355 3486 5415; baseline -0.001 -5"><span class='ocrx_word' id='word_1_932' title='bbox 1890 5357 2055 5412; x_wconf 90' lang='lat' dir='ltr'><strong>millia</strong></span> <span class='ocrx_word' id='word_1_933' title='bbox 2081 5357 2321 5412; x_wconf 89' lang='lat' dir='ltr'><strong>luerunt.</strong></span> <span class='ocrx_word' id='word_1_934' title='bbox 2346 5358 2609 5413; x_wconf 85' lang='lat' dir='ltr'><strong>Arrianus</strong></span> <span class='ocrx_word' id='word_1_935' title='bbox 2653 5356 2748 5411; x_wconf 86' lang='lat' dir='ltr'><strong>lib.</strong></span> <span class='ocrx_word' id='word_1_936' title='bbox 2790 5373 2849 5414; x_wconf 88' lang='lat' dir='ltr'><strong>tu</strong></span> <span class='ocrx_word' id='word_1_937' title='bbox 2890 5355 3082 5413; x_wconf 89' lang='lat' dir='ltr'><strong>scribit</strong></span> <span class='ocrx_word' id='word_1_938' title='bbox 3128 5355 3348 5415; x_wconf 69' lang='lat' dir='ltr'><strong>Darium</strong></span> <span class='ocrx_word' id='word_1_939' title='bbox 3388 5356 3486 5410; x_wconf 87' lang='lat' dir='ltr'><strong>ha-</strong></span> 
     </span>
    </p>
   </div>
   <div class='ocr_carea' id='block_1_130' title="bbox 1885 5426 3479 5499">
    <p class='ocr_par' dir='ltr' id='par_1_130' title="bbox 1885 5426 3479 5499">
     <span class='ocr_line' id='line_1_134' title="bbox 1885 5426 3479 5499; baseline 0 -19"><span class='ocrx_word' id='word_1_940' title='bbox 1885 5427 2069 5499; x_wconf 75' lang='lat' dir='ltr'><strong>buisse</strong></span> <span class='ocrx_word' id='word_1_941' title='bbox 2101 5430 2341 5499; x_wconf 81' lang='lat' dir='ltr'><strong>equitum</strong></span> <span class='ocrx_word' id='word_1_942' title='bbox 2375 5428 2441 5484; x_wconf 87' lang='lat' dir='ltr'><strong>ad</strong></span> <span class='ocrx_word' id='word_1_943' title='bbox 2467 5444 2534 5483; x_wconf 73' lang='grc' dir='ltr'><strong>χι.</strong></span> <span class='ocrx_word' id='word_1_944' title='bbox 2564 5427 2752 5499; x_wconf 88' lang='lat' dir='ltr'><strong>millia,</strong></span> <span class='ocrx_word' id='word_1_945' title='bbox 2789 5429 3024 5496; x_wconf 78' lang='lat' dir='ltr'><strong>peditum</strong></span> <span class='ocrx_word' id='word_1_946' title='bbox 3073 5442 3399 5499; x_wconf 40' lang='lat' dir='ltr'><strong>ccccmaaa,</strong></span> <span class='ocrx_word' id='word_1_947' title='bbox 3425 5426 3479 5480; x_wconf 88' lang='lat' dir='ltr'><strong>In</strong></span> 
     </span>
    </p>
   </div>
   <div class='ocr_carea' id='block_1_131' title="bbox 1883 5496 3478 5566">
    <p class='ocr_par' dir='ltr' id='par_1_131' title="bbox 1883 5496 3478 5566">
     <span class='ocr_line' id='line_1_135' title="bbox 1883 5496 3478 5566; baseline -0.002 -13"><span class='ocrx_word' id='word_1_948' title='bbox 1883 5497 2053 5554; x_wconf 88' lang='lat' dir='ltr'><strong>Curtii</strong></span> <span class='ocrx_word' id='word_1_949' title='bbox 2078 5496 2228 5553; x_wconf 71' lang='lat' dir='ltr'><strong>libi-is</strong></span> <span class='ocrx_word' id='word_1_950' title='bbox 2251 5499 2320 5553; x_wconf 85' lang='lat' dir='ltr'><strong>ita</strong></span> <span class='ocrx_word' id='word_1_951' title='bbox 2347 5500 2559 5566; x_wconf 85' lang='lat' dir='ltr'><strong>legitur:</strong></span> <span class='ocrx_word' id='word_1_952' title='bbox 2584 5498 2804 5555; x_wconf 69' lang='lat' dir='ltr'><strong>Summa</strong></span> <span class='ocrx_word' id='word_1_953' title='bbox 2827 5501 2984 5556; x_wconf 88' lang='lat' dir='ltr'><strong>totius</strong></span> <span class='ocrx_word' id='word_1_954' title='bbox 3005 5501 3259 5553; x_wconf 73' lang='lat' dir='ltr'><strong>exercitus</strong></span> <span class='ocrx_word' id='word_1_955' title='bbox 3283 5496 3478 5566; x_wconf 86' lang='lat' dir='ltr'><strong>equites</strong></span> 
     </span>
    </p>
   </div>
   <div class='ocr_carea' id='block_1_132' title="bbox 1886 5566 3476 5642">
    <p class='ocr_par' dir='ltr' id='par_1_132' title="bbox 1886 5566 3476 5642">
     <span class='ocr_line' id='line_1_136' title="bbox 1886 5566 3476 5642; baseline -0.002 -20"><span class='ocrx_word' id='word_1_956' title='bbox 1886 5585 1987 5642; x_wconf 76' lang='lat' dir='ltr'><strong>va</strong></span> <span class='ocrx_word' id='word_1_957' title='bbox 2033 5569 2223 5635; x_wconf 84' lang='lat' dir='ltr'><strong>millia,</strong></span> <span class='ocrx_word' id='word_1_958' title='bbox 2254 5570 2507 5642; x_wconf 84' lang='lat' dir='ltr'><strong>pedestris</strong></span> <span class='ocrx_word' id='word_1_959' title='bbox 2534 5570 2669 5624; x_wconf 83' lang='lat' dir='ltr'><strong>acies</strong></span> <span class='ocrx_word' id='word_1_960' title='bbox 2699 5571 2915 5642; x_wconf 82' lang='lat' dir='ltr'><strong>ducenta</strong></span> <span class='ocrx_word' id='word_1_961' title='bbox 2962 5571 3128 5642; x_wconf 78' lang='lat' dir='ltr'><strong>millia</strong></span> <span class='ocrx_word' id='word_1_962' title='bbox 3164 5566 3476 5642; x_wconf 73' lang='lat' dir='ltr'><strong>expleverat,</strong></span> 
     </span>
    </p>
   </div>
   <div class='ocr_carea' id='block_1_133' title="bbox 1882 5639 3472 5709">
    <p class='ocr_par' dir='ltr' id='par_1_133' title="bbox 1882 5639 3472 5709">
     <span class='ocr_line' id='line_1_137' title="bbox 1882 5639 3472 5709; baseline -0.001 -16"><span class='ocrx_word' id='word_1_963' title='bbox 1882 5641 1980 5696; x_wconf 92' lang='lat' dir='ltr'><strong>sed</strong></span> <span class='ocrx_word' id='word_1_964' title='bbox 2012 5656 2224 5706; x_wconf 90' lang='lat' dir='ltr'><strong>vereor,</strong></span> <span class='ocrx_word' id='word_1_965' title='bbox 2255 5639 2325 5697; x_wconf 86' lang='lat' dir='ltr'><strong>ne</strong></span> <span class='ocrx_word' id='word_1_966' title='bbox 2361 5641 2448 5695; x_wconf 92' lang='lat' dir='ltr'><strong>hic</strong></span> <span class='ocrx_word' id='word_1_967' title='bbox 2474 5641 2698 5695; x_wconf 87' lang='lat' dir='ltr'><strong>ducenta</strong></span> <span class='ocrx_word' id='word_1_968' title='bbox 2728 5640 2897 5697; x_wconf 88' lang='lat' dir='ltr'><strong>millia</strong></span> <span class='ocrx_word' id='word_1_969' title='bbox 2927 5640 3187 5706; x_wconf 85' lang='lat' dir='ltr'><strong>mendose</strong></span> <span class='ocrx_word' id='word_1_970' title='bbox 3231 5639 3321 5709; x_wconf 90' lang='lat' dir='ltr'><strong>sit,</strong></span> <span class='ocrx_word' id='word_1_971' title='bbox 3351 5651 3472 5708; x_wconf 89' lang='lat' dir='ltr'><strong>pro,</strong></span> 
     </span>
    </p>
   </div>
   <div class='ocr_carea' id='block_1_134' title="bbox 1882 5710 2711 5789">
    <p class='ocr_par' dir='ltr' id='par_1_134' title="bbox 1882 5710 2711 5789">
     <span class='ocr_line' id='line_1_138' title="bbox 1882 5710 2711 5789; baseline 0.002 -24"><span class='ocrx_word' id='word_1_972' title='bbox 1882 5710 2051 5769; x_wconf 85' lang='lat' dir='ltr'><strong>decies</strong></span> <span class='ocrx_word' id='word_1_973' title='bbox 2086 5720 2297 5769; x_wconf 76' lang='lat' dir='ltr'><strong>centena</strong></span> <span class='ocrx_word' id='word_1_974' title='bbox 2325 5711 2511 5768; x_wconf 85' lang='lat' dir='ltr'><strong>millia.</strong></span> <span class='ocrx_word' id='word_1_975' title='bbox 2544 5711 2711 5789; x_wconf 69' lang='lat' dir='ltr'><strong>Faba.</strong></span> 
     </span>
    </p>
   </div>
  </div>
