4082 6154
550 309 652 370 851

1921 306 2152 365 PAULI]
2188 308 2418 368 OBOSll

3733 306 3842 366 852

543 434 773 502 quatuor
789 423 956 482 millia
973 422 1542 496 peditum,etcentum
1556 422 1710 480 mille
1726 424 1968 496 equitum
1982 426 2138 482 Alex-
2162 430 2215 492 Α
2241 426 2474 484 ricordia
2515 426 2560 459 ¹⁰
2601 425 2792 483 referri
2835 427 2889 482 in
2931 425 3178 497 sepulcra
3210 425 3476 497 majorum
3506 424 3840 498 sepelirique

546 523 744 588 andro,
785 520 856 575 ab
895 517 1130 591 Egypto
1166 518 1488 588 revertenti,
1513 519 1534 550 ³
1557 517 1699 588 apud
1736 519 1965 576 Tarsum
1997 519 2142 577 bello

546 614 798 685 opponit.
812 613 922 668 Nec
935 626 1130 683 pugnae
1148 624 1320 678 mora,
1335 625 1526 667 omnes
1543 625 1684 667 caeca
1702 612 1850 668 rabie
1864 613 1917 668 in
1937 613 2140 670 ferrum

551 709 708 780 185
740 714 926 762 ruunt.
958 703 1310 770 Macedones,
1339 703 1500 760 toties
1529 718 1558 759 a
1589 718 1648 760 se
1677 703 1837 760 vietis
1868 705 2140 776 hostibus,

546 801 774 856 animosi
800 818 813 855 :
839 801 1020 856 Persa:
1043 798 1147 853 nisi
1171 797 1409 867 vincant,
1432 798 1567 854 mori
1594 808 1975 870 prceptantcs.
1997 799 2143 857 Raro

545 894 602 950 in
627 894 738 951 ullo
772 893 962 964 praelio
992 900 1199 948 tantum
1230 891 1506 963 sanguinis
1550 891 1729 948 fusum
1759 903 1864 949 est.
1894 893 1999 950 Sed
2034 895 2140 949 Da-

544 988 659 1042 rius
690 1001 814 1042 cum
853 985 996 1041 vinci
1040 999 1170 1040 suos
1208 984 1439 1048 videret.
1468 985 1607 1040 mori
1637 985 1689 1040 in
1720 985 1868 1042 bello
1896 997 2139 1056 paratus,

544 1095 806 1152 persuasu
849 1093 1096 1144 suorum,
1126 1079 1313 1150 ingere
1343 1079 1656 1148 compulsus
1682 1088 1784 1134 est.
1812 1079 1924 1133 Hoc
1950 1079 2143 1150 praelio

546 1173 691 1229 Asia:
721 1173 863 1228 vires
891 1181 946 1228 et
967 1187 1135 1243 regna
1166 1173 1188 1203 ³
1217 1173 1557 1236 ceciderunt,
1584 1181 1836 1244 totusque
1861 1172 2056 1228 Oriens
2087 1175 2140 1230 in

545 1274 870 1340 potestatem
907 1265 1239 1321 Macedonici
1285 1265 1453 1320 cessit
1493 1265 1729 1336 imperii,
1763 1277 1926 1337 atque
1953 1267 2026 1322 ita
2056 1277 2143 1322 at-

551 1360 674 1414 trita
702 1367 788 1414 est
809 1359 862 1413 in
888 1359 992 1414 hoc
1014 1357 1160 1413 bello
1183 1357 1470 1413 Persarum
1493 1357 1675 1414 omnis
1698 1357 1915 1426 ﬁducia,
1943 1370 2001 1414 ut
2024 1371 2145 1430 post

550 1453 655 1509 hoc
690 1453 870 1510 nullus
909 1451 1181 1510 rebellare
1212 1466 1378 1507 ausus
1407 1452 1498 1518 sit,
1533 1451 1913 1522 patienterque
1937 1452 2142 1521 Persze,

547 1555 664 1616 post
697 1545 984 1618 imperium
1015 1554 1095 1600 tot
1116 1560 1409 1610 annorum,
1433 1544 1622 1616 jugum
1643 1542 1920 1599 servitutis
1939 1543 1963 1575 ‘
1982 1558 2142 1599 acce-

549 1639 746 1708 perint.
773 1636 1085 1694 Alexander
1105 1638 1126 1669 ⁵
1145 1637 1362 1707 triginta
1391 1644 1629 1706 quatuor
1655 1636 1929 1691 continuis
1955 1635 2144 1692 diebus

549 1741 851 1787 castrorum
885 1729 1124 1800 praedam
1166 1727 1514 1800 percensuit;
1545 1727 1566 1758 ⁸
1592 1725 1949 1798 Persepolim,
1982 1736 2147 1798 caput

2242 521 2502 594 praecepit
2537 538 2552 576 :
2581 521 2736 592 cujus
2765 536 2872 577 non
2901 520 3076 576 dicam
3104 525 3335 577 matrem
3363 521 3444 576 vel
3470 535 3722 587 uxorem,
3746 520 3842 576 sed

2243 617 2404 672 etiam
2435 616 2690 686 parvulas
2722 615 2863 671 ﬁlias
2890 614 3093 670 crudeli
3122 615 3435 683 captivitate
3467 615 3508 646 “
3545 613 3841 669 retinebat.

2243 709 2302 764 In
2345 717 2490 764 tanta
2533 708 2799 764 malorum
2831 707 3196 776 multitudine,
3229 705 3554 762 difﬁcillima
3583 705 3744 761 dictis
3777 707 3841 759 ﬁ-

2243 801 2360 872 des,
2389 801 2565 858 tribus
2591 801 2794 872 prmliis
2818 800 3149 871 totidemque
3170 800 3328 856 annis
3347 798 3636 871 quinquies
3658 798 3843 856 decies

2243 905 2473 952 centena
2505 896 2671 951 millia
2696 895 2935 967 peditum
2957 893 3308 965 equitumque
3327 901 3647 963 consumpta
3671 902 3798 948 sunt
3827 910 3839 944 :

2241 997 2299 1045 et
2324 988 2439 1043 huic
2460 987 2680 1059 quidem
2705 1001 2772 1043 ex
2794 1001 2860 1042 eo
2883 1000 3050 1057 regno
3073 985 3283 1056 illisque
3304 983 3540 1056 populis,
3566 983 3709 1039 unde
3728 984 3843 1054 jam

2247 1083 2289 1113 ¹²
2317 1089 2442 1136 ante
2464 1094 2636 1135 annos
2664 1095 2772 1134 non
2799 1077 2968 1133 multo
2991 1077 3174 1149 plures
3197 1077 3379 1134 decies
3400 1076 3586 1132 novies
3608 1085 3843 1132 centena

2245 1173 2411 1228 millia
2455 1171 2736 1243 proﬂigata
2783 1171 3094 1226 referuntur
3133 1187 3147 1224 :
3187 1184 3512 1241 quamquam
3551 1177 3706 1224 extra
3745 1169 3848 1225 has

2243 1267 2426 1324 clades
2455 1281 2552 1338 per
2585 1265 2806 1323 eosdem
2837 1273 2949 1321 tres
2987 1278 3158 1319 annos
3187 1272 3240 1318 ct
3267 1261 3412 1320 Asire
3437 1262 3692 1318 civitates
3723 1263 3854 1332 plu-

2246 1361 2397 1416 rimis
2425 1374 2698 1431 oppressae
2725 1360 2854 1426 sint,
2884 1367 2940 1416 et
2963 1358 3119 1432 Syria
3149 1366 3259 1412 tota
3291 1365 3517 1424 vastata,
3547 1355 3726 1428 Tyrus
3751 1371 3854 1413 ex-

2244 1453 2379 1518 cisa,
2407 1451 2595 1508 Cilicia
2626 1451 2923 1519 exinanita,
2946 1449 3287 1521 Cappadocia
3308 1449 3552 1514 subacta,
3577 1448 3854 1520 Egyptus

2249 1544 2294 1577 "
2322 1543 2538 1600 addicta
2569 1543 2640 1599 sit
2666 1561 2678 1597 :
2709 1543 2935 1598 Rhodus
2966 1556 3182 1614 quoque
3209 1541 3382 1596 insula
3409 1539 3552 1595 ultro
3577 1539 3643 1595 ad
3666 1540 3853 1597 servi-

2247 1645 2418 1692 tutem
2460 1635 2776 1693 tremefacta
2812 1635 3173 1699 successerit,
3205 1633 3557 1704 plurimmque
3583 1633 3850 1702 subjectae

2245 1730 2426 1786 Tauro
2466 1730 2776 1800 provincize,
2808 1738 2972 1800 atque
3012 1729 3130 1800 ipse
3168 1743 3325 1784 mons
3351 1727 3587 1791 Taurus.
3619 1727 3711 1785 diu
3740 1727 3850 1785 de-

549 1822 751 1878 Persici
800 1820 987 1892 regni,
1033 1821 1055 1852 "
1096 1819 1285 1875 urbem
1334 1818 1748 1874 famosissimam
1798 1816 2140 1874 conlertissi-
2171 1818 2221 1880 Β
2251 1832 2533 1882 ετοοωιιιηι
2561 1823 2752 1896 jngum
2783 1822 3022 1879 domitus
3048 1829 3104 1879 et
3132 1822 3310 1879 victus
3333 1819 3621 1893 acceperit.

549 1927 802 1984 mamque
829 1912 1025 1983 opibus
1051 1911 1214 1967 totius
1239 1909 1406 1980 orbis,
1445 1910 1662 1966 invasit.
1694 1911 1717 1943 ⁸
1745 1910 1962 1965 Darium
1990 1923 2144 1978 vero,

547 2020 669 2061 cum
707 2019 738 2059 a
778 2004 1099 2075 propinquis
1137 2003 1252 2059 suis
1292 2003 1535 2059 vinctum
1579 2001 1936 2074 compedibus
1960 2002 2146 2058 aureis

551 2096 722 2153 teneri
764 2097 1164 2166 comperisset,
1207 2096 1460 2168 persequi
1507 2096 1717 2153 statuit.
1762 2096 1952 2167 Itaque
1995 2096 2148 2164 jusso

545 2191 566 2222 ³
601 2196 662 2243 ιιι
697 2187 1124 2259 subsequeretur
1169 2189 1442 2254 exercitu,
1473 2186 1592 2256 ipse
1620 2201 1742 2242 cum
1775 2201 1875 2241 sex
1907 2186 2148 2242 millibus

549 2280 788 2351 equitum
820 2281 1100 2352 profectus
1128 2281 1336 2336 invenit
1363 2280 1415 2335 in
1445 2278 1641 2336 itinere
1667 2279 1842 2336 solum
1869 2281 2145 2348 relictum,

550 2373 735 2429 multis
772 2374 1088 2431 confossum
1124 2373 1473 2443 vulneribus,
1515 2383 1572 2432 et
1607 2382 1850 2430 extrema
1888 2373 2012 2429 vita:
2050 2390 2147 2446 per

551 2464 779 2523 vulnera
809 2465 1108 2524 eiﬁantcm.
1141 2466 1302 2541 186
1331 2466 1484 2523 llunc
1505 2474 1784 2523 mortuum
1809 2466 1954 2522 inani
1978 2467 2146 2524 misc-

2817 1973 3046 2033 CAPUT
3084 1972 3275 2030 XVIII.

2249 2090 2504 2164 Delie/lis
2532 2091 2714 2164 Agidis
2743 2093 2877 2163 regis
2911 2093 3318 2162 Spartanorum,
3351 2090 3639 2164 Alegaudri
3671 2091 3859 2162 Epiri,

2321 2162 2896 2236 zopyriouisprtefecti
2923 2180 2942 2219 :
2971 2165 3033 2220 de
3062 2164 3272 2236 populis
3292 2173 3412 2236 post
3443 2162 3594 2217 Darii
3627 2176 3862 2236 mortem

2324 2235 2387 2288 ab
2417 2235 2714 2290 Alexandro
2749 2234 2979 2292 subactis
2998 2276 3012 2302 ,
3045 2234 3254 2306 ejusque
3284 2235 3338 2289 in
3364 2251 3488 2290 suos
3518 2235 3860 2292 crudelitate.

2325 2375 2341 2406 ί
2369 2374 2436 2430 Ει
2464 2387 2533 2430 ne
2560 2372 2699 2428 forte
2727 2387 2869 2428 nunc
2889 2371 3170 2444 quisquam
3183 2371 3458 2442 opinetur,
3473 2369 3864 2426 velOrientern

2248 2465 2422 2523 solum
2435 2465 2731 2522 Alexandri
2746 2464 2951 2521 viribus
2963 2463 3266 2533 subactum,
3283 2462 3369 2520 vel
3382 2461 3587 2519 Italiam
3606 2470 3866 2518 tantum-

1831 2622 2284 2682 HAVERCAMPI
2321 2623 2553 2681 NOTAE.

621 2761 681 2818 2.
710 2761 878 2833 Apud
919 2759 1140 2833 Tarsum
1184 2761 1316 2816 bello
1363 2761 1598 2833 apponit.
1640 2760 1757 2818 Non
1797 2769 1926 2833 puto
1969 2761 2136 2833 ullum

555 2849 678 2890 esse
708 2831 949 2888 hiStoria:
989 2832 1325 2897 studiosum,
1355 2831 1460 2903 cui
1502 2832 1593 2889 hic
1634 2831 2140 2903 locus'scrupulnm

563 2921 671 2960 non
713 2903 936 2974 injiciat,
968 2917 1090 2974 cum
1121 2902 1423 2974 prtesertim
1451 2918 1640 2960 omnes
1677 2901 1988 2973 loquantur,
2013 2901 2144 2958 ulti-

557 2989 704 3030 mum
732 2973 836 3029 hoc
864 2973 1280 3044 praelium'inter
1308 2975 1675 3031 Alexandrum
1701 2987 1756 3029 et
1781 2976 2002 3030 Darium
2032 2991 2142 3029 non

555 3045 606 3100 iu
635 3043 972 3118 Cilicia,’ubi
1004 3045 1213 3118 Tarsus
1235 3054 1340 3113 est,
1380 3045 1476 3102 sed
1520 3047 1573 3102 in
1611 3046 1832 3118 Assyria
1879 3047 2136 3118 commis-

555 3132 682 3188 sum,
699 3115 888 3188 fuisse,
907 3126 962 3171 et
981 3123 1158 3172 tamen
1179 3115 1429 3174 Orosium
1453 3117 1522 3173 ita
1545 3115 1806 3188 scriptum
1830 3117 2140 3188 reliquisse,

560 3171 888 3243 testimonio
912 3195 1043 3242 sunt
1080 3171 1279 3258 omnes
1296 3171 1642 3257 ‘lib’rifQ‘uid
1660 3171 1843 3258 'ergor
1865 3171 2111 3243 dic'ctnus
2123 3171 2146 3242 ἶ)
2174 3171 2221 3236 C

561 3259 764 3314 Vereor
789 3258 1040 3328 equidem
1073 3273 1143 3313 ne
1170 3257 1365 3314 Oresio
1409 3259 1612 3316 Justin.
1655 3257 1816 3327 quem
1854 3270 2136 3314 auctorem

557 3329 1500 3400 sequitur,_imposuerit:cumque
1531 3330 1624 3386 ille
1669 3331 1888 3386 Darium
1930 3330 1982 3384 in
2017 3328 2142 3398 l‘nga

564 3396 780 3470 pontem
827 3396 998 3470 Cydui
1055 3398 1296 3470 ﬂuminis
1327 3396 1508 3470 (quod
1553 3401 1782 3456 Tarsum
1816 3396 2144 3469 perlabitur)

559 3467 840 3539 traiecisse
871 3467 1172 3539 Scripserit,
1192 3469 1279 3523 hic
1295 3467 1434 3539 apud
1457 3469 1677 3526 Tarsum
1700 3467 1995 3539 pugnatum
2021 3467 2145 3526 esse

559 3537 874 3594 crediderit.
903 3539 1010 3592 Sed
1041 3538 1142 3594 hoc
1171 3537 1415 3608 praelium
1445 3537 1799 3598 commissum
1829 3542 1928 3596 luit
1959 3542 2011 3594 in
2045 3543 2146 3595 As-

563 3610 705 3680 syria
747 3620 894 3682 trans
924 3609 1126 3682 Lycum
1157 3609 1212 3666 in
1244 3611 1449 3666 Aturite
1492 3615 1700 3682 campis
1727 3613 1792 3668 ad
1834 3613 2010 3667 vicum
2049 3627 2148 3668 no-

563 3679 708 3736 mine
753 3679 1103 3752 Gaugamela,
1149 3691 1375 3738 auctore
1419 3679 1689 3740 Strabone
1735 3684 1877 3738 libro
1931 3682 2148 3737 decimo

562 3762 740 3826 sexto.
770 3751 1105 3826 Quamquam
1131 3754 1274 3809 enim
1298 3753 1590 3826 Dionysius
1618 3755 2059 3826 Halicarnasseus
2079 3753 2146 3809 ad

561 3823 862 3903 Aminaeum
894 3823 1036 3880 hanc
1067 3839 1295 3903 pugnam
1317 3831 1407 3885 τὴν
1429 3823 1488 3903 ἕν.
1506 3828 1989 3903 Ἀρϐήλοςίμᾲχην,
2012 3823 2148 3880 Cur-

565 3895 670 3965 tius
700 3895 942 3964 prwlium
969 3896 1111 3965 apud
1137 3895 1323 3950 Arbela
1345 3895 1609 3957 nominet.
1635 3911 1707 3965 et“
1728 3895 1992 3951 Diodorus
2025 3911 2149 3950 nar-

565 3963 828 4042 rationem
860 3965 978 4042 ejus
1005 3963 1084 4042 ita
1131 3967 1437 4042 concludat.
1475 3971 1506 4027 ἡ
1531 3972 1622 4042 μέν
1655 3963 1741 4042 οὖν
1769 3971 1899 4042 περὶ
1917 3965 2149 4042 ’Ἄρϐηλος

566 4037 803 4114 γενομένη
831 4038 1118 4114 erupisse:th
1144 4043 1375 4114 τοιοῡτρν
1393 4037 1539 4110 ἔσχέ
1559 4040 1616 4094 τὸ
1640 4041 1800 4114 ripa;
1828 4037 1848 4094 ξ
1869 4037 2149 4114 Plutarchi

570 4117 750 4159 tamen
785 4107 837 4182 in
871 4105 1186 4182 Alexandro
1216 4109 1380 4182 verba
1409 4105 1556 4182 sunt,
1589 4105 1771 4168 τῆν’δέ
1803 4109 2020 4182 μεγάλην
2048 4113 2149 4182 μά-

570 4132 750 4159 ΙήιΙΙΙῦΙΙ
785 4132 837 4160 ΙΙΙ
871 4132 1186 4162 ιιιιςιίιιιυιύ
1218 4132 1380 4161 δὐΙύδ
1409 4132 1556 4174 sunt,
1590 4132 1688 4168 Ιην
1719 4132 1771 4165 οε
1803 4132 2020 4182 μεγαλην
2089 4133 2149 4165 α’

569 4197 674 4259 χηγ
717 4179 849 4251 πρὸς
893 4184 1096 4259 ᾼΞρξῖφ
1130 4179 1220 4232 οὐκ
1257 4180 1308 4233 ἐν
1336 4179 1610 4259 ’έρϐήλοιςῖ
1651 4182 1830 4259 ᾧσπερ
1873 4181 1925 4259 ὀἱ
1975 4132 2152 4259 ποςιλμοξ

563 4249 1017 4324 γράφονὸιγεμάλλὰ
1049 4252 1100 4304 ἐν
1127 4249 1478 4324 Γαυγαγμςὸἷᾳις
1501 4253 1734 4324 γενέσθαι
1763 4249 2064 4324 devincam,
2099 4254 2150 4307 id

564 4320 683 4392 est,
703 4320 906 4392 Accidit
934 4331 986 4374 ut
1011 4320 1261 4392 maguum
1290 4320 1424 4376 illud
1452 4320 1688 4391 praelium
1717 4339 1836 4377 cum
1864 4322 2028 4381 Dario
2052 4341 2153 4379 non

564 4389 618 4442 iu
652 4390 874 4466 Arlgelis,
914 4393 1057 4466 sicut
1071 4389 1705 4466 pleriquescribuut,_sed
1733 4395 1786 4448 iu
1818 4394 2152 4466 Gaugamelis

563 4462 984 4518 committeretur.
1018 4462 1154 4518 cum
1189 4464 1458 4520 Strabone
1487 4473 1544 4520 et
1581 4464 1870 4522 Plutarcho
1899 4462 2023 4523 facit
2053 4471 2156 4522 Ar-

565 4531 749 4587 rianus
779 4533 915 4591 libro
939 4535 1119 4605 tertio,
1142 4534 1234 4590 ubi
1267 4535 1450 4601 tradit,
1480 4534 1699 4590 Darium
1725 4546 1902 4591 castra
1934 4541 1985 4593 in
2011 4539 2138 4595 Gau-

559 4605 887 4681 gamelisad
925 4606 1224 4681 Bumaduui
1273 4606 1514 4681 ﬂuvium,
1557 4607 1626 4662 ab
1669 4607 1886 4681 Arbelis
1935 4611 2143 4681 oppido

560 4675 735 4748 stadia
758 4677 977 4734 circiter
991 4694 1059 4734 ιχ
1073 4676 1336 4747 posuisse.
1359 4677 1503 4748 Lege
1525 4678 1774 4734 eumdem
1799 4679 1938 4736 libro
1959 4675 2140 4736 sexto.

562 4745 728 4821 ΒΑΜ.
751 4745 1150 4821 -—Matiifestus
1187 4757 1271 4804 est
1307 4745 1464 4821 error
1501 4749 1704 4817 Orosii,
1742 4751 1832 4821 qui
1869 4753 2144 4808 Justinum

564 4818 652 4890 hic
682 4822 1016 4890 negligenter
1043 4820 1242 4889 legisse
1267 4820 1503 4875 videtur.

566 4956 579 4968 .
633 4889 690 4944 3.
715 4889 1315 4968 ceciderunt._Perizon.
1340 4905 1446 4946 non
1470 4890 1634 4958 male,
1651 4893 2007 4949 conciderunt.
2026 4892 2150 4950 Mox

561 4963 616 5010 iu
643 4971 886 5032 potestate
913 4963 1003 5020 ed.
1035 4965 1176 5032 Aug.

634 5027 690 5103 4_.
720 5033 1039 5103 Acceperint.
1063 5027 1233 5102 Lugd.
1257 5033 1399 5090 Batt.
1426 5041 1556 5099 tres,
1582 5047 1705 5088 cum
1725 5033 1864 5090 Coll.
1883 5033 2148 5101 Gronov..

563 5100 876 5177 accipereut.
910 5105 1009 5177 Ed.
1041 5100 1299 5177 August.,
1331 5115 1658 5177 acceperunt.

636 5171 689 5225 5.
723 5171 1012 5230 Alexander
1032 5176 1101 5231 54
1122 5171 1376 5230 continuis
1399 5171 1598 5231 diebus.
1621 5174 1764 5232 ldem
1794 5191 2048 5233 numerus
2071 5186 2155 5233 est

564 5242 706 5317 apud
733 5242 1027 5317 Justinum,
1059 5248 1112 5317 in
1142 5260 1266 5301 meo
1297 5248 1668 5317 manuscripto
1692 5255 1747 5302 et
1772 5247 1993 5303 Roherti
2026 5249 2152 5304 Ste~

564 5313 726 5382 phani
758 5315 1023 5387 impresso
1053 5316 1214 5382 libro,
1245 5331 1367 5372 cum
1401 5319 1561 5387 vulgo
1577 5313 1644 5372 'in
1676 5317 1800 5375 aliis
1829 5319 1919 5387 40,
1949 5320 2001 5374 in
2031 5319 2152 5375 aliis

563 5387 634 5440 85
667 5387 904 5459 legatur.
926 5386 1188 5459 Fanu._-—
1210 5387 1469 5459 InALugd.
1498 5386 1645 5444 Batt.
1679 5404 1763 5459 pr.
1791 5397 1846 5459 et
1865 5386 2058 5458 quarto
2079 5391 2149 5444 57

561 5457 821 5512 continuis
852 5457 1053 5515 diebus.
1084 5457 1240 5523 Apud
1272 5457 1522 5516 Vincent.
1557 5457 1768 5517 Bellbv.
1797 5457 2016 5527 Speculi
2060 5459 2152 5514 lli-

561 5536 697 5598 stur.
725 5529 822 5583 lib.
851 5543 904 5596 v,
934 5544 1054 5598 cap.
1086 5528 1178 5594 37,
1211 5528 1396 5584 itidem
1428 5531 1494 5584 57
1525 5529 1703 5583 diebus
1734 5529 1953 5598 legitur.
1986 5528 2149 5596 lbid.,

570 5596 890 5671 Persepolim
934 5596 1088 5668 caput
1132 5598 1330 5654 Persici
1366 5600 1512 5669 regni
1549 5599 1749 5664 urbem,
1792 5596 1966 5655 multis
2001 5601 2152 5657 annis

562 5668 835 5742 illustrem,
869 5672 1218 5742 refertamque
1249 5671 1383 5742 orbis
1413 5668 1701 5742 terrarum,
1723 5679 1832 5742 etc.

578 5770 592 5788 ,η
634 5741 687 5794 6.
730 5740 1088 5811 Persepolim,
1127 5740 1282 5812 caput
1323 5741 1524 5798 Persici
1560 5741 1721 5812 regni.
1771 5741 1845 5797 De
1884 5740 2150 5812 Persepoli

562 5821 713 5878 capta
739 5822 796 5870 ct
823 5813 1032 5885 direpta
1067 5830 1081 5871 :
1111 5814 1336 5887 eiust-lue
1365 5814 1646 5874 immensis
1672 5813 1868 5883 opibus
1891 5813 2152 5885 legendus

2245 2759 2515 2815 Diodorus
2545 2759 2597 2813 in
2625 2757 2929 2828 posteriore
2953 2757 3095 2814 libro
3123 2756 3336 2814 decimo
3358 2759 3686 2828 septimo,et
3712 2757 3873 2818 Cur-

2244 2833 2352 2958 Eius
2370 2831 2506 2886 libro
2527 2830 2736 2901 quinto.
2754 2829 2995 2885 Meminit
3017 2829 3214 2886 Strabo
3238 2829 3381 2884 libro
3397 2830 3610 2886 decimo
3633 2832 3870 2902 quinto.

2297 2919 2418 2958 seu.

2297 2919 2418 2958 ABR.

2314 2976 2378 3032 7.
2411 2972 2601 3029 Urbem
2651 2973 3074 3035 famosissimum.
3122 2970 3312 3027 Delent
3351 2971 3526 3027 urbem
3556 2987 3691 3027 mss.
3726 2973 3876 3031 Flo-

2245 3045 2442 3101 rentini
2475 3055 2619 3118 tres,
2641 3043 2779 3118 Ultr.
2807 3085 2821 3109 ,
2843 3042 2985 3100 Coll.
3008 3043 3250 3100 Gronov.
3275 3083 3292 3110 ,
3317 3043 3471 3099 Meus
3493 3053 3548 3099 et
3567 3042 3873 3118 Periz-m.,

2251 3127 2411 3184 atque
2443 3131 2508 3172 ex
2538 3116 2698 3170 editis
2731 3117 2956 3184 August.

2325 3183 2379 3244 8.
2409 3187 2627 3261 Darium
2644 3202 2791 3261 puero,
2820 3183 2996 3261 eumAa
3024 3183 3605 3261 prapiuquis.ADariuI_n
3641 3186 3695 3261 in
3733 3188 3874 3261 fuga

2250 3257 2438 3313 Bessus
2466 3269 2514 3312 et
2543 3258 2876 3313 Nabarsaues
2904 3254 3197 3311 vinicrunt
3225 3254 3434 3322 aureis,
3463 3266 3520 3311 ut
3545 3254 3784 3313 Curtius
3805 3254 3878 3317 'et

2246 3329 2489 3384 Justinus
2519 3328 2770 3384 scribunt
2807 3327 3188 3400 compedibus,
3213 3328 3509 3400 multisque
3534 3330 3875 3400 ctiitilossum

2247 3401 2566 3455 vulneribus
2612 3400 2664 3454 in
2707 3400 2793 3452 via
2836 3399 3196 3468 reliquerunt,
3223 3413 3334 3467 quo
3365 3399 3434 3455 de
3471 3399 3696 3468 copiose
3731 3400 3877 3456 Dio-

2247 3470 2448 3596 tll‘prns,
2491 3469 2853 3535 Plutarchus,
2893 3470 3157 3526 Arrianus
3181 3509 3198 3537 ,
3242 3468 3463 3527 Curtius
3499 3478 3551 3526 et
3577 3469 3876 3531 Justinus.

2297 3558 2418 3596 ann.

2297 3558 2418 3598 ABR.

2319 3611 2447 3684 9.7171
2453 3622 2470 3666 t
2494 3611 2900 3684 subsequeretur.
2928 3611 3017 3668 Sic
3039 3618 3184 3684 recte
3209 3610 3380 3684 edidit
3401 3610 3706 3678 Fabricius,
3730 3631 3880 3672 mss.

2248 3692 2304 3739 et
2331 3683 2458 3741 edd.
2486 3683 2737 3739 meliores
2769 3692 3007 3738 secutus.
3030 3683 3212 3738 Justin
3234 3683 3327 3737 lib.
3354 3699 3409 3737 xi
3431 3697 3549 3753 cap.
3581 3686 3668 3750 15,
3702 3685 3878 3742 Iussa

2248 3756 2421 3825 itaque
2443 3756 2666 3808 exercitu
2686 3754 2947 3824 subsequi,
2973 3769 3089 3807 cum
3111 3769 3201 3807 sea:
3222 3754 3448 3808 millibus
3469 3756 3705 3824 equitum
3721 3799 3738 3821 ,
3762 3769 3879 3813 etc.

2249 3825 2388 3881 Male
2428 3825 2482 3880 in
2527 3825 2846 3896 quibusdam
2877 3834 3290 3896 persequeretur,
3317 3836 3637 3896 sequeretur,
3668 3837 3742 3882 et
3776 3830 3876 3882 sub

2250 3912 2304 3951 se
2330 3907 2646 3968 sequeretur.
2679 3895 2817 3951 Male
2849 3896 2902 3950 in
2946 3895 3136 3951 iisdem
3169 3912 3286 3950 cum
3313 3897 3457 3951 mille
3483 3897 3719 3952 militum
3752 3918 3879 3969 pro-

2277 3977 2330 4022 CC
2335 3977 2351 4020 ι
2357 3985 2414 4022 118
2423 4009 2437 4022 .

2253 3969 2437 4094 facii)?
2482 4037 2676 4110 E/l'erri
2703 4047 2749 4092 et
2781 4038 2833 4091 in
2862 4035 3108 4110 sepulcris
3141 4037 3394 4110 majorum
3423 4038 3628 4108 sepeliri
3658 4058 3880 4110 prece.

2252 4111 2348 4182 pit.
2393 4109 2898 4182 Vulgares._referri
2939 4109 2995 4182 in
3039 4109 3299 4182 sepulcra,
3348 4110 3598 4164 barbare.
3630 4109 3879 4181 (Solem,

2253 4179 2426 4248 eﬂ'erri
2467 4183 2521 4234 in
2557 4180 2818 4247 sepulcra,
2855 4179 2996 4233 unde
3035 4179 3254 4250 quodin
3285 4189 3433 4234 textu
3464 4191 3547 4236 est
3578 4186 3822 4250 reposui
3861 4179 3874 4234 ἐ

2254 4267 2355 4307 nec
2387 4268 2518 4308 sane
2556 4250 2750 4320 Apollo
2776 4249 3144 4305 consulendus
3171 4262 3350 4305 utrum
3383 4252 3532 4305 bene.
3571 4249 3772 4307 Liter.
3807 4282 3884 4295 —-

2255 4322 2396 4378 Edtl.
2427 4325 2627 4393 prima,
2654 4325 2907 4390 August.,
2937 4321 3113 4393 Paris.
3143 4331 3194 4376 ct
3221 4321 3461 4393 Venetaj.
3507 4325 3712 4392 referri
3740 4336 3797 4378 et
3825 4329 3879 4378 in

2256 4391 2503 4464 sepulcris
2545 4393 2801 4462 majorum
2842 4391 3050 4464 sepeliri
3089 4392 3351 4464 prtecepit.
3397 4391 3617 4462 Vulgata
3676 4407 3880 4450 autem

2257 4462 2414 4519 lcetio
2444 4467 2496 4519 in
2527 4480 2662 4518 mss.
2693 4473 2806 4528 est;
2834 4473 2910 4530 at,
2939 4464 2982 4516 si
3011 4462 3557 4518 Latinius'auctorein
3585 4464 3755 4533 loqui
3787 4482 3889 4522 ve—

2258 4535 2345 4600 lis,
2378 4535 2460 4589 sic
2487 4537 2663 4589 locum
2685 4534 2922 4606 Arciﬁnge,
2956 4533 3137 4606 inferri
3169 4534 3421 4606 sepulch
3435 4533 3544 4606 (vel
3576 4539 3890 4606 sepulcris)

2250 4607 2533 4678 majorum,
2554 4604 2860 4678 sepelirique
2882 4603 3362 4678 pgrtecepiMJonl'er
3380 4603 3626 4678 Tacitum
3654 4603 3883 4678 Annal.

2253 4674 2343 4802 ἓξ
2361 4677 2425 4802 4,1
2438 4677 2626 4802 ἑνβις
2655 4674 2888 4731 Sueten.
2907 4676 2960 4731 in
2983 4677 3222 4746 Augusto
3247 4689 3367 4746 cap.
3393 4676 3489 4732 101
3515 4684 3571 4732 et
3590 4676 3651 4731 in
3677 4677 3892 4736 Tiber.

2325 4763 2378 4802 n.
2479 4785 2493 4799 .

2253 4760 2378 4815 cap.
2403 4749 2493 4802 15.

2331 4819 2416 4874 tt.
2439 4817 2722 4876 Retinebat.
2744 4817 2868 4873 lltec
2894 4831 3022 4874 mss.
3041 4815 3283 4873 omnium
3311 4816 3475 4874 lectio
3496 4825 3601 4873 est.
3624 4815 3724 4874 Ex
3747 4819 3893 4879 edd.

2258 4890 2528 4959 quaedam,
2557 4889 2843 4944 detinebat.

2337 4961 2424 5016 η.
2476 4960 2605 5016 Ante
2633 4975 2818 5018 annos.
2866 4957 3038 5031 Lugd.
3085 4959 3228 5015 Batt.
3275 4972 3360 5030 pr.
3406 4968 3463 5016 et
3506 4967 3738 5034 quart.,
3794 4980 3897 5034 per

2259 5048 2451 5087 annos.

2335 5102 2422 5158 l3.
2468 5101 2692 5172 Addicta
2728 5101 2816 5158 sit.
2860 5100 3106 5157 Floreat.
3147 5117 3234 5172 pr.
3275 5100 3396 5172 sive
3423 5099 3547 5157 cod.
3578 5099 3898 5172 Longob.,

2259 5172 2408 5228 Meus
2437 5182 2491 5229 et
2516 5171 2692 5242 Lugd.
2724 5172 2840 5227 Bat.
2876 5180 3003 5230 tert.
3033 5187 3156 5228 cum
3189 5171 3326 5230 Coll.
3358 5171 3602 5231 Gronov.
3633 5214 3654 5243 ,
3687 5171 3897 5231 addita

2257 5245 2347 5297 sit.
2380 5243 2790 5370 Fortc,'af{licta
2819 5244 2910 5297 sit.

2329 5314 2460 5370 Car.
2489 5314 2634 5370 XVII
2665 5313 2836 5368 .--1.
2869 5311 2910 5366 Ε

2329 5314 2460 5370 Car.
2489 5311 2836 5370 XVlll.-—l.
2869 5311 2934 5366 Et
2973 5330 3036 5368 ne
3077 5317 3208 5382 forte
3247 5329 3404 5370 nunc.
3434 5314 3565 5374 Mss.
3591 5323 3719 5373 tres
3756 5317 3901 5374 Flo-

2256 5387 2479 5452 rentiui,
2523 5396 2631 5442 tres
2668 5387 2796 5441 item
2841 5384 3010 5454 Lugd.
3044 5384 3185 5452 Bat.,
3228 5385 3397 5451 Meus,
3433 5385 3699 5444 Perizou.
3738 5388 3899 5444 Coll.

2260 5455 2503 5528 Gronov.
2531 5466 2587 5512 et
2609 5457 2700 5512 ed.
2731 5459 2867 5527 Aug.
2897 5455 3142 5511 scribunt
3170 5455 3485 5528 tunc,rquod
3528 5459 3681 5513 tueri
3712 5474 3897 5514 suum

2258 5527 2438 5581 locum
2479 5528 2680 5597 nequit,
2725 5526 2850 5597 quia
2893 5541 3015 5581 mox
3044 5526 3280 5582 occurrit
3320 5526 3373 5582 in
3403 5527 3514 5582 illis
3554 5537 3689 5583 tunc
3715 5534 3900 5584 etiam

2260 5597 2472 5653 bellum.
2513 5598 2618 5652 Pro
2670 5613 2736 5652 eo
2781 5597 2940 5668 igitur
2970 5611 3157 5652 vocem
3199 5613 3335 5651 nunc
3390 5600 3641 5667 reposuit
3672 5599 3897 5656 Fabri-

2259 5671 2396 5740 cius.
2428 5668 2557 5740 Sed,
2577 5671 2779 5740 rectius
2819 5669 3072 5740 videntur
3103 5669 3228 5723 cdd.
3255 5679 3387 5725 vett.
3421 5671 3620 5737 prima,
3657 5670 3894 5740 Paris.,

2261 5739 2507 5810 Venetae,
2536 5739 2817 5808 Bolsuing.
2857 5750 2911 5794 et
2945 5739 3182 5808 llittorp.
3210 5741 3484 5804 omisiSSe,
3515 5756 3642 5810 qua:
3668 5739 3897 5801 omnes

2261 5811 2451 5882 edunt,
2484 5809 2552 5868 Et
2581 5827 2644 5866 ue
2669 5812 2800 5881 forte
2822 5809 3097 5882 quisquam
3122 5810 3382 5882 opinetur,
3413 5820 3523 5866 etc.
