4088 6170
242 327 348 388 857

1277 331 1747 392 lllS’l‘ORlARUM
1785 333 1989 393 LIBER
2029 333 2118 392 Ill.
2158 335 2315 393 CAP.
2356 334 2478 395 XX.

3433 341 3541 401 838

251 447 408 519 191
440 444 507 502 ad
536 444 731 503 Mallos
769 454 825 505 et
852 446 1167 523 Oxydracas
1202 451 1420 525 navigat
1451 470 1466 509 :
1497 469 1621 525 quae
1645 465 1839 526 gentes
1867 462 1913 520 Α
1943 454 2258 528 quamdam,
2285 453 2333 485 “
2358 453 2444 509 cui
2474 451 2697 510 Atnbira
2730 467 2824 510 rex
2849 459 3102 525 prmerat,
3128 453 3400 524 pervenit.
3431 455 3542 513 Sed

253 552 382 595 eum
410 539 637 595 armatis
672 540 713 573 ¹⁹
744 543 1021 613 octoginta
1052 544 1299 602 millibus
1322 545 1669 617 peditum,‘et
1691 562 1849 605 sexa-

248 633 398 703 ginta
417 632 658 690 millibus
672 635 939 705 equitum,
963 637 1267 709 excipiunt.
1282 638 1697 711 Commissaque
1715 657 1852 710 pra:-

246 724 350 791 lio,
383 725 475 782 diu
516 741 720 796 anceps
755 739 810 783 et
834 738 1061 786 cruenta
1091 745 1270 804 pugna
1323 733 1540 788 tandem
1565 737 1610 770 ³ο
1637 732 1849 789 tristem

247 832 391 890 pene
413 819 702 876 victoriam
746 821 1135 880 Macedonibus
1166 824 1338 881 dedit.
1367 825 1503 882 Nam
1548 826 1682 883 fusis
1720 827 1850 884 bos-

249 913 385 968 tium
404 915 611 984 copiis,
640 913 952 973 Alexander
988 919 1288 973 exercitum
1327 918 1394 974 ad
1438 919 1627 975 urbem
1671 919 1846 975 duxit.

249 1006 295 1040 ’⁸
330 1007 543 1064 Etcum
582 1024 796 1064 murum
837 1010 1046 1080 primus
1070 1012 1430 1079 escendisset,
1465 1028 1690 1069 vacuam
1716 1012 1850 1069 civi-

247 1109 415 1157 tatem
466 1110 646 1167 ratus,
698 1102 850 1159 solus
894 1103 1193 1160 introrsum
1244 1105 1486 1173 desiluit,
1520 1121 1683 1177 quem
1725 1120 1849 1161 cum

253 1193 498 1265 undique
533 1192 718 1250 infesti
755 1193 942 1251 hostes
978 1195 1490 1267 circumdedissent,
1522 1196 1848 1254 incredibile

248 1285 404 1342 dictu
435 1296 539 1355 est,
567 1297 626 1343 ut
662 1303 787 1344 eum
824 1303 937 1345 non
985 1289 1280 1346 multitudo
1332 1291 1593 1359 hostium,
1631 1307 1738 1348 non
1768 1291 1852 1347 vis

252 1392 452 1449 magna
481 1378 738 1447 telorum,
758 1395 866 1437 non
890 1390 1075 1438 tantus
1105 1384 1489 1439 lacessentium
1516 1385 1849 1440 clamorter-

254 1472 455 1539 ruerit,
486 1473 635 1528 solus
680 1481 763 1529 tot
804 1474 976 1530 millia
1019 1475 1280 1532 ceciderit
1311 1492 1376 1533 ac
1409 1478 1627 1548 fugarit.
1659 1477 1731 1534 At
1758 1477 1853 1535 ubi

248 1576 313 1628 se
344 1563 501 1621 obrui
524 1580 552 1619 a
583 1566 912 1623 circumfusa
939 1568 1286 1625 multitudine
1307 1573 1598 1640 persensit,
1635 1573 1680 1604 ”
1706 1573 1848 1629 muri

246 1654 408 1712 obice
439 1658 749 1727 posteriora
795 1668 1026 1728 tutatus,
1053 1662 1361 1720 contrarios
1391 1661 1607 1720 facilius
1643 1679 1710 1720 eo
1753 1681 1847 1721 us-

251 1763 364 1820 que
400 1750 684 1818 sustinuit,
718 1750 893 1809 donec
921 1751 989 1808 ad
1029 1752 1328 1824 periculum
1372 1755 1491 1824 ejus
1525 1755 1851 1811 clamorem-

1951 550 2007 605 in
2037 544 2445 618 expugnatione
2470 545 2709 602 civitatis
2732 560 2982 616 magnam
3003 551 3213 617 partem
3241 547 3540 617 exercitus,

1951 640 2165 711 sagittis
2210 637 2447 693 hostium
2482 651 2697 694 veneno
2734 636 2910 703 illitis,
2951 638 2996 669 ’⁷
3034 638 3220 694 amisit
3262 655 3274 689 :
3316 652 3380 695 ac
3424 648 3551 709 post

1953 729 2124 786 herba
2154 745 2253 801 per
2288 730 2558 785 somnium
2588 730 2634 768 ³⁸
2658 728 2766 785 sibi
2800 738 3016 787 ostensa
3038 730 3092 785 in
3122 738 3306 801 potum
3339 731 3545 789 sauciis

1953 824 2108 890 data,
2141 837 2266 879 cum
2298 822 2524 894 reliquis
2550 820 2959 891 subveniretur,
2986 822 3176 879 urbem
3206 823 3540 895 expugnavit

1951 924 2005 973 et
2030 914 2195 987 cepit.

2548 1006 2780 1066 CAPUT
2820 1007 2941 1065 XX.

1955 1121 2148 1178 Omnes
2185 1122 2464 1192 prouinciae
2499 1124 2569 1177 ad
2601 1124 2961 1197 Alexandrum
2992 1123 3194 1197 terrine
3233 1124 3427 1196 legatos
3451 1141 3548 1197 pa-

2023 1210 2132 1249 cem
2161 1202 2409 1265 petentes,
2439 1196 2707 1250 miserunt.
2756 1195 3059 1252 Alexander
3102 1195 3299 1253 veneno
3333 1195 3551 1252 interiit.

2024 1264 2347 1338 Apes-traphe
2376 1264 2445 1320 ad
2475 1267 2712 1322 lectores.

2029 1376 2161 1433 Post
2191 1378 2347 1449 quasi
2373 1377 2389 1408 ί
2418 1379 2747 1435 circumacta
2792 1389 2959 1448 meta,
2991 1380 3060 1436 de
3097 1379 3318 1439 Oceano
3354 1381 3542 1438 Indum

1953 1468 2156 1528 ﬂumen
2181 1471 2485 1543 ingressus,
2520 1472 2872 1545 Babyloniam
2898 1474 3153 1531 celeriter
3176 1474 3340 1531 rediit
3363 1494 3378 1532 :
3403 1475 3424 1504 ²
3455 1475 3546 1531 ubi

1955 1578 2078 1619 eum
2111 1563 2499 1620 exterritarum
2528 1566 2699 1621 totius
2724 1566 2877 1622 orbis
2902 1567 3306 1637 provinciarum
3340 1566 3361 1598 ³
3386 1567 3549 1638 legati

1952 1658 2399 1728 opperiebantur,
2435 1658 2538 1713 hoc
2568 1667 2674 1727 est,
2702 1655 3236 1730 Carthaginiensium
3271 1660 3545 1730 totiusque

1952 1750 2154 1806 Africa:
2197 1751 2479 1805 civitatum
2517 1751 2656 1806 :sed
2703 1759 2758 1807 et
2803 1752 3190 1824 Hispanorum,
3233 1752 3542 1823 Gallorum,

246 1855 357 1910 que
397 1840 661 1910 hostium,
707 1841 995 1913 perfractis
1027 1844 1220 1912 muris,
1248 1846 1520 1902 exercitus
1559 1846 1739 1901 omnis
1766 1846 1841 1902 ir-
1877 1851 1923 1912 B
1954 1841 2191 1907 Siciliae,
2249 1841 2625 1913 Sardiniaeque
2666 1859 2682 1898 :
2713 1840 2735 1872 ⁸
2763 1844 3014 1914 plurima:
3081 1845 3237 1917 193
3284 1855 3550 1917 praterea

237 1941 547 2001 rumperet.
575 1931 632 1989 In
666 1948 732 1989 eo
756 1935 945 2004 praelio
966 1935 1012 1966 ”
1038 1937 1234 2006 sagitta
1260 1935 1364 1991 sub
1386 1952 1616 1992 mamma
1644 1938 1845 2008 trajec-

237 2031 359 2092 tus,
394 2023 439 2055 ’δ
472 2026 579 2081 fixo
606 2040 748 2097 genu
781 2027 937 2099 192
952 2034 1179 2082 eatenus
1205 2028 1483 2099 pugnavit,
1498 2027 1672 2085 donec
1692 2044 1841 2098 eum,

237 2130 269 2171 a
294 2131 407 2189 quo
437 2118 484 2156 ⁸⁸
504 2119 815 2175 vulneratus
844 2128 1013 2189 esset,
1031 2121 1328 2178 occideret.
1357 2121 1487 2179 lnde
1508 2125 1827 2181 conscensis

238 2210 474 2270 navibus
521 2225 644 2268 cum
686 2212 889 2271 Oceani
922 2214 1104 2271 littora
1145 2225 1496 2288 peragraret,
1530 2216 1599 2273 ad
1649 2217 1837 2274 urbem

1952 1936 2124 2007 partis
2149 1934 2337 1991 Italite.
2362 1934 2568 1990 Tantus
2598 1935 2761 1990 timor
2801 1936 2856 1991 in
2897 1950 3113 1992 summo
3157 1939 3382 1994 Oriente
3408 1952 3540 1995 con-

1950 2026 2129 2084 stituti
2161 2027 2317 2083 ducis
2347 2027 2578 2098 populos
2608 2027 2628 2058 ⁵
2661 2027 2836 2082 ultimi
2885 2027 3198 2084 Occidentis
3243 2028 3542 2099 invaserat,

1950 2129 2011 2177 ut
2030 2122 2155 2177 inde
2177 2120 2521 2193 peregrinam
2547 2129 2662 2177 toto
2684 2122 2888 2178 mundo
2910 2137 3170 2180 cerneres
3191 2123 3544 2194 legationem,

1947 2228 2055 2286 quo
2081 2213 2176 2271 vix
2216 2212 2471 2272 crederes
2513 2214 2830 2286 pervenisse
2870 2229 3170 2272 rumorem.
3217 2214 3530 2272 Alexander

1529 2416 1983 2476 IIAVERCAMPI
2017 2415 2252 2475 NOTAE.

239 2583 412 2639 secuti
454 2577 683 2651 vestigia
705 2649 712 2651 Α
734 2579 1046 2649 depravata:
1073 2578 1326 2636 lectionis
1353 2578 1589 2651 antiqua:
1620 2580 1673 2634 in
1699 2579 1834 2634 Oro-

238 2654 307 2710 sii
340 2664 394 2708 et
438 2649 638 2709 Justini
683 2649 862 2707 libris.
900 2652 992 2707 Sic
1040 2660 1219 2707 autem
1268 2649 1558 2721 legendum
1596 2666 1722 2706 esse
1766 2666 1832 2705 ex

240 2723 463 2779 historia
490 2738 609 2792 qua:
628 2732 713 2778 est
733 2721 875 2790 apud
899 2724 1143 2777 Curtium
1177 2722 1319 2792 libro
1349 2736 1513 2788 nono,
1543 2721 1832 2777 Arrianum

241 2796 337 2852 lib.
376 2811 451 2862 vr,
483 2793 717 2849 Diodoro
747 2807 879 2854 xvrt.
912 2808 1233 2864 cognosces.
1265 2791 1396 2864 Nam
1427 2792 1576 2864 quod
1614 2793 1667 2864 in
1701 2793 1828 2848 Ilio-

240 2867 379 2923 doro
402 2868 630 2941 legitur,
665 2866 997 2941 Συραθςούσᾳς
1030 2882 1042 2918 :
1070 2864 1123 2941 id
1169 2863 1461 2941 ιῐιεξῃᾴοξεξΔ
1483 2878 1607 2941 esse
1640 2863 1835 2920 llenri-

243 2953 340 2994 cus
373 2932 696 3013 Stephanus
733 2932 1632 3013 'an_i_n_tad_vcrtit,_sed_’0§u8péxuc
1670 2950 1839 3013 repo-

244 3006 657 3073 nendum'esse,
685 3006 1117 3063 eruditissimum
1167 3006 1445 3061 hominem
1468 3006 1597 3061 'non
1628 3006 1840 3062 vidisse

242 3083 436 3137 miror.
464 3077 631 3134 FABB.

316 3152 405 3208 19.
443 3150 717 3220 Octoginta
746 3148 977 3203 millibus
1001 3149 1250 3218 peditum.
1282 3147 1682 3203 Diodor.etiam
1704 3146 1842 3200 scri-

243 3222 327 3278 bit
367 3223 467 3309 lips
517 3220 773 3309 ItabulS‘S'e.
807 3223 996 3309 πεζξῇς
1040 3221 1247 3309 ultioni
1275 3227 1375 3277 τῶν
1405 3220 1837 3309 ὀκῖακιςμνξρίτιξηε

240 3293 477 3363 amplius
506 3305 613 3346 Lxx
636 3289 804 3345 millia
827 3290 1079 3363 peditum.
1116 3288 1270 3363 Unde
1299 3288 1629 3346 emendandi
1667 3288 1837 3346 Curtii

238 3362 391 3428 libri,
416 3364 468 3419 in
492 3363 689 3434 quibus
712 3371 824 3435 est,
854 3362 898 3414 Ν
908 3377 1048 3417 ovem
1070 3362 1241 3435 millia
1265 3363 1570 3435 junctornm
1603 3362 1835 3435 perlitum

237 3438 299 3491 in
328 3436 490 3490 armis
512 3432 683 3488 erant.
711 3432 768 3489 In
807 3447 1043 3489 nmnero
1071 3432 1311 3504 equituin
1344 3434 1573 3504 Orosius
1594 3432 1647 3504 et
1671 3433 1837 3487 Justi-

242 3523 351 3563 nus
379 3521 485 3561 non
512 3505 846 3561 cenveniunt
866 3519 987 3559 cum
1020 3500 1252 3559 Diodoro
1281 3512 1333 3559 et
1355 3503 1567 3558 Curtio.
1593 3500 1761 3559 FABR.

314 3577 408 3634 20.
466 3576 685 3648 Tristem
732 3592 861 3648 pene
898 3576 1188 3631 victoriam.
1234 3575 1511 3648 Fabricius
1563 3577 1690 3631 edd.
1726 3585 1836 3631 vet.

241 3660 487 3716 secutus,
520 3646 690 3702 edidit
716 3646 911 3719 tristem
936 3662 1065 3719 pene
1101 3663 1303 3701 onmem
1329 3646 1620 3719 uictoriam,
1649 3655 1836 3700 contra

243 3734 382 3776 mss.
411 3733 640 3791 quorum
671 3718 851 3773 nullo»:
885 3718 1084 3772 omnem
1122 3718 1390 3789 agnoscit,
1429 3732 1604 3787 neque
1633 3731 1696 3772 ea
1732 3732 1836 3772 vox

241 3793 300 3848 in
332 3790 683 3861 edﬁAngnst.
712 3795 958 3858 apparet.

315 3862 409 3916 2|.
434 3859 502 3915 Et
532 3857 652 3915 cum
682 3875 889 3914 murum
913 3858 1283 3915 exscendisset.
1317 3857 1598 3927 lmpressi,
1625 3858 1842 3912 adscen-

242 3934 429 3988 disset'.
481 3931 679 3999 Scripti
739 3932 858 3994 lib.,
912 3932 1225 3985 extendisse!
1268 3946 1287 3983 :
1329 3945 1395 3985 ex
1448 3945 1556 3998 quo
1613 3939 1831 3984 rectene

246 4019 415 4074 Opem
445 4004 601 4058 attuli
632 4001 848 4065 Orosio,
882 4012 940 4074 ut
974 4014 1131 4056 suum
1174 4000 1249 4074 illi
1290 4001 1841 4074 verbnm_anliqunm

245 4070 613 4138 redderetur,
673 4074 763 4128 alii
810 4073 1154 4143 judicabant.
1214 4072 1388 4127 Laur.
1420 4070 1727 4141 —Reponi
1778 4086 1843 4125 ex

248 4162 389 4204 mss.
424 4144 704 4201 codicibus
732 4141 894 4200 debet
925 4141 990 4197 Et
1021 4160 1135 4197 cum
1180 4159 1386 4197 murum
1426 4143 1621 4212 primus
1662 4157 1840 4196 escen-

247 4219 434 4272 disset.
470 4218 563 4273 Sic
590 4215 737 4271 enim
776 4217 940 4270 verba
982 4224 1348 4284 transponunt
1375 4214 1563 4284 scripti
1601 4212 1838 4279 codices,

246 4304 317 4345 ex
345 4288 545 4358 quibus
571 4286 1171 4358 nonnulliextcndisset,
1191 4285 1521 4352 insendisset,
1543 4284 1835 4358 accidisset,

247 4355 378 4416 sed'
401 4360 579 4413 codex
620 4356 969 4428 Longobard.
1004 4356 1176 4428 clare,
1209 4355 1656 4428 escendiss_el._De
1694 4367 1843 4428 recte

251 4439 436 4486 autem
464 4445 563 4485 usu
594 4425 763 4485 verhi'
781 4428 1052 4483 escendere
1084 4426 1206 4480 vide
1243 4428 1411 4482 Nmas
1438 4425 1610 4483 Curtii
1640 4427 1705 4480 ad
1726 4425 1845 4481 Sal-

250 4503 382 4557 lust.
419 4516 470 4570 p.
508 4502 636 4557 355.
667 4498 842 4568 Supra
869 4500 1039 4570 verbo
1067 4498 1369 4552 inscendere
1399 4512 1528 4552 usus
1565 4496 1662 4570 fuit
1705 4497 1845 4552 Orn-

249 4574 367 4628 sius
416 4568 554 4626 libro
610 4584 814 4639 tt.cap.
869 4568 956 4632 η,
1009 4570 1304 4623 invaserunt
1378 4569 1845 4639 inscenderuntquc

254 4641 602 4715 Capitolium.
620 4642 720 4715 Sic
749 4643 893 4715 enim
925 4640 995 4696 ibi
1030 4640 1315 4715 legendum
1346 4648 1584 4715 est,_non
1615 4642 1698 4711 (ut
1727 4656 1849 4715 pas-

248 4711 353 4770 sim
378 4714 579 4783 editur)
611 4712 1051 4783 incenderuntque
1076 4711 1417 4783 Capitolium.
1450 4711 1844 4783 secutusenim

1940 2594 2058 2653 cum
2080 2578 2299 2653 uenisset
2325 2579 2397 2633 ad
2425 2578 2603 2653 urbem
2626 2579 2889 2653 Ambigeri
2918 2581 3077 2653 regis.
3109 2582 3310 2639 Strabo
3334 2583 3432 2642 lib.
3467 2602 3539 2643 xv

1944 2650 2048 2706 hoc
2079 2650 2130 2704 in
2163 2650 2437 2705 Oritarum
2481 2650 2679 2706 finibus
2717 2650 2993 2708 accidisse
3025 2655 3241 2719 scribit,
3271 2657 3539 2713 Diodorus

1941 2721 2007 2797 ad
2036 2720 2434 2797 Bracbtnanum
2460 2722 2660 2797 urbem
2684 2723 3544 2797 llarmateliainominatam,Cur-

1944 2792 2049 2847 tius
2085 2795 2137 2847 in
2177 2791 2362 2871 Sambi
2397 2808 2586 2871 regno.
2619 2793 2788 2871 Esse.
2815 2825 2886 2871 _—
2919 2796 2977 2851 In
3010 2796 3332 2871 Lunglat.
3364 2791 3541 2871 primo

1944 2879 2143 2938 nomen
2170 2865 2322 2938 regis
2348 2862 2603 2938 scribitur
2626 2866 2806 2938 Abire,
2834 2866 2888 2921 in
2918 2862 3118 2938 quarto
3131 2869 3315 2926 Altira.

2021 2934 2111 3008 2'].
2146 2933 2355 3008 diuisit.
2387 2933 2522 2990 Cod.
2546 2935 2757 3008 Beriz”
2784 2933 3034 3008 perdidit.

2021 3006 2112 3076 28.
2150 3003 2275 3076 Sibi
2289 3014 2519 3076 ostensa.
2541 3003 2872 3076 Simpliciter
2898 3018 3101 3065 ostensa
3133 3009 3380 3067 Perizon.
3413 3013 3539 3069 cod.

2019 3075 2149 3131 Car.
2182 3073 2302 3129 XX.
2326 3105 2398 3116 —
2414 3076 2434 3130 l
2453 3118 2462 3127 .
2482 3073 2813 3131 Circumacta
2837 3090 2991 3133 meta.
3013 3079 3142 3136 Haec
3166 3097 3291 3136 vera
3323 3091 3407 3138 est
3430 3084 3542 3139 lec-

1954 3145 2055 3213 tio,
2086 3161 2245 3216 qnam
2285 3146 2422 3201 Cod.
2454 3144 2697 3217 Longob.
2723 3162 2844 3204 cum
2879 3165 3009 3204 mss.
3045 3160 3099 3205 et
3140 3151 3266 3205 edd.
3298 3152 3541 3208 meliori-

1948 3218 2277 3293 hns‘servat.
2305 3217 2550 3293 Quidam
2566 3234 2632 3273 ex
2661 3233 2794 3273 mss.
2819 3218 2966 3293 Post,
2997 3222 3147 3293 quasi
3170 3221 3536 3279 circumactam

1946 3288 2160 3343 Indiam
2199 3304 2364 3360 usque
2398 3287 2468 3342 ad
2509 3287 2772 3345 Oceanum
2813 3287 3075 3347 etlndam
3112 3293 3309 3364 ﬂumen
3336 3295 3543 3367 ingrcs-

1944 3377 2054 3416 sus.
3398 3390 3403 3396 .

2014 3434 2067 3485 εἰ.
2103 3428 2202 3502 Ubi
2232 3446 2371 3486 eum.
2396 3428 2495 3486 Ed.
2522 3429 2775 3502 August..
2800 3433 2872 3488 ibi
2900 3450 3039 3491 eum.

2016 3503 2069 3579 5.
2088 3501 2265 3579 Legati
2281 3501 2703 3573 apparriebantnr.
2734 3503 2934 3561 Horum
2965 3507 3267 3579 legatorum
3294 3508 3543 3566 meminit

1946 3574 2173 3648 Arrian.
2195 3574 2288 3629 lib.
2311 3589 2383 3628 vit
2423 3589 2483 3628 ac
2513 3583 2855 3648 praetereos,
2885 3574 3287 3648 quos'Justinns
3313 3589 3370 3636 et
3398 3581 3535 3636 Orn-

1944 3644 2060 3698 sius
2083 3644 2534 3711 commemorant,
2574 3647 2765 3702 scribit
2798 3644 3014 3702 venisse
3058 3652 3124 3704 ad
3171 3652 3540 3705 Alexandrum

1944 3715 2242 3788 legationes
2257 3713 2687 3788 {Ethiopummt
2710 3716 3058 3788 Scytharum.
3085 3722 3175 3788 qui
3200 3731 3327 3774 sunt
3353 3721 3406 3774 in
3430 3720 3540 3775 Eu-

1945 3802 2100 3860 r0pa_.
2137 3785 2361 3860 Diodor.
2402 3786 2650 3860 meminit
2688 3785 2854 3842 etiam
2899 3785 3228 3860 Illyriorum,
3275 3790 3540 3845 Adriatici

1946 3857 2114 3931 maris
2188 3856 2521 3931 accolarum,
2565 3856 2834 3913 Thracum
2900 3856 3366 3931 ﬁnitimarumque
3427 3864 3538 3918 illis

1945 3927 2244 3985 Gallorum.
2265 3926 2428 3982 Fann.

2017 4000 2071 4053 4.
2102 3998 2352 4054 Plurima:
2380 4007 2626 4060 praetcrea
2653 4000 2819 4063 partis
2850 3998 3045 4057 Italica.
3068 3999 3150 4058 Ex
3184 4001 3339 4061 Italia
3372 4020 3542 4062 vene-

1946 4078 2077 4126 runt
2119 4070 2276 4140 legati
2309 4085 2339 4124 a
2366 4068 2611 4139 Bruttiis,
2644 4069 2874 4128 Lucanis
2915 4082 2971 4129 et
2998 4073 3264 4130 Etruscis.
3284 4075 3542 4133 Nonnulli

1946 4142 2109 4195 etiam
2142 4156 2173 4197 e
2203 4141 2459 4197 Romanis
2490 4144 2708 4212 venisse
2732 4145 3071 4212 scripserunt
3103 4165 3115 4199 :
3144 4148 3241 4203 sed
3272 4150 3536 4204 Arrianus

1948 4211 2015 4289 i_d_
2031 4228 2352 4289 veruAmnon
2377 4211 3123 4289 putat.Fauna—Arrianus
3156 4218 3250 4273 lib.
3280 4234 3378 4283 vn,
3410 4235 3533 4289 cap.

1948 4284 2037 4349 15,
2070 4299 2123 4354 p.
2150 4283 2282 4347 224,
2323 4284 2394 4337 ita
2434 4283 2503 4339 de
2554 4285 2713 4352 hujus
2755 4284 3040 4354 legationis
3086 4288 3348 4344 Romana:
3396 4283 3535 4343 fania

1948 4354 2212 4430 disputat,
2240 4362 2317 4430 _t_1t
2360 4369 2544 4430 neque
2581 4370 2851 4430 asserere
2886 4358 3104 4430 audeat,
3156 4374 3331 4430 neque
3386 4361 3544 4430 plane

1949 4425 2197 4495 rejicere.
2240 4424 2435 4479 Verum
2467 4425 2773 4479 Clitarchus
2803 4426 2853 4480 id
2885 4428 3091 4495 liquido
3128 4424 3542 4495 aflir'mat'apnd

1950 4494 2184 4550 Plinium
2226 4495 2348 4549 Nat.
2382 4495 2522 4549 lliSt.
2568 4495 2663 4549 lib.
2685 4512 2765 4559 ιιι,
2800 4512 2853 4566 p.
2890 4494 2991 4552 1:32
3021 4498 3107 4553 ed.
3142 4499 3406 4554 Harduin.
3442 4500 3546 4554 lm-

1951 4581 2061 4635 mo,
2104 4566 2150 4623 si
2198 4566 2655 4635 Carthaginenscs
2701 4567 2829 4621 illuc
2893 4569 3144 4624 miserint
3180 4569 3542 4626 Hamilcarem

1951 4635 2263 4706 Rhodium,
2317 4636 2655 4708 speculatum
2703 4637 3027 4708 ‘Alexandri
3084 4640 3537 4708 machinationes,

1951 4724 2120 4778 quare
2154 4723 2261 4764 non
2293 4716 2346 4763 et
2384 4706 2613 4762 Romani
2669 4706 2905 4778 aliquem
2947 4725 3012 4765 ex
3072 4712 3186 4766 suis
3234 4712 3423 4768 eadem
3477 4706 3545 4768 de

252 4778 758 4858 AugnStinum__est,
786 4781 923 4858 apud
946 4778 1117 4858 quem
1147 4778 1214 4836 de
1239 4780 1471 4858 Civitate
1506 4781 1735 4858 Dei__lib_.
1763 4797 1844 4858 tu,
1879 4798 1926 4858 υ
1951 4794 2136 4845 causa,
2168 4778 2465 4858 vel‘e'tiam.
2514 4778 2678 4858 legati
2709 4779 2930 4858 notitiae
2973 4782 3243 4847 miserint,
3271 4785 3547 4858 praecipue

253 4852 380 4927 cap.
415 4857 505 4921 17,
533 4855 790 4927 meliores
822 4854 982 4927 codd.
1019 4852 1220 4908 habent
1261 4854 1315 4907 in
1358 4852 1550 4927 eadem
1593 4852 1845 4927 Capitolii

253 4922 552 4998 oppugnati
586 4924 831 4998 historia,
869 4923 967 4979 Ubi
997 4933 1164 4998 erant,
1204 4924 1430 4998 quando_
1450 4922 1692 4998 valerius
1718 4938 1845 4976 con-

254 4992 345 5053 sul
371 4992 432 5053 εἴ
438 4999 502 5051 ab
521 4996 783 5051 exsulibus
805 5006 851 5052 et
880 4998 1039 5051 servis
1067 4992 1359 5051 inscensum
1390 4992 1705 5066 Capitolium
1732 5010 1848 5048 cum

255 5071 547 5141 defensaret
579 5069 773 5141 occisus
798 5076 890 5141 est_.

326 5134 422 5197 ΞΩ.
462 5138 607 5193 Muri
651 5138 809 5193 obice.
846 5137 1088 5195 Floreot.
1119 5151 1257 5205 sec.,
1296 5137 1432 5190 muri
1477 5134 1700 5201 obiectu.
1727 5134 1847 5191 Mox

257 5227 360 5285 pro
384 5219 605 5285 tutatus,
638 5208 879 5285 Floreat.
916 5218 1042 5264 ιιιη.
1080 5220 1133 5264 et
1164 5209 1334 5285 Meus,
1365 5217 1524 5285 tutus.

327 5283 422 5339 25.
456 5276 663 5354 Sagitta
699 5279 808 5354 sub_
830 5295 1069 5354 inomma
1116 5282 1384 5354 trajectus.
1414 5276 1581 5354 Diod._
1600 5278 1850 5344 τοξευθεὶς

257 5355 363 5412 ὑπὸ
400 5355 487 5412 τὸν
531 5349 746 5426 μαστόν.
780 5350 1124 5426 Plutarchus,
1156 5349 1277 5426 τίερὶ
1303 5351 1388 5426 ςτόν
1416 5349 1634 5426 μαστόν.
1660 5354 1849 5426 Arria-

261 5441 387 5495 nus,
420 5420 556 5508 ὑπὲρ
584 5426 671 5483 τὸν
697 5423 914 5506 μαστόν.
945 5420 1184 5505 curtius,
1210 5420 1376 5508 Indus
1404 5420 1625 5475 duorum
1653 5422 1855 5508 cubito-

259 5490 383 5552 rnm'
411 5490 658 5571 sagittam
697 5490 774 5548 ita
814 5495 1061 5571 excussit,
1093 5503 1277 5571 ut_per
1321 5490 1585 5546 thoracem
1636 5491 1851 5561 paulum

262 5584 418 5638 super
446 5565 587 5638 latus
613 5568 850 5638 dextrum
873 5565 1131 5638 inﬁgeret.
1157 5565 1323 5638 Faen.

331 5636 424 5695 24.
460 5637 599 5710 Fixa
627 5652 784 5710 genu.
814 5637 895 5691 An
924 5636 1062 5710 [lego
1090 5636 1264 5706 genu?

333 5712 427 5766 25.
464 5705 781 5764 Vulneratus
810 5705 959 5763 esset.
984 5705 1257 5765 Perizon..
1279 5705 1580 5761 uulneratus
1607 5711 1741 5759 erat.

334 5782 430 5836 26.
459 5778 557 5836 Cui
584 5779 794 5833 Ambira
828 5793 922 5832 rex
964 5787 1203 5850 praeerat.
1230 5776 1439 5850 Ambira
1467 5783 1553 5831 est
1596 5775 1758 5850 etiam
1795 5772 1849 5828 in

267 5855 476 5913 nostris
530 5850 797 5920 vetustis;
838 5847 983 5921 apud
1029 5847 1302 5907 Justinum
1347 5847 1445 5906 lib.
1477 5862 1554 5904 sn
1608 5847 1850 5919 legitur:

1952 4865 2074 4905 cum
2103 4855 2291 4906 narret
2312 4848 2538 4905 Orosius
2556 4850 2694 4905 adeo
2715 4850 2975 4907 felicitate
3001 4848 3285 4909 artnorum'
3310 4848 3546 4910 Alexan-

1952 4920 2035 4976 dri
2094 4921 2263 4998 luisse
2303 4934 2505 4989 minos,
2552 4931 2608 4975 ut
2647 4921 2841 4978 ducem
2882 4925 3394 4998 circumspexerint,
3434 4942 3546 4998 quo

1951 5002 2143 5065 contra
2167 4992 2317 5047 illum
2344 4999 2650 5065 uterentur,
2684 5008 3057 5065 summamque
3087 4992 3163 5051 rei
3191 4992 3465 5051 lldueiam'
3487 4999 3541 5053 in

1953 5062 2418 5135 Papiriocnnsule
2444 5063 2754 5135 habuerint,
2776 5072 2835 5119 ut
2859 5062 3016 5120 docet
3040 5081 3201 5131 supra
3228 5083 3351 5135 cap.
3393 5068 3483 5125 15.

2026 5135 2088 5206 5.
2116 5133 2300 5206 Ultimi
2328 5133 2644 5188 Occidentis.
2671 5136 2771 5206 Ed.
2797 5137 2962 5206 Ang.,
2984 5136 3038 5206 in
3071 5136 3254 5194 ultimo
3286 5133 3545 5193 Occiden-

1954 5204 2040 5260 tis.
2072 5202 2217 5261 lnfra
2245 5204 2337 5281 lib.
2369 5221 2446 5281 vt,
2465 5220 2597 5281 cap_._
2610 5206 2707 5281 21,
2733 5202 3223 5281 Interéansarem
3246 5212 3395 5281 apud
3418 5207 3547 5263 Tar-

1953 5292 2216 5352 raconem,
2249 5277 2503 5331 citerioris
2535 5273 2819 5352 'Ilispania:
2862 5276 3067 5352 urbem,
3095 5279 3253 5352 legati
3276 5273 3549 5352 findat-um

1954 5355 2003 5401 et
2024 5346 2361 5419 Scytharum,
2387 5360 2491 5419 toto
2516 5344 2637 5401 orbe
2650 5344 2991 5416 transmisso,
3018 5344 3224 5405 laudisin
3246 5351 3314 5406 ibi
3340 5351 3548 5403 iuvenc-

1959 5417 2269 5492 rnnt,‘_ullra
2297 5417 2436 5485 quod
2449 5419 2562 5492 jam
2585 5434 2818 5492 qua-rere
2844 5430 3196 5492 nonpossent,
3226 5420 3554 5490 refudernnt-

1957 5506 2055 5564 que
2101 5487 2459 5564 inLCa’sarent
2500 5487 2783 5564 .Ltleicandri
2835 5487 3019 5564 Magni
3063 5487 3544 5564 giloriam::_qncm,

1956 5558 2469 5634 sicutgﬂgspanorum
2492 5558 2862 5631 Gallorumque
2885 5558 3140 5634 le'gatio'in
3160 5562 3326 5634 medio
3344 5559 3406 5614 0t
3419 5560 3554 5634 ienlc

1964 5632 2108 5704 apud
2160 5629 2508 5704 Babyloniam
2560 5629 3005 5704 contemplatione
3044 5634 3188 5704 pacis
3237 5632 3369 5685 adiit
3422 5633 3556 5704 :ita

1955 5700 2094 5755 hunc
2141 5700 2292 5774 apud
2340 5702 2659 5774 Hispaniam
2686 5704 2741 5758 in
2773 5700 3068 5774 Occidentis
3098 5701 3281 5774 ultimo
3327 5703 3550 5774 supplex

1956 5770 2355 5855 cumgentilitio
2378 5770 2588 5832 munere
2611 5771 2757 5833 Eous
2784 5771 2955 5831 Indus
2993 5772 3048 5829 el
3089 5771 3290 5845 Scytha
3328 5770 3550 5834 Barcina

1954 5852 2138 5902 aravit.
