4088 6170
560 240 669 304 859

1960 236 2165 304 PAULI
2203 217 2427 303 OROSII
2480 187 2491 191 Ο

3750 240 3844 304 810

553 377 686 420 vero
732 360 874 434 apud
918 361 1292 436 Babyloniam,
1323 374 1448 418 eum
1489 361 1670 418 adhuc
1700 362 2021 434 sanguinem
2071 366 2146 421 si-
2171 362 2225 425 Α
2250 363 2465 432 utrique
2498 357 2793 417 infeliciter
2823 367 2982 418 notus
3009 358 3249 428 Oceano,
3281 366 3339 417 et
3367 366 3548 416 tamen
3578 367 3691 415 tam
3723 363 3835 417 vio-

562 457 725 526 tiens,
749 455 892 512 male
918 456 1181 527 castigata
1211 454 1493 523 aviditate,
1517 455 1749 512 ministri
1774 456 1989 513 insidiis
2017 458 2039 489 °
2057 475 2152 517 ve-

562 563 764 605 nenum
790 557 1053 618 potasset,
1088 546 1317 603 interiit.
1347 546 1391 603 0
1412 547 1548 603 dura
1584 563 1738 605 mens
1756 549 2074 621 hominum,
2099 563 2156 608 et

560 657 658 698 cor
677 656 898 714 semper
920 640 1305 697 inhumanum!
1333 640 1448 712 Ego
1476 641 1593 712 ipse
1620 643 1714 713 qui
1741 641 1857 698 lucc
1884 658 1984 714 pro
2008 658 2157 701 asse-

560 734 731 793 renda
776 735 1022 790 omnium
1070 743 1376 805 temporum
1427 734 1449 767 ⁷
1503 734 1775 790 alternata
1837 737 2148 792 calamitate

569 843 890 902 percenseo,
922 829 975 883 in
1012 828 1192 884 relatu
1224 827 1358 883 tanti
1388 827 1541 895 mali,
1573 843 1681 897 quo
1707 828 1794 885 vel
1827 838 2006 886 morte
2028 829 2144 901 ipsa

562 924 653 981 vel
700 922 990 979 formidine
1041 921 1232 977 mortis
1273 930 1498 992 accepta
1543 929 1692 978 totus
1722 924 2154 981 mundusintre-

562 1018 729 1083 nmit,
762 1015 1024 1087 numquid
1063 1015 1397 1088 illacrymavi
1437 1015 1651 1073 oculis?
1693 1017 1954 1088 numquid
1986 1017 2154 1075 corde

561 1107 854 1167 condoluit
892 1107 1155 1178 numquid
1207 1108 1498 1165 revolvens
1550 1107 1690 1176 haec,
1739 1118 1963 1181 propter
2001 1125 2155 1165 com-

574 1216 794 1260 munem
841 1199 1060 1256 vivendi
1110 1208 1339 1268 statum,
1374 1200 1641 1271 majorum
1701 1201 1952 1258 miserias
1999 1215 2153 1257 meas

562 1295 702 1351 fecit
728 1309 851 1350 cum
903 1302 1081 1349 tamen
1129 1291 1177 1348 si
1226 1294 1446 1363 quando
1490 1293 1561 1350 de
1604 1295 1815 1366 meipso
1862 1294 2067 1363 refero,
2098 1304 2157 1350 ut

563 1387 778 1459 ignotos
822 1385 1054 1457 primum
1099 1383 1368 1442 barbaros
1406 1385 1656 1457 viderim,
1683 1394 1746 1442 ut
1787 1385 2016 1442 infestos
2062 1385 2158 1442 de-

562 1479 899 1546 clinaverim,
923 1488 981 1534 ut
1009 1477 1420 1535 dominantibus
1449 1479 1473 1512 ⁸
1492 1478 1803 1535 eblanditus
1833 1480 1959 1547 sim,
1986 1487 2047 1535 ut
2073 1478 2158 1533 in-

563 1572 753 1629 ﬁdeles
807 1570 1180 1643 praeaverim,
1222 1577 1282 1626 ut
1328 1570 1649 1650 insidiantes
1695 1570 2146 1643 subterlugerim,

568 1674 846 1738 postremo
867 1673 931 1719 ut
950 1673 1343 1736 persequentes
1379 1665 1430 1720 in
1464 1665 1624 1732 mari,
1658 1679 1720 1721 ac
1752 1666 1940 1720 saxis'
1964 1666 2151 1737 spicu-

2258 457 2417 513 lenta:
2459 458 2800 514 necessitatis
2844 461 3128 527 memoria,
3158 459 3243 514 vel
3282 455 3562 514 oblivione
3602 457 3830 525 defecit,

2256 551 2341 606 vel
2388 551 2544 606 viluit
2571 561 2867 607 vetustate.
2899 551 2964 606 Et
3005 567 3106 607 nos
3155 561 3433 622 perpetuat
3482 550 3841 608 recordatioai

2260 641 2536 699 haesurum
2565 654 2840 714 putamus,
2858 643 2998 715 quod
3023 643 3253 715 plurima
3276 643 3429 700 orbis
3454 655 3611 716 parte
3623 659 3830 714 secura,

2256 752 2426 793 unum
2477 738 2734 809 angulum
2785 736 2947 808 fugax
2992 739 3131 794 latro
3178 737 3401 793 violavit
3445 755 3458 793 :
3500 739 3659 810 quasi
3715 754 3837 795 vero

2260 828 2564 886 Gothorum
2591 839 2647 885 et
2667 829 2972 887 Suevorum
3002 844 3212 901 pacem,
3238 841 3297 885 ut
3335 844 3442 885 non
3480 829 3659 886 dicam
3691 846 3837 888 versa

2257 924 2378 980 vice
2425 923 2592 980 ludus
2645 933 2703 979 et
2751 922 3029 995 Assyrius,
3070 922 3170 978 sed
3222 921 3389 978 etiam
3428 922 3511 978 vel
3564 924 3703 993 ipse,
3758 924 3841 995 qui

2263 1015 2477 1072 hostem
2527 1015 2751 1085 patitur,
2798 1016 3074 1087 llispanus
3130 1015 3393 1074 oraverit.
3428 1021 3471 1053 ιι
3508 1014 3581 1072 At
3627 1031 3756 1071 vero
3802 1015 3843 1072 si

2256 1111 2346 1168 illa
2399 1109 2700 1167 Alexandri
2753 1119 3006 1182 tempora
3063 1110 3336 1166 laudanda
3384 1111 3568 1181 potius
3625 1118 3842 1181 prepter

2255 1203 2534 1269 virtutem,
2589 1217 2696 1273 qua
2746 1210 2893 1257 totus
2940 1202 3094 1259 orbis
3144 1204 3189 1235 ι’
3235 1203 3497 1259 obtentus
3543 1211 3653 1271 est,
3690 1218 3842 1273 quam

2255 1292 2573 1350 detestanda
2605 1301 2829 1364 propter
2858 1293 3100 1362 ruinam,
3129 1307 3238 1364 qua
3266 1302 3414 1349 totus
3447 1293 3601 1349 orbis
3627 1306 3842 1350 eversus

2257 1396 2361 1456 est,
2387 1387 2699 1459 iudicantur
2725 1407 2738 1442 :
2772 1388 3122 1444 invenientur
3147 1387 3192 1420 ¹³
3225 1398 3281 1444 et
3307 1386 3476 1444 modo
3504 1386 3844 1458 plurimi,qui

2258 1480 2375 1534 luce
2406 1478 2671 1535 laudanda
2694 1486 2975 1546 censeant,
3000 1477 3147 1549 quod
3171 1478 3339 1534 multa
3363 1477 3631 1547 vicerunt,
3664 1486 3720 1532 et
3745 1478 3842 1534 mi-

2257 1572 2431 1627 serias
2468 1572 2701 1628 aliorum
2747 1570 3062 1627 felicitatem
3109 1586 3262 1626 suam
3312 1580 3590 1643 reputent.
3632 1569 3744 1627 Sed
3768 1570 3845 1626 di-

2257 1675 2346 1722 cat
2384 1664 2429 1699 “
2452 1666 2781 1738 quisquam:
2836 1665 2931 1721 Isti
2953 1664 2999 1697 "
3024 1664 3210 1721 hostes
3248 1663 3527 1720 Romanis:
3563 1674 3715 1720 sunt.
3742 1663 3841 1719 Re-

563 1759 742 1830 lisque
789 1766 1128 1830 appetentes,
1176 1759 1428 1814 manibus
1464 1758 1624 1831 19a
1647 1758 1809 1814 etiam
1848 1774 1991 1829 pene
2032 1759 2143 1829 jam
2183 1776 2233 1838 Β
2258 1759 2647 1830 spondebitur:
2672 1759 2789 1815 Hoc
2826 1769 2879 1815 et
2916 1768 3046 1815 tunc
3077 1759 3174 1814 toti
3204 1757 3415 1814 Orienti
3444 1756 3515 1814 de
3539 1757 3841 1814 Alexandro

562 1850 1060 1923 apprehendentes,
1082 1850 1365 1921 repentina
1397 1852 1592 1907 nebula
1622 1851 1989 1908 circumfusus
2020 1868 2146 1909 eva-

562 1946 751 2011 serim,
786 1951 1017 1999 cunctos
1057 1943 1344 2000 audientes
1383 1959 1493 2012 me,
1526 1946 1578 2000 in
1606 1945 1880 2018 lacrymas
1907 1962 2151 2004 commo-

562 2040 681 2097 veri
721 2040 885 2097 velim
929 2050 988 2096 et
1030 2040 1229 2095 tacitus
1279 2039 1348 2096 de
1398 2054 1503 2096 non
1548 2040 1859 2098 dolentibus
1911 2042 2151 2110 doleam,

563 2141 823 2205 reputans
847 2131 1106 2188 duritiem
1130 2146 1342 2197 eorum,
1375 2132 1491 2204 qui,
1523 2132 1666 2205 quod
1687 2148 1793 2189 non
1821 2134 2151 2205 sustinuere,

562 2239 673 2280 non
716 2226 966 2281 credunt.
998 2224 1043 2255 ¹⁶
1075 2223 1346 2295 Hispanus
1370 2233 1425 2281 et
1459 2223 1702 2280 Marinus
1735 2224 1803 2282 ad
1830 2227 2152 2298 supplican-

560 2318 689 2374 dum
726 2317 1036 2375 Alexandro
1068 2317 1419 2391 Babyloniam
1457 2318 1616 2389 adiit,
1640 2328 2037 2391 cruentumque
2067 2319 2153 2376 ul-

562 2421 648 2467 tro
677 2410 979 2477 dominum,
1012 2426 1084 2466 ne
1132 2410 1346 2467 hostem
1392 2411 1691 2482 exciperet,
1724 2426 1824 2482 per
1868 2414 2149 2485 Assyriam

554 2506 875 2577 Indiamque
915 2504 1166 2577 quaesivit
1209 2522 1223 2561 :
1274 2513 1542 2561 terrarum
1584 2513 1759 2561 metas
1803 2500 2043 2562 lustrans
2089 2515 2146 2563 ct

2257 1850 2540 1906 videbatur
2569 1867 2584 1904 :
2612 1850 2856 1922 talesque
2875 1859 2930 1906 et
2961 1849 3191 1906 Romani
3221 1849 3342 1907 aliis
3369 1848 3471 1905 visi
3506 1850 3666 1922 195
3695 1860 3838 1915 sunt,

2256 1943 2384 1999 dum
2427 1942 2581 1998 bellis
2614 1942 2830 2014 quietos
2879 1943 3201 2013 ignotosque
3251 1942 3582 2013 petiverunt.
3625 1942 3735 1999 Sed
3771 1944 3840 1999 illi

2256 2035 2544 2107 acquirere
2566 2051 2753 2107 regna,
2772 2035 2860 2091 isti
2891 2045 3139 2092 evertere
3165 2033 3406 2091 student.
3432 2034 3698 2105 Separata
3720 2044 3840 2092 sunt

2257 2129 2431 2186 hostis
2460 2129 2694 2196 excidia,
2725 2137 2783 2185 et
2819 2128 3028 2199 judicia
3070 2129 3294 2186 victoris
3325 2146 3340 2185 :
3373 2129 3645 2202 siquidem
3681 2139 3733 2186 et
3766 2131 3839 2186 illi

2261 2222 2409 2293 prius
2431 2236 2527 2278 eos
2554 2221 2716 2278 bellis
2737 2221 3070 2292 afﬂixerunt,
3104 2237 3242 2295 quos
3274 2231 3462 2294 postea
3493 2224 3607 2279 suis
3631 2224 3836 2296 legibus

2259 2317 2581 2374 ordinarunt
2622 2334 2638 2372 :
2682 2324 2739 2373 et
2788 2314 2845 2371 hi
2889 2331 3034 2373 nunc
3066 2316 3111 2348 “'
3141 2316 3412 2373 hostiliter
3458 2317 3682 2374 turbant
3726 2333 3841 2389 qua:

2258 2410 2425 2485 (quod
2444 2426 2552 2467 non
2579 2409 2892 2481 permiserit
2909 2409 3076 2482 Deus)
3100 2411 3147 2467 si
3176 2410 3418 2466 edomita
3449 2412 3491 2443 ¹⁷
3513 2411 3841 2479 obtinerent,

2254 2507 2365 2563 ritu
2409 2519 2508 2562 suo
2558 2519 2892 2578 componere
2941 2504 3288 2576 molirentur,
3331 2505 3551 2563 dicendi
3607 2507 3835 2579 posteris

1855 2684 2307 2745 llAVERCAMPI
2340 2684 2573 2747 NOTE.

632 2826 686 2884 6.
714 2823 845 2884 Cum
873 2837 1122 2882 venenum
1143 2827 1390 2895 potasset,
1411 2820 1631 2895 interiit.
1660 2818 1906 2879 Justinus
1932 2831 1988 2878 et
2012 2821 2146 2895 Oro-

561 2901 676 2956 sius
717 2909 1014 2967 scquuntur
1036 2893 1154 2967 eos,
1184 2895 1274 2964 qui
1313 2893 1677 2967 Alexandrum
1711 2907 1921 2967 veneno
1948 2893 2142 2949 subla-

561 2982 673 3027 tum
716 2963 1075 3040 scripserunt.
1105 2963 1397 3040 Pluta_rcho
1438 2972 1495 3020 et
1518 2964 1752 3040 Arriano
1773 2964 1861 3040 hic
1884 2966 2137 3040 interitus

563 3058 671 3098 non
700 3033 896 3111 placet,
915 3040 1212 3112 quoslcge.
1241 3034 1405 3091 Fasn.
1428 3066 1500 3075 —
1520 3033 1807 3112 Venenum
1837 3034 2145 3112 Alesandro

562 3106 736 3170 fuisse
776 3106 959 3166 datum
1003 3109 1180 3166 fabula
1228 3117 1331 3172 est,
1373 3122 1532 3178 quam
1561 3106 1811 3163 nonnulli
1849 3108 2145 3178 scriptores

562 3183 713 3241 varie
740 3192 1094 3240 exornarunt.
1127 3177 1446 3234 Plutarchus
1476 3178 1530 3233 in
1558 3180 1716 3236 Alex.
1739 3194 1793 3249 p.
1813 3177 1916 3234 707
1944 3177 2145 3245 liquido

563 3237 1000 3318 iii—demonstrat,
1020 3265 1192 3322 neque
1215 3250 1325 3305 ulla
1341 3249 1409 3306 de
1430 3264 1641 3306 veneno
1666 3237 1904 3322 suspicio
1916 3237 2146 3322 exstitit,
2178 3237 2224 3301 C

565 3327 875 3396 priusquam
923 3324 1063 3378 hanc
1108 3320 1456 3396 calumnianr
1493 3323 1816 3396 excogitavit
1860 3320 2140 3396 O‘ympias

564 3387 758 3451 contra
780 3396 999 3450 domum
1032 3392 1387 3463 Antipatrict
1416 3387 1727 3459 Cassandri,
1759 3407 1899 3463 quos
1930 3387 2144 3463 mulie-

565 3467 647 3522 hri
679 3466 991 3533 impotentia
1021 3464 1232 3518 oderat.
1262 3461 1397 3517 Vide
1419 3477 1526 3533 non
1561 3479 1666 3516 uno
1699 3464 1750 3517 in
1779 3461 1913 3517 loco
1959 3462 2145 3517 Histo-

565 3538 700 3592 riam
723 3531 791 3591 dc
819 3535 937 3591 Vita
964 3533 1256 3590 Alexandri
1290 3548 1316 3585 a
1347 3531 1506 3586 nobis
1534 3543 1868 3588 contextam.

638 3611 690 3663 7.
725 3605 992 3662 Alternata
1020 3605 1333 3659 calamitate.
1365 3601 1505 3658 Cod.
1536 3604 1817 3667 Pcrizon.,
1843 3601 2149 3658 alternatim

566 3680 877 3734 calamitate.
910 3676 1098 3748 Lugd.
1138 3675 1286 3748 Ball.
1318 3683 1550 3746 quatuor
1591 3690 1715 3732 cum
1749 3675 1869 3732 Meo
1911 3685 1965 3731 et
2003 3674 2143 3729 Coll.

569 3752 833 3814 Gronov..
862 3747 1145 3803 alternanti
1173 3747 1488 3802 calanntate.

638 3823 692 3878 8.
724 3820 1038 3875 Ebfmtditas
1073 3819 1193 3874 sim.
1240 3817 1376 3872 Cod.
1430 3815 1671 3887 Longob.
1711 3825 1768 3872 et
1820 3815 1992 3888 Lugd.
2025 3816 2146 3872 Bat.

567 3901 775 3960 quart..
807 3892 1073 3946 blanditus
1093 3905 1227 3943 sum.
1253 3888 1370 3944 Non
1411 3896 1580 3960 muto.
1613 3903 1737 3943 nam
1782 3889 2036 3944 eblandiri
2067 3897 2150 3960 est

567 3957 846 4017 blanditiis
869 3963 1070 4016 elicere
1095 3969 1153 4016 et
1183 3961 1498 4030 impetrare.
1529 3958 1722 4030 Cicero
1752 3960 1818 4014 ad
1853 3962 2015 4014 Attic.
2050 3957 2144 4012 lib.

567 4034 669 4088 ult.
684 4049 773 4101 ep.
794 4033 858 4088 t9
880 4049 891 4084 :
915 4031 966 4085 Ν
975 4031 1194 4102 unc,_tni
1219 4028 1421 4100 cupito,
1453 4039 1540 4085 etc
1570 4073 1584 4097 ,
1618 4028 1852 4100 elabora,
1876 4030 1952 4085 rel
1978 4030 2149 4102 potius

565 4098 854 4166 eblandire,
884 4102 1055 4173 efﬁce,
1091 4098 1351 4173 Platonis,
1387 4107 1490 4155 etc.

639 4173 695 4231 9.
726 4169 1082 4244 Spiculisque.
1130 4170 1205 4225 Ita
1256 4184 1446 4244 omnes
1498 4183 1631 4244 mss.
1658 4177 1716 4244 et
1740 4169 1875 4244 _edd.
1918 4181 2145 4244 excepta

567 4240 798 4316 August.
846 4244 901 4300 in
967 4240 1073 4314 qua
1120 4243 1459 4316 speculisque.
1509 4242 1670 4309 Quasi
1720 4240 2147 4316 deinsidiis’cx

567 4310 1001 4389 speculasermo
1031 4310 1199 4378 esset,
1237 4311 1380 4381 quod
1419 4329 1523 4389 no_n
1564 4322 1720 4389 puto;
1762 4312 1928 4368 liabet
1958 4313 2148 4389 eadem

566 4384 655 4445 ed.
687 4388 979 4443 adnitentes
1010 4401 1108 4456 pro
1138 4393 1452 4456 appetentes.
1485 4384 1655 4453 Lugd.
1688 4385 1804 4438 Bat.
1846 4384 2151 4456 quartam!-

565 4459 768 4527 dentes,
801 4459 895 4514 sed
931 4454 1109 4528 priet
1131 4454 1253 4511 tert.
1292 4454 1465 4524 Lugd.
1500 4456 1642 4511 Batt.
1678 4455 1979 4528 cum__Coll.
2012 4455 2150 4528 Gro—

568 4547 696 4586 nov.
725 4525 1064 4586 attendentes.
1094 4527 1147 4582 lu
1174 4527 1236 4580 iis
1266 4543 1386 4598 qum
1412 4534 1714 4598 sequuntur
1748 4525 2038 4581 adluditad
2070 4526 2150 4581 fa-

565 4603 746 4658 bulam
796 4602 1138 4668 llomericam
1178 4599 1246 4653 de
1293 4597 1851 4665 1Enca,circumlusu
1900 4597 2147 4652 nebulaa

566 4675 672 4729 diis
697 4690 762 4728 ex
797 4673 1030 4727 hostium
1063 4670 1311 4725 manibus
1333 4679 1542 4737 erepto.

640 4747 730 4801 lO.
764 4742 1032 4817 llispanus
1067 4740 1365 4817 _Maurinus.
1403 4739 1458 4794 lu
1506 4739 1705 4817 nostris
1756 4738 2143 4817 antiqui-gest,

556 4813 839 4887 Hispanus
866 4808 915 4887 'et
953 4814 1208 4867 marinus.
1240 4810 1706 4887 Fann._--_Miror
1747 4825 1776 4865 a
1805 4808 2055 4887 _Fahricio
2094 4811 2145 4864 in

569 4880 702 4943 m~s.
728 4902 834 4942 non
867 4884 1139 4939 inventam
1185 4897 1369 4937 veram
1416 4881 1702 4936 lectionem
1736 4882 1821 4937 vel
1854 4882 1923 4936 ab
1949 4880 2144 4936 eodem

566 4958 922 5025 excogitatam
956 4955 1147 5025 fuisse.
1192 4951 1328 5025 Quid
1361 4952 1504 5025 enim
1559 4950 1829 5025 Hispanus
1872 4951 2149 5025 Maurum:

568 5029 653 5082 vel
678 5022 955 5082 Marinus?
977 5023 1214 5081 Omnino
1243 5022 1549 5095 legendum,
1576 5022 2033 5093 quemadmodum
2056 5037 2154 5076 cx-

566 5106 675 5152 stat
709 5099 762 5152 in
787 5097 875 5167 ed.
906 5101 1133 5167 August.
1159 5103 1212 5150 et
1232 5095 1289 5167 in
1304 5093 1450 5167 mss:
1470 5093 1641 5165 Lugd.
1674 5097 1816 5167 Batt.
1848 5104 2001 5165 pr.et
2021 5104 2144 5167 Ater-

570 5169 669 5235 tio,
701 5168 756 5223 in
786 5166 922 5235 Meo,
949 5164 1229 5232 Perizon.,
1254 5165 1390 5235 Coll.
1412 5164 1677 5235 Gronov.,
1710 5166 1883 5222 tribus
1911 5165 2146 5235 denique

568 5234 922 5305 Florentinis,
944 5237 1213 5308 Hispanus
1239 5245 1288 5291 et
1313 5234 1576 5308 Marinus,
1604 5238 1727 5294 licet
1749 5237 1994 5308 Longob.
2021 5234 2143 5291 cod.

567 5312 686 5369 sive
730 5309 884 5393 flor.
934 5307 1163 5393 primus,
1199 5310 1404 5393 scribat
1452 5307 1719 5393 illorenns.
1768 5307 1976 5393 .Mnrini
2022 5316 2149 5393 apte

567 5399 692 5439 cum
730 5377 987 5451 llispanis
1012 5378 1437 5451 coniunguntur,
1470 5380 1681 5451 longius
1708 5383 1872 5437 etiam
1923 5380 1989 5451 ab
2018 5377 2148 5433 Asia

566 5454 764 5518 dissiti,
808 5450 899 5524 qui
951 5450 1170 5524 ext_r_emi
1222 5450 1489 5505 hominum
1544 5450 1768 5524 Virgilio
1808 5450 2149 5523 appellantur

564 5526 662 5584 lib.
693 5521 958 5590 JEnIvttt,
986 5521 1089 5577 727
1115 5536 1129 5576 :

624 5625 950 5692 Extremique
972 5623 1225 5677 hominum
1249 5621 1424 5675 Morini
1450 5621 1526 5674 Bb
1539 5635 1765 5688 enusque
1788 5623 2022 5677 bicornis.

560 5731 645 5801 ad
670 5731 855 5794 Celtas
883 5731 1015 5795 olim
1056 5729 1113 5793 hi
1138 5730 1510 5811 pertinebant,
1541 5727 1725 5798 Celtas
1741 5746 1875 5794 vero
1900 5732 2044 5795 inter
2069 5732 2148 5795 le-

2252 2832 2407 2894 gatos
2436 2838 2652 2898 quoque
2689 2838 2756 2881 eo
2787 2830 3038 2896 tempore
3081 2823 3229 2882 visos
3270 2822 3438 2883 fuisse
3469 2824 3674 2898 antiqui
3713 2826 3848 2885 scri-

2251 2894 2769 2970 ptoresiat‘firmant,
2800 2894 2964 2970 prout
2988 2898 3169 2967 colligi
3204 2907 3379 2967 potest
3409 2913 3478 2956 ex
3508 2894 3752 2970 Arriani,
3786 2917 3848 2956 eo

2252 2982 2412 3042 quem
2450 2966 2845 3042 indicavimus,
2882 2968 3028 3023 loco.
3065 2966 3262 3042 _Quare
3295 2971 3471 3042 etiam
3518 2966 3845 3042 legationem

2252 3035 2616 3112 Hispanorum
2646 3048 2700 3112 et
2728 3038 3030 3112 Gallorum,
3063 3040 3114 3094 id
3152 3050 3235 3095 est
3273 3035 3599 3106 Celtarum:
3621 3043 3847 3112 conjun-

2251 3110 2329 3179 git
2370 3111 2489 3178 ipse
2536 3109 2769 3183 Orosius
2823 3109 2921 3166 lib.
2967 3126 3044 3179 vr,
3072 3126 3124 3167 c.
3163 3112 3259 3180 2|,
3292 3122 3354 3167 ut
3383 3120 3535 3183 patet
3566 3128 3637 3170 ex
3664 3109 3846 3170 verbis

2257 3194 2419 3249 supra
2455 3198 2511 3235 n.
2533 3180 2569 3236 5
2599 3180 2801 3235 allatis.

2327 3251 2417 3306 ll.
2449 3251 2517 3306 At
2543 3266 2662 3307 vero
2712 3251 2755 3306 si
2789 3251 2907 3306 illa.
2949 3251 3256 3310 Florentini
3296 3260 3433 3322 tres,
3463 3253 3585 3313 Meo
3615 3270 3845 3313 consen-

2251 3320 2443 3391 tiente,
2476 3322 2542 3377 At
2577 3338 2696 3377 vero
2733 3323 2780 3376 si
2819 3324 2951 3378 ulta.

2324 3392 2411 3447 12.
2443 3392 2697 3449 Obtentus
2723 3402 2820 3449 est.
2839 3394 2988 3450 Meus
3015 3393 3141 3451 cod.
3162 3410 3286 3451 cum
3319 3395 3573 3452 Perizon.
3601 3406 3659 3453 et
3676 3399 3843 3454 tribus

2251 3463 2423 3532 Lugd.
2449 3466 2596 3547 llatt.
2628 3472 2705 3520 est
2736 3464 2838 3521 hoc
2869 3464 2924 3521 in
2950 3465 3072 3523 loco
3097 3466 3265 3536 delet,
3280 3467 3406 3539 quia
3436 3470 3620 3525 statim
3650 3469 3841 3526 iterum

2249 3545 2510 3592 OCCOI'I‘H.

2324 3605 2506 3679 15.1%
2549 3605 2704 3660 modo
2729 3605 2978 3679 plurimi.
3030 3606 3277 3674 Quatuor
3327 3609 3502 3679 Lugd.
3545 3610 3835 3667 Balneum

2249 3675 2600 3734 Col.Gr0ttov
2634 3719 2650 3743 ,
2668 3677 2948 3732 admodum
2964 3679 3195 3747 plurimi.
3224 3680 3332 3736 Sed
3355 3675 3574 3749 prtnsul
3603 3687 3839 3748 vu'gata,

2250 3749 2372 3823 quia
2397 3751 2698 3819 praecessit,
2731 3748 2777 3802 si
2802 3749 2896 3823 illa
2919 3749 3211 3823 Alexandri
3236 3761 3505 3823 tempora,
3527 3763 3640 3808 etc.
3688 3753 3828 3807 Eulit.

2254 3821 2481 3894 August.
2512 3829 2798 3894 utramque
2844 3821 3135 3878 lectionem
3161 3821 3387 3879 exhibet
3424 3825 3520 3894 ita,
3562 3824 3841 3878 admodum

2249 3888 2329 3944 vel
2363 3891 2516 3945 modo
2543 3888 2775 3960 plurimi.

2328 3961 2413 4017 14.
2449 3961 2756 4031 Quisquam.
2790 3960 2867 4017 Ita
2903 3975 3093 4019 omnes
3125 3978 3295 4023 mss.:
3324 3964 3422 4022 sed
3454 3965 3681 4039 vulgati,
3706 3968 3842 4040 quis-

2250 4048 2426 4102 quam.

2326 4104 2415 4158 15.
2454 4102 2648 4178 Hostes
2681 4104 2951 4178 Romanite
2977 4114 3134 4178 sunt._
3155 4105 3387 4178 Scripsit
3417 4107 3506 4164 hic
3535 4106 3835 4175 Fabricius,

2255 4173 2506 4248 Romanis
2554 4184 2709 4248 sunt,
2753 4177 2997 4248 territus,
3046 4173 3648 4248 opinor,'absurditate
3697 4173 3841 4235 vocis

2255 4244 2673 4319 [fontanimSt-d
2717 4262 2838 4319 cum
2883 4244 3097 4304 (Ιοιοη.⁷
3141 4244 3282 4304 liber
3333 4250 3415 4305 sic
3464 4251 3683 4319 habeat,
3733 4268 3836 4307 non

2253 4317 2460 4390 veritus
2480 4332 2597 4372 sum
2618 4332 2713 4386 pro
2742 4318 3007 4390 Orosiano
3026 4334 3356 4390 agnoscere;
3388 4317 3689 4390 prmsertim
3710 4339 3829 4377 cum

2255 4386 2350 4442 lib.
2377 4391 2635 4467 vitetiani
2661 4390 2740 4443 sic
2765 4389 3017 4467 loqqatur
3050 4386 3349 4467 {Essetque
3370 4386 3422 4467 ιέι
3451 4393 3737 4467 uulgariter
3765 4394 3841 4448 to-

2252 4474 2409 4535 guar,
2447 4456 2662 4525 Gothia,
2692 4456 3115 4535 quotl'Romania
3146 4456 3348 4535 fuisset.
3373 4456 3839 4535 [mnf—Optime

2254 4529 2500 4601 Lautius,
2531 4529 2760 4601 eamque
2793 4530 3085 4593 lectionem
3136 4529 3462 4591 confirmant
3517 4544 3629 4592 tres
3676 4529 3835 4590 Z-odd.

2174 4622 2229 4684 Ι)
2255 4600 2933 4684 lt‘loren‘tinihquosinter
2975 4613 3061 4658 est
3087 4604 3324 4684 Optimus
3351 4617 3407 4662 et
3436 4607 3834 4663 vetustissimus

2253 4670 2679 4745 Lnttgobardicis
2707 4673 2904 4729 litteris
2926 4670 3293 4745 conscriptus.

2325 4744 2413 4819 16.
2456 4741 2730 4819 Ifos‘tiliter
2770 4744 3018 4819 turbant,
3069 4741 3184 4819 qua:
3212 4746 3384 4819 (quod
3420 4763 3527 4819 _non
3557 4749 3841 4817 permiserit

2253 4811 2421 4884 Deus)
2448 4813 2492 4866 si
2512 4812 2734 4869 edomita
2754 4815 3057 4870 obtinerent.
3084 4816 3158 4871 Ita
3181 4811 3509 4873 oinuinohic
3528 4811 3686 4876 locus
3706 4823 3840 4874 Oro-

2250 4884 2315 4938 sii
2344 4884 2601 4959 legendus
2631 4895 2793 4959 atque
2832 4886 3301 4959 interpungendus
3334 4898 3438 4945 est.
3493 4889 3837 4947 Intruserunt

2248 4953 2657 5030 regnalquidam
2686 4957 2738 5011 in
2770 4972 2902 5012 mss.
2934 4953 2991 5011 et
3019 4953 3181 5013 editis
3209 4958 3478 5030 legentes,
3510 4961 3721 5016 turbant
3749 4979 3832 5017 τεο

2250 5025 2373 5103 ρέα.
2413 5025 2618 5103 Verum
2665 5042 2844 5103 neque
2887 5040 3119 5103 vetusta:
3163 5025 3666 5103 editiones,'neque
3695 5048 3827 5087 mss.

2250 5086 2555 5175 Florentini
2580 5106 2714 5175 tres,
2742 5086 2915 5164 Meus,
2938 5099 3189 5175 Perizon.
3220 5111 3278 5157 et
3295 5086 3469 5174 Lugd.
3500 5086 3618 5163 Bai.

2247 5167 2553 5245 cum_C0ll_.
2600 5168 2854 5245 Gronov._
2890 5184 3078 5245 vocem
3133 5172 3292 5245 istam
3340 5167 3825 5245 agnoscunt.'Dein

2250 5255 2350 5309 pro
2379 5239 2540 5310 (quod
2566 5257 2673 5315 non,
2690 5240 3315 5315 pert_ttiseritADeus)_qu:e
3346 5239 3511 5299 vcrba
3544 5246 3825 5315 parenthe-

2250 5324 2373 5365 scos
2397 5319 2525 5365 nota
2553 5311 2808 5381 distingui
2840 5327 2867 5365 a
2901 5311 3380 5383 reliquis'debent,
3412 5311 3617 5383 legunt,
3645 5317 3696 5369 in
3725 5330 3822 5383 quo

2252 5330 2373 5365 sees
2398 5330 2525 5365 nuta
2553 5330 2808 5381 atsungut
2840 5330 2867 5365 a
2901 5330 3129 5383 reuquts
3154 5330 3380 5380 acuent,
3412 5330 3427 5370 ι
3501 5330 3617 5382 ιιιιι,
3645 5333 3696 5369 m
3725 5330 3822 5383 quo

2252 5396 2357 5435 non
2383 5422 2401 5450 ,
2441 5391 2558 5458 _etc.
2587 5424 2603 5449 ,
2654 5384 2899 5458 plerique
2933 5397 3080 5458 _ms_s_.
3133 5385 3388 5458 videlicet
3432 5330 3608 5458 ﬁt)".
3661 5403 3738 5458 pr.
3766 5392 3824 5458 et

2254 5463 2380 5528 ιρι-ι.
2433 5452 2591 5528 (nam,
2630 5452 2742 5528 sec.
2779 5452 2978 5528 delet).
3025 5454 3200 5524 Meus,
3251 5457 3453 5528 Periz.,
3501 5452 3819 5521 Ultr..'Coll.

2255 5522 2498 5599 Gronov.
2526 5565 2543 5591 ,
2576 5524 2742 5594 Lugd.
2775 5524 2894 5580 Bat.
2924 5522 3036 5599 μη,
3070 5522 3222 5599 tert.,
3251 5522 3459 5597 quam,
3491 5546 3615 5585 nam
3644 5529 3694 5584 in
3738 5542 3820 5599 pr.

2257 5594 2595 5671 desideratur
2643 5611 2749 5651 una
2798 5594 3040 5667 pagella,
3088 5594 3332 5671 adeoque
3364 5594 3497 5658 mss.
3528 5594 3822 5671 omnes,'ut

2254 5675 2311 5725 et
2335 5666 2428 5722 ed.
2460 5666 2772 5736 Augustana
2798 5666 2813 5723 ὲ
2841 5681 3032 5723 omnes
3060 5666 3275 5728 vitiose.

2330 5738 2416 5798 l7.
2462 5737 2779 5799 Obtinerent.
2813 5737 2915 5801 Ed.
2948 5738 3087 5817 Aug.
3122 5740 3470 5813 Obtinuerint,
