4088 6170
253 191 350 249 8H

1262 197 1738 264 HISTORIARUM
1779 199 1985 264 LIBER
2023 204 2112 266 IlI.
2152 209 2306 267 CAP.
2349 210 2516 269 XXII.

3431 218 3540 280 842

256 306 438 406 magni
465 320 651 406 reges,
677 309 769 406 qui
798 322 945 406 nunc
971 310 1016 346 ¹⁸
1043 312 1199 372 nobis
1222 316 1508 374 saevissimi
1543 317 1728 375 hostes
1747 319 1841 376 ad-
1867 327 1918 386 Α
1947 326 2120 395 partis
2167 334 2408 398 stragem
2457 325 2676 384 tandem
2725 327 2870 386 vicit.
2921 330 3000 388 Eo
3028 332 3223 404 praelio
3249 335 3270 365 ⁸
3299 340 3536 406 quadra-

239 400 580 471 judicantur.
616 403 660 436 ¹⁹
703 403 959 470 Quolibet
1000 417 1181 464 autem
1229 420 1384 481 gesta
1434 411 1564 467 talia
1615 413 1840 470 nomine

245 504 595 562 censeantur,
627 496 730 552 hoc
753 505 860 565 est,
886 499 1002 555 sive
1023 499 1279 557 dicantur
1305 503 1562 569 miseriae,
1587 506 1701 560 sive
1723 504 1839 560 vir-

245 596 418 659 tutes,
462 597 692 660 utraque
733 591 1010 660 prioribus
1051 604 1364 665 comparata
1394 595 1440 630 ²⁰
1472 597 1526 652 in
1564 596 1672 653 hoc
1703 607 1841 653 tem-

250 695 383 752 pore
426 682 639 739 minora
675 693 806 740 sunt
839 703 851 737 :
879 685 922 717 “
950 695 1116 757 atque
1164 688 1238 744 ita
1281 698 1512 761 utraque
1555 705 1654 762 pro
1681 692 1841 748 nobis

247 776 451 833 faciunt
471 778 526 833 in
557 779 969 849 comparatione
990 781 1292 839 Alexandri
1319 792 1484 856 atque
1502 784 1790 841 Persarum
1819 803 1836 841 ς

245 869 290 925 si
316 869 489 927 virtus
535 885 683 928 nunc
728 873 975 931 vocanda
1001 882 1106 943 est,
1147 875 1329 934 minor
1356 885 1442 934 cst
1479 877 1715 935 hostium
1746 895 1762 943 ;
1791 879 1839 936 si

245 961 488 1033 miseria,
517 964 699 1020 minor
727 974 812 1022 est
841 965 1239 1026 Romanorum.

742 1102 900 1174 196
923 1102 1156 1162 CAPUT
1193 1104 1341 1162 XXI.

242 1216 602 1287 Etruscorum,
631 1220 968 1288 Umbrorum,
998 1221 1324 1278 Samnitium
1348 1232 1397 1279 et
1423 1222 1696 1280 Gallorum
1717 1241 1843 1280 con-

539 1301 620 1348 tra
649 1294 911 1349 Romanos
940 1295 1236 1365 conjuratio
1267 1303 1314 1350 et
1342 1296 1540 1351 clades.

258 1429 271 1443 ’
316 1448 331 1478 ¹
377 1447 536 1504 Anno
562 1448 631 1504 ab
662 1447 806 1506 Urbe
830 1448 1052 1506 condita
1082 1462 1279 1516 CCCCL,
1307 1449 1478 1506 Fabio
1515 1450 1755 1506 Maximo
1785 1464 1842 1517 v,

253 1538 418 1596 Decio
443 1538 596 1597 Mure
620 1555 676 1597 tv
700 1540 1039 1607 consulibus,
1072 1553 1307 1612 quatuor
1331 1542 1618 1599 fortissimi
1642 1543 1846 1598 ﬂoren-

253 1629 562 1702 tissimique
602 1631 778 1686 Italia:
819 1632 1012 1704 populi
1043 1632 1096 1686 in
1139 1647 1307 1686 unum
1339 1647 1532 1704 agmen
1557 1632 1846 1703 fmdusque

1941 417 2090 486 ginta
2119 415 2295 471 millia
2324 416 2650 472 Samnitium
2682 418 2798 474 sive
2828 419 3108 476 Gallorum
3137 437 3300 489 caesa,
3330 424 3537 482 Roma-

1942 522 2140 563 norum
2188 523 2320 565 vero
2367 516 2574 580 septem
2623 511 2790 567 millia
2818 555 2832 580 ,
2881 527 2949 568 ex
2979 513 3126 570 Decii
3157 519 3536 576 tantummodo

1941 611 2123 674 parte,
2152 603 2243 673 qui
2272 604 2490 660 occisus
2519 613 2630 673 est,
2659 607 2935 662 exstincta
2967 608 3298 666 referuntur.
3344 613 3536 670 Fuisse

1942 705 2122 751 autem
2153 696 2521 768 absque197
2553 697 2798 754 Etruscis
2823 709 2878 756 et
2912 700 3165 771 Umbris,
3200 719 3335 774 quos
3362 707 3384 738 '
3411 715 3536 764 astu

1942 785 2174 842 Romani
2219 787 2368 844 bello
2388 800 2753 846 avocaverunt
2774 834 2788 858 ,
2834 791 3109 849 Gallorum
3133 806 3187 851 et
3210 797 3536 855 Samnitium

1945 877 1989 909 ²⁰
2019 878 2258 949 peditum
2289 887 2511 936 centum
2535 881 2892 954 quadraginta
2913 885 3080 940 millia
3111 891 3335 944 trecenti
3358 899 3412 946 et
3443 893 3539 948 tri-

1942 969 2116 1040 ginta,
2149 970 2393 1041 equitum
2419 988 2555 1030 vero
2579 975 2938 1046 quadraginta
2969 987 3204 1048 quatuor
3231 981 3420 1052 millia,
3446 985 3539 1041 Li-

1943 1063 2064 1119 vius
2099 1061 2311 1120 refert:
2360 1072 2416 1121 et
2458 1067 2836 1136 carpentarios
2881 1069 3034 1125 mille
3070 1071 3124 1126 in
3151 1073 3318 1129 armis
3347 1086 3542 1133 contra

1945 1155 2118 1212 aciem
2145 1155 2368 1213 stetisse
2393 1155 2720 1214 Romanam.
2751 1159 2857 1217 Sed
2876 1202 2890 1228 ,
2921 1170 2983 1216 ut
3020 1176 3168 1234 saepe
3194 1164 3397 1223 dictum
3430 1179 3534 1238 εει,

1945 1260 2170 1316 semper
2217 1246 2594 1304 Romanorum
2642 1257 2735 1306 aut
2779 1250 3134 1309 domesticam
3173 1256 3411 1326 quietem
3441 1275 3539 1316 ex-

1948 1341 2156 1396 traneis
2183 1340 2346 1398 hellis
2379 1342 2799 1412 interpellatam,
2836 1345 2876 1376 ¹¹
2910 1353 3001 1401 aut
3025 1357 3283 1406 externos
3304 1366 3542 1422 proven-

1948 1440 2035 1488 tus
2083 1431 2291 1488 morbis
2355 1432 2708 1490 interioribus
2769 1445 3130 1508 aggravatos,
3184 1449 3432 1514 tantum,
3483 1453 3546 1500 ut

1951 1524 1994 1555 “
2023 1524 2353 1580 omnimodis
2397 1525 2648 1596 ingentes
2693 1528 2862 1583 animi
2891 1529 3271 1602 undecumque
3314 1551 3537 1605 preme-

1949 1625 2162 1683 rentur,
2189 1615 2233 1648 “
2264 1615 2407 1673 hanc
2444 1627 2725 1674 cruentam
2772 1621 3098 1694 tristemque
3127 1626 3417 1684 victoriam
3447 1645 3542 1700 pe-

246 1721 516 1778 εοεθτηηι,
581 1721 828 1792 Namque
885 1723 1145 1792 Etrusci,
1193 1723 1421 1793 Umbri,
1472 1724 1750 1781 Samnites
1791 1731 1848 1780 ει
1874 1719 1922 1780 Β
1951 1707 2192 1765 stilentia
2236 1709 2470 1766 civitatis
2515 1713 2805 1780 oneravit,
2851 1723 2908 1770 et
2938 1717 3295 1788 triumphales
3317 1728 3544 1793 pompas

250 1812 437 1881 Galli,
473 1827 586 1869 uno
636 1815 853 1885 agmine
882 1815 1265 1885 conSpirantes
1287 1855 1305 1883 ,
1336 1815 1615 1871 Romanos
1657 1815 1844 1872 delere

246 1909 616 1962 conati-sunt.
643 1904 972 1962 Tremel’acti
994 1906 1099 1962 hoc
1134 1905 1284 1962 bello
1308 1907 1681 1962 Romanorum
1725 1906 1846 1961 aui-

241 1995 367 2064 mi,
399 1997 420 2027 ²
450 2006 505 2052 ει
553 1996 878 2052 labefactata
919 1997 1115 2053 ﬁducia
1154 2006 1276 2053 est:
1320 2013 1424 2053 nec
1468 1999 1588 2054 ausi
1617 1997 1638 2029 ³
1667 2007 1840 2056 totum

247 2101 478 2158 sperare
521 2087 591 2143 de
642 2087 872 2156 viribus,
906 2087 929 2119 ⁸
972 2088 1100 2144 dolo
1145 2089 1384 2146 divisere
1428 2091 1639 2161 hostes,
1670 2092 1843 2149 tutius

247 2181 354 2236 rati
385 2179 633 2252 pluribus
658 2195 720 2237 se
753 2181 913 2238 bellis
939 2181 1223 2254 implicare
1240 2197 1404 2254 quam
1425 2183 1703 2254 gravibus.
1737 2184 1844 2240 Ita-

246 2290 353 2346 que
381 2289 506 2331 cum
535 2315 552 2342 ,
593 2273 918 2346 quibusdam
966 2276 1081 2331 suis
1121 2275 1188 2332 ad
1238 2276 1579 2348 populandos
1612 2275 1843 2335 hostiles

247 2381 409 2439 agros
430 2411 446 2437 ,
478 2367 532 2422 in
559 2366 839 2423 Umbriam
872 2367 1258 2438 Etruriamque
1307 2369 1638 2440 praemissis,
1668 2370 1689 2402 ⁵
1718 2368 1846 2426 Um-

246 2459 472 2516 brorum
508 2459 978 2531 Etruscorumque
1013 2461 1315 2518 exercitum
1359 2461 1540 2518 redire
1566 2461 1633 2517 ad
1665 2461 1845 2518 tuitio-

244 2565 374 2608 nem
403 2565 626 2608 suorum
667 2552 1022 2624 coegissent,
1075 2569 1200 2609 cum
1227 2553 1561 2610 Samnitibus
1587 2562 1643 2610 et
1669 2553 1846 2611 Gallis

245 2646 269 2680 ⁸
291 2645 493 2702 bellum
523 2644 663 2701 inire
704 2652 1023 2715 pronerant.
1075 2645 1134 2701 In
1172 2661 1281 2717 quo
1321 2646 1465 2702 bello
1494 2662 1617 2702 cum
1649 2645 1837 2703 Gallo-

243 2754 367 2796 rum
413 2737 618 2810 impetu
656 2737 891 2794 Romani
935 2747 1339 2809 premerentur,
1372 2741 1392 2770 ⁷
1425 2738 1622 2796 Decius
1644 2738 1840 2796 consul

243 2830 462 2890 occisus
509 2838 616 2888 est.
675 2829 878 2888 Fabius
928 2837 1111 2888 tamen
1155 2840 1280 2902 post
1311 2846 1561 2903 magnam
1587 2831 1838 2887 Deciana:

1946 1802 2120 1858 obvia:
2173 1812 2522 1859 mortuorum
2565 1805 2841 1876 exsequis:
2885 1808 3218 1878 polluerunt.
3281 1811 3394 1870 Nec
3423 1825 3543 1871 erat

1946 1894 2032 1952 cui
2079 1894 2149 1951 de
2192 1896 2474 1968 triumpho
2500 1897 2543 1930 “
2568 1897 2824 1968 gaudium
2869 1901 3214 1972 suaderetur,
3262 1920 3394 1964 cum
3433 1915 3547 1964 tota

1946 1989 2137 2046 civitas
2166 1996 2261 2045 aut
2285 1988 2446 2060 aegris
2473 1991 2798 2062 suspiraret,
2826 2001 2923 2048 aut
2948 1995 3204 2055 mortuis.

2521 2124 2750 2184 CAPUT
2792 2126 2961 2187 XXII.

1947 2237 2170 2293 Romani
2207 2253 2240 2290 a
2267 2235 2592 2292 Samnitibus
2619 2237 2739 2292 victi
2767 2239 2976 2294 eosdem
3015 2241 3223 2299 uincant
3244 2262 3264 2299 :
3293 2247 3546 2304 intolera.

2017 2309 2135 2362 bilis
2167 2307 2426 2362 Romanos
2459 2309 2747 2380 pestilentia
2771 2310 2984 2380 afﬂigit.
3031 2311 3256 2369 Rursum
3289 2317 3550 2375 Samnites

2017 2387 2284 2502 surerant,
2307 2386 2356 2432 et
2377 2377 2588 2432 cadunt.
2609 2377 2800 2433 Curius
2827 2377 3010 2435 consul
3038 2382 3226 2440 bellum
3247 2387 3298 2440 in
3326 2388 3551 2445 Sabinos

2023 2452 2072 2502 fe
2095 2449 2240 2502 iciter
2268 2449 2423 2502 aerit.
2454 2449 2680 2502 Romani
2708 2467 2742 2502 a
2769 2448 2939 2502 Gallis
2961 2454 3218 2502 saciisaue
3255 2473 3431 2502 eorum
3460 2462 3551 2502 rm.

2021 2448 2240 2532 {eliciter
2267 2449 2423 2532 gerit.
2454 2449 2680 2532 Romani
2708 2467 2742 2505 a
2769 2448 2939 2508 Gallis
2961 2454 3218 2526 sociisque
3255 2473 3431 2515 eorum
3456 2462 3551 2532 [oz-

2019 2520 2142 2575 dam
2164 2520 2362 2576 cladem
2383 2520 2666 2590 accipiunt.

2022 2635 2039 2666 ³
2061 2633 2318 2706 Sequitur
2333 2648 2528 2704 annus,
2554 2648 2661 2706 quo
2684 2633 2936 2706 Romani,
2959 2638 3261 2699 instaurate
3285 2660 3314 2699 a
3337 2642 3552 2703 Samni-

1948 2727 2092 2785 tibus
2107 2726 2273 2795 hello,
2292 2726 2418 2783 victi
2439 2736 2584 2796 sunt,
2604 2738 2765 2800 atque
2781 2729 2836 2785 in
2865 2740 3044 2789 castra
3062 2733 3334 2807 fugerunt.
3352 2739 3549 2798 Postea

1947 2836 2079 2878 vero
2109 2820 2382 2878 Samnites
2406 2822 2428 2854 ³
2460 2836 2658 2879 novum
2699 2823 2862 2896 198
2890 2824 3161 2898 habitum,
3194 2832 3548 2908 animumque

1537 2963 1992 3023 HAVERCAMPI
2030 2960 2264 3018 NOTIE.

317 3082 411 3138 18.
451 3079 647 3154 Nobis.
692 3076 867 3152 Lugd.
918 3079 1039 3136 Bat.
1091 3087 1219 3137 tert.
1254 3085 1313 3136 et
1339 3086 1518 3151 quart.
1552 3094 1677 3137 cum
1703 3077 1842 3136 Coll.
1875 3077 1922 3141 C
1953 3089 2072 3131 rum
2101 3072 2360 3154 incitasse
2387 3070 2580 3154 Cicero
2610 3072 2664 3154 in
2694 3069 2904 3154 Catone
2948 3075 3044 3142 ait,
3073 3077 3243 3154 Filius
3267 3082 3410 3154 enim
3443 3100 3543 3154 pa.

247 3160 441 3220 Gron.,
472 3169 505 3206 a
528 3152 696 3207 nobis.

319 3226 412 3279 19.
455 3223 706 3295 Quolibet
730 3221 837 3277 lucc
871 3231 1037 3295 gesta.
1092 3221 1168 3278 Ita
1220 3222 1442 3295 reposui
1492 3237 1558 3278 ex
1589 3220 1844 3295 Florent.

243 3296 447 3363 tribus,
475 3294 648 3363 Lugd.
679 3293 823 3349 Batt.
856 3293 1084 3349 totidem
1105 3302 1163 3348 et
1193 3294 1419 3364 reliquis
1452 3293 1707 3349 omnibus
1725 3301 1847 3364 ,ιιι

243 3377 300 3422 et
326 3374 463 3421 vett.
493 3364 619 3438 edd.
654 3378 758 3435 pro
787 3365 1030 3438 vulgato,
1059 3364 1284 3438 quolibet
1313 3363 1483 3420 autem
1508 3373 1672 3438 gesta.
1723 3363 1845 3418 Mox

245 3438 342 3493 tali
370 3450 474 3505 pro
498 3435 626 3492 talia
650 3450 791 3490 unus
818 3445 872 3490 et
902 3435 1044 3490 alter
1072 3450 1141 3490 ex
1170 3435 1385 3490 iisdem.

321 3503 419 3563 20.
461 3505 527 3560 In
577 3507 675 3561 hoc
714 3515 962 3575 tempore.
1017 3505 1274 3561 Perizon.
1314 3515 1373 3561 et
1398 3513 1534 3562 velt.
1562 3503 1715 3571 edd.,
1750 3504 1848 3558 hoc

250 3589 500 3660 tempore.
580 3575 690 3633 Sed
735 3575 964 3632 Orosius
1007 3575 1146 3632 illud
1190 3577 1245 3631 in
1287 3577 1485 3648 saepius
1529 3575 1850 3632 interseruit

241 3659 482 3706 orationi
511 3662 644 3703 sure.

316 3721 382 3775 2t
401 3757 416 3773 .
458 3719 710 3801 Atqucita
728 3729 966 3801 utraque.
1000 3716 1244 3801 Sic.mss.
1270 3732 1482 3801 omnes.
1512 3717 1652 3801 Edd.
1681 3725 1846 3801 νειμ,

244 3802 403 3864 atque
433 3788 706 3861 pro'nobis
736 3791 810 3864 ita
832 3788 1052 3864 utraque
1081 3791 1302 3864 faciunt.
1342 3789 1574 3864 Aug.._et
1594 3791 1678 3864 ita
1705 3798 1848 3842 utra-

242 3858 345 3932 que
373 3858 516 3934 pﬁn.
551 3865 618 3934 f._,
643 3875 764 3928 qua:
797 3858 985 3931 inepte
1016 3858 1089 3916 in,
1126 3861 1232 3916 line
1269 3875 1394 3932 cap.
1425 3861 1555 3931 legit
1584 3858 1848 3914 Romano-

239 3931 363 3988 rum
375 3931 560 4004 'quam’
573 3931 852 3985 Persarum
862 3971 874 3984 .
1409 4003 1421 4013 .
1799 3999 1811 4011 .

315 4003 451 4059 CAP.
477 4001 622 4058 XXI.
652 4032 722 4042 --
753 4003 804 4059 ‘l.
841 4001 988 4056 Anno
1011 4001 1073 4056 ab
1103 4001 1240 4058 Urbe
1267 4002 1475 4056 condita
1506 4015 1692 4057 CCCCL.
1749 3998 1848 4054 llic

242 4090 430 4130 annus
471 4089 579 4142 quo
623 4073 725 4140 Qu.
776 4072 976 4127 Fabius
1021 4071 1286 4128 Maximus
1323 4073 1615 4142 Rullianus
1639 4087 1670 4122 v
1698 4079 1756 4142 et
1781 4070 1843 4142 Ρ.

248 4147 454 4201 Decius
483 4141 598 4200 Mus
629 4160 681 4199 tv
710 4143 968 4199 consules
995 4142 1212 4198 fuerunt
1239 4186 1254 4212 ,
1291 4147 1340 4198 in
1373 4141 1550 4197 Fastis
1580 4141 1847 4210 Capitoli-

252 4215 344 4272 nis
392 4223 481 4270 est
520 4215 587 4270 ab
635 4213 704 4271 U.
737 4229 788 4269 c.
837 4227 1057 4269 anvtu.
1094 4214 1247 4269 Livio
1295 4213 1439 4269 idem
1471 4223 1577 4283 est,
1608 4227 1847 4270 CCCCLvu

256 4288 353 4358 qui
386 4287 483 4358 lib.
514 4303 548 4358 χ
580 4287 682 4358 hoc
711 4284 1422 4358 bellumdescribittFaan.

322 4359 381 4413 2.
422 4357 492 4411 Et
514 4357 831 4426 labefactata
859 4355 1055 4426 ﬁducia
1077 4364 1173 4411 est.
1207 4356 1348 4412 Coll.
1381 4356 1644 4426 Gron0v.,
1681 4363 1729 4408 et
1768 4354 1848 4408 la-

1953 3156 2090 3222 trem
2117 3143 2380 3222 imitatus.
2402 3144 2467 3222 in
2490 3153 2683 3222 quarto
2709 3147 2996 3222 consulatu
3023 3161 3085 3203 se
3112 3151 3364 3222 devovit,
3402 3143 3546 3211 libro

1951 3231 1996 3291 ll
2023 3215 2090 3270 de
2119 3213 2363 3291 Finibus.
2395 3213 2550 3291 Quod
2588 3230 2718 3291 vero
2743 3215 2897 3291 idem
2931 3217 3096 3274 Tusc.
3126 3236 3143 3274 ι
3169 3213 3392 3291 scribit,
3437 3226 3546 3281 De-

1949 3289 2088 3341 cium
2116 3284 2287 3355 ﬁlium
2312 3300 2428 3338 cum
2459 3282 2696 3340 Etruscis
2717 3287 3060 3343 decertantem
3086 3307 3142 3345 se
3169 3282 3398 3349 hostium
3421 3300 3534 3352 telis

1950 3358 2237 3430 objecisse.
2287 3355 2342 3430 in
2379 3370 2446 3410 eo
2471 3356 2827 3430 dissentitrab
2851 3359 2998 3425 aliis,
3027 3363 3121 3430 qui
3151 3364 3374 3423 Decium
3397 3369 3547 3426 hunc

1947 3426 2073 3484 cum
2103 3427 2269 3483 Gallis
2298 3426 2612 3482 decertasse
2645 3428 2909 3484 scribunt.
2940 3426 3107 3487 ΕΑιὶιι.

2019 3501 2074 3554 8.
2111 3498 2486 3582 Quadraginta
2526 3497 2919 3582 millia.__Lugd.
2951 3504 3068 3557 Bal.
3118 3514 3243 3562 tert.
3273 3517 3326 3566 et
3356 3522 3541 3582 quart.

1949 3584 2076 3626 cum
2108 3569 2250 3624 Coll.
2282 3568 2548 3630 Gronov..
2579 3585 2611 3624 ι.
2638 3572 2827 3626 millia.

2020 3642 2076 3714 9.
2106 3640 2266 3714 Astu.
2287 3639 2458 3709 Lugd.
2487 3639 2787 3714 Batt._tert.
2812 3652 2866 3697 et
2889 3643 3031 3698 Coll.
3057 3645 3324 3714 Gronov.,
3356 3660 3544 3706 astute.

2022 3713 2110 3768 10.
2137 3709 2379 3782 Peditum
2397 3725 2508 3782 cn.
2529 3711 2696 3782 millia
2724 3726 2986 3782 ccccxxx,
3020 3718 3249 3782 equitum
3278 3709 3394 3775 vero
3423 3738 3547 3776 XLVI

1950 3783 2135 3838 millia.
2160 3780 2236 3834 Ita
2262 3781 2376 3835 hzec
2397 3779 2646 3849 leguntur
2664 3780 2718 3835 in
2741 3781 2949 3848 Optimo
2970 3779 3107 3838 libro
3127 3786 3364 3844 Cornelii
3386 3791 3551 3847 Gual—

1948 3855 2087 3909 teri:
2118 3851 2370 3921 idemque
2406 3865 2662 3906 numerus
2691 3862 2773 3907 est
2799 3867 2827 3904 a
2856 3851 3010 3909 Livio
3039 3869 3105 3910 ex
3139 3858 3368 3915 aliorum
3415 3864 3550 3918 scri-

1950 3932 2164 3994 ptorum
2209 3921 2492 3994 annalibus
2528 3922 2752 3994 relatus.
2789 3923 2954 3978 FABR.
2995 3925 3360 3988 —Numerus
3405 3933 3550 3990 idem

1950 3992 2004 4050 iu
2035 3995 2209 4050 tribus
2240 3992 2594 4066 Florentinis,
2621 3993 2751 4066 Meo,
2766 4009 2980 4066 quoque
3009 4004 3066 4051 et
3102 3997 3353 4060 Perizon.
3395 4005 3553 4060 inve-

1950 4069 2118 4137 nitur,
2151 4075 2210 4120 ut
2239 4074 2293 4120 et
2318 4063 2494 4137 Lugd.
2527 4063 2644 4137 Dat.
2674 4063 2870 4134 primo,
2895 4063 3008 4120 ἰιἰεί
3050 4070 3192 4137 quod
3233 4071 3382 4129 Meus
3426 4091 3550 4130 cum

1950 4136 2202 4216 Perizon.
2235 4145 2289 4190 et
2318 4133 2492 4205 Lugd.
2525 4133 2810 4216 Βιδιιπςεεε.
2839 4145 2894 4192 ει
2922 4133 3083 4196 ρους
3113 4140 3354 4199 Gronov.
3398 4149 3555 4216 equi-

1951 4215 2064 4262 tum
2093 4216 2340 4262 numeret
2369 4221 2512 4260 van
2543 4205 2728 4260 millia.

2026 4279 2113 4357 11,
2156 4281 2268 4357 Aut
2299 4284 2539 4357 externos
2574 4289 2870 4347 proventus.
2917 4283 3025 4342 Τὰς
3072 4281 3254 4357 ἕξῳθεν
3288 4288 3552 4357 εὐτυχίας·

1951 4351 2354 4426 καὶῂεὐημερίας.
2389 4346 2848 4426 Vulgo,_‘even_tus._
2869 4361 3056 4406 contra
3091 4346 3252 4426 (idem
3288 4346 3548 4412 libro'Futn

249 4429 536 4514 befactati:
582 4416 714 4514 mss:
743 4416 938 4514 Iunge.
983 4425 1102 4514 Dat.
1129 4441 1281 4514 _sec.
1429 4416 1680 4514 Perizon;
1722 4439 1843 4514 cum

1953 4416 3051 4514 antiquunm::f-e‘stflentim,mqua
3097 4423 3183 4477 hic
3211 4438 3387 4481 annus
3426 4443 3551 4497 gra-

251 4488 387 4557 edd.
421 4507 584 4567 vett.,
608 4507 658 4554 et
683 4488 941 4568 labefacta
979 4496 1175 4566 ﬁducia
1206 4505 1304 4552 est.
1332 4497 1632 4566 Utrumque
1657 4495 1851 4550 Latine
1879 4488 1928 4514 ¹¹
1954 4488 2196 4568 vislitit,
2222 4489 2470 4568 meminit
2497 4489 2661 4568 etiam
2687 4488 2892 4568 Livius.
2929 4491 3097 4568 FADR.

252 4570 485 4626 dicitur.

324 4643 382 4696 ‘5.
422 4639 612 4696 Totum
667 4654 896 4711 sperare.
942 4636 1112 4708 Lugd.
1163 4639 1324 4711 ,Batt.
1379 4644 1493 4693 tres
1539 4651 1664 4692 cum
1710 4636 1848 4711 Coll.

251 4712 498 4767 Gronov.
530 4721 588 4766 ει
612 4709 867 4768 Perizon.
896 4750 912 4777 ,
941 4725 1034 4764 nec
1056 4710 1174 4764 ausi
1202 4719 1321 4764 sunt
1353 4716 1518 4763 totum
1551 4725 1758 4779 sperare
1789 4709 1854 4764 de

252 4783 480 4838 uiribus.

326 4853 386 4909 4.
428 4853 566 4907 Dolo
597 4852 812 4908 divisere
851 4851 1044 4907 hostes.
1078 4850 1221 4907 Edd.
1267 4851 1464 4922 prima,
1506 4859 1565 4922 et,
1591 4849 1739 4905 illam
1769 4863 1857 4922 se-

253 4934 426 4991 cutae,
458 4924 581 4978 dolo
608 4923 835 4978 dividere
866 4923 1036 4977 hostes
1068 4924 1230 4977 tutius
1251 4920 1374 4986 rati,
1405 4920 1731 4993 pluribusise
1749 4921 1855 4974 bel.

255 4998 324 5050 lis
355 4995 680 5067 implicavere
701 5010 874 5067 quem
919 4994 1203 5067 gravibusa
1237 4994 1341 5067 Pro
1368 4991 1530 5067 tutius
1547 4992 1685 5067 _eod.
1712 4991 1858 5067 Lon-

256 5067 392 5138 gob.
428 5061 590 5138 habet
617 5061 796 5132 totius,
823 5061 1064 5138 pqa'quo
1094 5065 1277 5134 potius
1307 5064 1360 5118 in
1389 5061 1790 5138 edd._\{e_netis.

333 5137 392 5192 ὃ.
436 5131 846 5206 Umbrorumqué
870 5131 1496 5206 Etruscorumque‘exerc.
1524 5131 1708 5206 Livius
1733 5142 1857 5187 tau-

261 5217 381 5262 tum
417 5206 662 5260 Etruscos
709 5203 1078 5276 populationis
1107 5203 1248 5261 fama
1275 5204 1342 5260 ad
1373 5219 1501 5259 suos
1525 5203 1858 5276 ﬁnesitueu-

258 5279 365 5333 dos
394 5277 572 5333 redire
596 5275 816 5332 coactos
829 5275 1039 5331 scribit.
1071 5277 1308 5332 Umbros
1334 5283 1515 5330 tamen
1539 5275 1728 5345 praelia
1751 5291 1858 5331 non

259 5347 582 5419 interfuisse
611 5363 682 5419 ex,
704 5347 914 5419 eodeni
926 5347 1298 5419 cognoscitur.
1333 5346 1500 5402 ΕΔΜ.

336 5419 394 5474 6.
436 5418 644 5474 Bellum
668 5418 820 5472 inire.
870 5415 1226 5473 Hoc'bellum
1275 5428 1484 5488 gestum
1517 5417 1616 5488 luit
1646 5415 1699 5471 in
1731 5431 1865 5484 agro

260 5489 574 5617 ῗῗὶηῑίηδιῖ,
607 5490 657 5544 ἐν
683 5497 748 5565 τῇ
773 5497 873 5546 τῶν
893 5496 1187 5546 Σεντινατῶν
1215 5487 1396 5566 χῶρᾳ,
1419 5498 1477 5544 ιιι
1505 5488 1580 5544 ait
1601 5487 1864 5559 Polybius

293 5578 306 5610 ι
355 5575 418 5615 ro
441 5578 500 5616 tt.
572 5575 694 5615 ABR.

293 5575 418 5616 ΙΙ)Γο
441 5578 500 5616 ll.
527 5575 694 5616 I‘VABR.

344 5633 400 5688 7.
444 5631 636 5687 Decius
681 5630 865 5686 consul
921 5632 1118 5687 occisus
1147 5641 1242 5688 est.
1291 5630 1390 5687 llic
1418 5638 1503 5688 est
1530 5631 1668 5685 alter
1698 5644 1729 5684 e
1759 5629 1865 5686 De-

265 5703 416 5773 ciis,
469 5718 606 5775 quos
658 5702 727 5758 ad
774 5703 1138 5760 voluntariam
1183 5712 1417 5763 mortem
1445 5715 1667 5763 cursum
1693 5715 1865 5775 equo-

560 5799 843 5866 PATROL.
889 5798 1136 5866 XXXI.

2029 4563 2118 4636 l2.
2154 4559 2501 4636 Quinimod-is.
2531 4557 2670 4636 Edd.
2703 4567 2858 4636 vett.,
2892 4563 3204 4636 omnintode.
3249 4565 3556 4636 Utrumque

1955 4633 2149 4690 Latine
2169 4630 2366 4702 dicitur
2385 4639 2441 4684 et
2461 4629 2604 4699 apud
2622 4629 2933 4686 Lucretium
2961 4633 3081 4702 plus
3101 4637 3268 4691 semel
3290 4629 3554 4698 occurrit.

2029 4704 2119 4762 15.
2150 4701 2308 4757 Hanc
2331 4710 2760 4773 cruentam,rete.
2793 4701 2984 4758 Nullus
3029 4703 3083 4758 in
3127 4709 3558 4773 praecedentibus

1960 4775 2140 4831 verbis
2163 4781 2283 4850 erat
2307 4786 2520 4838 sensus,
2553 4772 2676 4842 quia
2705 4774 2843 4827 male
2869 4772 3352 4850 interpungebatur
3379 4782 3552 4850 locus,

1961 4845 2214 4917 ponendo
2243 4850 2686 4917 _punctum__ante
2715 4858 2902 4900 vocem
2941 4843 3096 4917 hanc.
3129 4843 3346 4905 Minima
3379 4843 3558 4907 muta;

1963 4913 2110 4973 tione
2135 4915 2458 4973 medicinam
2483 4913 2562 4969 illi
2589 4913 2833 4985 fecimus,
2860 4916 3100 4986 reposita
3127 4919 3324 4977 minori
3359 4921 3557 4979 distin-

1957 4989 2158 5045 ctione.
3582 5015 3585 5018 ·

2034 5060 2120 5114 ιι.
2152 5057 2416 5138 Gaudium
2440 5055 2766 5115 suaderetur.
2793 5056 2933 5114 Edd.
2965 5068 3100 5118 vett.
3131 5061 3397 5134 quadam,
3426 5082 3560 5138 gau-

1962 5131 2051 5185 dia
2080 5131 2445 5184 suaderentur.

2033 5201 2164 5257 CAP.
2198 5198 2365 5254 XXII.
2392 5228 2464 5239 —-
2491 5199 2544 5254 I.
2569 5197 2822 5269 Sequitur
2846 5217 3034 5258 annus.
3057 5199 3318 5262 Consules
3344 5206 3431 5261 hic
3461 5221 3561 5260 an-

1963 5287 2067 5330 nus
2093 5270 2280 5327 habuit
2307 5269 2371 5324 L.
2402 5269 2737 5343 Postumium
2768 5273 3074 5343 Megellum,
3102 5273 3175 5329 M.
3201 5278 3421 5331 Atilium
3453 5277 3560 5330 Re-

1967 5343 2151 5470 gulum
2175 5351 2402 5426 {estque
2423 5339 2566 5397 illius
2587 5355 2776 5410 parum
2799 5339 3360 5412 constans’mcmoria,
3388 5345 3561 5416 inquit

2015 5429 2156 5470 lVlUS
2183 5413 2277 5467 ltb.
2309 5428 2365 5466 χ.
2396 5411 2566 5470 Ouem
2595 5411 2732 5470 leae.
2765 5411 2932 5470 FABB.

2015 5414 2156 5470 ivius
2183 5413 2277 5467 lib.
2309 5428 2365 5466 χ.
2396 5411 2566 5480 Quem
2595 5411 2732 5482 lege.
2765 5411 2932 5472 FABB.

2039 5486 2096 5540 2.
2129 5483 2338 5538 Nov-um
2364 5482 2596 5538 habitum
2611 5485 2967 5554 animumque.
3001 5487 3228 5544 Habitus
3248 5495 3561 5553 armatum,

1968 5559 2288 5626 animusque
2317 5566 2534 5626 paratus
2555 5553 2624 5609 ad
2651 5553 3015 5613 dimicandum
3048 5559 3132 5611 hic
3164 5559 3396 5613 breviter
3421 5557 3564 5612 indi-

1968 5639 2160 5760 gatur:
2194 5623 2290 5684 sed
2338 5623 2521 5688 Livius
2564 5627 2744 5686 omnia
2787 5629 3006 5699 cepiose
3051 5628 3190 5687 libro
3217 5643 3248 5685 χ
3290 5635 3560 5693 extremo.

2015 5714 2134 5756 ABR.
2263 5735 2281 5760 λ

2015 5714 2134 5756 ABR.
2242 5735 2281 5772 λ
