4088 6170
535 388 633 445 851

1935 371 2140 446 paula
2178 384 2404 445 onosu

3725 385 3824 442 83‘!

475 507 480 511 '
533 499 782 558 l"’incldit
810 501 861 558 in
887 501 1228 559 Autariatas:
1261 497 1962 572 qulpropterintolerandte
1991 502 2130 556 tnul-
2156 505 2209 566 Α
2235 517 2332 571 per
2385 499 2666 555 Orientem
2717 499 2861 554 inter
2907 499 3086 554 socios
3127 496 3283 571 regni
3326 495 3659 558 Macedonici
3691 501 3823 559 bella

534 596 784 652 titudinis
813 611 975 654 ranas
1005 606 1059 653 et
1087 609 1291 661 mures,
1321 595 1515 650 relicto
1550 595 1724 664 patrio
1755 596 1872 649 solo
1908 602 1962 648 et
1987 595 2133 648 anti-

530 694 657 763 quis
705 692 1052 758 habitaculis,
1083 693 1438 762 emigrantes,
1471 706 1637 746 novas
1673 691 1832 746 sedes
1867 699 2133 762 praetenta

533 783 756 838 interim
804 799 936 853 pace
982 783 1358 853 requirebant.
1409 781 1517 838 Sed
1548 782 1850 839 Cassander
1879 790 1935 838 et
1963 783 2138 840 virtu-

530 883 666 939 tem,
712 883 767 930 et
795 873 1195 931 multitudinem
1239 874 1418 946 gentis
1467 889 1796 946 agnoscens,
1846 891 1913 931 ne
1959 875 2138 932 adacti

536 967 865 1024 necessitate
888 967 1259 1024 Macedoniam
1286 967 1435 1023 bello
1459 976 1764 1038 quaterent,
1792 977 1955 1037 atque
1981 967 2130 1023 inva-

533 1060 747 1129 derent,
783 1068 1036 1132 receptos
1065 1061 1116 1117 in
1137 1063 1478 1129 societatem,
1503 1063 1556 1117 in
1580 1061 1782 1140 ultimis
1803 1059 2138 1118 Macedonia;

532 1153 736 1208 ﬁnibus
765 1153 1024 1209 collocat.
1058 1153 1186 1210 Inde
1217 1170 1340 1210 cum
1380 1155 1490 1226 jam
1531 1152 1861 1211 “Hercules
1895 1153 2136 1210 Alexan-

535 1243 1307 1332 driwvliliusmquatuordecim
1366 1257 1515 1302 esset
1564 1262 1861 1313 annorum,
1941 1246 2139 1304 timens

539 1324 699 1411 207
721 1338 767 1372 δ’
788 1324 1013 1396 necum
1037 1340 1356 1396 Macedones
1389 1339 1544 1412 quasi
1592 1341 1892 1412 legitimum
1949 1357 2135 1413 regem

534 1434 926 1500 praeoptarent,
960 1431 1323 1488 occidendum
1353 1431 1516 1486 tacite
1544 1447 1668 1488 cum
1698 1441 1877 1490 matre
1903 1435 2138 1489 curavit.

535 1523 587 1562 ⁸³
617 1511 950 1578 Ptolemaeus
993 1523 1189 1580 iterum
1221 1540 1343 1580 cum
1391 1524 1670 1580 Demetrio
1719 1525 1898 1580 navali
1952 1526 2140 1597 praelia

479 1611 481 1616 “
538 1613 786 1670 conﬂixit
813 1632 827 1682 ;
859 1623 914 1672 et
941 1632 1064 1672 cum
1096 1632 1316 1672 omnem
1347 1632 1486 1687 pene
1514 1615 1742 1673 classem
1787 1627 1950 1687 atque
1977 1633 2143 1674 exer-

539 1706 704 1762 citum
735 1705 1084 1777 perdidisset,
1118 1709 1295 1766 victus
1327 1710 1380 1762 in
1409 1707 1706 1780 [Egyptum
1753 1708 1979 1782 refugit.
2027 1709 2139 1766 Hac

540 1797 769 1852 victoria
803 1796 978 1854 elatus
1008 1793 1399 1870 Antigonus,”
1422 1815 1605 1870 regem
1623 1815 1685 1854 se
1713 1816 1839 1855 cum
1861 1800 2137 1856 Demetrio

2237 594 2424 665 gessit.
2455 591 2735 663 Principio
2790 593 3139 666 Babyloniam
3191 593 3333 649 bello
3387 597 3723 666 expugnavit
3773 609 3825 654 et

2238 689 2399 755 cepit.
2434 685 2752 740 Bactrianos
2784 688 2941 740 novis
2967 685 3203 741 motibus
3255 696 3609 758 assurgentes
3648 689 3832 759 perdo-

2241 782 2395 836 muit.
2427 781 2738 837 Transitum
2771 781 3039 838 deindein
3069 782 3275 837 Indiam
3318 784 3447 840 fecit
3479 801 3493 837 :
3547 801 3672 855 qua:
3718 799 3836 857 post

2240 883 2471 930 mortem
2504 874 2821 944 Alexandri,
2862 874 3036 931 veluti
3083 875 3332 931 detracto
3400 891 3741 949 excussaque
3803 897 3833 935 a

2240 966 2540 1021 cervicibus
2565 966 2714 1036 jugo,
2757 965 3043 1037 praefectos
3069 966 3187 1036 ejus
3217 967 3517 1036 occiderat,
3555 974 3601 1007 ⁸³
3627 971 3840 1027 Andro-

2241 1066 2392 1112 cotto
2419 1058 2652 1128 quodam
2685 1058 2752 1113 ad
2785 1058 3163 1114 vindicandam
3199 1058 3504 1117 libertatem
3533 1060 3673 1117 duce
3705 1081 3717 1116 :
3751 1064 3842 1134 qui

2242 1159 2426 1222 postea
2456 1152 2751 1208 crudeliter
2780 1151 2833 1207 in
2881 1151 3030 1208 cives
3072 1168 3259 1224 agens,
3307 1170 3443 1225 quos
3478 1155 3547 1211 de
3608 1168 3843 1214 externa

2243 1245 2612 1301 dominatione
2665 1245 3006 1313 defenderat,
3073 1245 3188 1316 ipse
3249 1248 3474 1304 servitio
3538 1250 3843 1320 premebat.

2243 1339 2378 1394 Cum
2405 1339 2510 1394 hoc
2541 1353 2673 1410 ergo
2702 1339 3043 1395 Androcotto
3079 1339 3344 1397 Seleucus
3396 1344 3650 1412 quamvis
3678 1346 3845 1402 multa

2245 1432 2409 1504 208
2436 1441 2489 1486 et
2517 1433 2700 1503 gravia
2729 1432 2873 1488 bella
2911 1433 3198 1504 gessisset,
3256 1433 3559 1492 novissime
3617 1437 3845 1494 ﬁrmatis

2243 1526 2396 1595 regni
2423 1521 2849 1590 conditionibus,
2879 1533 2934 1580 et
2962 1533 3119 1594 pacta
3153 1541 3304 1596 pace,
3335 1526 3847 1586 discessit.Aduna-

2243 1617 2313 1672 tis
2335 1618 2516 1686 itaque
2549 1616 2720 1685 copiis
2760 1615 3039 1672 Ptolemmi
3092 1619 3476 1690 sociorumque
3501 1621 3644 1690 ejus,
3672 1639 3846 1693 pugna

2241 1710 2602 1766 committitur
2644 1727 2659 1764 :
2706 1709 2860 1779 cujus
2923 1720 3158 1781 quanto_
3191 1712 3465 1780 potentior
3530 1727 3844 1785 apparatus,

2243 1808 2394 1856 tanto
2416 1801 2575 1855 ruina
2602 1801 2822 1870 gravior
2852 1799 2973 1855 fuit.
3009 1801 3139 1855 Nam
3172 1801 3222 1856 in
3257 1816 3325 1857 ea
3370 1810 3498 1858 tunc
3526 1807 3691 1860 totius
3717 1821 3848 1875 pene

486 1879 491 1890 ’
545 1889 660 1945 Alio
684 1889 945 1961 appellari
966 1891 1120 1960 jubet
1151 1911 1163 1946 :
1195 1892 1338 1963 quod
1372 1890 1682 1961 exemplum
1715 1906 1906 1947 omnes
1935 1892 2136 1960 secuti,
2168 1884 2214 1944 Β
2243 1891 2577 1949 Macedonici
2609 1893 2759 1962 regni
2783 1893 2927 1949 vires
2965 1893 3346 1949 conciderunt.
3389 1893 3448 1950 In
3510 1896 3632 1966 ipso
3702 1899 3844 1955 bello

539 1981 748 2053 regium
783 1996 982 2038 nomen
1014 1983 1116 2038 sibi
1144 1983 1580 2054 dignitatemque
1611 1992 1988 2054 sumpserunt.
2038 1984 2141 2057 lgi-

537 2079 624 2126 tur
647 2071 974 2130 Ptolemzeus
1004 2083 1058 2129 et
1081 2071 1412 2141 Cassander,
1444 2073 1738 2144 caeterique
1776 2075 2003 2131 alterius
2052 2075 2137 2130 fa-

544 2169 744 2224 ctionis
772 2168 961 2238 duces,
986 2184 1110 2226 cum
1133 2169 1310 2241 decipi
1340 2184 1400 2226 se
1421 2168 1490 2224 ab
1522 2169 1797 2240 Antigono
1825 2171 2139 2242 singillatim

541 2263 816 2332 viderent,
841 2281 940 2336 per
967 2265 1236 2337 epistolas
1259 2270 1324 2321 se
1351 2263 1584 2321 invicem
1612 2263 2025 2332 conﬁrmantes,
2048 2281 2142 2322 co-

542 2359 710 2416 eundi
732 2359 785 2414 in
817 2375 984 2414 unum
1015 2366 1229 2430 tempus
1257 2355 1545 2429 locumque
1571 2357 1871 2413 condicunt
1901 2376 1914 2411 :
1942 2368 1998 2414 et
2019 2357 2142 2414 bel-

540 2451 655 2506 lum
681 2451 948 2507 adversus
997 2447 1326 2522 Antigonum
1389 2447 1769 2505 communibus
1818 2451 2026 2505 viribus
2072 2449 2148 2504 in-

541 2549 779 2598 etruunt.
833 2533 1163 2609 Cassander,
1207 2540 1560 2596 ﬁnitimorum
1614 2540 1774 2597 bellis
1827 2540 2142 2611 implicitus,

489 2646 492 2648 ‘
544 2633 952 2707 Lysimachum,
985 2633 1348 2690 clarissimum
1370 2634 1511 2690 inter
1540 2645 1732 2690 omnes
1763 2634 1985 2714 ducem,
2018 2649 2144 2691 cum

543 2727 754 2799 ingenti
779 2740 944 2782 manu
974 2741 1073 2797 pro
1093 2741 1152 2783 se
1173 2726 1339 2783 sociis
1367 2727 1420 2782 ln
1451 2724 1714 2781 auxilium
1745 2727 1914 2782 misit.
1953 2726 2147 2784 Seleu-

547 2833 645 2876 cus
666 2831 885 2889 quoque
905 2833 972 2874 ex
997 2817 1127 2873 Asia
1156 2817 1366 2888 majore
1391 2816 1758 2884 descendens,
1783 2832 1958 2875 novus
1991 2819 2147 2874 Anti-

549 2923 694 2982 gono
723 2909 899 2966 hostis
917 2907 1170 2965 accessit.
1201 2907 1300 2964 Hic
1329 2905 1597 2980 siquidem
1623 2908 1885 2966 Seleucus
1913 2909 2144 2980 plurima

2242 1985 2548 2055 Antigonus
2576 1986 2795 2041 occisus
2819 1994 2942 2041 est:
2976 1985 3075 2040 sed
3108 1986 3231 2041 linis
3257 1985 3385 2043 belli
3437 1987 3600 2059 hujus
3642 1990 3848 2047 initium

2243 2078 2475 2134 alterius
2513 2077 2633 2134 fuit.
2683 2069 2818 2133 Nam
2851 2093 2973 2135 cum
3030 2080 3331 2137 victoribus
3383 2081 3452 2137 de
3491 2083 3679 2152 praeda
3725 2101 3848 2146 .non

2243 2172 2586 2240 conveniret,
2616 2171 2814 2228 iterum
2845 2171 2898 2227 in
2930 2171 3064 2228 duas
3090 2172 3353 2229 laetioncs
3391 2173 3751 2231 diducuntur.
3809 2176 3852 2210 “

2245 2265 2505 2321 Seleucus
2537 2265 2832 2331 Demetrio,
2857 2265 3185 2322 Ptolemzeus
3219 2266 3551 2340 Lysimacho
3574 2271 3847 2342 jungitur.

2245 2355 2292 2393 ⁸⁷
2317 2355 2625 2413 Cassandro
2648 2356 2925 2428 defuncto,
2962 2358 3104 2413 ﬁlius
3135 2359 3415 2430 Philippus
3455 2362 3721 2418 succedit.
3751 2364 3843 2420 Sic

2247 2448 2400 2519 quasi
2426 2450 2729 2520 exinlegro
2764 2463 2902 2503 nova
2951 2449 3280 2504 Macedonia:
3335 2451 3478 2507 bella
3526 2465 3852 2520 nascuntur,

2249 2538 2295 2574 ⁸⁸
2315 2538 2602 2611 Antipater
2643 2539 3067 2596 Thessalonicen
3097 2551 3325 2598 matrem
3349 2557 3526 2612 suam,
3555 2545 3854 2604 Cassandri

2249 2633 2766 2704 uxorem,quamvis
2806 2631 3194 2690 miserabiliter
3227 2650 3324 2704 pro
3365 2637 3474 2692 vita
3508 2647 3849 2708 precantem,

2249 2740 2413 2783 manu
2430 2740 2526 2780 sua
2542 2723 3018 2780 transverberavit.
3040 2725 3352 2782 Alexander
3379 2726 3548 2784 frater
3566 2729 3713 2800 ejus,
3729 2730 3854 2786 dum

2245 2816 2451 2874 bellum
2469 2815 2730 2872 adversus
2752 2815 2971 2871 fratrem
3000 2815 3071 2871 ob
3098 2816 3359 2873 ultionem
3387 2818 3576 2876 matris
3599 2820 3855 2889 instruit,

2248 2924 2280 2965 a
2301 2907 2577 2966 Demetrio
2597 2907 2752 2980 cujus
2772 2905 3028 2964 auxilium
3059 2907 3313 2980 petierat,
3340 2906 3756 2968 circumventus
3773 2928 3858 2970 oc-

1834 3067 2292 3130 HAVERCAMPI
2328 3067 2561 3128 NOTAE.

555 3217 660 3274 fuit
690 3233 703 3271 :
737 3213 1010 3270 Diodorus
1038 3211 1136 3268 lib.
1179 3225 1292 3281 xix,
1326 3209 1624 3268 Pausanias
1651 3225 1700 3277 ι,
1745 3207 2068 3268 Plutarchus
2096 3209 2152 3269 in

555 3285 855 3344 Demetrio.
895 3285 1065 3340 Ρηιι.

627 3359 719 3414 50.
759 3356 957 3410 Incidit
981 3357 1038 3409 in
1066 3353 1387 3410 Autariataa.
1428 3354 1486 3410 In
1515 3353 1632 3408 Meo
1659 3351 1848 3407 codice
1880 3359 2019 3408 utet
2044 3353 2152 3410 Pe-

2261 3209 2343 3266 lus
2373 3207 2425 3264 id
2459 3203 3063 3282 perpetratumfuisset,
3093 3203 3161 3259 ad
3192 3203 3479 3282 Herculem
3505 3216 3560 3264 et
3591 3183 3858 3282 Polyper.

2154 3324 2158 3326 -
2259 3281 2512 3337 chontem
2552 3276 2746 3334 omnes
2806 3276 3148 3332 Macedones.
3196 3276 3254 3331 In
3307 3276 3470 3330 nullis
3502 3293 3636 3333 mss.
3666 3276 3855 3338 a'u'tem

2261 3365 2404 3422 quos
2433 3347 2913 3422 consului,_inveni
2944 3346 3280 3422 Macedones,
3316 3348 3412 3422 sed
3442 3365 3541 3419 pro
3569 3365 3638 3405 eo
3678 3369 3859 3409 omnes

551 3430 754 3493 rizon'.,
777 3425 944 3492 Ultr.,
985 3425 1158 3494 Lugd.
1201 3426 1342 3480 Batt.
1390 3427 1558 3496 atque
1604 3423 1776 3496 tribus
1804 3422 2071 3496 Florentt.
2102 3433 2158 3481 et
2181 3424 2227 3488 Ο
2261 3416 2514 3496 scribunt
2540 3419 2745 3496 cuncti,
2777 3426 2921 3496 ut_ct
2943 3417 3079 3496 edit.
3111 3416 3338 3496 August.
3356 3416 3531 3496 Errat
3561 3436 3697 3496 vero
3723 3425 3859 3479 Oro-

555 3498 696 3554 Coll.
723 3497 966 3553 Gronov.
997 3493 1194 3566 legitur
1231 3493 1514 3565 Auienitak,
1545 3495 1632 3549 vel
1675 3493 1962 3566 Aviniutas,
1997 3495 2150 3550 Abie-

557 3578 736 3634 natas,
767 3565 1084 3621 Aricinalas.
1117 3567 1173 3622 In
1201 3567 1290 3620 ed.
1319 3571 1482 3635 Ang..
1510 3566 1807 3620 Aveniatas.
1845 3565 1922 3620 Ex
1958 3568 2153 3634 quibus

555 3650 707 3712 patet
742 3636 1116 3712 reponendum
1147 3649 1268 3693 esse
1298 3639 1599 3712 Augurium
1629 3651 1728 3706 pro
1754 3635 2045 3700 Abderitas,
2096 3651 2152 3693 ut

560 3708 726 3769 estin
757 3708 1018 3780 vulgatis;
1057 3709 1128 3764 de
1167 3723 1277 3778 quo
1303 3709 1556 3763 dubitare
1585 3723 1744 3780 nemo
1785 3715 1986 3776 potest,
2029 3723 2149 3764 cum

556 3783 812 3838 similiter
838 3778 1336 3835 commemorentur
1357 3794 1388 3834 a
1423 3781 1638 3836 Justino
1671 3778 1763 3832 lib.
1795 3793 1887 3846 xv,
1919 3793 2040 3846 cap.
2076 3781 2150 3833 9.:

561 3854 703 3907 Dum
726 3854 834 3908 hac
870 3861 1116 3924 aguntur,
1150 3850 1466 3924 Cassander,
1507 3849 1574 3904 ab
1602 3849 1883 3915 Apollonia
1921 3850 2150 3924 rediens,

555 3924 744 3977 incidit
782 3923 836 3976 in
867 3922 1185 3994 A’utariatus,
1208 3923 1296 3991 qui
1323 3934 1530 3994 propter
1551 3936 1801 3994 ranarum
1831 3922 2153 3994 muriamque

559 3994 966 4057 multitudinem,
1017 3993 1194 4045 relicto
1225 3992 1584 4060 patrite‘solo,
1639 3992 1785 4044 sedes
1831 3992 2152 4060 qutrrebant.

563 4063 964 4118 Autariatarum
997 4062 1251 4116 bellicosa
1293 4063 1391 4114 fuit
1421 4062 1588 4125 natio,
1631 4076 1751 4129 quze
1799 4071 1981 4129 postea
2014 4079 2152 4130 quo-

563 4147 673 4204 que
699 4133 801 4188 sub
826 4133 1152 4204 Lysimacho
1171 4137 1359 4204 contra
1386 4133 1717 4204 Demetrium
1745 4131 2012 4204 militavit.
2045 4132 2152 4188 Sed

564 4202 951 4270 Abderitaﬁex
975 4203 1249 4258 mendosis
1271 4203 1401 4257 olim
1421 4202 1619 4258 Justini
1637 4202 1988 4271 editionibus,
2013 4204 2154 4259 unde

561 4275 698 4346 jussi
733 4284 858 4331 sunt
896 4273 965 4330 ab
992 4273 1292 4346 editoribus
1321 4273 1586 4346 migrare,_
1627 4274 1678 4327 in
1708 4272 1899 4328 ()rosio
1937 4290 2155 4345 quoque

568 4343 970 4402 Autariatarum
990 4345 1168 4400 locum
1194 4343 1548 4415 occupavere.
1571 4343 1755 4415 Itaque
1775 4359 1878 4398 non
1893 4343 2154 4415 decepius

563 4417 666 4472 fuit
691 4419 918 4473 Orosius
945 4416 1220 4486 corruptis
1239 4415 1440 4486 Justini
1464 4415 1764 4479 codicibus,
1796 4423 1858 4470 ut
1879 4415 2156 4484 judicabat

566 4488 634 4542 ad
671 4490 945 4545 Justinum
976 4485 1188 4543 clariss.
1221 4485 1495 4554 Graevius,
1546 4485 1643 4542 sed
1683 4493 1912 4556 uterque
1951 4502 1982 4542 a
2033 4503 2157 4545 cor-

567 4562 871 4624 rectoribus
902 4559 1227 4628 importunis
1257 4559 1399 4628 male
1427 4557 1666 4613 habitus.

640 4631 730 4686 51.
775 4618 1030 4685 Hercules
1057 4627 1362 4684 Alexandri.
1403 4629 1555 4686 Hunc
1583 4618 1956 4701 Polyperchon
1989 4628 2042 4684 in
2069 4643 2157 4701 ree

565 4715 730 4772 gnum
783 4703 1069 4758 restituere
1105 4701 1349 4772 parabat,
1396 4701 1492 4756 sed
1541 4715 1572 4772 a
1618 4699 2156 4772 cassandromagnis

565 4772 1054 4841 pollicitationibus
1084 4771 1347 4825 adductus
1383 4786 1506 4825 eum
1547 4771 1838 4825 interiecit.
1889 4771 2154 4826 Diodorus

570 4811 2156 4914 ᾕῖιϊῖἷςξζ’ξίἱῗὲἇιῇἶῑῖἑέἔιῖιέιπί³ἴιιὲιῖῖυίξεέ“ηεῆἱιῖἦ”ὲὲῖ
2180 4811 2232 4874 υ

566 4917 669 4968 nos
692 4912 912 4970 circiter
940 4913 1026 4969 17.
1063 4912 1226 4967 Fasn.

636 4983 728 5054 82.
758 4984 846 5040 Ne
872 4999 990 5040 eum
1013 4982 1342 5039 Macedones.
1363 4981 1501 5049 Quia
1555 4982 1887 5039 Macedoniae
1925 4997 2148 5054 regnum

566 5051 851 5110 affectabat
877 5055 1207 5118 Cassander,
1241 5070 1347 5109 non
1380 5065 1596 5123 poterat
1623 5069 1848 5110 securus
1878 5051 2010 5110 esse
2029 5097 2043 5119 ,
2067 5057 2151 5110 vi-

563 5132 726 5196 vente
753 5125 863 5181 iilio
891 5125 1221 5192 Alexandri;
1250 5126 1434 5196 itaque
1464 5133 1755 5196 utrumque
1775 5135 1832 5180 et
1855 5125 2146 5182 Herculem

562 5203 620 5251 et
641 5195 1029 5263 Alexandrum,
1054 5197 1199 5250 hunc
1225 5196 1517 5252 Alexandri
1545 5212 1616 5252 ex
1640 5197 1881 5260 Roxane,
1908 5196 2056 5252 illum
2076 5214 2147 5254 ex

559 5266 788 5339 Barsine
827 5266 1018 5334 filium,
1047 5282 1078 5320 e
1105 5267 1284 5339 medio
1314 5267 1551 5323 sustulit.
1597 5268 1664 5322 Et
1689 5268 1974 5339 Herculem
2026 5269 2144 5339 qui-

501 5355 513 5362 ο
552 5338 702 5411 dem,
737 5339 985 5411 pactione
1012 5352 1133 5391 cum
1189 5337 1623 5411 Polyperchonte
1675 5339 1827 5407 inita,
1875 5337 2140 5410 Polyper-

551 5410 692 5465 chon
721 5409 866 5465 enim
893 5423 1014 5463 cum
1042 5409 1297 5464 exercitu
1325 5411 1585 5466 reducere
1632 5412 1686 5465 in
1730 5409 2015 5479 paternum
2046 5425 2135 5467 re-

549 5497 720 5550 gnum
745 5480 963 5536 volebat
1014 5479 1332 5535 Herculem:
1361 5481 1691 5547 Cassander,
1720 5481 1902 5536 verbis
1928 5490 1984 5535 et
2016 5497 2135 5536 mu-

547 5553 773 5608 neribus
808 5550 1267 5624 Polyperchonta,
1301 5552 1386 5606 cui
1418 5559 1474 5606 et
1500 5551 1754 5606 universa
1787 5551 1953 5624 cessit
1981 5551 2134 5607 l‘elo-

549 5637 810 5690 ponneso,
843 5621 1105 5691 corrupit,
1137 5630 1194 5676 ut
1216 5621 1471 5690 juvenem
1505 5624 1590 5691 qui
1625 5625 1674 5676 in
1705 5622 1985 5692 utriusque
2012 5638 2133 5678 cre-

545 5701 725 5764 sceret
754 5696 1074 5761 perniciem,
1119 5709 1296 5764 neque
1339 5694 1604 5749 beneﬂcio
1661 5709 1844 5761 parem
1897 5696 2126 5762 gratiam

541 5828 618 5908 Ita
643 5828 900 5908 Hercules
922 5839 974 5891 in
999 5838 1255 5894 convivio
1275 5835 1416 5904 apud
1443 5828 1951 5907 Polyperchontem,
1963 5839 2121 5905 jussu

535 5900 778 5965 ejusdem
801 5904 902 5961 fuit
925 5900 1662 5978 διηυευιειωδξῡείθείεζὸηι
1693 5924 1846 5976 vero,
1865 5900 1979 5964 niSl'
1999 5924 2118 5965 sce-

2258 3493 2372 3549 sius
2400 3503 2523 3548 eum
2554 3489 2778 3563 reliquis
2824 3489 2952 3562 dum
2997 3489 3306 3563 Herculem,
3356 3488 3607 3546 Barsines
3649 3494 3847 3563 illium,

2256 3574 2314 3621 et
2339 3562 2701 3618 Alexandrum
2731 3559 2989 3615 Roxanes
3013 3559 3316 3615 confundit.

2327 3637 2416 3692 55.
2451 3632 2767 3688 Ptolemteus
2790 3633 2976 3685 iterum
3000 3647 3112 3685 cum
3142 3629 3426 3702 Demetrio.
3457 3627 3565 3686 Hoc
3599 3635 3855 3702 prmlium

2257 3706 2448 3761 navale
2471 3721 2580 3775 quo
2608 3705 2930 3777 Ptoletnazus
2977 3702 3149 3777 victus
3180 3703 3232 3755 in
3277 3701 3573 3772 [Egyptnm
3604 3701 3853 3777 "refugit,

2255 3779 2321 3831 ad
2351 3773 2588 3848 Cyprum
2619 3773 2968 3848 comitiissnm
2995 3773 3114 3839 fuit,
3139 3781 3201 3848 et
3246 3782 3501 3848 accurate
3545 3789 3572 3825 a
3607 3773 3857 3848 Diodoro

2255 3848 2351 3903 lib.
2383 3843 2472 3914 xx,
2508 3845 2800 3903 Plutarcho
2833 3845 2884 3898 in
2918 3843 3209 3908 Demetrio,
3257 3844 3613 3914 describitur.
3661 3847 3855 3902 Memi-

2257 3921 2336 3974 nit
2365 3919 2598 3973 Pausan.
2634 3917 2724 3972 lib.
2760 3932 2776 3970 l
2808 3915 2874 3971 de
2897 3915 3045 3986 regio
3073 3916 3310 3980 nomine,
3341 3913 3613 3969 Diodorus
3635 3925 3691 3972 et
3729 3921 3854 3974 Ριυ.

2257 3989 2494 4044 tarchus.
2530 3989 2697 4043 FABR.

2327 4062 2414 4115 54.
2445 4059 2631 4132 Regem
2662 4076 2732 4113 se.
2761 4056 2858 4113 Ed.
2883 4055 3044 4128 Aug.,
3092 4057 3259 4126 regem
3303 4073 3474 4111 secum
3528 4057 3857 4116 Demetrium

2298 4131 2444 4193 lium,
2474 4141 2581 4186 etc.

2256 4132 2775 4258 βηὲἔᾞῗὲίουοιιο.
2810 4199 3028 4270 Legitur
3049 4199 3226 4271 etiam
3250 4198 3588 4271 Androcotto,
3620 4209 3674 4255 ct
3707 4201 3851 4271 apud

2255 4269 2931 4338 Justinnm,Sandrocotto.
2955 4271 3062 4324 Sed
3087 4269 3371 4326 Strabonis
3393 4271 3734 4327 auctoritate
3748 4269 3851 4328 lib.

2257 4360 2346 4404 xv.
2382 4355 2562 4399 nostra
2594 4343 2757 4414 lectio
2786 4342 3159 4414 conﬁrmatur.
3212 4341 3473 4414 Prtelium
3504 4341 3610 4414 hoc
3642 4344 3695 4397 in
3745 4359 3856 4414 quo

2255 4415 2558 4486 Antigonus
2585 4413 2786 4486 cecidit
2813 4411 3073 4486 describit
3101 4411 3429 4486 Plutarchus
3461 4412 3514 4467 in
3539 4411 3856 4486 Demetrio.

2254 4480 2814 4540 McminitPausattias
2836 4484 2930 4538 lib.
2957 4480 3371 4554 i.Cominissam
3406 4497 3642 4554 pugnam
3677 4483 3856 4541 fuisse

2255 4558 2304 4630 έν
2331 4556 2456 4630 Ὶψῷᾉ
2477 4555 2768 4630 Iegimusin
2791 4553 3007 4611 Arrian.
3039 4553 3251 4630 lib._vu.
3279 4541 3443 4630 Pasti.
3465 4541 3536 4594 -Ϊ-
3559 4541 3689 4612 F‘idc
3725 4557 3855 4614 cod.

2256 4625 2497 4692 Longob.
2537 4637 2595 4682 et
2619 4626 2902 4682 meliorum
2941 4625 3158 4691 reposui
3192 4625 3530 4682 Androcotto.

2329 4698 2418 4753 56.
2455 4697 2702 4753 Seleucus
2736 4697 3015 4751 Demetrio.
3047 4696 3208 4749 Duxit
3239 4704 3352 4750 tum
3396 4695 3661 4753 Seleucus
3714 4713 3858 4752 uxo.

2257 4783 2372 4824 rem
2406 4767 2756 4833 Stratonicen,
2791 4767 2956 4821 ﬁliam
3012 4767 3269 4822 Demetrii
3316 4775 3372 4822 et
3396 4766 3590 4834 Philas,
3626 4767 3855 4826 Plutar-

2259 4837 2394 4894 chus
2417 4841 2468 4894 in
2497 4839 2800 4896 Demetrio.
2827 4837 2992 4895 FABR.
3235 4847 3238 4850 ‘

2330 4911 2418 4966 57.
2452 4911 2745 4966 Cassandro
2771 4910 3034 4980 defuncto.
3054 4905 3358 4965 Cassander
3380 4908 3668 4980 exgmorbo
3689 4924 3857 4980 aqua!

2255 4981 2556 5050 intercutis,
2587 4983 2776 5037 vivens
2804 4979 3124 5044 etiamnum,
3157 4979 3572 5050 erumpentibus
3602 4979 3856 5050 undique

2253 5053 2552 5119 vermibus,
2585 5053 2824 5108 extabuit
2855 5067 2870 5118 ;
2918 5051 3205 5120 Philippus
3234 5051 3380 5105 [ilius
3409 5050 3529 5117 ejus
3567 5055 3698 5106 natu
3736 5068 3862 5106 ma-

2257 5124 2458 5192 ximus,
2483 5139 2652 5194 regno
2674 5124 2786 5194 jam
2824 5123 2988 5194 inito,
3023 5121 3189 5194 tabidi
3227 5121 3475 5194 corporis
3498 5122 3595 5194 lue
3656 5124 3855 5192 periit.

2252 5192 2765 5250 Pausanias'lib.‘tx.
2799 5193 3038 5248 Fann—
3067 5192 3188 5246 Mox
3216 5206 3349 5246 mss.
3378 5193 3600 5262 quidam
3625 5203 3680 5249 et
3708 5194 3854 5250 edd.

2249 5266 2430 5332 legunt
2454 5283 2584 5321 nova
2607 5268 2662 5320 in
2686 5265 2992 5319 Macedonia
3019 5263 3154 5318 bella
3181 5274 3490 5317 nascuntur.

2315 5337 2405 5391 58.
2441 5339 2710 5410 Antipater
2725 5335 3152 5410 Thessalonicen.
3171 5333 3477 5410 Cassander
3499 5333 3855 5410 Macedonia

2241 5423 2338 5461 rex
2365 5418 2474 5462 tres
2504 5393 2644 5464 ﬁlios
2671 5407 2937 5476 moriens,
2962 5406 3200 5474 reliquit,
3222 5393 3566 5476 Philippum,
3609 5406 3856 5476 Antipa-

2240 5487 2378 5532 trum
2407 5486 2454 5533 et
2478 5477 2858 5534 Aleatandrunt.
2901 5475 3102 5532 Horum
3135 5475 3424 5544 Philippus
3477 5477 3634 5547 initio
3678 5475 3852 5547 regni

2238 5553 2419 5630 periit,
2470 5551 2776 5630 Antipate_r_
2807 5547 3540 5630 matremThessalonicen,‘
3580 5546 3852 5630 Philippo

2239 5616 2483 5692 Amynta:
2502 5616 2615 5677 lilio'
2633 5630 2687 5676 et
2715 5619 3080 5692 Nicasipolide
3099 5620 3356 5690 genitam,
3384 5617 3507 5692 ideo
3529 5616 3846 5692 interfecit,

2234 5687 2378 5760 quod
2407 5709 2466 5746 ea
2483 5692 2797 5748 Alexandro
2821 5687 3147 5762 propensior
3169 5697 3332 5744 esset.
3361 5690 3667 5762 Alexander
3691 5687 3847 5759 Pyr-

548 5759 964 5884 Polyperchortti
1011 5759 1146 5822 olim
1206 5759 1354 5821 esset
1408 5759 1711 5830 habituros,
1770 5759 2127 5822 interﬁceret.
2191 5759 2314 5818 'rhi
2367 5764 2727 5844 etODemetrii
2767 5759 3307 5830 auxili’oimplorato,
3341 5759 3539 5842 abhoc
3569 5763 3847 5815 interem-

548 5828 618 5884 Ita
667 5833 900 5884 lercules
923 5839 973 5884 in
999 5838 1255 5884 convivio
1275 5835 1416 5884 anud
1443 5836 1948 5884 Polvnerehnutem,
1972 5839 2120 5884 iussu
2230 5843 2351 5884 ntus
2383 5835 2500 5884 fuit.
2534 5834 2854 5884 Plutarchus
2881 5836 2934 5884 in
2964 5833 3172 5884 Pvrrlto
3201 5837 3257 5884 et
3286 5830 3593 5884 Demetrio.
3621 5829 3842 5884 Pausa-

667 5833 900 5903 lercules
922 5839 974 5891 in
999 5838 1255 5894 convivio
1275 5835 1416 5903 apud
1443 5829 1951 5903 Polyperchontem,
1963 5839 2121 5903 jussu
2230 5843 2351 5903 ptus
2383 5835 2500 5887 fuit.
2533 5834 2854 5890 Plutarchus
2881 5836 2934 5888 in
2964 5829 3172 5903 Pyrrho
3201 5837 3257 5887 et
3286 5830 3593 5903 Demetrio,
3621 5829 3842 5886 Pausa-

2227 5897 2347 5962 nias
2373 5905 2516 5962 libro
2541 5921 2706 5976 nono,
2740 5903 2982 5962 Justinus
3002 5897 3396 5959 decimosexto.
3428 5897 3596 5959 Faue.
