4088 6170
554 265 663 325 855

1973 254 2185 314 PAULI
2220 255 2449 318 OROSII

3712 260 3797 321 856

566 379 698 436 llaec
734 371 1004 432 sententia
1042 370 1214 430 semel
1249 377 1376 444 apte
1403 370 1554 440 ficta,
1585 381 1801 442 semper
1827 368 1934 425 vim
1960 367 2046 426 sui
2072 369 2170 426 tri-
2193 372 2251 436 Α
2273 370 2608 429 mollissimis
2633 371 2820 429 stratis
2850 369 3210 444 cubiculoque
3234 369 3601 443 percommode
3624 378 3802 434 matuti-

568 465 814 542 plicctn3
843 464 1232 522 diversissimis
1275 462 1557 520 effectibus
1581 461 1772 527 refert,
1803 475 1926 518 cum
1953 469 2008 516 et
2035 475 2172 531 prae-

572 540 732 620 ierita
761 540 914 617 tanto
934 560 1169 631 gratiora
1201 557 1467 613 habentur
1497 557 1550 611 in
1577 554 1784 623 verbis,
1817 562 2021 624 quanto
2043 568 2169 624 gra-

569 659 723 713 viora
749 656 1063 712 referuntur
1088 652 1141 708 in
1169 651 1341 722 gestis
1373 668 1389 709 :
1419 658 1474 705 et
1503 649 1703 719 futura,
1737 649 1865 704 dum
1893 646 2175 703 desidera-

572 749 705 805 bilia
732 745 950 802 fastidio
975 741 1327 815 praesentium
1357 742 1512 809 fiunt,
1545 754 1764 812 semper
1791 740 2019 797 meliora
2045 753 2172 795 cre-

574 840 778 896 duntur
805 856 819 892 :
846 836 984 907 ipsis
1017 843 1198 892 autem
1225 834 1590 905 praesentibus
1617 835 1778 906 212
1801 832 1871 888 ob
1895 831 2000 888 hoc
2023 830 2175 887 nulla

577 935 630 990 in
657 941 812 1005 parte
835 930 1178 988 miseriarum
1201 929 1347 998 justa
1364 927 1959 998 comparatiopdlriberi
1975 933 2170 996 potest,

575 1025 702 1098 quia
724 1023 895 1080 multo
918 1023 1122 1092 majore
1133 1021 1384 1079 molestia
1403 1019 1668 1088 afficiunt,
1681 1018 2178 1091 quantulacumque

575 1119 707 1187 sint,
732 1119 834 1175 ista
857 1134 978 1190 quae
999 1126 1148 1186 sunt,
1171 1133 1333 1189 quam
1355 1117 1468 1183 illa,
1493 1130 1613 1188 quae
1635 1115 1750 1172 sive
1771 1122 2044 1172 transacta
2062 1115 2179 1171 sive

576 1220 835 1278 ventura,
862 1212 969 1267 etsi
995 1226 1187 1283 magna
1215 1210 1490 1278 dicuntur,
1520 1210 1736 1265 interim
1758 1207 1780 1240 ⁸
1800 1208 2022 1264 omnino
2051 1215 2182 1262 tunc

579 1319 689 1360 non
715 1311 844 1360 sunt
871 1318 886 1356 :
911 1302 1078 1358 veluti
1103 1301 1147 1357 si
1169 1303 1290 1372 quis
1313 1301 1594 1357 nocturnis
1616 1299 1882 1369 pulicibus
1905 1298 2176 1364 titillatus,

580 1404 744 1468 atque
790 1409 860 1451 ex
907 1408 974 1450 eo
1019 1393 1214 1464 vigiliis
1256 1393 1480 1458 anxius,
1521 1392 1655 1448 alias
1695 1391 1866 1458 forte,
1913 1404 2048 1462 quas
2082 1388 2184 1446 ali-

582 1485 800 1560 quando
834 1501 907 1542 ex
951 1484 1350 1542 ardentissimis
1387 1483 1634 1540 febribus
1662 1482 1755 1538 diu
1783 1481 2066 1546 sustinuit,
2095 1481 2181 1536 vi-

2276 481 2377 522 nus
2407 465 2693 536 egrediens
2715 475 2984 523 nocturno
3005 465 3130 536 gelu
3156 465 3179 496 ⁸
3197 464 3503 520 lacunarum
3527 465 3674 522 dorsa
3691 468 3805 526 obri-

2273 559 2464 631 guisse
2505 557 2813 629 herbasque
2851 557 3163 614 incanuisse
3208 557 3365 630 213
3401 558 3732 628 prospiceret,
3765 573 3807 620 et

2276 651 2556 722 inepinato
2595 652 2715 707 visu
2755 650 3071 707 admonitus
3097 649 3326 718 diceret,
3357 649 3524 720 frigus
3546 662 3624 707 est
3646 652 3804 720 hodie;

2277 743 2368 801 hic
2393 744 2524 800 mihi
2555 759 2897 816 nequaquam
2919 741 3400 814 reprehendendus
3421 741 3693 810 videretur,
3711 748 3807 815 quia

2277 839 2298 872 ο
2330 837 2417 894 vel
2446 837 2722 894 communi
2752 851 2878 904 usu,
2908 837 2993 914 vel
3024 834 3248 906 proprio
3276 849 3440 891 sensu
3468 835 3662 891 locutus
3678 848 3805 894 esset.

2277 929 2348 986 At
2387 930 2434 985 si
2477 928 2719 1000 trepidus
2762 929 2818 985 in
2861 913 3178 985 cubiculum
3216 942 3536 996 recurrens,
3573 930 3810 1001 stratisque

2282 1023 2325 1055 ⁸ο
2349 1038 2472 1078 sese
2501 1022 2847 1092 adoperiens,
2877 1021 2964 1077 vel
2995 1021 3172 1092 magis
3201 1020 3428 1086 abdens,
3457 1021 3687 1077 clamaret
3709 1031 3807 1078 tan-

2281 1124 2394 1172 tum
2437 1115 2661 1170 omnino
2705 1114 2878 1184 frigus
2907 1127 3051 1179 esse,
3080 1121 3339 1184 quantum
3373 1127 3472 1168 nec
3497 1110 3548 1166 in
3581 1114 3810 1183 Apennino

2282 1206 2576 1278 aliquando
2605 1205 2790 1273 fuerit,
2826 1205 2868 1237 “
2899 1220 3026 1262 cum
3055 1203 3292 1261 Annibal
3317 1203 3642 1274 elephantos,
3659 1222 3806 1276 equos.

2284 1301 2684 1372 plurimamque
2719 1299 2994 1356 exercitus
3028 1299 3115 1354 sui
3158 1306 3390 1370 partem,
3423 1299 3621 1356 nivibus
3644 1299 3810 1357 clausus

2283 1407 2446 1471 atque
2474 1411 2772 1468 oppressus
2793 1396 3010 1462 amisit;
3035 1395 3184 1451 hunc
3204 1410 3308 1466 ego
3327 1395 3617 1466 puerilibus
3633 1393 3811 1451 licentiis

2286 1499 2662 1558 nauseantem,
2705 1504 2813 1546 non
2853 1488 3016 1544 modo
3055 1488 3328 1544 dicentem
3371 1486 3471 1542 ista
3507 1501 3608 1543 non
3640 1486 3808 1551 ferrem,

583 1581 742 1653 gilias
781 1579 1122 1647 recordetur,
1167 1579 1356 1649 procul
1388 1577 1554 1633 dubio
1596 1575 1966 1646 impatientius
1995 1575 2016 1607 ⁸
2045 1574 2187 1632 feret
2286 1581 2385 1640 sed
2411 1584 2576 1638 etiam
2602 1580 2671 1637 ab
2701 1579 2833 1651 ipsis
2861 1579 3071 1646 sil-aris,
3101 1579 3200 1637 om
3231 1579 3315 1634 sui
3350 1577 3591 1649 restibus,
3615 1578 3664 1633 in
3686 1592 3811 1648 pop“-

581 1674 812 1730 istarum
863 1670 1298 1743 inquietudinem
1324 1710 1340 1738 ,
1389 1685 1550 1740 quam
1593 1669 1806 1724 illarum
1848 1665 2185 1724 recordatio;

2288 1676 2400 1732 lum
2422 1675 2808 1747 publicumque
2833 1671 3211 1743 protraherem
3237 1691 3251 1726 :
3276 1673 3434 1742 eique
3456 1672 3590 1727 foras
3609 1671 3810 1742 producto

583 1779 734 1820 nem.
776 1763 883 1820 Sed
921 1763 1170 1834 quamvis
1208 1761 1351 1832 apud
1390 1759 1636 1816 omnium
1675 1772 1870 1814 sensus
1908 1772 2010 1828 pro
2031 1765 2188 1828 captu
2217 1763 2266 1824 Β
2294 1765 2528 1821 infantes
2568 1765 2621 1820 in
2667 1779 2735 1820 eo
2764 1775 2927 1835 atque
2965 1779 3036 1820 ex
3066 1779 3133 1820 eo
3159 1763 3292 1835 gelu
3321 1763 3582 1830 ludentes,
3613 1763 3812 1833 “jucun-

587 1869 897 1930 temporum
927 1859 998 1912 ita
1043 1855 1218 1912 videri
1254 1865 1420 1927 queat
1439 1896 1455 1921 ,
1487 1853 1748 1925 numquid
1778 1863 1960 1910 tamen
1989 1853 2190 1925 aliquis
2289 1857 2504 1922 dantes,
2537 1855 2902 1925 sudantesque
2946 1862 3343 1922 monstrarem;
3373 1863 3434 1912 ut
3459 1856 3668 1912 verbosa
3688 1870 3808 1925 nuga-

588 1951 811 2019 existet,
841 1948 936 2019 qui
962 1947 1048 2004 vel
1079 1949 1133 2004 in
1161 1948 1279 2018 ipsa
1308 1947 1582 2003 anxietate
1612 1947 1945 2016 pronuntiet,
1970 1944 2188 2016 gravio-
2293 1948 2428 2005 citas
2455 1947 2702 2004 delicatis
2724 1948 2915 2002 vitiata
2935 1948 3286 2004 nutrimentis
3309 1963 3415 2005 non
3439 1950 3491 2005 in
3511 1949 3812 2019 temporevio-

593 2056 686 2096 res
709 2040 921 2111 pulices
949 2054 1073 2096 esse
1101 2054 1264 2111 quam
1294 2038 1515 2094 febres?
1541 2046 1637 2094 aut
1660 2038 1910 2094 acerbius
1937 2037 2190 2109 accipiat,
2291 2041 2538 2106 lentiam,
2567 2039 2665 2096 sed
2694 2039 2748 2094 in
2777 2053 2838 2096 se
2864 2055 2987 2096 esse
3018 2040 3062 2072 ¹³
3087 2039 3377 2112 segnitiam
3402 2041 3663 2098 doceretur
3685 2058 3698 2098 :
3717 2051 3756 2096 et
3774 2041 3810 2095 in

590 2145 654 2187 se
681 2130 909 2201 vigilare
946 2144 1164 2198 sanum,
1191 2144 1354 2201 quam
1395 2129 1641 2184 dormire
1672 2143 1778 2183 non
1806 2128 2054 2199 potuisse
2078 2141 2195 2183 mo-
2294 2133 2703 2203 comparatione
2728 2147 2913 2189 rerum
2937 2131 3313 2203 diiudicanda,
3337 2148 3445 2190 non
3466 2135 3676 2202 majores
3692 2147 3812 2202 parra

592 2221 864 2277 riturum?
893 2221 1025 2290 Quae
1054 2235 1180 2276 cum
1221 2218 1298 2275 ita
1326 2221 1458 2288 sint,
1493 2219 1742 2279 delicatis
1771 2220 1889 2276 istis
1909 2229 1964 2276 et
1993 2234 2196 2290 queru—
2297 2226 2582 2293 tolerasse,
2611 2223 2708 2280 sed
2734 2239 2794 2280 se
2815 2239 2915 2280 nec
2949 2239 3111 2294 parva
3133 2225 3376 2282 tolerare
3400 2224 3444 2258 “
3462 2225 3703 2293 sufﬁcere,
3723 2237 3814 2294 pro-

595 2313 665 2371 lis
692 2315 894 2370 nostris
923 2321 1219 2385 utcumque
1247 2314 1511 2382 concedo,
1544 2325 1604 2370 ut
1629 2314 1766 2381 haec,
1798 2313 1996 2386 quibus
2027 2328 2191 2382 nunc,
2297 2317 2547 2373 baretur.
2587 2315 2743 2384 Quod
2781 2315 3092 2372 evidentius
3131 2315 3272 2387 ipsis
3311 2317 3364 2373 in
3394 2317 3679 2372 memoriam
3703 2328 3817 2370 revo-

594 2405 721 2478 quia
748 2403 829 2461 sic
866 2404 1110 2476 expedit,
1141 2405 1417 2461 interdum
1446 2406 1467 2438 °
1495 2405 1875 2474 admonemur,
1908 2403 2198 2463 sentiendo
2299 2411 2432 2467 Iutis
2458 2410 2860 2481 praeteritorum
2891 2408 3164 2478 cladibus,
3192 2409 3504 2480 approbabo
3529 2406 3692 2482 Pyrrhi
3711 2404 3816 2462 bello

595 2498 788 2569 gravia
817 2507 1033 2569 putent.
1065 2499 1087 2531 ⁷
1114 2498 1232 2555 Non
1264 2507 1444 2557 tamen
1474 2500 1742 2556 conniveo
1764 2509 1826 2556 ut
1854 2499 2019 2557 etiam
2048 2515 2199 2558 asse-

596 2598 726 2646 rant
751 2589 1119 2661 comparando
1152 2590 1424 2662 graviora.
1456 2591 1926 2660 Quemadmodum
1950 2592 1996 2649 si
2019 2593 2139 2664 quis
2164 2607 2197 2651 e

2303 2502 2355 2558 in
2397 2500 2609 2573 primis,
2653 2501 2796 2558 sicut
2837 2500 2974 2558 ordo
3011 2509 3119 2571 est,
3163 2502 3386 2576 prodito
3417 2520 3429 2559 :
3457 2501 3600 2574 cujus
3630 2513 3757 2558 causa
3775 2505 3815 2556 et

2302 2594 2457 2666 origo
2478 2595 2596 2651 haec
2617 2595 2736 2652 fuit.

1898 2723 2354 2784 HAVERCAMPI
2389 2725 2624 2785 ΝΟΤΛΕ.

603 2842 736 2896 duos
772 2838 1025 2910 scribunt
1055 2855 1200 2908 suos,
1242 2838 1369 2897 dein
1411 2838 1767 2896 consolaretur
1804 2852 1903 2910 pro
1940 2838 2198 2894 solaretur

600 2913 811 2984 primus
826 2926 903 2984 ex
925 2909 1146 2984 iisdem.

679 2985 734 3039 5.
763 2981 1146 3037 Diversissimis
1176 2981 1456 3050 effectibus.
1490 2980 1580 3037 Sic
1604 2981 1818 3038 restitui
1844 2995 1912 3038 ex
1941 2981 2195 3038 omnibus

543 3091 552 3102 ι
603 3068 742 3110 mss.
786 3061 948 3122 atque
989 3052 1114 3109 edd.
1157 3063 1284 3108 ante
1325 3052 1654 3120 Fabricium,
1707 3068 1882 3123 neque
1908 3053 2068 3107 video
2091 3068 2195 3123 cur

602 3125 697 3181 ille
743 3123 813 3180 de
857 3138 958 3179 suo
1002 3123 1256 3179 maluerit
1299 3125 1462 3180 edere
1502 3122 1865 3178 diversissimis
1903 3122 2190 3190 a/fectibus.

605 3196 740 3251 Nam
783 3194 982 3251 diversi
1027 3193 1252 3250 allectus
1291 3203 1421 3250 sunt
1455 3194 1611 3251 dolor
1649 3205 1704 3250 et
1743 3195 1998 3264 gaudium
2036 3207 2200 3264 atque

606 3266 841 3336 similia;
872 3266 971 3321 sed
994 3264 1196 3336 diversi
1217 3265 1444 3322 effectus
1469 3277 1617 3334 sunt,
1649 3280 1786 3336 quos
1809 3265 2076 3325 sentimus
2105 3281 2202 3320 an-

607 3335 942 3407 diendo__vel
987 3334 1243 3407 videndo,
1289 3337 1559 3407 sperando
1603 3334 1688 3407 vel
1731 3337 2036 3407 sentiendo,
2080 3351 2201 3404 qum

607 3406 770 3472 longe
815 3405 1094 3460 diversum
1141 3405 1346 3462 habent
1383 3409 1436 3462 in
1479 3406 1697 3460 homine
1735 3406 1987 3462 elI'ectum
2013 3448 2028 3472 ,
2074 3407 2204 3462 licet

612 3476 842 3531 multum
886 3475 1261 3544 magnitudine
1304 3493 1398 3532 sua
1439 3477 1771 3546 discrepent,
1801 3477 1882 3531 sic
1913 3486 1970 3530 ut
2001 3478 2199 3532 malum

609 3560 877 3615 praesens,
920 3546 1049 3601 licet
1086 3547 1363 3617 exiguum,
1394 3563 1519 3602 eum
1554 3548 1609 3601 in
1644 3547 1801 3603 nobis
1831 3548 2091 3602 sortiatur
2117 3548 2201 3603 ef-

609 3617 836 3686 fectum,
873 3626 928 3672 ut
967 3615 1200 3689 gravius
1229 3618 1466 3674 feramus
1497 3618 1549 3672 id
1576 3618 1773 3687 ipsum,
1805 3618 1930 3689 quia
1960 3633 2202 3688 praesens

610 3699 716 3754 est,
745 3703 905 3759 quam
948 3688 1200 3759 graviora
1242 3690 1346 3744 alia
1377 3689 1538 3753 mala,
1569 3689 1697 3759 quia
1725 3688 2089 3758 praeterierint
2114 3689 2201 3744 vel

605 3759 773 3832 longe
813 3761 1004 3816 abesse
1045 3759 1349 3817 videantur.
1383 3761 1487 3816 Pro
1524 3769 1645 3832 apte
1673 3761 1818 3832 ﬁcta,
1850 3777 2002 3816 meus
2032 3761 2202 3816 codex

607 3831 804 3901 scribit
826 3841 944 3901 apte
964 3832 1123 3886 dicta.
1319 3881 1324 3886 .

681 3902 737 3973 «ᾖ.
775 3900 1002 3973 Omnino
1032 3913 1154 3955 tunc
1184 3919 1284 3958 non
1314 3914 1456 3958 sunt.
1488 3902 1852 3958 Distinctione
1873 3911 1996 3973 apta
2022 3903 2202 3959 locum

609 3969 814 4038 adjuvi,
844 3974 935 4039 qui
963 3980 1122 4026 antea
1152 3983 1268 4027 erat
1291 3973 1596 4028 obscurior.
1621 3974 1680 4027 In
1709 3988 1830 4028 meo
1851 3969 1973 4028 co'd.
2001 3985 2055 4028 et
2074 3975 2199 4030 edd.

604 4039 834 4116 ἕρπεις.
883 4041 1040 4095 abest
1081 4051 1204 4116 tunc
1248 4058 1348 4116 pro
1388 4060 1497 4112 quo
1525 4051 1696 4098 tamen
1724 4055 1996 4113 reponunt
2025 4045 2200 4116 Lugd.

610 4110 756 4165 Batt.
787 4109 894 4164 duo
923 4126 1046 4166 cum
1075 4108 1214 4167 Coll.
1248 4108 1488 4169 Gronov.

685 4181 742 4256 ᾇ.
774 4177 826 4256 Ε
827 4191 951 4256 cret.
980 4181 1246 4256 Florentt.
1281 4193 1390 4240 tres
1417 4199 1544 4240 cum
1570 4183 1659 4256 ed.
1689 4185 1852 4254 Aug.,
1884 4186 2058 4256 ferret.

683 4253 737 4307 6.
770 4253 1142 4309 Admonemur.
1175 4254 1254 4311 Ita
1293 4270 1425 4313 mss.
1456 4265 1514 4312 et
1537 4255 1663 4312 edd.
1691 4253 1944 4315 meliores
1971 4257 2118 4315 Bols.
2150 4268 2207 4317 et

610 4323 849 4394 llittorp.
884 4341 1162 4380 movemur.

685 4395 742 4452 7.
771 4395 896 4473 Non
937 4405 1112 4473 tamen
1151 4398 1419 4473 conniveo.
1439 4398 1799 4473 _Sic_omnino
1825 4412 1911 4458 est
1937 4418 2205 4473 reponen-

611 4464 862 4545 dumLet_
881 4469 951 4522 ita
978 4467 1451 4545 sqiptumjnveni
1478 4472 1531 4545 in
1561 4471 1733 4545 Lugd.
1762 4472 1879 4545 Bal.
1905 4464 2101 4545 primo,
2123 4485 2206 4532 at-

610 4551 719 4615 que
745 4535 886 4615 Edd.
914 4554 999 4615 pr.
1020 4535 1197 4595 Paris.
1223 4539 1472 4615 venetis,
1492 4535 1718 4615 Bolsfet
1740 4535 1976 4615 Hittorp.
2005 4535 2204 4604 Verum
2233 4543 2282 4605 D

611 4608 1124 4683 Aug.__Fabricianae
1151 4621 1205 4683 et
1229 4612 1416 4667 ultima
1444 4608 1642 4680 Scotti,
1665 4608 2029 4683 reposuerunt
2058 4619 2204 4674 cohi-

611 4679 721 4734 beo.
760 4678 827 4734 Et
853 4694 984 4758 sane
1014 4682 1074 4758 id_
1093 4682 1318 4738 verbum
1350 4683 1404 4758 in
1437 4678 1710 4758 omnibus,
1732 4678 1913 4755 Lugd.
1946 4688 2086 4742 Batt.
2116 4707 2197 4758 pr.

610 4758 868 4830 excepto,
895 4751 1076 4807 inveni
1104 4767 1235 4830 mss.
1259 4769 1274 4820 ;
1303 4754 1401 4809 sed
1422 4754 1698 4830 affirmare
1719 4751 1914 4827 ausim,
1940 4751 2204 4830 neque'ab

609 4827 988 4902 auctorepsse
1009 4823 1332 4902 profectum,
1357 4836 1413 4880 et
1433 4826 1594 4902 plane
1618 4823 1918 4902 repugnare
1939 4823 2057 4899 ejus
2079 4846 2205 4888 scn-

609 4889 813 4971 tentiae.
846 4889 1036 4960 Immo,
1066 4909 1192 4971 cum
1220 4889 1450 4971 videant:
1466 4895 1521 4950 in
1521 4889 1910 4971 _vetustis'simo
1930 4889 2195 4971 omnium,

607 4967 872 5030 quotquot
910 4976 1060 5032 sunt,
1101 4966 1276 5022 Orosii
1310 4966 1473 5023 codd.
1518 4967 1669 5023 Flor.
1710 4983 1794 5038 pr.
1834 4969 1951 5027 sive
1979 4966 2196 5044 Longo;

608 5044 869 5112 bardico,
900 5050 1067 5106 scribi
1110 5049 1383 5118 con/liberi,
1433 5048 1612 5104 nullus
1656 5048 1876 5117 dubito,
1928 5049 2059 5118 quin
2102 5063 2202 5118 pro

600 5117 879 5241 ἷρὲηιὶυοο,
913 5128 970 5172 ut
997 5123 1258 5191 oportuit,
1291 5122 1420 5178 inde
1449 5120 1502 5176 in
1531 5120 1653 5176 aliis
1683 5118 1887 5177 factum
1917 5122 2079 5177 fuerit
2106 5117 2195 5179 co-

643 5205 660 5241 ι
697 5203 778 5241 eo.

643 5203 778 5243 1080.

679 5262 733 5317 8.
765 5260 1103 5338 Lacunarum
1133 5267 1309 5323 dorsa.
1335 5265 1393 5322 ln
1417 5265 1662 5338 Vulgatis
1683 5281 1744 5322 ea
1772 5276 1856 5322 est
1882 5267 2067 5336 lectio,
2093 5281 2198 5337 qua

603 5335 845 5409 ineptior
865 5335 922 5409 in
953 5335 1148 5392 Orosio
1176 5337 1266 5392 vix
1294 5335 1748 5409 reperiri'potest,
1777 5338 2029 5395 videlicet
2049 5335 2199 5394 lacu-

602 5405 809 5479 narium
840 5405 1018 5473 dorsa,
1050 5423 1174 5462 cum
1203 5405 1382 5464 tamen
1410 5405 1600 5465 omnes
1629 5423 1761 5463 mss.
1785 5425 1908 5464 cum
1934 5418 2201 5479 praestan-

603 5477 813 5532 tissima
842 5481 930 5532 tria
952 5481 1040 5534 ed.
1064 5479 1297 5550 August.
1321 5480 1616 5537 exhibeant
1638 5477 1964 5535 lacunarum.
1990 5481 2056 5534 Et
2079 5496 2200 5549 qua:

603 5563 790 5618 quasso
818 5560 946 5606 sunt
971 5551 1301 5606 lacunarium
1331 5552 1486 5606 dorsa
1506 5593 1520 5618 ,
1554 5557 1648 5606 aut
1677 5551 1950 5620 quomodo
1979 5550 2195 5621 aliquis,

607 5621 794 5675 stratis
832 5623 1126 5691 exsiliens,
1172 5633 1230 5680 et
1272 5624 1523 5679 cubiculo
1562 5621 1879 5692 egrediens,
1923 5622 2196 5679 lacunaria

608 5698 856 5766 spectare
901 5695 954 5750 in
999 5695 1100 5750 viis
1149 5703 1242 5751 aut
1286 5693 1744 5766 plateispotest?
1783 5693 1854 5766 At
1890 5693 2197 5766 lacunarum

606 5761 785 5827 δοντα»
824 5777 944 5834 (tua:
987 5777 1254 5825 nocturno
1289 5761 1608 5846 'obriguissc
1633 5764 1780 5842 gelu,
1814 5765 1970 5824 sicuti
1998 5765 2194 5824 herbas

2225 3159 2274 3224 C

2305 2842 2617 2899 incanuisse
2652 2842 2820 2905 videt.
2863 2852 2992 2899 sunt
3028 2843 3380 2901 summitates
3420 2859 3562 2914 aqua:
3586 2837 3815 2912 stagnantis

2301 2913 2392 2969 vel
2425 2915 2638 2980 pluviae,
2668 2930 2790 2984 qua:
2819 2915 2872 2970 in
2898 2915 3068 2971 foveis
3088 2916 3172 2970 vel
3199 2915 3254 2970 in
3280 2913 3682 2982 depressioribus
3700 2920 3814 2968 terra:

2302 2985 2548 3057 partibus
2585 2985 2862 3042 observari
2891 2987 3053 3045 solet.
3086 2986 3283 3057 Virgil.
3317 3004 3336 3042 ι
3363 2987 3552 3057 Georg.
3573 2985 3663 3040 εις

2430 3118 2715 3170 Praesertim
2737 3120 2942 3169 incertis
2965 3120 3007 3170 si
3031 3119 3290 3169 mensibus
3307 3121 3459 3170 amnis
3480 3117 3700 3169 abundans

2428 3180 2567 3242 Exit,
2596 3187 2649 3230 et
2665 3181 2875 3231 obducto
2898 3180 2999 3231 late
3020 3187 3161 3232 tenet
3183 3183 3350 3232 omnia
3368 3182 3479 3231 limo
3510 3196 3521 3231 :

2428 3241 2573 3293 Unde
2597 3255 2730 3295 cavtn
2751 3243 2921 3306 tepido
2941 3243 3119 3294 sudant
3134 3243 3349 3296 humore
3370 3243 3565 3294 lacunae.

2306 3368 2444 3424 Dum
2470 3381 2602 3442 vero
2631 3368 2788 3423 dorsa
2812 3369 3124 3442 lacunarum
3137 3367 3310 3442 dicit,
3345 3368 3629 3440 Virgilium,
3654 3379 3736 3442 non
3761 3368 3814 3442 ta-

2305 3454 2430 3494 men
2472 3440 2605 3493 satis
2631 3448 2778 3506 apte,
2810 3440 3073 3494 imitatur.
3105 3440 3240 3494 Nam
3277 3442 3325 3496 is
3353 3436 3552 3495 derisum
3575 3436 3706 3492 maris
3726 3436 3812 3501 qui-

2303 3511 2439 3585 dem
2457 3508 2745 3585 dixit,_se_d
2772 3509 2954 3585 phrasi
2979 3510 3209 3578 poetica,
3241 3511 3501 3585 nequedc
3521 3516 3812 3585 summaaqtn

2304 3580 2504 3644 maris,
2543 3579 2640 3634 sed
2667 3579 2750 3652 de
2784 3581 3073 3650 brevibus,
3104 3591 3162 3637 et
3195 3579 3466 3652 congestis
3489 3579 3812 3652 comp_:tcli5tl"t_3

2304 3653 2489 3722 iniquo
2516 3652 2634 3706 loco
2665 3650 3031 3724 intertluctus
3057 3648 3258 3718 arenis,
3295 3648 3484 3724 quibus
3509 3648 3810 3724 siinhzercant

2343 3721 2534 3794 uppes,
2578 3737 2741 3794 aegre,
2774 3721 2898 3794 nisi
2918 3733 3166 3778 crescant
3207 3721 3426 3793 fluetus,
3453 3721 3600 3779 avehi
3627 3721 3810 3791 possunt.

2354 3793 2513 3864 irgilii
2544 3791 2661 3849 loca
2691 3801 2818 3849 sunt
2835 3791 3049 3849 Aﬁneid.
3083 3809 3121 3863 ι,
3152 3795 3256 3850 1M
3284 3811 3299 3851 :

2429 3905 2640 3956 Dorsum
2663 3907 2876 3957 immane
2899 3907 3023 3956 mari
3040 3918 3251 3957 summo.

2305 4023 2359 4072 et
2385 4014 2690 4082 Aineidfx,
2723 4014 2852 4082 505,

2429 4126 2652 4192 Namque
2675 4128 2856 4179 inﬂicta
2874 4128 3027 4192 vadis,
3048 4127 3195 4181 dorso
3216 4130 3334 4180 dum
3356 4125 3534 4192 pendet
3551 4123 3706 4184 iniquo.

2379 4273 2432 4330 9.
2471 4273 2565 4328 Vel
2589 4274 2846 4329 communi
2878 4289 2992 4329 usu.
3041 4271 3182 4329 Cod.
3230 4272 3500 4345 Longob.._
3523 4265 3605 4345 uel
3631 4272 3806 4345 ϐοηθηιξξζ

2306 4346 2447 4417 nius.
2481 4345 2576 4401 Sic
2602 4361 2817 4416 quoque
2839 4345 2966 4417 legit
2987 4345 3124 4402 Coll.
3143 4332 3380 4401 Gronov:
3412 4340 3503 4399 sed
3530 4337 3639 4394 dein
3662 4332 3808 4400 repetil

2307 4416 2387 4471 vel
2413 4418 2673 4470 communi
2712 4433 2810 4471 usu
2839 4416 2960 4484 past
2994 4417 3210 4487 praprt'o
3238 4432 3412 4471 sensu.

2383 4488 2469 4542 10.
2496 4487 2627 4558 βεδε
2650 4478 3193 4558 adaperiens.'Lttgd.
3226 4487 3372 4543 Batt.
3398 4500 3503 4556 pr.,
3531 4482 3704 4551 quam,
3727 4478 3813 4523 cum

2307 4558 2445 4634 Coll.
2479 4557 2746 4634 G_ronov.,
2773 4575 2829 4634 se
2853 4557 3136 4634 adponens.
3244 4629 3278 4634 _
3498 4623 3531 4634 ,Α
3603 4604 3790 4634 ,μεως

2379 4606 3214 4702 {imili.i;.{5aing,5i;5.;ia..
3244 4629 3322 4684 De
3353 4606 3813 4702 transitutnnilﬁ'j‘

2305 4699 2620 4826 nltg‘liam,
2650 4712 2705 4757 Cl
2731 4686 3057 4756 detrimento
3086 4710 3311 4773 accepto
3354 4698 3554 4755 dicetur
3580 4686 3699 4745 intra
3721 4689 3811 4746 cap.

2385 4811 2396 4824 -
2476 4787 2598 4826 ABR.

2385 4811 2396 4824 .
2432 4787 2598 4826 FABR.

2379 4841 2468 4897 12.
2495 4841 2883 4914 Jucundantcs,
2903 4841 3263 4914 sudantesque.
3291 4831 3812 4914 Ιιιιιέηᾴαηξεεφιί-Ιεξις

2305 4896 2421 4970 tum
2449 4896 2708 4970 exhibent
2738 4896 3047 4979 tres’Lugd.
3073 4896 3216 4970 Bait.
3247 4927 3368 4969 cum
3392 4907 3524 4965 Coll.
3547 4896 3806 4981 ᾷτόρον;,⁴ξξ

2307 4961 2846 5040 ἱῐόὦὲἶίὶίἷιῖἱηὲὲῗ
2861 4961 3507 5056 εῐῆἷδῖἰυῖξίῐεᾶἧᾶἑιιῦὲέ.
3533 4977 3607 5056 At
3641 4971 3690 5056 in
3700 4961 3811 5056 *μηξρ

2305 5057 2465 5111 ictum
2490 5056 2690 5122 dantes,
2720 5056 2872 5125 quasi
2905 5054 3042 5126 pilas
3074 5044 3291 5111 ex'nive
3316 5055 3620 5119 compactos,
3644 5044 3811 5094 earum-

2305 5142 2411 5198 que
2438 5127 2634 5198 iaetum
2667 5127 2750 5182 vel
2797 5127 2962 5182 ictum
2995 5127 3247 5198 innttcret
3273 5127 3485 5180 Auctor.

2378 5184 2465 5272 μέ.
2497 5197 2918 5272 Segnitiant._lta
2963 5197 3145 5268 plural
3175 5211 3302 5254 mss.
3333 5207 3448 5252 cum
3477 5184 3585 5244 cod.

2305 5268 2549 5343 eﬂ'erunt
2570 5268 2665 5339 pro
2689 5269 2975 5343 segnitiem.
3208 5338 3248 5343 _
3271 5337 3284 5343 _
3307 5335 3320 5343 _
3450 5331 3462 5343 ο
3526 5341 3539 5343 _
3594 5330 3630 5343 Α.
3673 5311 3767 5343 nu:

2378 5317 3160 5413 ἱὲιῖξζςὰῖῇεὲἓὲζῷἓόὸὶινριην.
3197 5335 3344 5413 Edd.
3386 5331 3546 5413 prima
3571 5317 3806 5413 agiagi

2304 5421 2464 5480 atque
2477 5395 2721 5500 Venatus,
2749 5395 3068 5495 sufficienter
3092 5395 3806 5500 probarent.-Etnqlnoniimpﬂt

2303 5460 2399 5552 Ι)τᾶ
2431 5460 2826 5572 υπὸέίῖσετὲιιιιθ
2838 5460 2870 5536 ἐ
2899 5493 2944 5537 et
2975 5483 3030 5537 in
3053 5460 3448 5565 cngamﬁ‘me’
3469 5460 3804 5572 cigliLnFimﬂi'lii

2303 5539 2658 5626 sec._'scribit.
2692 5554 2906 5626 docere,
2937 5570 3052 5626 cum
3081 5564 3128 5607 et
3171 5539 3227 5606 in
3272 5565 3454 5626 compa
3482 5539 3805 5626 ,είξξίῖξξξξτηξξξξ

2300 5604 2470 5681 asia:
2481 5604 2720 5682 ismare
2738 5604 2906 5693 quasi
2929 5604 3157 5691 item},
3175 5604 3243 5679 et
3268 5604 3393 5677 dcin'
3414 5604 3694 5693 δξιίῇσξξρξν
3713 5604 3784 5693 ιζςῇ

2299 5673 2717 5761 ἱᾶιῗεῖ,”ἰόιῖὲί’
2741 5673 3242 5777 signasses
3272 5673 3388 5763 ego
3438 5673 3676 5750 vulgatam
3722 5673 3804 5719 non

2303 5776 2475 5825 muto.

3614 5169 3807 5245 Langob-
