4088 6170
297 169 404 232 869

1371 163 1848 230 illSTORlARUM
1886 163 2089 227 LIBER
2131 165 2224 226 IV.
2264 167 2423 228 CAP.
2461 165 2552 224 Vl.

3481 171 3588 230 870
3649 199 3662 214 -

297 308 608 382 plditatem.
637 305 738 364 Cui
779 306 859 363 rei
885 303 1181 362 consilium
1216 304 1356 361 utile
1398 313 1548 362 ratus
1576 314 1684 372 est,
1717 312 1778 360 ut
1817 303 1894 360 si—

2016 302 2174 359 )ellas
2202 301 2458 373 scriptas,
2485 300 2530 332 ³³
2550 307 2606 356 et
2628 307 2748 372 post
2771 314 2895 358 cera
2914 302 3231 374 superlitas,
3254 307 3591 372 enuntiabat.

302 401 526 460 mulatis
556 400 732 456 unica:
771 397 898 455 lilia:
933 397 1177 468 nuptiis,
1217 411 1411 453 omnes
1441 403 1725 454 senatores
1761 405 1900 466 quo-

300 508 423 551 rum
453 491 777 564 dignitatem
803 491 851 522 ’θ
871 489 1208 546 obstaturam
1241 488 1476 558 inceptis
1510 487 1623 542 suis
1661 486 1898 542 arbitra-

299 584 484 652 batur,
530 584 678 640 inter
726 580 922 653 pocula
966 595 1180 638 veneno
1226 588 1474 637 necaret.
1517 578 1649 646 Qua:
1688 593 1777 636 res
1802 593 1900 648 per

301 676 586 733 ministros
613 674 850 748 prodita,
881 676 1002 732 sine
1029 674 1240 731 ultione
1267 675 1434 730 vitata
1465 681 1572 740 est,
1598 686 1669 729 ne
1699 673 1752 728 in
1782 673 1899 729 viro

297 769 347 803 ³⁸
378 777 489 824 tam
522 767 736 839 potenti
761 767 882 838 plus
908 767 1111 840 negotii
1140 767 1341 824 faceret
1362 781 1454 823 res
1472 767 1712 837 cognita,
1736 781 1896 838 quam

303 863 561 933 cogitata.
599 861 713 918 Hoc
757 861 993 917 consilio
1045 861 1232 918 elusus
1263 861 1444 929 Anno,
1476 859 1585 916 alio
1621 860 1900 915 machina-

301 962 489 1010 mento
511 951 722 1009 facinus
759 951 984 1024 aggredi
1014 962 1196 1024 parat.
1220 951 1458 1010 Servitia
1482 948 1744 1019 concitat,
1780 951 1900 1022 qui-

301 1045 406 1102 bus
435 1052 662 1116 repentc
707 1044 986 1100 incautam
1016 1043 1207 1100 urbem
1239 1045 1591 1116 opprimeret.
1621 1042 1730 1099 Sed
1771 1057 1896 1099 cum

300 1147 431 1194 ante
467 1146 725 1194 statutam
747 1137 912 1208 228
931 1135 1174 1193 etedibus
1202 1135 1346 1192 diem
1363 1134 1649 1206 proditum
1677 1149 1737 1191 se
1761 1150 1900 1206 prte-

301 1236 641 1301 ventumque
672 1227 1055 1295 intellexisset,
1080 1229 1362 1284 castellum
1390 1227 1667 1299 quoddam
1700 1227 1744 1260 ³ο
1772 1243 1898 1285 cum

2004 394 2161 451 Hunc
2190 406 2410 451 mortuo
2439 393 2756 450 Alexandro
2785 393 3168 466 Carthaginem
3200 412 3508 469 reversum,
3543 401 3590 434 “

2000 490 2151 560 quasi
2185 489 2372 544 urbem
2420 488 2534 559 regi
2583 488 2948 556 venditasset,
2983 504 3090 544 non
3135 491 3349 560 ingrato
3379 502 3586 550 tantum

2000 583 2184 636 animo
2236 580 2594 636 verumetiam
2658 579 2871 636 crudeli
2933 580 3170 651 invidia,
3230 595 3586 642 necaverunt.

2001 673 2213 729 Deinde
2252 687 2375 728 cum
2415 672 2660 742 assidua,
2711 685 2814 727 nec
2853 687 3109 743 umquam
3150 674 3284 732 satis
3331 691 3593 748 prospera

2001 765 2261 820 adversus
2281 763 2502 821 Siculos
2527 764 2666 820 bella
2690 773 2966 835 gererent,
2998 773 3053 821 et
3073 764 3372 837 Syracusas
3399 770 3592 827 urbem

1999 859 2200 915 Sicilire
2218 868 2348 915 tunc
2368 859 2809 915 florentissimam
2839 857 3122 915 obsidione
3147 860 3471 932 cinxissent,
3495 879 3594 934 per

1998 949 2352 1022 Agathoclem
2378 949 2582 1006 Siciliae
2605 965 2786 1022 regem
2813 950 2950 1006 miro
2971 952 3326 1010 circumventi
3352 956 3590 1028 ingenio,

2000 1057 2174 1114 usque
2199 1042 2267 1098 ad
2297 1053 2540 1099 extrema
2583 1042 2984 1114 desperationis
3023 1043 3069 1076 ³⁵
3107 1045 3325 1103 adducti
3373 1058 3516 1104 sunt.
3547 1050 3594 1081 ³⁸

1998 1134 2243 1207 Namque
2264 1137 2614 1207 Agathocles,
2639 1151 2762 1192 cum
2792 1137 2934 1207 apud
2961 1135 3263 1209 Syracusas
3288 1156 3317 1195 a
3349 1141 3584 1198 Cartha-

1999 1227 2341 1298 giniensibus
2381 1229 2753 1296 obsideretur,
2793 1243 2858 1286 ac
2903 1246 2964 1286 se
2991 1247 3168 1303 neque
3213 1233 3357 1290 bello
3404 1250 3592 1305 parem

301 1322 494 1394 viginti
525 1322 772 1379 millibus
795 1336 1084 1378 servorum
1113 1333 1354 1379 armatus
1379 1331 1628 1393 occupat.
1661 1321 1737 1378 lbi
1768 1322 1898 1378 dum
2003 1317 2271 1375 instructu
2297 1321 2604 1390 copiarum,
2640 1337 2815 1392 neque
2843 1323 3008 1395 229
3037 1323 3344 1381 obsidionis
3380 1328 3592 1397 patien-

303 1413 468 1473 Afros
501 1430 796 1488 regemque
827 1415 1142 1472 Maurorum
1172 1415 1437 1484 concitat,
1469 1422 1662 1486 captus
1688 1423 1770 1470 est
1796 1431 1812 1474 :
1836 1430 1901 1471 ac
2004 1418 2112 1467 tem
2151 1411 2196 1443 ³⁷
2224 1411 2616 1482 stipendiorum
2662 1413 2986 1471 sufficientia
3029 1416 3270 1488 videret,
3299 1419 3437 1477 bene
3465 1435 3594 1492 pro-

303 1509 483 1582 primo
505 1509 673 1581 virgis
692 1523 898 1576 caesus,
920 1507 1118 1564 deinde
1144 1507 1359 1564 ell'ossis
1381 1507 1556 1564 oculis
1577 1515 1632 1562 et
1655 1505 1902 1563 manibus
2003 1501 2142 1570 viso,
2166 1517 2229 1559 ac
2250 1505 2445 1561 melius
2470 1505 2809 1562 dissimulato
2829 1508 3079 1578 consilio,
3111 1509 3165 1566 in
3189 1509 3429 1568 Africam
3460 1530 3585 1570 eum

304 1602 667 1673 cruribusque
696 1599 910 1666 fractis,
947 1599 1096 1656 velut
1129 1615 1160 1655 a
1192 1599 1420 1670 singulis
1452 1599 1710 1656 membris
1740 1613 1898 1668 poena
2003 1594 2243 1650 exercitu
2276 1592 2323 1628 ³⁸
2350 1596 2566 1665 transit,
2603 1597 2676 1654 ibi
2704 1600 2839 1667 suis,
2884 1601 3010 1671 quid
3058 1603 3334 1673 moliatur,
3380 1607 3593 1676 aperit:

304 1695 640 1765 exigeretur,
667 1692 722 1748 in
750 1703 1052 1762 conspectu
1080 1691 1260 1762 populi
1293 1697 1519 1747 necatus
1552 1699 1655 1746 est.
1684 1689 1898 1760 Corpus
1927 1691 1975 1752 B
2002 1683 2202 1742 deinde
2229 1686 2356 1757 quid
2391 1690 2529 1743 facto
2559 1703 2694 1759 opus
2733 1691 2838 1756 sit,
2868 1691 3047 1748 docet.
3075 1693 3226 1749 lllico
3265 1697 3598 1754 unanimiter

306 1786 636 1844 verberibus
659 1784 702 1816 ³⁸
737 1784 981 1840 lacerum
1018 1785 1170 1840 cruci
1199 1784 1474 1848 suffixum,
1519 1782 1616 1838 ﬁlii
1659 1782 1904 1853 cognati-

305 1893 421 1950 que
449 1891 642 1951 omnes
686 1875 956 1947 supplicio
987 1876 1170 1932 traditi
1196 1895 1208 1930 :
1232 1890 1303 1932 ne
1341 1874 1465 1945 quis
1501 1889 1627 1930 eum
1657 1873 1901 1943 ejusdem

301 1969 531 2026 familiae
558 1983 813 2039 umquam
857 1975 952 2023 aut
981 1967 1206 2032 imitari,
1251 1973 1347 2022 aut
1381 1965 1568 2022 ulcisci
1598 1964 1892 2022 meditare-

305 2069 412 2115 tur.
450 2060 576 2115 Περ
622 2059 952 2130 temporibus
1004 2056 1236 2129 Philippi
1264 2065 1412 2128 gesta
1452 2064 1599 2111 sunt.
1630 2055 1760 2112 Post
1786 2054 1904 2113 haec

307 2150 797 2222 Carthaginienses
819 2149 864 2182 ³²
886 2165 1011 2206 cum
1038 2149 1241 2222 Tyrum
1272 2149 1462 2206 urbem
1491 2159 1772 2206 auctorem
1802 2150 1903 2205 ori-

307 2244 454 2314 ginis
480 2258 626 2310 suae,
647 2242 716 2298 ab
742 2241 1056 2298 Alexandro
1083 2243 1280 2314 Magno
1307 2249 1521 2313 captam
1550 2257 1905 2314 eversamque

307 2335 652 2405 didicissent,
687 2335 949 2392 timentes
982 2336 1274 2392 transitum
1302 2334 1420 2407 ejus
1457 2335 1512 2390 in
1548 2334 1790 2391 Africam
1821 2334 1906 2390 fn-

311 2439 516 2498 turum,
557 2429 889 2486 Amilcarem
922 2429 1240 2500 quemdam,
1272 2437 1638 2500 cognomento
1681 2427 1903 2485 Rhoda-

311 2538 466 2591 num,
510 2521 687 2578 virum
736 2519 986 2577 facundia
1036 2521 1370 2593 solertiaque
1416 2521 1786 2592 prtecipuum,
1835 2519 1904 2576 ad

313 2612 745 2685 perscrutandos
786 2612 1083 2670 Alexandri
1113 2624 1267 2670 actus
1299 2614 1615 2669 direxerunt
1644 2632 1658 2670 :
1690 2613 1781 2685 qui
1809 2628 1906 2685 per

311 2709 729 2766 Parmenionem
775 2707 935 2780 quasi
975 2708 1251 2780 transfuga
1289 2716 1570 2778 exceptus,
1615 2705 1814 2764 dehinc
1849 2707 1901 2763 in

314 2803 561 2860 militiam
590 2801 733 2874 regis
762 2800 1056 2870 admissus,
1086 2802 1268 2858 omnia
1296 2800 1506 2859 civibus
1535 2799 1652 2857 suis
1691 2815 1790 2871 per
1817 2809 1901 2856 ta-

2005 1793 2174 1835 naves
2213 1780 2472 1850 primum,
2518 1781 2572 1836 in
2605 1783 2799 1853 quibus
2838 1800 3058 1855 venere,
3088 1785 3131 1821 ³⁹
3176 1787 3494 1859 incendunt,
3529 1807 3598 1850 ne

2003 1885 2107 1941 qua
2132 1884 2260 1940 spes
2288 1869 2590 1942 refugiendi
2613 1873 2774 1930 foret.
2802 1875 3010 1932 Dehinc
3039 1892 3162 1933 cum
3184 1882 3365 1935 omnia
3393 1884 3447 1938 in
3475 1899 3597 1955 qua:

2003 1962 2318 2032 direxisset,
2353 1975 2752 2036 prosterneret,
2787 1968 2944 2024 villas
2974 1971 3306 2043 castellaque
3337 1975 3597 2032 incende.

2005 2067 2119 2125 ret,
2161 2055 2208 2088 ⁸ο
2252 2059 2541 2113 Annonem
2572 2059 2865 2129 quemdam
2913 2077 3036 2117 cum
3085 2063 3308 2134 triginta
3361 2067 3598 2123 millibus

2007 2151 2300 2207 Poenorum
2341 2151 2386 2184 “
2417 2151 2634 2208 obvium
2667 2153 2882 2220 habuit;
2917 2169 3078 2226 quem
3121 2156 3168 2188 “
3215 2174 3340 2213 cum
3387 2158 3600 2217 duobus

2009 2243 2250 2299 millibus
2276 2259 2500 2299 suorum
2543 2244 2836 2301 interfecit.
2863 2247 2982 2316 lpse
3004 2259 3188 2304 autem
3219 2249 3360 2305 duos
3391 2261 3597 2310 tantum

2012 2334 2068 2390 in
2111 2350 2178 2390 eo
2217 2333 2361 2390 bello
2391 2333 2644 2406 perdidit.
2676 2336 2792 2405 Qua
2825 2352 2998 2409 pugna
3035 2347 3092 2394 et
3119 2339 3374 2396 Afrorum
3405 2343 3602 2401 animis

2013 2425 2413 2482 incredibiliter
2433 2425 2641 2494 fractis,
2658 2437 2713 2483 et
2733 2443 2956 2484 suorum
2980 2430 3033 2486 in
3054 2431 3379 2488 immensum
3403 2436 3600 2504 auctis,

2011 2519 2176 2576 urbes
2204 2519 2538 2591 castellaque
2569 2530 2879 2592 expugnat,
2922 2524 3130 2594 praedas
3175 2527 3419 2598 ingentes
3459 2531 3602 2602 agit,

2016 2610 2250 2666 hostium
2303 2611 2472 2667 multa
2518 2613 2686 2668 millia
2738 2612 2988 2670 trucidat.
3045 2614 3233 2673 Castra
3289 2618 3488 2677 deinde
3536 2623 3604 2678 ad

2004 2703 2255 2773 quintum
2281 2701 2518 2773 lapidem
2561 2717 2593 2758 a
2647 2704 2976 2776 Carthagine
3023 2709 3242 2777 statuit,
3297 2719 3355 2765 ut
3409 2712 3606 2769 damna

2005 2810 2190 2853 rerum
2222 2794 2757 2864 opulentissimarum
2787 2799 3254 2872 vastationemque
3275 2817 3528 2874 agrorum
3553 2817 3607 2861 et

1593 2912 2047 2972 liAVERCAMPl
2087 2910 2316 2968 ΝΟΤᾹΞ.

383 3010 494 3084 98.
523 3010 877 3084 Obstaturam.
919 3008 1256 3084 Conﬁrmant
1285 3009 1424 3084 hanc
1451 3009 1766 3084 lectionem,
1804 3024 1902 3079 pro
1929 3007 1976 3072 Ο
2031 3006 2281 3062 ultimum
2326 3005 2552 3062 verbum
2582 3005 2823 3078 reliquos
2867 3022 3000 3065 mss.
3036 3008 3251 3067 obsedit
3291 3028 3392 3084 pro
3429 3015 3608 3072 venui.

314 3099 421 3152 qua
444 3082 750 3154 obstiturum
779 3085 832 3138 in
854 3080 1178 3154 quibusdam
1206 3080 1368 3136 codd.
1395 3091 1455 3154 et
1476 3079 1603 3135 edd.
1633 3088 1737 3154 est,
1770 3094 1903 3154 mss.

316 3149 568 3224 Longob.
614 3163 669 3209 et
708 3149 1037 3209 vetusiiores
1067 3152 1182 3220 alii,
1213 3159 1274 3205 ut
1303 3160 1360 3207 et
1394 3151 1645 3224 Vincent.
1694 3149 1903 3206 Bellov.

316 3223 738 3295 hmc’excerpsit
768 3224 863 3277 lib.
898 3239 977 3288 tv,
1021 3238 1140 3292 cap.
1180 3224 1272 3295 95.
1299 3223 1655 3295 Quinctilian.
1685 3236 1748 3286 tt,
1781 3235 1904 3295 capt

322 3295 416 3362 12,
454 3291 844 3364 νὶάεοζὶηᾳιιὶε,
867 3291 1115 3364 quosdam
1133 3295 1184 3346 in
1209 3294 1321 3362 ipso
1347 3293 1522 3364 statim
1545 3291 1721 3346 limine
1746 3291 1910 3347 obsta-

321 3376 467 3421 turos
492 3365 642 3420 mihi.
673 3363 795 3420 nox
824 3363 984 3434 ceptis
1008 3365 1160 3419 Meus
1186 3379 1282 3434 pro
1313 3363 1546 3435 inceptis.

389 3437 484 3492 29.
525 3435 660 3490 Tam
687 3432 904 3506 potenti.
944 3435 1114 3490 Abest
1134 3432 1238 3506 vox
1268 3432 1446 3506 prima
1473 3448 1504 3489 a
1531 3432 1819 3506 Vincentio
1851 3439 1908 3490 et

315 3522 350 3563 a
377 3521 515 3562 mss.
547 3502 921 3572 Meo,'Periz.,
951 3507 1124 3561 tribus
1159 3502 1331 3576 Lugd.
1365 3505 1530 3571 Batt.,
1561 3502 1701 3576 Coll.
1735 3504 1908 3561 Gron.

318 3587 379 3634 et
418 3577 548 3634 edd.
591 3585 723 3633 vett.
757 3577 981 3647 aliquot.
1027 3576 1086 3631 In
1133 3575 1407 3648 plerisque
1446 3593 1513 3633 ex
1558 3575 1748 3632 iisdem
1787 3589 1912 3632 mox

325 3649 666 3704 constitutam
692 3662 792 3717 pro
827 3656 1097 3701 statutam.

391 3719 488 3775 '50.
529 3718 656 3791 (Iunt
678 3716 860 3791 uiginti
883 3717 1136 3772 millibus.
1159 3716 1216 3772 In
1239 3717 1328 3774 ed.
1351 3719 1486 3791 Aug.
1510 3733 1638 3773 xxtv
1661 3716 1910 3791 millibus.

322 3787 524 3872 Plures
567 3787 764 3873 deinde
793 3804 1265 3873 mss.,nservorum
1295 3787 1510 3870 armatis
1538 3789 1832 3860 occupavit,
1860 3795 1918 3843 et

323 3860 408 3916 sic
437 3875 656 3932 quoque
681 3859 936 3916 Vincent.
966 3859 1389 3916 Bellovacensis.
1452 3929 1466 3942 .
1533 3930 1544 3942 ο
1669 3859 1673 3860 ⁷

394 3933 487 3988 51.
527 3931 806 3986 Lucerum.
849 3929 989 3986 Edd.
1013 3930 1261 3996 quadam
1291 3945 1356 3985 ex
1388 3943 1598 3996 primis,
1631 3931 1918 3984 laceratum

394 3945 487 3988 or.
527 3945 806 3986 Lucerum.
849 3945 989 3986 nua.
1051 3945 1261 3985 uacuam
1291 3945 1356 3985 ex
1422 3945 1598 3996 nmis,
1631 3945 1918 3984 laceratum

323 4003 470 4128 fructi
507 4003 673 4073 ﬁxum
701 4011 800 4072 est,
832 4010 892 4057 ut
916 4010 972 4057 et
1005 3947 1258 4068 iiincent.
1302 3945 1512 4058 Beiiov.
1560 3999 1654 4072 qui
1697 3999 1920 4072 afﬁxam

349 4088 436 4128 eat
471 4111 485 4125 .

349 4088 485 4145 egit.

403 4141 671 4216 δεηςυτη
701 4142 894 4214 Tyrum
917 4142 1136 4216 urbem.
1159 4142 1236 4200 De
1265 4141 1402 4216 Tyri
1420 4143 1815 4216 expugnatione
1841 4141 1926 4197 di-

2012 3086 2192 3131 lasset.

2083 3148 2175 3203 55.
2219 3146 2447 3202 Adducti
2471 3159 2610 3202 sunt.
2654 3145 2726 3202 lta
2760 3149 2903 3204 malo
2929 3165 3051 3206 cum
3077 3167 3209 3208 mss.
3235 3153 3486 3211 omnibus
3514 3167 3601 3213 at-

2009 3233 2119 3288 que
2157 3216 2283 3301 edd.
2315 3219 2570 3286 vetustis,
2619 3235 2780 3290 quam
2827 3219 3007 3276 adacti
3037 3233 3177 3292 sunt,
3232 3227 3376 3296 quod
3408 3227 3612 3285 habent

2013 3299 2374 3345 recentiores.

2085 3360 2175 3433 ἕξεί.
2204 3359 2466 3433 _Namque
2491 3360 2818 3433 Agathocles.
2884 3362 3154 3420 Diodorus
3183 3366 3339 3424 initio
3378 3369 3500 3426 libri
3537 3387 3606 3427 xx

2021 3445 2051 3513 ξι
2091 3430 2252 3513 'l:r_oj_a
2315 3430 2472 3501 capta
2519 3430 2687 3503 usque
2735 3433 2803 3488 ad
2845 3435 3235 3513 profectionem
3287 3441 3606 3513 Agathoclis

2017 3503 2074 3557 in
2109 3501 2343 3557 Africam
2373 3501 2622 3559 numeral
2648 3519 2824 3559 annos
2844 3506 2972 3561 883.
3005 3507 3174 3564 Fann.

2058 3572 2174 3655 _57.
2217 3573 2607 3655 Stipendiorum
2635 3576 2967 3645 sufﬁcientia.
3003 3577 3105 3634 Ed.
3130 3582 3383 3652 Attgust.,
3409 3585 3609 3655 stipen-

2015 3644 2224 3698 diorum
2251 3643 2636 3712 sufﬁcientiam.

2089 3714 2179 3768 58.
2218 3712 2454 3785 _Transit.
2486 3713 2623 3785 Cod.
2659 3714 2902 3785 βοηθοὶ).
2934 3731 3055 3772 cum
3083 3717 3223 3784 Meo,
3257 3723 3484 3778 transiit.

2090 3785 2180 3840 39.
2208 3781 2520 3839 Incendunt.
2543 3781 2853 3841 Plurimiéx
2878 3801 3033 3853 mss.,
3050 3781 3388 3845 succendunt.
3409 3792 3609 3848 Justin.

2018 3854 2115 3940 lib.
2141 3868 2411 3979 1;.ll30ljlp.
2436 3854 2492 3925 6,
2515 3855 2777 3912 universas
2799 3873 2971 3926 naves,
2996 3861 3340 3917 consentiente
3365 3865 3611 3934 exercitu,

2018 3943 2164 3979 tncen
2205 3943 2221 3979 ι
2254 3943 2308 3979 iu
2344 3935 2413 3979 et.

2018 3935 2222 3981 incendi
2254 3935 2413 3981 iubet.

2225 3995 2493 4072 Annonem
2517 3997 2792 4072 quemdam
2819 4013 2937 4054 cum
2961 4001 3171 4072 triginta
3200 4003 3446 4061 millibus.
3488 4006 3616 4062 llaec

2021 4068 2254 4142 quidem
2273 4066 2347 4122 ita
2375 4066 2620 4125 Justinus
2657 4069 2797 4127 libro
2831 4086 2964 4142 xm.
2999 4066 3068 4128 A't
3103 4075 3367 4131 Diodorus
3393 4078 3606 4142 scribit,

2024 4154 2133 4194 non
2177 4139 2354 4194 solum
2405 4143 2720 4206 Annonem,
2770 4141 2866 4196 sed
2914 4153 2970 4198 et
3021 4143 3374 4202 Bomilcarem
3425 4139 3615 4204 contra

331 4223 484 4289 etum
514 4209 977 4289 libro__s_tiperiore
1021 4215 1199 4286 capite
1242 4209 1332 4271 £6:
1365 4209 1748 4289 Carthaginem
1777 4226 1924 4289 _vero
2025 4209 2373 4289 Agathoclem
2407 4212 2631 4266 missum
2655 4227 2785 4289 eum
2829 4215 3100 4289 exercitu,
3151 4217 3352 4289 inquo
3401 4221 3610 4289 pedites

329 4285 486 4356 Tyrii
529 4281 1156 4356 condiderunt,semper
1189 4295 1472 4356 parentum
1500 4281 1622 4342 loco
1661 4284 1814 4348 culti,
1846 4285 1927 4339 ait
2027 4295 2136 4356 non
2169 4281 2451 4356 pauciores
2498 4297 2564 4356 xr.
2597 4282 2856 4356 millibus,
2889 4281 3320 4356 equi‘tcsmille,
3361 4281 3617 4344 curruum

332 4353 564 4430 Curtius
605 4356 743 4430 libro
775 4372 848 4430 tv.
885 4355 1037 4430 Unde
1069 4353 1512 4430 Diodorus__libro
1535 4371 1676 4430 xvtt_,
1711 4371 1923 4430 ιίᾳρχη·

331 4425 538 4490 δονέους
566 4429 762 4504 τυρὶων
807 4427 1091 4503 ἀπογόνους
1116 4435 1292 4483 vocat.
1327 4426 1582 4497 Virgilius
1611 4425 1852 4495 IEneid.,

576 4560 706 4626 Urbs
727 4562 923 4626 antiqua
941 4559 1054 4624 fuit,
1077 4559 1210 4625 Tyrii
1234 4565 1446 4612 tenuere
1466 4560 1644 4626 coloni,

579 4623 1019 4687 Carthago.'Fssn.

400 4773 490 4828 53.
534 4770 741 4846 Etpost
758 4788 890 4846 cera
916 4773 1224 4846 superlitas.
1263 4770 1576 4846 _Calliditate
1609 4771 1799 4846 simili,
1822 4788 1928 4846 qua

337 4858 470 4900 usus
497 4843 731 4900 traditur
757 4845 1078 4900 Demaratus
1103 4843 1549 4900 Lacedaemonius
1569 4857 1718 4915 supr.
1743 4843 1925 4914 libin,

606 4985 743 5040 rbem
756 4986 892 5068 regi
905 4987 1233 5068 venditasset.
1272 4986 1495 5068 Sic_feci_
1521 5001 1586 5042 ex
1616 4985 1928 5068 uindicasset

333 5063 391 5112 et
437 5057 788 5128 ioendicasset.
837 5058 1024 5113 Simile
1052 5067 1135 5112 est
1166 5058 1307 5128 apud
1354 5058 1670 5128 Justinum,
1698 5057 1787 5128 ubi
1822 5059 1925 5113 hoc

333 5127 562 5199 verbum
598 5135 915 5199 usurpatur,
946 5143 1046 5198 pro
1074 5127 1388 5199 vendidisset
1415 5145 1436 5183 :
1462 5144 1562 5184 nec
1584 5127 1772 5184 dubito
1795 5129 1922 5198 quin

331 5197 496 5254 etiam
524 5197 777 5269 probabit
801 5197 989 5255 lector.
1025 5198 1432 5254 Lion—Male
1461 5200 1513 5253 in
1546 5199 1710 5255 editis
1738 5197 1919 5253 vendi-

331 5278 520 5334 cassct,
548 5283 672 5324 nam
696 5270 784 5326 vel
804 5271 1080 5338 indicasset
1109 5271 1192 5326 vel
1217 5271 1528 5325 venditasset
1566 5269 1917 5326 scribendum

334 5348 439 5410 est.
474 5339 630 5395 Patet
657 5354 727 5396 ex
768 5343 910 5395 notis
942 5341 1222 5410 Bongarsii
1269 5351 1324 5396 et
1356 5341 1680 5396 Bernecceri
1723 5342 1790 5395 ad
1821 5340 1917 5396 Ju-

334 5409 463 5465 stin.
489 5411 581 5466 lib.
608 5426 728 5483 xxi,
753 5425 873 5483 cap.
898 5412 952 5479 6,
978 5409 1118 5466 unde
1137 5410 1362 5483 Orosius
1382 5412 1701 5483 sua_hausit,
1718 5420 1920 5467 utrum-

335 5496 443 5551 que
466 5489 619 5536 recte
647 5481 774 5552 dici,
811 5481 910 5551 pro
935 5483 1181 5536 venalem
1207 5481 1422 5537 offerre.
1459 5481 1573 5551 Ego
1603 5484 1652 5535 in
1686 5491 1920 5552 quatuor

335 5553 498 5607 codd.
533 5551 704 5622 Lugd.
755 5553 898 5608 Batt.
930 5564 983 5608 et
1011 5553 1150 5608 Coll.
1201 5552 1440 5608 Gronov.
1473 5551 1750 5606 indicasset
1783 5553 1922 5608 scri-

339 5631 488 5692 ptum
517 5624 719 5679 inveni.
762 5623 867 5680 Sed
900 5624 988 5678 ed.
1035 5623 1266 5694 August.
1309 5633 1595 5694 utramque
1631 5623 1918 5678 lectionem

339 5697 772 5768 reprzcscntavit,
805 5694 975 5753 edens
997 5695 1280 5766 iudicasset
1307 5695 1395 5756 vel
1420 5694 1746 5768 vindicasset,
1775 5694 1921 5769 quod

1951 4393 2006 4456 D

2028 4351 2137 4406 duo
2168 4350 2335 4426 millia
2379 4350 2599 4417 fuerint,
2640 4350 3196 4426 quibusgAg'athocleﬁs
3223 4350 3477 4426 opposuit
3510 4358 3620 4426 pri-

2035 4437 2178 4477 mum
2199 4421 2370 4477 lilium
2398 4435 2552 4476 suum
2579 4421 2979 4492 Archagathum
3002 4440 3122 4479 cum
3145 4421 3354 4482 duobus
3381 4421 3621 4483 millibus

2036 4493 2273 4566 peditum
2325 4501 2380 4547 et
2422 4493 2730 4566 quingentis
2759 4493 2955 4566 deinde
3001 4494 3467 4566 Syracusanorum
3513 4499 3616 4553 tria

2035 4561 2199 4638 millia
2227 4578 2278 4629 ι..
2297 4571 2416 4638 _t_um
2441 4561 2753 4618 Grmeorum
2767 4563 2941 4638 _mi_l_lia
2966 4561 3089 4633 tria,
3101 4565 3446 4638 _totidemque
3469 4570 3624 4625 Sam-

2035 4633 2249 4699 nitium,
2297 4631 2648 4688 Etruscorum
2678 4643 2728 4689 et
2757 4631 3059 4690 Gallorum.
3079 4631 3374 4692 'Cecidisse'
3395 4638 3535 4694 idem
3565 4639 3620 4695 in

2034 4703 2227 4777 prtelio
2265 4703 2614 4777 ait,__Cr:ecos
2643 4702 2935 4777 ducentos,
2981 4705 3478 4777 Carthaginienses,
3513 4727 3620 4765 non

2032 4775 2265 4900 %mplius
2291 4774 2453 4844 mille,
2483 4779 2699 4830 tametsi
2731 4774 2950 4846 quidam
2979 4793 3068 4832 sex
3093 4774 3256 4834 millia
3280 4774 3622 4851 scripserint.

2079 4862 2200 4900 ABR.

2079 4862 2200 4901 ABR.

2100 4920 2192 4973 41.
2247 4916 2465 4988 ()bvium
2495 4915 2695 4971 habuit.
2716 4916 2854 4988 Cod.
2890 4917 3158 4988 Longoh.,
3191 4921 3390 4976 obuiam
3419 4920 3622 4978 habuit.

2099 4988 2212 5059 η.
2242 4987 2372 5042 Cum
2400 4987 2600 5041 duobus
2631 4987 2880 5044 millibus.
2925 4987 3083 5059 Apud
3125 4992 3430 5059 Justinum,
3475 4994 3622 5051 unde

2030 5057 2147 5131 haec
2185 5058 2486 5131 desumpta
2523 5068 2684 5131 sunt,
2718 5061 2819 5116 tria
2859 5057 3022 5115 millia
3075 5063 3303 5131 periisse
3345 5057 3618 5121 dicuntur.

2027 5109 2409 5214 ignaram;
2432 5109 3021 5214 a'in‘sjis.};.t;g;,j§:
3035 5109 3623 5214 δζὲεξεῑῖνᾱιξϊῑξςνῑ
3731 5109 3738 5120 ·

2025 5199 2201 5276 misso,
2233 5199 2335 5276 duo
2365 5200 2430 5252 de
2459 5199 2674 5276 Siculis,
2707 5202 2809 5256 tria
2840 5201 3006 5276 millia
3048 5203 3110 5256 de
3149 5199 3327 5276 Panis
3362 5223 3477 5259 cum
3509 5208 3620 5276 ipso

2027 5272 2159 5325 duce
2188 5270 2434 5343 cecidere.
2464 5269 2521 5343 l_d
2559 5285 2692 5343 vero
2717 5286 2937 5343 prorsus
2976 5272 3316 5340 incredibile,
3341 5277 3475 5330 duos
3506 5269 3624 5328 tan-

2027 5351 2161 5417 tum,
2192 5353 2286 5417 ut__
2305 5341 2414 5417 vult
2459 5340 2732 5417 Orosius,‘
2754 5343 2823 5398 de
2846 5344 3109 5417 exercitu
3140 5345 3450 5417 Agathoclis
3480 5345 3625 5417 ccci:

2028 5413 2196 5484 disse.
2244 5410 2398 5484 Unde
2441 5410 2686 5482 suspicor
2723 5413 2865 5484 apud
2910 5410 3366 5471 Justinnm'illud
3410 5414 3514 5468 duo
3553 5415 3621 5470 ad

2029 5481 2216 5548 millia,
2238 5482 2447 5556 jtidem
2497 5481 2574 5547 ut,
2616 5481 2775 5556 quod
2811 5487 3074 5554 sequitur,
3116 5487 3234 5556 tria,
3281 5485 3621 5556 referendum

2029 5568 2170 5626 esse.
2229 5551 2422 5608 Clades
2467 5551 2647 5626 autem
2698 5551 2987 5612 Pcenor'um
3038 5551 3195 5626 longe
3220 5551 3453 5626 igravior
3498 5554 3624 5626 fuit,

2029 5625 2172 5702 quod
2215 5640 2321 5679 non
2367 5625 2530 5702 modo
2555 5627 2730 5702 _multo
2773 5628 2978 5702 plures,
3011 5626 3108 5685 sed
3139 5625 3192 5684 ct
3221 5625 3394 5702 ipsum
3427 5626 3620 5686 ducent

2032 5695 2318 5755 Annonem
2349 5695 2653 5760 amiserint.
