4088 6170
299 123 404 184 865

1362 124 1838 185 lllSTORlARUll
1879 125 2083 184 LIBER
2112 126 2206 185 ιν.
2247 127 2400 185 CAP.
2445 126 2535 183 Vl.
2584 152 2586 154 τ

3484 129 3589 191 866

297 251 559 310 usurpare
583 238 605 270 ⁸
637 236 880 295 meditati
914 246 1077 308 sunt;
1111 247 1167 297 et
1195 239 1411 298 liberati
1440 244 1717 299 servitutis
1735 243 1888 315 jngo,
1920 254 1970 314 Α
1998 244 2157 299 iidem
2190 245 2505 317 scriptores,
2539 245 2818 318 proliosito
2859 245 2960 303 sibi
2993 247 3166 319 magis
3206 248 3464 306 laudandi
3497 267 3593 308 ne-

296 331 502 387 ambitu
552 331 942 389 dominationis
995 345 1284 404 arserunt;
1342 344 1397 391 et
1448 351 1584 407 quos
1638 335 1892 392 dominos

299 421 496 478 subditi
541 424 919 495 aequanimiter
967 424 1302 494 dilexeruttt,
1345 442 1441 484 eos
1479 427 1592 498 jam
1641 427 1819 491 liberi,
1871 428 1891 460 ⁷

297 515 439 587 quod
486 515 740 572 dominos
776 516 946 573 fuisse
977 521 1367 586 meminerant,
1399 519 1666 575 exsecrati
1697 529 1840 574 sunt.
1872 521 1894 551 ⁸

298 608 480 680 Itaque
523 613 907 680 conspirantes
957 612 1010 666 in
1063 612 1274 668 facinus
1318 613 1565 668 libertini
1626 616 1889 685 (quorum

295 711 438 755 tanta
469 715 661 756 manus
690 703 810 770 luit,
839 714 895 756 ut
924 703 1040 759 sine
1067 707 1442 761 controversia
1468 721 1601 760 ausu
1633 705 1888 776 pOtiren-

298 791 403 863 lur)
429 803 735 864 correptam
771 794 959 850 urbem
984 811 1086 852 suo
1109 805 1315 852 tantum
1346 799 1533 869 generi
1560 799 1836 854 vindicant
1875 818 1887 853 :

292 885 651 954 patrimonia,
682 889 1042 958 conjugiaque
1067 887 1413 945 dominorum
1461 891 1562 944 sibi
1598 906 1690 960 per
1714 892 1892 945 scelus

301 986 588 1047 usurpant,
620 987 868 1033 extorres
896 978 1146 1034 dominos
1179 981 1365 1050 procul
1395 981 1639 1052 abigunt,
1673 983 1761 1054 qui
1789 983 1892 1038 mi-

297 1069 435 1135 seri,
479 1071 694 1126 exsules
727 1080 1081 1142 egentesque,
1113 1072 1343 1129 Romam
1382 1073 1745 1130 deferuntur:
1791 1075 1889 1131 ubi

302 1167 574 1214 ostentata
605 1161 821 1215 miseria
853 1165 1182 1235 querelaque
1210 1163 1402 1220 deﬂeta
1430 1206 1445 1232 ,
1488 1180 1586 1235 per
1612 1167 1892 1222 Romano-

296 1265 420 1305 rum
449 1253 792 1308 severitatem
820 1261 878 1308 et
905 1254 1156 1311 vindicati
1185 1267 1314 1312 sunt
1343 1267 1398 1313 et
1438 1258 1697 1314 restituti.
1734 1263 1890 1315 Anno

297 1344 369 1398 ab
397 1341 543 1399 Urbe
569 1344 786 1400 condita
817 1361 1110 1404 ccccuxxt
1137 1352 1157 1382 ³
1189 1349 1492 1420 pestilentia
1524 1351 1715 1420 ingens
1744 1353 1891 1422 apud

295 1434 524 1489 Romam
567 1437 959 1518 conﬂagravit,
1006 1441 1162 1510 cujus
1200 1442 1541 1497 atrocitatem
1585 1445 1891 1513 signiﬁcare

282 1541 578 1586 contentus
603 1547 760 1603 sum,
791 1534 913 1602 quia
940 1533 1123 1589 verbis
1149 1535 1377 1605 implere
1407 1553 1516 1594 non
1548 1553 1792 1607 possum.
1827 1539 1884 1594 Si

1993 337 2172 410 gotio,
2205 348 2463 395 caverent
2492 341 2915 397 numerositates
2945 342 3288 399 miseriarum
3317 386 3333 413 ,
3362 359 3431 400 ne
3458 360 3585 402 eos-

1994 430 2115 486 dem
2143 471 2157 496 ,
2185 430 2380 502 quibus
2405 432 2520 486 hmc
2551 440 2605 487 et
2635 432 2701 487 de
2729 433 2929 503 quibus
2959 433 3344 490 scribebantur
3365 475 3380 500 ,
3414 434 3592 491 oll‘en-

1994 522 2204 588 derent,
2254 523 2640 595 auditoresque
2685 540 2814 580 suos
2865 527 3131 595 exemplis
3177 529 3578 599 praztcritorum

1995 625 2202 670 terrere
2225 619 2403 684 potius
2429 633 2589 687 quam
2622 617 2895 672 instruere
2923 619 3257 675 viderentur.
3287 620 3459 676 Porro
3487 637 3587 675 au-

1994 715 2103 762 tem
2137 724 2259 774 nos,
2292 709 2344 763 in
2369 710 2560 764 ultimo
2586 717 2891 782 temporum
2920 711 3109 782 positi,
3146 713 3286 767 mala
3313 713 3589 769 Romano-

1993 815 2111 853 rum
2139 799 2281 855 scire
2309 815 2414 854 non
2440 816 2748 871 possumus,
2783 802 2886 856 nisi
2913 816 3007 872 per
3032 817 3128 858 eos
3174 803 3264 874 qui
3296 805 3585 863 laudavere

1993 888 2289 945 Romanos.
2324 892 2400 946 Ex
2430 908 2535 963 quo
2569 893 2792 964 intelligi
2824 892 2983 948 datur
3011 903 3208 964 quanta
3239 897 3331 950 illa
3363 897 3585 966 fuerint,

1991 997 2110 1052 quae
2155 982 2334 1038 studio
2368 992 2596 1056 propter
2633 985 2916 1040 horrorem
2965 999 3213 1056 repressa
3259 997 3419 1055 sunt,
3463 1006 3584 1046 cum

1993 1085 2140 1131 tanta
2173 1077 2216 1108 ¹³
2243 1078 2612 1148 inveniantur,
2644 1095 2764 1151 quae
2795 1079 3030 1136 tenuiter
3053 1081 3194 1138 inter
3221 1081 3412 1140 laudes
3442 1100 3587 1141 ema-

1993 1186 2125 1228 nare
2156 1182 2473 1248 potuerunt.
2531 1173 2534 1178 ’

2602 1309 2836 1368 CAPUT
2889 1310 2974 1368 Π.

1994 1419 2076 1476 De
2115 1420 2620 1499 Carthaginiensium
2647 1423 2879 1499 origine,
2928 1424 3176 1499 pariaque
3209 1427 3442 1496 fortuna,
3487 1443 3590 1499 qua

2209 1493 2331 1548 ante
2353 1495 2542 1549 bellum
2573 1493 2830 1549 Punicum
2857 1493 3226 1562 printum'suut
3269 1499 3372 1554 usi.

278 1620 430 1677 enim
456 1622 691 1693 spatium
735 1627 996 1695 temporis
1025 1642 1133 1696 quo
1172 1628 1370 1707 mansit
1395 1629 1709 1700 inquiritur,
1741 1630 1881 1685 ultra
1916 1633 1966 1695 B
2064 1627 2134 1684 Et
2184 1628 2440 1700 quoniam
2501 1643 2568 1684 ex
2627 1628 2730 1684 boc
2789 1628 2900 1699 jam
2952 1629 3154 1685 Punica
3215 1630 3358 1686 bella
3405 1646 3584 1687 succe-

277 1715 566 1771 biennium
618 1717 882 1773 vastando
938 1729 1188 1790 porrecta
1243 1731 1360 1787 est;
1416 1723 1462 1776 si
1506 1723 1878 1795 depopulatio,

273 1823 446 1882 quam
478 1809 651 1878 egerit
677 1849 693 1878 ,
724 1824 922 1866 census
952 1810 1190 1866 indictus
1219 1822 1339 1879 est,
1367 1813 1458 1884 qui
1488 1829 1592 1869 non
1617 1825 1880 1885 quantum

274 1899 572 1979 hominum
597 1899 926 1970 deperisset,
957 1903 1052 1958 sed
1083 1916 1340 1974 quantum
1367 1905 1726 1976 superfuisset
1749 1953 1763 1978 ,
1797 1909 1882 1964 in-

271 1992 528 2060 quireret
559 2010 571 2044 :
617 1993 663 2046 si
695 1994 945 2049 violentia
977 2011 1081 2065 qua
1131 1996 1372 2052 all‘ecerit
1400 2042 1414 2067 ,
1456 1998 1703 2072 Sibyllini
1757 2002 1878 2059 libri

271 2088 458 2136 testes
497 2090 643 2148 sunt,
674 2085 764 2154 qui
795 2100 913 2141 eam
945 2087 1154 2143 etelesti
1193 2089 1271 2143 ira
1306 2089 1619 2161 impositam
1653 2109 1880 2168 respon-

268 2176 498 2258 derunt.
536 2175 578 2207 ¹⁰
623 2175 730 2233 Sed
764 2195 831 2234 ne
861 2196 1022 2251 quem
1064 2191 1270 2239 tentata
1316 2189 1600 2258 usurpatio
1639 2190 1876 2243 transla-

270 2256 446 2325 tionis
467 2269 706 2326 oﬂ'endat
729 2314 742 2339 ,
765 2276 908 2344 quod
931 2291 1051 2332 cum
1076 2276 1285 2350 Sibylla
1310 2256 1476 2334 iratos
1500 2279 1632 2336 deos
1653 2282 1876 2348 dixerit,

271 2380 379 2419 nos
394 2363 526 2417 iram
543 2365 818 2421 etelcstem
835 2366 1038 2424 dixisse
1055 2368 1782 2442 videatnurazhaudiatet
1798 2373 1879 2428 in-

270 2459 514 2531 telligat,
547 2461 692 2531 quod
724 2461 862 2528 hate,
894 2463 998 2518 etsi
1028 2463 1477 2534 plerumqueper
1507 2468 1681 2520 aerias
1717 2479 1877 2538 pote-

271 2563 457 2607 states
502 2557 666 2621 liunt,
711 2563 891 2609 tamen
939 2553 1057 2610 sine
1092 2556 1318 2611 arbitrio
1357 2559 1742 2627 omnipotentis
1779 2561 1876 2616 Dei

265 2645 499 2699 omnino
539 2660 646 2700 non
673 2645 828 2700 ﬁunt.
881 2646 1085 2702 Eodem
1126 2658 1368 2719 tempore
1413 2650 1452 2680 “
1491 2649 1830 2720 Capparonia
1855 2691 1871 2718 ,

265 2735 430 2807 virgo
467 2736 727 2804 Vestalis,
777 2740 967 2794 incesti
1009 2754 1123 2805 rea,
1174 2741 1469 2812 suspendio
1502 2745 1698 2812 periit:
1751 2760 1876 2802 cor-

264 2840 469 2900 ruptor
503 2831 622 2900 ejus
657 2832 972 2902 consciique
1002 2835 1170 2900 servi,
1205 2836 1468 2904 supplicio
1518 2837 1695 2894 allecti
1726 2848 1868 2896 sunt.

268 2922 425 2978 Ecce
448 2924 807 2978 continuatim
849 2942 969 2995 quae
1009 2939 1065 2981 et
1094 2937 1298 2997 quanta
1339 2944 1691 2986 numeramus
1738 2933 1874 2988 acci-

1989 1721 2144 1788 dunt,
2180 1737 2269 1776 res
2302 1722 2414 1788 ipsa
2445 1721 2640 1790 exigit;
2673 1730 2730 1776 ut
2772 1721 2838 1777 de
2865 1721 3194 1794 Carthagine
3218 1765 3231 1787 ,
3264 1740 3384 1796 qua:
3415 1727 3428 1756 ¹
3459 1734 3586 1780 ante

1988 1815 2181 1868 urbem
2224 1812 2451 1867 Romam
2509 1814 2530 1844 ¹
2571 1813 2709 1867 duos
2745 1821 2799 1869 et
2848 1816 3185 1885 septuaginta
3221 1817 3381 1888 225
3413 1831 3584 1872 annos

1986 1904 2008 1935 ³
2035 1905 2102 1958 ab
2128 1904 2271 1959 Elisa
2304 1903 2520 1960 condita
2549 1905 2841 1972 invenitur,
2869 1907 3094 1976 ejusque
3121 1907 3365 1962 cladibus
3395 1924 3460 1963 ac
3485 1909 3592 1964 do-'

1985 1999 2225 2054 mcsticis
2255 1999 2434 2068 malis,
2469 1997 2492 2030 "
2517 1998 2659 2055 sicut
2684 1999 2977 2070 Pompeius
3020 2000 3231 2072 Trogus
3259 2009 3315 2058 et
3341 2001 3587 2057 Justinus

1992 2091 2327 2163 exprimunt,
2379 2091 2464 2148 vel
2517 2106 2685 2163 pauca
2729 2091 3060 2147 referantur.
3111 2082 3587 2165 Carthaginienses

1990 2184 2011 2215 ⁵
2048 2183 2396 2240 vernaculum
2418 2194 2582 2254 atque
2605 2184 2917 2238 intestinum
2966 2199 3183 2253 semper
3208 2185 3350 2240 inter
3388 2201 3446 2241 se
3473 2200 3588 2239 ma-

1984 2279 2095 2332 lum
2125 2277 2365 2332 habuere
2396 2275 2725 2331 discordiam
2753 2292 2766 2331 :
2803 2290 2904 2346 qua
2939 2275 3227 2330 infeliciter
3253 2279 3584 2346 exagitante,

1992 2368 2138 2424 nulla
2171 2383 2424 2438 umquam
2457 2377 2702 2437 tempora
2739 2366 2823 2422 vel
2853 2365 2988 2421 loris
3010 2381 3292 2437 prospera,
3322 2368 3408 2421 vel
3440 2367 3586 2423 domi

1979 2464 2160 2534 quieta
2212 2462 2506 2518 duxerunt.
2557 2461 2665 2517 Sed
2691 2475 2814 2516 cum
2850 2460 2990 2514 inter
3018 2469 3216 2515 caetera
3246 2460 3389 2514 mala
3417 2461 3584 2516 etiam

1982 2554 2292 2629 pestilentia
2341 2554 2675 2620 laborarent,
2729 2551 3037 2607 homicidiis
3079 2567 3178 2622 pro
3221 2552 3475 2632 remediis
3503 2552 3584 2608 usi

1977 2661 2105 2711 sunt
2140 2669 2154 2705 :
2185 2647 2384 2721 quippe
2415 2646 2664 2703 homines
2688 2656 2746 2701 ut
2777 2646 3028 2702 victimas
3060 2645 3436 2712 immolabant,
3464 2646 3484 2676 ⁸
3513 2663 3587 2702 :e-

1979 2757 2256 2815 tatemque
2301 2743 2664 2813 impuberem,
2710 2755 2832 2812 quae
2879 2740 3045 2796 etiam
3091 2740 3328 2798 hostium
3372 2742 3585 2798 miseri-

1977 2841 2219 2894 cordiam
2252 2843 2596 2907 provocaret,
2647 2835 2758 2888 aris
2787 2833 3174 2890 admovebant.
3206 2835 3224 2867 ⁷
3257 2835 3333 2890 De
3359 2850 3470 2906 quo
3498 2849 3586 2892 sa-

1975 2950 2218 2996 crorum,
2245 2932 2412 3004 immo
2432 2928 2839 2998 sacrilegiorum
2862 2943 3064 2998 genere
3087 2929 3110 2961 ⁸
3142 2928 3270 2999 quid
3303 2929 3583 2999 potissime

265 3019 421 3073 disse
449 3017 607 3072 annis
646 3017 874 3090 singulis
919 3019 1176 3090 plurima,
1207 3022 1354 3078 inter
1379 3039 1516 3094 quos
1547 3036 1696 3082 certe
1745 3044 1869 3082 raro
1899 3012 1944 3075 C
1975 3022 2378 3081 discutiendum
2419 3022 2488 3076 sit
2528 3037 2633 3075 non
2667 3020 2901 3075 invenio.
2950 3020 3007 3074 Si
3036 3020 3183 3074 enim
3216 3024 3236 3054 ο
3270 3020 3581 3090 bujusmodi

265 3119 366 3166 aut
415 3125 552 3180 pene
580 3111 732 3167 nullo
772 3110 906 3168 nihil
939 3113 1097 3168 triste
1136 3114 1177 3146 ¹³
1211 3125 1447 3183 gestum.
1498 3116 1566 3170 Et
1596 3118 1700 3172 hoc
1745 3135 1866 3175 cum

1975 3121 2112 3175 ritus
2159 3115 2324 3185 aliqui
2367 3113 2645 3169 daemones
2683 3111 2978 3180 praecipere
3007 3115 3124 3166 ausi
3149 3121 3315 3180 sunt,
3349 3124 3405 3167 ut
3439 3127 3583 3168 mor-

1573 3234 2020 3294 HAVERCAMPI
2058 3231 2293 3293 NOTAE.

348 3319 404 3376 6.
449 3318 694 3400 Meditati
713 3331 836 3378 sunt
866 3339 886 3379 :
908 3323 1004 3380 Sic
1029 3339 1163 3381 mss.
1192 3335 1247 3381 et
1266 3326 1391 3383 edd.
1420 3327 1680 3384 meliores
1707 3344 1723 3384 :
1751 3331 1874 3400 qui-

266 3390 428 3456 dam,
455 3393 622 3448 moliti
650 3403 791 3448 sunt.

345 3463 400 3516 7.
435 3462 591 3528 Quod
621 3464 880 3520 dantinos.
909 3467 1142 3535 Elegans
1175 3468 1292 3523 hme
1331 3481 1416 3523 εει
1453 3469 1617 3523 lectio
1647 3470 1903 3528 ΙιἾοτοηε

265 3532 440 3614 liuor.
497 3535 656 3614 prirni
683 3548 759 3614 .ct
803 3539 978 3614 tertii,
1015 3532 1113 3607 pro
1156 3554 1259 3609 qua
1290 3541 1454 3614 vulgo
1499 3542 1714 3612 legitur,
1745 3561 1875 3614 quos

266 3604 532 3681 dominos.
580 3606 694 3660 Pati
728 3607 875 3681 enim
906 3604 1292 3681 non'poterant
1324 3604 1456 3665 illud
1490 3604 1733 3681 pristina:
1757 3604 1876 3669 ser-

276 3677 472 3731 vitutis
494 3687 621 3731 ante
652 3679 836 3750 oculos
864 3680 1244 3750 opprobrium,
1278 3693 1330 3737 et
1358 3677 1590 3738 oderant
1620 3686 1872 3740 benefac.

273 3754 430 3802 tores
453 3762 587 3817 suos
611 3749 755 3817 quod
785 3749 989 3805 domini
1023 3750 1272 3807 fuissent.

342 3817 408 3890 8.7
435 3816 459 3871 Ι
468 3827 618 3886 taque
632 3816 1018 3890 conspirantes.
1043 3823 1115 3875 De
1144 3822 1563 3879 Vulsiniensium
1587 3839 1872 3880 servorum

269 3886 595 3966 ins‘oleﬁutia,
619 3890 736 3966 lege
766 3886 1038 3966 Valerium
1066 3893 1160 3948 lib.
1189 3910 1266 3958 lx,
1299 3910 1419 3966 cap.
1453 3900 1502 3949 l.
1529 3897 1695 3952 FABR.

339 3957 394 4013 9.
433 3957 757 4034 Pestilentia
786 3965 991 4033 ingens.
1039 3965 1207 4030 llujns
1252 3957 1585 4034 pestilentiae
1626 3968 1875 4023 meminit

267 4027 609 4106 Augustinus
635 4031 705 4086 de
725 4027 959 4090 Civitate
992 4035 1085 4091 Dei
1113 4027 1212 4090 lib.
1235 4027 1314 4102 tit,
1352 4053 1472 4106 cap.
1509 4040 1599 4093 l7.
1633 4038 1802 4095 Fasn.

353 4103 446 4157 {0.
487 4102 592 4172 Sed
623 4119 686 4154 ne
717 4119 866 4172 quem
897 4113 1107 4160 tentata.
1142 4108 1268 4162 l-lmc
1301 4102 1462 4164 lectio
1497 4118 1580 4164 est
1623 4111 1674 4162 in
1715 4109 1878 4164 Gual-

279 4169 421 4226 theri
450 4171 610 4250 libro,
644 4169 818 4250 quam
834 4190 932 4230 nos
975 4177 1194 4250 rejectis
1224 4179 1308 4242 iis,
1343 4196 1462 4249 qua:
1491 4180 1652 4248 vulgo
1675 4182 1871 4250 legun-

273 4251 387 4307 tur,
413 4243 608 4310 cupide
637 4247 962 4313 recepimus.
1005 4247 1169 4302 FABR.
1198 4243 1536 4306 —ln'editis
1567 4243 1708 4313 erat,
1731 4243 1871 4314 Sed,

275 4328 342 4389 ne
381 4329 696 4389 Διμιιεηηιιξᾳιῃ
741 4318 890 4384 quasi
929 4323 1140 4372 tentatio
1201 4321 1552 4376 cavillationis
1603 4321 1871 4389 a/Tenrlat;

277 4383 332 4436 in
365 4385 506 4449 Aug.
530 4427 544 4450 ,
581 4384 686 4462 βαι
731 4383 1054 4462 tteauaquam
1080 4400 1409 4462 tempestate,
1443 4403 1590 4447 etc.:
1634 4383 1687 4445 in
1739 4383 1870 4446 mss.

271 4468 375 4530 pro
407 4457 624 4510 tentatio
654 4458 1005 4515 cavillationis
1030 4502 1044 4522 ,
1078 4457 1276 4530 legtiur
1303 4472 1507 4518 tentata:
1546 4464 1868 4529 violationis,

268 4525 358 4601 vel
407 4537 741 4601 tempestate,
775 4530 860 4583 vel
891 4540 1101 4585 tentatae
1124 4525 1466 4588 cavillationis
1494 4579 1507 4601 ,
1543 4542 1601 4588 ut
1621 4535 1674 4589 in
1701 4525 1874 4588 tribus

270 4593 542 4692 .
564 4598 653 4692 Εᾼιι
679 4597 872 4692 ἕρμξεὶ
892 4605 1366 4692 testlttttacavillatio
1387 4593 1641 4692 oﬂ'endat.
1667 4605 1875 4673 Quibus
1906 4635 1950 4692 ι)

269 4666 530 4743 omnibus
560 4667 937 4743 Fabrieianam
969 4672 1264 4727 lectionem
1294 4666 1554 4743 praeiere.

344 4739 437 4792 11.
468 4737 824 4813 Capparania.
851 4741 909 4796 ln
934 4743 1087 4798 libris
1115 4737 1330 4813 scriptis
1358 4757 1464 4813 est,
1486 4747 1872 4813 Capparronia.

271 4805 438 4931 fatua.
472 4805 553 4849 -⁷
572 4810 744 4880 Lugd.
775 4810 897 4867 Bal.
927 4829 1039 4884 pr.,
1080 4805 1240 4887 capta'
1273 4805 1509 4871 Romana
1546 4805 1691 4888 uirgo
1745 4817 1873 4871 Ves-

298 4895 326 4930 a
351 4895 418 4931 η.

271 4887 418 4932 talis.

348 4948 434 5022 12.
461 4948 703 5022 Gestum.
735 4951 927 5008 Nullus
969 4971 1035 5011 ex
1080 4971 1213 5012 mss.
1243 4957 1542 5014 clausulam
1589 4967 1682 5022 est,
1714 4972 1876 5022 quam

273 5019 470 5100 79'8"“
503 5021 789 5100 adjiCilgttt,
819 5028 1089 5100 agnoscit,
1116 5039 1173 5082 ut
1206 5044 1309 5100 nec
1329 5030 1420 5085 ed.
1453 5019 1682 5100 August.
1717 5019 1876 5082 Nihil

271 5091 418 5169 triste
443 5092 822 5169 gestumdicit,
854 5091 1112 5169 videlicet
1143 5099 1381 5169 publice,
1418 5091 1568 5154 nullo
1600 5100 1763 5154 bello.

349 5160 521 5242 εδει
508 5160 837 5242 nveniantur.
872 5166 1021 5242 Flor.
1051 5160 1295 5238 pr.'cum
1341 5160 1431 5226 ed.
1464 5173 1604 5242 Aug.
1652 5179 1711 5226 ct
1740 5185 1872 5224 mss.

277 5230 448 5357 Lugd.
483 5233 602 5286 Bat.
634 5243 789 5303 terl.,
820 5230 1167 5295 inueniuntur.

392 5319 479 5357 AP.
518 5303 604 5357 VI.
637 5334 708 5346 --
740 5307 791 5357 1.
825 5309 956 5357 Ante
982 5311 1160 5357 urbem

392 5319 479 5359 se.
518 5303 604 5358 Vl.
637 5307 956 5382 --‘l._Ante
982 5311 1160 5366 urbem
1192 5313 1409 5367 Romam
1436 5313 1570 5368 duos
1597 5321 1648 5366 et
1673 5324 1880 5382 septua-

278 5374 632 5455 gintaannos.
672 5374 1040 5455 Sic‘Justinus
1086 5384 1206 5438 libr.
1243 5400 1376 5439 xvm
1420 5374 1875 5455 deCartltagine;

278 5443 495 5523 Cendita
517 5457 590 5523 est
615 5446 864 5523 urbslucc
887 5451 956 5508 7‘2
981 5455 1134 5508 annis
1151 5465 1270 5509 ante
1299 5472 1450 5523 quam
1480 5454 1668 5508 Roma.
1692 5443 1749 5509 lii
1789 5443 1878 5509 Li:-

276 5516 434 5596 viana
454 5515 700 5596 Epitonte
721 5518 844 5574 libr.
870 5539 998 5577 xxxt
1023 5524 1248 5595 legimus
1268 5515 1647 5596 Carthaginem
1668 5535 1879 5592 captam

279 5588 765 5668 septingentesimo
793 5605 937 5668 anno
969 5588 1253 5665 postquam
1298 5609 1416 5652 crat
1444 5588 1682 5653 cBndita.
1725 5588 1882 5651 Unde

280 5668 406 5714 cum
453 5657 640 5729 Scipio
679 5657 1062 5735 Carthaginem
1109 5657 1510 5740 expugnaverit
1546 5683 1640 5725 an.
1697 5668 1766 5724 ab
1816 5668 1884 5727 υ.

1984 3345 2035 3386 c.
2075 3341 2236 3389 ncvtt,
2269 3323 2484 3381 condita
2530 3330 2656 3378 ante
2699 3321 2927 3378 Romam
2966 3319 3124 3378 annis
3169 3320 3238 3378 95
3283 3319 3578 3392 invenitur,

1984 3403 2081 3457 Sed
2114 3402 2166 3453 in
2198 3396 2414 3452 Eusebii
2439 3393 2721 3454 Chronico
2741 3393 3012 3462 Carthago
3040 3392 3255 3448 condita
3288 3403 3413 3449 ante
3444 3394 3581 3450 Tm-

1977 3472 2088 3540 jam
2113 3479 2327 3540 captam
2367 3465 2526 3540 annis
2556 3464 2669 3540 [ere
2698 3466 2775 3540 Ml
2797 3465 3081 3540 reperitur.
3111 3465 3384 3540 Appianus
3412 3465 3579 3538 Lihy-

1979 3535 2098 3596 eam
2129 3535 2245 3594 sive
2272 3535 2718 3612 Carthaginians.
2763 3536 3046 3612 historiam
3080 3535 3158 3612 sic
3187 3537 3419 3604 orditur,
3453 3535 3584 3612 stap-

1981 3611 2182 3686 χηδόνα
2205 3616 2294 3670 τὴν
2333 3613 2384 3665 ἐν
2430 3609 2840 3694 Λιϐύῃηψοίνικες
2871 3605 3063 3679 ᾤκισαν
3091 3605 3229 3663 ἔτεσι
3268 3605 3582 3694 usurpator-rat

1979 3677 2082 3760 ἇῖρὸ
2125 3683 2362 3741 ἁλώσεως
2389 3677 2970 3756 ’1λίου.’6ανι1ρα9ἱηέῃι,
3014 3693 3131 3743 qua:
3160 3684 3232 3758 est
3281 3679 3336 3729 in
3377 3680 3582 3746 Africa,

1982 3754 2249 3808 Phoenices
2295 3751 2641 3805 condiderunt
2685 3749 2836 3801 annis
2874 3745 2945 3800 50
2992 3757 3112 3799 ante
3146 3744 3308 3800 litum
3347 3757 3580 3815 captum.

1980 3824 2144 3879 Fann.
3024 3870 3027 3871 ν

2051 3896 2102 3948 2.
2139 3894 2283 3948 Duos
2311 3903 2357 3946 et
2383 3891 2731 3963 septuaginta.
2768 3889 3156 3963 Floren_tt._pr.
3189 3895 3246 3963 et
3271 3894 3425 3963 te_r_t.,
3474 3889 3579 3944 duo

1978 3977 2024 4021 et
2055 3965 2417 4036 septuaginta;
2440 3957 2503 4018 et
2546 3957 2625 4017 sic
2656 3977 2873 4034 quoque
2907 3961 3158 4030 primitus
3211 3959 3266 4014 in
3307 3957 3458 4016 Flor.
3487 3977 3580 4034 se-

1979 4040 2157 4094 cundo
2189 4038 2384 4090 fuerat.

2050 4112 2102 4164 5.
2131 4107 2206 4162 Ab
2239 4106 2404 4161 Eliso.
2437 4107 2568 4172 Quae
2600 4105 2735 4160 Dido
2763 4100 3152 4172 cognominata
3180 4099 3299 4166 fuit,
3337 4103 3579 4158 Οἱκισταὶ

1977 4179 2021 4236 δ’
2042 4182 2224 4244 αὐτῆς,
2257 4179 2433 4254 in‘qu‘it
2454 4178 2754 4254 Appianus,
2779 4177 3004 4254 iyéaovra
3025 4173 3197 4254 Ξῶρᾲς
3224 4193 3280 4229 τε
3300 4213 3314 4235 ,
3342 4177 3435 4254 uati
3455 4190 3586 4247 Καρ-

1976 4251 2176 4324 χηδὼν·
2203 4253 2272 4310 ὡς
2297 4247 2350 4302 δέ
2380 4247 2614 4324 ’[ξωμαῐοι
2638 4251 2720 4324 uati
2746 4247 2891 4301 αὐλεοὶ
2910 4247 3256 4324 ,Καρχηδόνιοι
3291 4247 3576 4324 νεμίζουσιη

1977 4313 2108 4395 ξιδὼ
2135 4327 2260 4395 γυνή
2300 4313 2504 4395 Topica:
2536 4319 2825 4395 conditores
2871 4313 3002 4384 ejus'
3028 4313 3258 4395 fuerunt
3297 4313 3477 4395 fi’orus
3532 4322 3579 4394 et

1978 4383 2300 4457 Care/aedon,
2335 4383 2424 4444 séu
2449 4383 2948 4465 utliomanitatquj
2978 4387 3110 4465 adeo
3125 4385 3259 4465 “ipsi
3291 4383 3576 4465 carthagi-

1977 4465 2179 4517 nienses
2224 4453 2438 4532 putant;
2489 4459 2626 4513 Dido
2678 4453 2871 4512 mulier
2903 4455 3084 4526 Tyria.
3125 4454 3287 4510 Plura
3321 4453 3580 4522 Virgilius

1976 4534 2074 4590 lib.
2107 4550 2121 4587 ι
2151 4530 2368 4605 [Eneid_.
2398 4530 2566 4605 Fami.
2631 4598 2674 4605 _
2892 4596 2923 4605 Α
3065 4593 3102 4605 η
3208 4594 3220 4605 ,

2048 4606 2102 4660 4.
2148 4605 2299 4658 Sicut
2328 4601 2608 4667 Pompeius
2630 4598 2854 4668 Trogus.
2886 4596 3020 4668 Qua!
3061 4593 3292 4649 Orosius
3321 4595 3439 4668 hoc
3481 4609 3578 4668 _ca-

1983 4675 2095 4745 pite
2121 4675 2189 4729 de
2218 4665 2764 4745 Carthaginiensibus
2789 4667 3005 4745 scribit,
3047 4680 3114 4745 ea
3147 4665 3443 4745 suntapud
3473 4665 3572 4721 Ju-

1980 4736 2182 4801 stinum
2213 4760 2280 4798 ex
2317 4736 2502 4812 Trogo
2533 4742 2675 4796 libro
2706 4755 2860 4812 xvttt,
2893 4747 2945 4792 et
2973 4737 3252 4812 deinceps.
3287 4736 3454 4812 Facit.

2053 4816 2106 4871 5.
2156 4807 2870 4889 Vernaculu'mslsngd.‘Bat.
2903 4825 2986 4878 pr.
3016 4815 3075 4889 et
3117 4807 3247 4889 edd.
3295 4808 3576 4878 quaedam,

1980 4888 2116 4942 velut
2137 4887 2504 4962 vernaculnnn
2523 4885 2652 4962 Mox_
2790 4881 2961 4948 Aug.,
2993 4880 3302 4962 discordias;
3397 4949 3411 4962 .
3460 4949 3472 4960 .

2053 4963 2105 5014 b'.
2130 4957 2466 5024 zEtatemque
2488 4953 2686 5025 impub.
2711 4953 3129 5025 Consueverant
3157 4949 3578 5025 Carthaginien-

1981 5044 2070 5084 ses
2111 5031 2348 5085 Saturno
2383 5021 2874 5093 prrestantissimos
2926 5021 3074 5093 [ilics
3097 5021 3574 5093 _suos_immol_are,

1979 5109 2210 5156 auctore
2243 5091 2478 5153 Diodoro
2509 5097 2653 5151 libro
2684 5111 2774 5150 xx.
2804 5092 3048 5148 Fasn.—
3065 5091 3192 5147 Mss.
3224 5091 3401 5162 Lugd.
3440 5091 3580 5146 Rau.

1981 5187 2106 5226 cum
2147 5169 2287 5225 Coll.
2323 5169 2590 5233 Gronov.,
2649 5175 2898 5235 tetateque
2958 5163 3274 5235 impuberes,
3339 5180 3454 5234 qua:
3502 5179 3582 5216 res

1981 5244 2156 5296 etiam.
2184 5250 2292 5296 etc.

2056 5282 2344 5383 ’ᾖξε-ξίιο
2370 5324 2657 5366 sacrorum.
2676 5306 2780 5362 Ed.
2802 5307 2939 5376 Aug.
2970 5306 3034 5360 de
3053 5322 3155 5377 quo
3179 5303 3575 5373 sacriﬁciorum.

1985 5384 2085 5440 Ms.
2118 5399 2292 5450 meus,
2319 5383 2383 5436 de
2419 5395 2952 5454 quprunt_sacrorum,
2982 5389 3092 5432 etc.
3200 5446 3212 5454 _
3413 5444 3424 5454 ν

2057 5457 2112 5510 8.
2148 5443 2290 5520 Quid
2313 5443 2594 5525 potissime.
2637 5449 2716 5505 lta
2738 5443 3092 5507 omnes'mss.
3129 5446 3306 5515 vulgo,
3337 5443 3462 5514 quid
3485 5461 3582 5513 po-

1984 5527 2259 5582 tissimum.
2923 5537 2933 5556 ‘

2061 5598 2118 5655 9.
2154 5595 2476 5668 Huiusmodi
2494 5596 2646 5659 ritus,
2672 5602 2779 5668 etc.
2801 5591 2970 5668 Inped.
2998 5592 3137 5662 Aug.
3166 5585 3573 5668 legitur/injus-

1992 5669 2136 5727 modi
2167 5665 2296 5726 ritis.
2327 5666 2488 5728 Unde
2534 5667 2790 5740 suspicor
2843 5665 2938 5721 illa
2990 5676 3112 5733 quae
3147 5665 3479 5732 sequuntur,
3515 5665 3576 5712 in
