4088 6170
317 203 426 262 875
1369 201 1837 267 1-118ΤΟΗ1ΔΒυΜ
1876 205 1942 272 Ll

2053 208 2081 265 1
2119 205 2212 266 ιν.
2253 207 2407 266 CAP.
2452 207 2564 266 V'll.
3503 209 3609 270 874

316 322 560 390 videant,
608 335 733 379 cum
771 329 953 380 tamen
984 323 1035 380 id
1067 325 1211 397 quod
1243 335 1348 393 est,
1384 327 1460 382 ita
1483 337 1542 382 ut
1574 336 1682 392 est,
1721 327 1910 384 videre
1937 331 1989 393 Α
2014 344 2119 401 que
2139 328 2884 401 superavit,utipse‘quoque
2913 343 3229 399 rex,rerum
3249 332 3621 400 magnitudine

319 431 430 471 non
454 415 500 447 ⁸⁵
528 415 774 486 possint:
820 417 911 486 qui
937 419 1187 489 graviora
1203 419 1545 476 arbitrantur
1572 419 1780 490 ﬂagella
1815 435 1914 491 pa-
2019 423 2363 494 perterritus,
2392 431 2517 478 ante
2541 437 2601 478 se
2625 421 2826 476 victum
2856 437 3020 493 quam
3035 435 3387 493 congressum
3408 431 3428 460 ⁷
3447 422 3619 480 fuisse

320 507 425 562 tris
466 522 628 578 quam
679 507 850 564 hostis
892 509 1140 566 incendia
1170 513 1300 582 :qui
1351 511 1688 568 acerbiorem
1721 522 1919 568 vocant

320 597 712 667 blandientem,
761 601 1172 673 admonentem,
1221 613 1277 660 et
1321 605 1679 661 reditncntem
1720 605 1916 674 Deum,

321 705 481 761 quam
513 705 954 764 persequentem,
983 695 1384 764 dominantem,
1445 697 1920 767 trucidantemque

319 781 613 839 diabolum.
649 785 986 857 Quamquam
1017 788 1064 842 si
1091 788 1160 844 de
1203 798 1355 858 patre
1399 788 1798 860 intelligerent,
1851 788 1920 844 de

321 877 682 947 castigatione
719 880 1137 949 gauderent:et
1184 884 1229 937 si
1273 882 1670 952 prmviderctur
1712 882 1920 938 fructus

323 970 674 1038 eruditionis,
706 983 851 1028 esset
871 972 1160 1045 disciplina
1185 974 1488 1030 tolerabilis
1530 989 1545 1029 :
1595 989 1660 1029 ac
1697 984 1922 1044 propter

323 1079 500 1134 spem,
532 1080 653 1136 qua:
681 1080 822 1120 nunc
851 1068 1109 1137 gentibus
1134 1068 1255 1124 data
1285 1078 1392 1134 est,
1426 1076 1585 1125 antea
1634 1083 1764 1125 vero
1814 1082 1922 1123 non

2020 515 2320 587 prodiderit
2353 516 2482 586 :qui
2519 513 2542 546 ⁸
2583 515 2730 581 exin,
2766 513 2953 570 fractis
2979 514 3186 569 viribus
3222 514 3529 585 amissaque
3559 517 3625 570 Ιί-

2020 606 2199 672 ducia,
2246 606 2407 678 233
2450 621 2573 662 cum
2615 619 2808 676 pacem
2849 605 3073 675 supplex
3106 615 3341 676 rogaret,
3373 604 3626 662 ducentis

2024 697 2238 768 argenti
2275 698 2496 752 talentis
2533 697 2686 768 jussu
2727 697 3009 752 consulum
3041 697 3358 764 mulctatus,
3390 700 3623 770 accepit.

2023 793 2044 825 ⁹
2095 789 2359 846 Consules
2383 789 2427 823 ¹⁰
2451 789 2821 861 Agrigentum,
2849 786 3049 843 Siciliae
3089 789 3392 856 civitatem,
3446 789 3628 861 ibique

2025 880 2282 953 praesidia
2330 880 2664 948 Poenorum,
2714 879 2971 950 operibus
3021 879 3267 948 valloque
3305 880 3626 940 cinxerunt.

2023 976 2273 1046 Cumque
2311 975 2556 1031 inclusus
2597 989 2658 1030 ea
2699 973 2985 1029 obsidione
3024 973 3212 1028 senior
3240 961 3505 1039 Annibal,
3530 977 3630 1031 im-

2024 1076 2245 1141 perator
2286 1068 2603 1136 Ptenorum,
2637 1066 2703 1122 ad
2745 1080 3014 1122 summam
3047 1072 3346 1135 egestatem
3380 1066 3631 1124 redactus

325 1156 520 1223 fuerat,
549 1157 752 1212 leviora
799 1157 1084 1227 ducerent,
1117 1160 1224 1216 etsi
1265 1160 1513 1230 graviora
1564 1168 1920 1231 paterentur:
2025 1171 2208 1230 esset,
2262 1161 2421 1217 Anno
2447 1204 2462 1229 ,
2514 1161 2820 1232 imperator
2859 1174 3036 1215 novus
3075 1156 3630 1231 Carthaginiensium,

323 1262 652 1318 quamquam
678 1246 725 1278 "
748 1257 1098 1320 contemptus
1121 1251 1282 1323 232
1302 1251 1651 1306 miseriarum
1700 1259 1925 1320 possunt

325 1341 490 1398 etiam
529 1357 558 1396 a
615 1342 728 1397 suis
782 1342 1022 1410 discere,
1066 1345 1208 1415 apud
1249 1359 1388 1416 quos
1415 1359 1629 1400 summa
1660 1346 1798 1399 mala
1828 1360 1926 1415 pro

325 1433 549 1489 summis
576 1433 740 1490 bonis
760 1435 1031 1490 aestimata
1073 1443 1225 1503 sunt,
1278 1445 1484 1491 tantum
1526 1445 1584 1490 ut
1613 1435 1658 1469 ⁸⁷
1698 1435 1925 1506 gloriam

324 1524 483 1580 famae
535 1526 814 1582 celebrem
874 1536 1038 1597 atque
1095 1527 1365 1582 illustrem
1399 1536 1868 1597 consequerentur
1910 1545 1926 1583 :

327 1633 425 1688 per
455 1632 592 1688 quos
620 1618 805 1689 colligi
836 1617 998 1673 datur
1021 1627 1224 1689 quanta
1253 1620 1433 1684 nobis,
1467 1619 1667 1690 quibus
1709 1618 1930 1674 mterni-

2027 1272 2150 1312 cum
2193 1256 2463 1326 equitibus
2506 1255 2660 1310 mille
2690 1255 3020 1325 quingentis,
3056 1263 3108 1309 et
3137 1253 3355 1324 triginta
3389 1254 3632 1311 millibus

2031 1349 2305 1420 peditum,
2337 1347 2554 1418 triginta
2582 1347 2746 1402 etiam
2776 1346 3105 1416 elephantis,
3136 1360 3201 1400 ex
3230 1346 3524 1415 improviso
3553 1348 3636 1402 in-

2029 1441 2306 1506 tercessit,
2357 1439 2922 1512 expugnationemque
2961 1438 3200 1493 civitatis
3238 1439 3513 1510 paulisper
3551 1441 3637 1496 di-

2031 1535 2187 1590 stulit
2219 1552 2234 1589 :
2268 1534 2363 1590 sed
2388 1533 2650 1589 continuo
2677 1533 2874 1588 civitas
2905 1539 3059 1600 capta
3082 1542 3188 1590 est.
3216 1531 3366 1587 Poeni
3395 1533 3636 1589 maximo

2032 1627 2175 1682 bello
2213 1627 2340 1682 victi
2378 1635 2433 1682 et
2470 1625 2772 1696 proﬂigati,
2799 1623 3053 1679 undecim
3084 1623 3360 1692 elephanti
3400 1623 3452 1679 in
3483 1633 3638 1696 pote-

327 1718 410 1764 tas
437 1709 598 1766 beata
628 1711 986 1781 promittitur,
1013 1711 1125 1766 sint
1153 1711 1435 1766 toleranda
1485 1715 1584 1782 pro
1628 1710 1764 1780 vita,
1801 1726 1924 1766 cum
1959 1722 2006 1782 B
2032 1727 2229 1774 statam
2260 1717 2494 1785 redacti,
2522 1717 2563 1747 ’ί
2587 1715 2923 1786 Agrigentini
2947 1715 3050 1770 sub
3069 1729 3274 1770 corona
3292 1731 3484 1772 omnes
3509 1732 3640 1773 ven-

327 1804 410 1860 illi
441 1811 594 1860 tanta
624 1803 902 1875 potuerint
934 1804 1168 1860 tolerare
1189 1819 1286 1875 pro
1315 1803 1480 1859 fama.

947 1961 1175 2018 CAPUT
1217 1962 1330 2018 V’ll.

334 2073 699 2150 Romanorum
725 2075 969 2150 adversus
992 2076 1354 2148 Syracusanos
1369 2067 1416 2132 et
1439 2076 1628 2150 Poenos
1649 2093 1730 2132 res
1755 2086 1931 2150 gestia,

402 2146 763 2216 bellorumque
799 2146 1062 2202 variorum
1108 2164 1396 2204 successus.
1438 2149 1720 2205 Servorum
1756 2146 1936 2204 ’βοείο-

399 2233 616 2288 rumque
647 2219 912 2272 navalium
957 2219 1270 2290 conjuratio.

404 2353 420 2384 ¹
448 2355 607 2409 Anno
633 2354 703 2410 ab
722 2354 866 2411 Urbe
892 2356 1110 2412 condita
1133 2371 1500 2426 ccccuxsm,
1529 2363 1551 2394 ³
1577 2357 1756 2428 Appio
1776 2356 1940 2413 Clau-

339 2445 454 2513 dio,
471 2445 492 2476 ³
516 2447 584 2515 Q.
608 2447 776 2503 Fabio
797 2451 1134 2517 consulibus,
1158 2450 1514 2523 Mamertinis,
1547 2467 1776 2522 quorum
1803 2452 1945 2509 Mes-

333 2551 465 2593 sana
491 2538 691 2595 nobilis
707 2540 902 2597 Sicilize
922 2549 944 2581 ι
969 2543 1164 2599 civitas
1183 2554 1325 2610 erat,
1345 2543 1366 2575 ⁸
1381 2545 1584 2598 auxilia
1607 2555 1794 2600 contra
1819 2545 1944 2601 llie-

335 2644 525 2686 ronem
557 2632 958 2704 Syracusanum
987 2650 1192 2706 regem,
1214 2645 1270 2692 et
1297 2635 1584 2692 Pcenorum
1607 2638 1792 2708 copias
1815 2637 1942 2694 llic-

337 2721 708 2794 ronijnnctas,
726 2733 747 2763 θ
762 2735 816 2781 et
839 2729 940 2797 Ap.
957 2727 1238 2784 Claudium
1261 2729 1540 2785 consulem
1558 2745 1680 2785 cum
1702 2731 1944 2787 exercitu

340 2814 557 2888 misere
570 2816 821 2889 Romani,
840 2820 932 2891 qui
958 2830 1064 2876 tam
1080 2820 1329 2879 celeriter
1340 2822 1710 2894 Syracusanos
1725 2823 1947 2881 Poenos-

2041 1809 2136 1865 diti
2160 1816 2306 1865 sunt.
2331 1806 2567 1863 Annibal
2591 1807 2794 1873 senior,
2819 1807 2956 1862 facta
2977 1821 3099 1862 cum
3124 1807 3307 1878 paucis
3329 1809 3636 1880 eruptione,

2039 1897 2274 1969 diffugit.
2313 1899 2354 1930 ¹¹
2383 1897 2486 1956 Cn.
2518 1897 2772 1954 Cornelio
2806 1897 2976 1953 Asina
3004 1896 3066 1954 C.
3100 1899 3274 1954 Duilio
3302 1901 3639 1969 consulibus,

2039 2006 2162 2048 cum
2187 1992 2420 2048 Annibal
2443 1991 2630 2047 senior
2649 2007 2800 2047 oram
2828 1992 2997 2048 Italiae
3023 1993 3350 2050 maritimam
3375 1994 3644 2052 instructa

2040 2087 2376 2156 septuaginta
2406 2085 2626 2140 navium
2667 2085 2844 2140 classe
2877 2094 3151 2153 vastaret,
3181 2087 3414 2142 Romani
3451 2099 3505 2144 et
3535 2090 3642 2158 ipsi

2041 2177 2274 2233 classem
2305 2176 2559 2231 fabricari
2583 2184 2744 2245 atque
2767 2175 2965 2231 instrui
2991 2177 3035 2208 "
3063 2190 3436 2248 prarceperunt
3461 2197 3472 2233 :
3497 2181 3644 2248 quod

2041 2268 2250 2325 Duilius
2276 2267 2469 2325 consul
2499 2268 2751 2323 celeriter
2777 2267 3044 2336 implevit.
3077 2267 3209 2322 Nam
3244 2268 3287 2301 ιδ
3316 2272 3454 2324 intra
3486 2287 3644 2326 sexa-

2041 2361 2307 2430 gesimum
2333 2359 2499 2429 diem,
2526 2373 2686 2430 quam
2709 2358 2940 2414 arbores
2970 2375 3125 2414 ett-sm
3151 2369 3330 2428 erant,
3359 2363 3404 2392 ”
3423 2372 3645 2418 centum

2047 2453 2266 2525 triginta
2280 2453 2494 2508 navium
2510 2453 2699 2509 classis
2721 2453 2954 2510 deducta
2969 2454 3022 2510 in
3041 2454 3293 2510 anchoris
3315 2457 3487 2513 stetit.
3513 2457 3648 2514 Cor-

2049 2545 2227 2600 nelius
2260 2545 2450 2613 Asina,
2481 2545 2675 2601 consul
2716 2545 2874 2615 alter,
2909 2546 2954 2578 ¹⁸
2979 2561 3102 2602 cum
3146 2548 3386 2605 sedecim
3419 2552 3650 2607 navibus

2049 2640 2304 2710 Liparam
2337 2640 2570 2695 insulam
2603 2639 2645 2672 ¹⁷
2679 2640 2852 2711 petiit,
2887 2640 2931 2673 ¹⁸
2958 2640 3050 2696 ubi
3085 2641 3154 2695 ab
3176 2641 3464 2710 Annibale,
3495 2647 3648 2716 quasi

2050 2733 2117 2788 ad
2149 2733 2476 2802 colloquium
2509 2733 2660 2804 pacis
2690 2741 2978 2799 evocatus,
3011 2732 3210 2789 Punica
3244 2734 3429 2792 fraude
3457 2748 3651 2808 captus

2055 2823 2219 2898 234
2245 2834 2408 2896 atquc
2434 2825 2490 2880 in
2518 2823 2750 2882 vinculis
2773 2834 2998 2881 necatus
3021 2833 3126 2882 cst.
3155 2827 3196 2861 ¹⁹
3223 2827 3378 2896 Quod
3402 2829 3491 2886 ubi
3516 2830 3650 2889 Dui-

1609 2977 2063 3035 HAVERCAMPI
2105 2976 2337 3034 NOTAE.

417 3097 511 3155 55.
542 3095 774 3154 Possint.
804 3096 906 3154 Ms.
937 3097 1189 3154 Perizon.
1215 3106 1272 3154 et
1297 3098 1386 3154 ed.
1419 3096 1560 3168 Aug.
1589 3105 1825 3168 possunt.

417 3168 509 3226 56.
539 3168 896 3242 Contemptus.
926 3169 1266 3242 Contemptus
1284 3171 1347 3242 in
1378 3169 1522 3239 plur.
1557 3182 1947 3242 ntttncro_ma-

345 3241 468 3296 lunt
491 3241 617 3296 cod.
649 3238 1048 3310 Lon'gob.mss.
1074 3238 1252 3305 Meus,
1283 3238 1560 3302 Perizon.,
1591 3238 1762 3305 Lugd.
1797 3239 1944 3294 Bttt.

346 3313 457 3367 duo
478 3353 493 3377 ,
522 3311 663 3368 Ultr.
693 3321 747 3366 et
770 3312 914 3366 Coll.
953 3312 1217 3373 Gronov.,
1243 3320 1403 3381 atque
1436 3313 1577 3365 inter
1602 3310 1779 3365 etlitos
1807 3313 1946 3379 Aug.

346 3384 532 3453 vulgo.
553 3391 917 3453 contemptum.
946 3382 1075 3438 Post
1102 3383 1300 3438 discere
1330 3383 1384 3439 in
1409 3382 1578 3454 Lugd.
1609 3382 1728 3437 Bat.
1753 3390 1948 3452 quarto

349 3454 700 3539 subiungitur
722 3454 960 3539 laudare.

423 3522 518 3580 5’7.
545 3522 781 3579 Gloriam
813 3526 988 3596 famw.
1018 3523 1197 3581 Periz.
1223 3522 1447 3596 gloriam
1490 3523 1646 3596 fama,
1680 3523 1949 3596 celebrem,

353 3606 490 3663 etc.,
513 3596 659 3666 quod
689 3595 886 3651 melius
912 3596 1119 3652 dictum
1147 3605 1252 3650 est.
1299 3595 1357 3650 In
1388 3595 1496 3650 linc
1531 3595 1726 3665 capitis
1773 3604 1956 3664 potue-

352 3677 478 3724 runt
502 3667 798 3738 eddavett.
827 3681 927 3737 pro
955 3669 1245 3738 potuerint.

424 3739 561 3794 CAP.
576 3734 985 3794 Vll.—-i.’Ann’o
1007 3739 1071 3792 ab
1098 3737 1234 3792 Urbe
1254 3737 1458 3792 condita
1480 3750 1843 3792 ccccuxxnt.
1860 3734 1957 3791 Hic

355 3825 560 3879 annus,
601 3824 710 3879 quo
751 3809 954 3864 bellum
993 3809 1257 3865 Punicum
1291 3809 1520 3879 primum
1553 3808 1668 3878 geri
1693 3816 1954 3879 coeptum,

358 3898 486 3937 cum
531 3878 747 3936 varium
800 3894 1090 3938 numerum
1119 3879 1264 3949 apud
1296 3878 1606 3947 scriptores
1651 3878 1870 3944 habeat,
1904 3878 1958 3932 in

359 3953 540 4009 Fastis
571 3951 897 4019 Capitolinis
925 3961 1008 4007 est
1036 3967 1328 4007 anxxxtx.
1361 3950 1528 4005 Fann.

433 4023 488 4077 2.
546 4023 716 4095 Appio
745 4022 987 4078 Claudio.
1030 4023 1157 4078 Mss.
1189 4037 1382 4078 omnes
1411 4031 1466 4077 et
1492 4021 1578 4077 ed.
1608 4023 1770 4092 Aug.,
1799 4019 1854 4074 id
1885 4029 1960 4076 est

363 4095 538 4167 Appio
548 4092 809 4167 _Cla_udio.

436 4162 491 4220 5.
530 4165 596 4230 ρ.
627 4163 813 4219 Fabio.
836 4164 1002 4220 Solus
1027 4163 1273 4230 Orosius,
1302 4163 1444 4235 quod
1474 4162 1664 4228 sciam,
1698 4177 1820 4218 cum
1857 4164 1957 4235 Ap.

360 4236 597 4293 Claudio
629 4235 854 4290 Fabium
879 4250 992 4291 cos.
1027 4233 1352 4302 comparat:
1385 4250 1486 4305 pro
1511 4248 1618 4302 quo
1645 4235 1826 4288 omnia
1853 4233 1958 4305 alia

364 4309 722 4378 monimenta,
749 4306 1002 4362 Flaccum
1036 4307 1230 4362 habent
1257 4307 1348 4374 qui
1385 4303 1442 4360 in
1483 4304 1660 4360 Fastis
1681 4305 1859 4378 Capit.
1888 4303 1959 4358 ita

367 4375 719 4444 describitur,
772 4395 831 4434 Il.
880 4391 1107 4433 rm.va
1145 4392 1198 4439 ρ.
1246 4393 1296 4431 r.
1327 4391 1387 4431 st.
1417 4393 1472 4432 N.
1502 4391 1751 4431 ruccus.
1790 4375 1866 4428 De
1904 4389 1965 4430 re

362 4463 520 4518 geSta
548 4450 616 4504 ab
643 4450 815 4518 Appio
843 4448 1070 4504 Claudio
1099 4463 1224 4504 cum
1255 4448 1435 4502 Pmnis
1455 4457 1523 4518 et,
1541 4463 1668 4518 rege
1701 4447 1961 4518 Hierone,

1975 3100 2021 3163 (ζ
2054 3104 2262 3170 gentum
2293 3094 2496 3154 Sicilire
2522 3095 3082 3174 civitatem_arleuntes.
3113 3094 3188 3151 ibi
3216 3099 3482 3167 prazsidia,
3513 3109 3648 3174 etc.,

2055 3166 2244 3224 contra
2275 3180 2410 3221 mss.
2443 3181 2636 3222 omnes
2655 3177 2708 3237 et
2736 3166 2825 3222 ed.
2854 3166 3082 3237 August.

2129 3239 2217 3293 11.
2258 3237 2604 3316 Agrigentini.
2645 3236 2991 3316 Cud._Lug‘d.
3037 3237 3155 3292 Bal.
3193 3255 3302 3309 pr.,
3329 3241 3654 3316 Agrigentini

2056 3325 2231 3363 omnes
2258 3309 2355 3362 sub
2391 3326 2582 3363 corona
2613 3309 2801 3364 uenditi
2831 3318 2971 3364 sunt.

2131 3383 2220 3457 12.
2247 3379 2621 3457 _Cn_._Cornelio
2647 3381 2832 3457 Asina,
2865 3379 2924 3434 C.
2959 3379 3164 3436 Duilio.
3196 3381 3261 3437 Hi
3291 3398 3434 3457 anno
3463 3387 3656 3457 quinto

2060 3450 2222 3521 hujus
2247 3451 2396 3515 belli,
2426 3461 2479 3507 et
2501 3461 2618 3521 post
2647 3451 2741 3507 Ur.
2768 3466 2892 3507 con.
2915 3466 3111 3508 cna-cut
3136 3455 3390 3511 consules
3413 3450 3654 3514 fuerunt.

2059 3521 2213 3590 Quod
2244 3521 2311 3577 de
2340 3523 2621 3594 celeritate
2648 3523 2701 3577 in
2731 3524 2905 3579 classe
2933 3535 3246 3594 comparata
3271 3525 3498 3583 Orosius
3521 3531 3659 3586 scri-

2061 3595 2158 3657 bit,
2191 3601 2275 3648 cst
2302 3593 2442 3662 apud
2476 3593 2696 3648 Florum
2728 3594 2822 3648 lib.
2853 3610 2913 3649 tt.
2948 3593 3118 3648 Fasti.

2255 3663 2644 3740 Praeceperant.
2677 3663 2819 3740 ΕΜ.
2857 3664 3292 3740 qttmdatn_vett.,
3322 3669 3654 3740 prtecipittnt.

2136 3738 2245 3810 14.
2269 3732 2420 3810 intra
2461 3735 2853 3810 seagagesimuni
2874 3733 3211 3810 diem.__blss.
3251 3732 3492 3804 omnes;
3519 3755 3658 3810 quos

2061 3804 2330 3868 consului,
2365 3812 2421 3858 ut
2450 3813 2504 3859 et
2532 3803 2784 3876 Vincent.
2818 3804 3025 3858 Bellov.
3051 3803 3241 3872 lib.vt,
3273 3821 3393 3876 cap.
3428 3803 3497 3864 '54
3525 3803 3660 3866 {in-

2065 3887 2145 3932 tra
2169 3876 2440 3946 sexaginta
2466 3876 2597 3929 dies.
2632 3874 2774 3929 Edit.
2807 3875 2998 3946 prima,
3029 3875 3164 3946 intra
3190 3892 3291 3930 1.x:
3319 3874 3447 3934 dies.
3482 3882 3658 3938 Paris.

2063 3958 2118 4019 et
2163 3945 2384 4002 Veneta:
2417 3945 2560 4019 intra
2601 3961 2708 4001 ιιι
2755 3946 2911 4000 diem.
2956 3945 3091 4000 Dein
3130 3948 3390 4019 August.,
3422 3951 3558 4008 intra
3586 3969 3659 4010 1.x

2064 4018 2202 4080 dies,
2233 4035 2391 4089 quant
2421 4017 2630 4072 arbores
2657 4032 2804 4089 erasa?
2831 4025 2972 4083 sunt,
3005 4032 3102 4085 pro
3134 4030 3301 4074 erant.

2065 4087 2414 4216 F15.cxxx
2450 4089 2659 4143 navium
2703 4087 2908 4143 classis.
2956 4089 3113 4158 Apud
3155 4089 3377 4146 Florum
3420 4103 3504 4150 cst
3538 4110 3662 4152 cur.

2111 4177 2232 4216 san.

2111 4177 2232 4216 ABR.

2143 4233 2231 4286 16.
2267 4230 2397 4285 Cum
2430 4231 2673 4285 sedecim.
2709 4229 2808 4285 Ed.
2839 4228 3004 4300 Aug.,
3035 4247 3150 4285 cum
3178 4247 3284 4286 xvu
3309 4234 3556 4289 millibus.

2143 4303 2232 4358 17.
2273 4301 2451 4373 Petiit.
2500 4302 2576 4356 Ita
2618 4302 2858 4373 scribere
2890 4301 3085 4370 jubent
3123 4302 3289 4356 codd.
3326 4304 3568 4373 Longob.
3610 4315 3669 4364 et

2068 4373 2218 4428 Flor.
2249 4372 2472 4427 secund.
2502 4387 2623 4426 cum
2656 4371 2907 4442 Perizon.
2938 4386 3034 4442 pro
3063 4375 3209 4442 petit.

2144 4445 2230 4499 18.
2267 4442 2364 4498 Ubi
2399 4445 2463 4495 ab
2504 4441 2778 4496 Annibale.
2824 4441 2958 4496 Tres
2986 4441 3157 4510 Lugd.
3203 4443 3340 4498 Batt.
3372 4459 3495 4500 cum
3526 4445 3667 4502 Coll.

365 4497 812 4592 ﬁgantur;
851 4497 1279 4586 Caranus
1302 4497 1432 4585 Eii;
1460 4497 1680 4574 iturus
1701 4497 1966 4584 ausa;
1997 4497 2050 4558 ι)
2075 4497 2314 4592 quam;
2343 4522 2398 4568 et
2427 4512 2516 4592 ea.
2545 4511 2822 4592 Aug.,m
2847 4512 2911 4564 ab
2939 4497 3670 4592 Αμηίραες,ερε.,τ.ῖάδαζιίδὶί

366 4608 494 4663 cap.
521 4592 578 4644 2.
605 4593 772 4647 ann.

443 4663 500 4742 ξ.
517 4659 710 4742 Cirittts
735 4672 864 4742 ergt.
882 4661 1017 4717 Cod.
1045 4659 1530 4742 Perizon.,“ciritas
1556 4662 1682 4742 fuit.
1749 4730 1763 4741 _
1933 4731 1946 4742 .

446 4732 502 4788 5.
527 4732 765 4789 Auxilia.
793 4734 921 4789 Mss.
946 4745 1157 4800 omnes,
1185 4733 1389 4786 auxilia
1406 4749 1425 4797 ;
1443 4730 1534 4787 ed.
1559 4730 1724 4802 Aug.,
1743 4730 1798 4785 in
1821 4731 1972 4786 auxi-

371 4806 450 4861 lia
474 4821 492 4859 :
513 4805 608 4859 sed
638 4803 772 4860 editi
800 4806 1019 4859 auxilio.

451 4876 509 4931 ϐ.
543 4873 610 4929 Ει
640 4876 867 4945 Appiaut
894 4874 1194 4932 Claudium.
1236 4874 1372 4942 Quia
1422 4872 1875 4945 coniunctionem
1899 4879 1968 4945 et,

374 4963 502 5019 qua:
533 4947 586 5001 in
619 4943 870 5004 omnibus
895 4947 1170 5019 invenitur
1185 4960 1318 5000 mss.
1353 4943 1783 5019 nonuagnoscunt
1812 4943 1968 5008 editi,

375 5016 744 5088 reposuerunt
773 5033 935 5086 supra
961 5018 1160 5088 auxilio
1189 5032 1285 5087 pro
1316 5016 1540 5072 auxilia.

456 5091 510 5144 7.
545 5087 593 5141 F
598 5091 755 5145 uisse.
786 5090 956 5144 Abest
979 5088 1047 5143 ab
1074 5087 1205 5143 edit.
1249 5091 1386 5157 Aug.

458 5159 512 5216 8.
545 5159 672 5214 Cum
693 5161 836 5225 exin,
868 5159 1066 5230 fractis.
1099 5159 1295 5229 Vulgo,
1323 5154 1388 5212 ea:
1430 5157 1685 5230 infractis,
1721 5154 1878 5230 quod
1894 5161 1975 5210 te-

382 5242 517 5287 xtus
543 5231 662 5300 ipse
689 5227 985 5302 redarguit.
1017 5227 1261 5285 Lsu'r.—'-
1282 5227 1587 5302 Ridiculum
1617 5236 1700 5284 est
1722 5227 1974 5302 mendum

388 5305 445 5358 in
478 5298 730 5357 omnibus
756 5298 939 5359 editis.
965 5302 1106 5370 Quid
1137 5302 1281 5356 enim
1305 5311 1385 5355 est
1413 5299 1540 5364 hoc,
1575 5315 1694 5353 cum
1715 5298 1976 5371 infractis,

388 5373 488 5444 vel
511 5388 582 5444 ea;
597 5374 840 5444 infractis
871 5374 1111 5428 viribus?
1134 5371 1303 5444 Recte
1331 5373 1493 5444 igitur
1521 5372 1763 5444 Lautius.

462 5442 517 5497 9.
549 5439 801 5500 Consules
828 5445 1180 5514 Agrigentum.
1211 5439 1475 5514 Consules
1501 5443 1626 5514 anni
1645 5441 1795 5514 tertii
1825 5439 1985 5514 huius

390 5514 522 5570 belli
557 5516 620 5570 L.
662 5509 996 5570 Postumium
1031 5515 1318 5585 Megellum
1341 5555 1356 5578 ,
1388 5513 1453 5580 Q.
1499 5511 1793 5568 Mamilium
1831 5509 1987 5564 Vitu-

395 5588 507 5642 lum
554 5587 825 5655 intelligit.
865 5585 930 5641 Hi
976 5587 1117 5640 enim
1159 5585 1226 5639 ad
1274 5585 1628 5655 Agrigentum
1661 5594 1990 5655 rem_gessev

393 5665 546 5728 runt,
575 5651 942 5728 Oppid'umque
966 5667 1249 5728 ceperunt.
1270 5651 1526 5728 Polybius
1555 5653 1664 5728 lib._
1683 5668 1718 5706 ι.
1751 5651 1915 5728 Fanu.

470 5722 562 5788 10.
604 5722 959 5802 Agrigentum.
1000 5722 1140 5782 Edd.
1180 5735 1340 5798 vett.,
1371 5722 1621 5789 Consules
1647 5725 1818 5797 itaque
1842 5722 1995 5796 Agri-

681 5827 957 5890 Ps'ruon.
1002 5823 1251 5886 XXXI.

2076 4585 2349 4654 displicet,
2390 4585 2512 4654 quia
2557 4583 2822 4651 sequitur,
2853 4583 2993 4653 quod
3021 4583 3108 4636 ubi
3135 4583 3367 4650 Duilius,
3396 4583 3500 4641 etc.
3533 4589 3670 4644 Vin-

2073 4657 2284 4783 fentius
2297 4654 2696 4711 Bellovacensis
2715 4654 2960 4709 eamdem
2983 4668 3200 4724 quoque
3225 4655 3507 4713 lectionem
3535 4673 3670 4714 con-

2093 4730 2274 4783 irmat.

2093 4730 2274 4783 irmat.

2153 4799 2241 4855 t9.
2278 4797 2429 4870 Quod
2450 4797 2536 4852 ubi
2568 4796 2795 4870 Duilius.
2824 4796 2925 4870 nu;
2951 4803 3038 4870 est
3056 4793 3120 4850 c.
3155 4795 3365 4870 Duilius
3393 4804 3466 4854 Μ.
3496 4799 3559 4854 F.
3582 4803 3675 4870 qui

2081 4870 2282 4925 Poenos
2311 4869 2514 4938 primus
2542 4867 2721 4923 classe
2747 4868 2966 4923 devicit.
3000 4865 3196 4922 Cicero
3226 4868 3278 4922 in
3308 4869 3534 4935 Catone,
3568 4865 3675 4928 Va-

2081 4942 2182 4998 ler.
2212 4940 2309 4995 lib.
2335 4954 2417 5006 ut,
2447 4953 2566 5009 cap.
2593 4941 2648 5006 3,
2672 4939 2812 4993 Plin.
2848 4939 2940 4992 lib.
2971 4952 3156 5004 sntv,
3185 4954 3304 5007 cap.
3331 4942 3384 4996 5.
3415 4941 3672 4998 ann._

2080 5012 2213 5067 Post
2250 5018 2563 5082 excerptum
2584 5025 2671 5082 fex
2717 5009 2935 5082 Orosio,
2980 5009 3046 5063 de
3078 5009 3278 5082 Duilio,
3311 5012 3587 5082 subjungit
3617 5016 3672 5068 in

2080 5082 2314 5154 Speculo
2345 5079 2619 5154 Historiali
2647 5082 2688 5134 l.
2717 5095 2769 5154 ς.
2807 5080 3054 5154 Yinccnt.
3079 5079 3284 5154 Bellov.
3314 5079 3428 5154 haec
3453 5100 3466 5136 :
3492 5083 3673 5148 Hunc,

2082 5150 2235 5226 quem
2277 5162 2423 5207 vocat
2467 5150 2972 5226 U‘rosius-Duilium,
3004 5151 3126 5226 dicit
3160 5150 3490 5207 Heliuaudus
3519 5154 3679 5226 (scri-

2082 5220 2205 5296 ptor
2246 5233 2302 5296 et
2339 5221 2659 5296 compilator
2689 5220 2734 5276 is
2775 5223 2904 5278 vixit
2935 5221 3104 5296 paulo
3127 5231 3252 5277 ante
3277 5220 3680 5296 temporaii’in-

2083 5292 2272 5366 centii)
2293 5292 2528 5366 eumdem
2546 5309 2676 5366 esse,
2701 5301 3012 5366 quent_voc_at
3037 5292 3672 5366 HieronymusDucllum,

2085 5369 2175 5423 lib.
2202 5383 2218 5421 ι
2243 5362 2424 5421 contra
2451 5362 2806 5418 Iovinianum.
2840 5363 2914 5417 De
2943 5363 3144 5418 Duillio
3174 5362 3259 5419 vel
3288 5364 3494 5417 Duellio
3521 5364 3680 5434 (quo-

2091 5437 2254 5494 modo
2280 5451 2424 5506 saepe
2453 5437 2507 5489 in
2540 5449 2670 5506 mss.
2705 5435 2886 5506 vocari
2919 5435 3189 5506 solet,_vel
3211 5434 3434 5506 Dnello,
3460 5445 3526 5506 ut
3555 5434 3682 5506 llic-

2092 5503 2379 5579 ronymus)
2422 5507 2494 5579 ib.
2545 5505 2664 5559 haec
2710 5505 2977 5579 habentur
3025 5523 3054 5579 ;_
3083 5503 3332 5579 Duelius,
3382 5505 3480 5579 qui
3514 5504 3682 5579 primo

2101 5573 2276 5635 Romae
2310 5573 2485 5631 nauali
2522 5577 2800 5631 certamine
2841 5575 3205 5646 triumphauit,
3243 5573 3399 5626 Iliam
3435 5575 3683 5645 uirginem

2098 5651 2246 5704 duxit
2272 5665 2504 5714 uxorem,
2544 5655 2702 5702 tanta:
2735 5643 3015 5716 pudicitiae,
3056 5654 3109 5697 ut
3145 5643 3238 5698 illo
3267 5661 3468 5715 quoque
3493 5643 3685 5701 sacculo

2100 5737 2194 5794 pro
2221 5720 2453 5793 exemplo
2483 5718 2661 5794 fuerit,
2683 5734 2786 5792 quo
2805 5716 3128 5791 impudicitia
3154 5724 3437 5774 monstrum
3457 5727 3564 5775 erat
3583 5733 3690 5777 non

3087 5810 3171 5876 28
