4088 6170
459 230 565 292 879

1848 229 2056 288 PAULI
2094 227 2325 289 OROSll

3655 225 3768 288 880

457 348 597 404 viris
622 353 816 418 captus
841 350 952 413 est,
984 352 1064 414 et,
1110 343 1164 400 in
1203 350 1430 402 catenas
1459 341 1762 414 coniectus,
1790 343 1811 375 ⁷
1839 343 2056 400 decimo
2084 353 2136 416 Α
2161 353 2243 400 ter
2265 349 2599 412 cruentaque
2632 341 2686 399 iu
2735 339 3029 398 universos
3067 339 3207 412 egit,
3241 338 3384 411 quod
3413 339 3682 411 Regulum
3720 342 3768 376 ³⁸

460 439 685 496 demum
700 452 844 494 anno
864 436 1054 494 Punici
1073 436 1201 492 belli
1223 437 1458 492 nobilem
1482 435 1816 506 triumphum
1846 434 2066 491 Cartha-

469 531 814 604 giniensibus
838 529 1093 602 praebuit.
1114 531 1135 562 θ
1151 529 1498 600 Xanthippus
1516 572 1530 596 ,
1559 537 1667 583 tam
1692 527 1913 584 audacis
1938 528 2062 584 lacti

466 629 747 693 conscius,
795 640 976 683 rerum
1023 625 1187 698 239
1223 624 1556 679 instabilium
1601 624 1956 680 mutationem
1999 623 2066 678 ti-

463 733 656 784 mens,
693 717 841 773 illico
886 732 953 772 ex
993 716 1172 772 Alrica
1203 715 1458 786 migravit
1497 716 1549 771 in
1586 715 1871 772 Graeciam.
1895 715 2064 786 Igitur

465 810 728 867 IEmilius
751 809 949 865 Paulus
975 817 1032 865 et
1049 807 1272 864 Fulvius
1299 807 1546 863 Nobilior
1569 807 1850 876 consules,
1879 807 2064 863 audita

467 902 788 973 captivitate
816 899 1006 970 Reguli
1034 908 1091 954 ct
1112 897 1268 954 clade
1293 897 1571 954 exercitus
1596 897 1855 964 Romani,
1889 908 2067 954 trans-

460 996 542 1050 ire
559 996 610 1047 in
632 991 870 1047 Africam
891 991 912 1022 ’
930 1005 1052 1047 cum
1071 990 1248 1046 classe
1271 999 1642 1046 trecentarum
1667 991 1883 1045 navium
1902 989 2058 1061 jussi,

459 1086 718 1156 Clupeam
742 1092 958 1156 petunt.
996 1083 1074 1140 Eo
1099 1084 1389 1140 confestim
1413 1083 1893 1155 Carthaginienses
1939 1098 2063 1140 cum

462 1179 579 1249 pari
606 1178 786 1232 classe
812 1183 1103 1241 venerunt,
1146 1189 1248 1230 nec
1273 1173 1484 1230 dill‘erri
1515 1175 1693 1245 potuit
1718 1175 1915 1230 navale
1940 1189 2063 1231 cer-

461 1279 669 1325 tamen.
699 1267 927 1324 Centum
966 1275 1022 1323 et
1062 1275 1300 1337 quatuor
1326 1281 1492 1323 naves
1527 1265 2061 1338 Carthaginiensium

461 1364 758 1429 demersae,
792 1360 1008 1432 triginta
1047 1375 1171 1416 cum
1201 1360 1597 1432 pugnatoribus
1621 1370 1820 1432 captae,
1850 1361 1893 1392 ¹⁰
1921 1375 2062 1431 prte-

473 1466 622 1512 terea
667 1454 885 1525 triginta
930 1452 1170 1524 quinque
1264 1453 1433 1508 millia
1479 1453 1709 1508 militum
1741 1453 1783 1485 “
1824 1467 1890 1510 ex
1931 1452 2066 1524 ipsis

462 1562 605 1606 caesa
635 1555 765 1604 sunt
793 1547 1164 1602 Romanorum
1216 1556 1398 1600 autem
1449 1561 1643 1602 novem
1700 1547 1930 1602 navibus
1970 1546 2064 1604 de-

465 1640 692 1711 pressis,
721 1639 871 1694 mille
897 1647 1118 1694 centum
1137 1637 1352 1710 periere
1374 1637 1598 1694 milites.
1627 1637 1895 1694 Consules
1920 1637 2062 1710 apud

2170 436 2402 492 libenter
2431 435 2741 506 suscepisse
2779 433 3112 502 dicerentur,
3164 432 3311 490 mille
3339 434 3551 504 argenti
3586 434 3768 491 talen-

2167 530 2259 598 tis,
2301 537 2356 583 et
2379 527 2571 599 viginti
2603 526 2842 582 millibus
2877 526 3041 582 boum
3073 526 3320 596 reliquos
3361 526 3768 582 condemnavit.

2166 623 2447 692 Principes
2479 632 2657 676 autem
2690 619 2933 675 omnium
2963 619 3291 690 populorum
3326 618 3571 690 patibulo
3600 617 3768 691 2&0

2167 713 2393 771 suffixit.
2426 714 2470 745 ¹⁶
2501 713 2686 769 Tertio
2716 713 2884 778 anno,
2917 711 3057 767 sicut
3099 727 3319 780 semper
3353 711 3653 767 indomitus
3686 713 3773 766 lu-

2167 823 2258 863 ror
2279 809 2388 863 cito
2416 806 2782 877 periculorum
2809 803 3170 871 obliviscitur,
3203 803 3474 860 Servilius
3500 803 3682 875 C.1:pio
3713 813 3774 860 et

2167 899 2524 971 Sempronius
2549 899 2754 953 Blmsus
2783 897 3060 963 consules,
3089 897 3132 927 "
3160 911 3287 952 cum
3326 895 3581 952 ducentis
3607 911 3772 952 sexa-

2164 992 2313 1064 ginta
2369 991 2599 1048 navibus
2659 991 2712 1046 in
2767 989 3004 1047 Africam
3052 989 3399 1060 transgressi,
3454 990 3770 1046 universam

2166 1099 2320 1140 oram
2352 1084 2701 1149 maritimam,
2729 1097 2853 1154 quae
2876 1082 3021 1138 circa
3049 1080 3244 1153 Syrtes
3256 1081 3422 1152 jacet,
3449 1081 3769 1152 depopulati

2165 1189 2291 1235 sunt
2323 1188 2523 1250 :atque
2561 1179 2616 1233 in
2656 1177 2938 1249 superiora
2987 1177 3285 1247 progressi,
3312 1175 3491 1246 captis
3530 1177 3768 1233 eversis-

2164 1287 2272 1345 que
2297 1271 2614 1327 civitatibus
2645 1269 2917 1339 plurimis,
2941 1269 3230 1339 fingentem
3262 1267 3501 1339 praedam
3530 1269 3598 1324 ad
3624 1269 3767 1323 clas~

2163 1379 2280 1421 sem
2313 1364 2357 1396 ¹⁸
2391 1363 2750 1420 devexerant.
2802 1361 2959 1430 Inde,
2993 1359 3036 1394 ¹⁹
3063 1375 3192 1418 cum
3237 1361 3307 1417 ad
3347 1359 3562 1417 Italiam
3607 1361 3760 1416 redi-

2166 1466 2311 1522 rent,
2352 1456 2497 1512 circa
2527 1453 2766 1510 Palinuri
2791 1453 3248 1526 promontorium,
3279 1453 3422 1524 quod
3453 1469 3486 1509 a
3527 1452 3764 1511 Lucanis

2165 1549 2442 1604 montibus
2473 1548 2528 1603 in
2555 1547 2724 1602 altum
2768 1543 3035 1613 excurrit,
3065 1544 3196 1601 illisi
3240 1544 3500 1616 scopulis,
3541 1554 3763 1601 centum

2165 1639 2554 1711 quinquaginta
2582 1652 2750 1694 naves
2792 1637 3096 1701 onerarias,
3129 1635 3478 1707 nobilemque
3524 1636 3764 1708 prmdam

462 1731 724 1803 Clupeam
756 1739 935 1785 castra
978 1739 1301 1802 posuerunt.
1353 1731 1468 1785 Duo
1499 1730 1785 1798 Annones,
1828 1731 2064 1799 impera-
2094 1737 2142 1797 Β
2167 1731 2462 1789 crudeliter
2493 1732 2842 1802 acquisitam,
2883 1729 3179 1785 infeliciter
3207 1727 3584 1800 perdiderunt.
3621 1729 3766 1786 Vicit

462 1832 612 1878 tores
654 1822 976 1889 Poenorum,
1021 1836 1090 1876 co
1135 1836 1353 1876 rursum
1397 1837 1518 1876 cum
1563 1836 1760 1892 magno
1812 1822 2060 1877 exercitu

465 1923 867 1978 convenerunt,
919 1912 1218 1984 praelioque
1275 1913 1594 1981 commisso,
1648 1929 1843 1969 novem
1894 1913 2060 1970 millia

466 2008 701 2064 militum
746 2005 1127 2077 perdiderunt.
1158 2006 1198 2037 ¹¹
1222 2004 1331 2061 Sed
1376 2014 1430 2061 et
1459 2013 1586 2061 tunc
1613 2006 1757 2075 apud
1786 2006 2061 2063 Romanos

465 2114 766 2169 numquam
796 2097 1050 2154 diuturna
1084 2096 1321 2153 felicitas
1356 2103 1499 2162 erat,
1546 2106 1601 2153 et
1637 2097 2061 2169 qualescumque

467 2205 757 2248 successus
785 2189 1000 2261 magnis
1023 2190 1288 2245 continuo
1315 2189 1582 2244 malorum
1607 2191 1844 2247 molibus
1872 2191 2065 2247 obrue-

466 2285 692 2341 bantur.
742 2284 875 2340 Cum
933 2284 1171 2338 Romana
1227 2283 1422 2339 classis
1477 2282 1544 2338 ad
1595 2283 1805 2338 Italiam
1867 2283 2062 2354 prmdis

463 2387 665 2434 onusta
722 2384 1022 2446 remearet,
1083 2374 1306 2431 infando
1351 2374 1636 2446 naufragio
1689 2391 1878 2432 eversa
1927 2385 2054 2432 est:

462 2470 510 2505 “
541 2485 669 2525 nam
709 2468 781 2525 de
826 2467 1088 2540 trecentis
1125 2467 1362 2522 navibus
1395 2469 1438 2500 "
1466 2465 1718 2522 ducenta:
1761 2476 1817 2523 et
1866 2467 2057 2538 viginti

457 2561 764 2632 perierunt,
795 2559 1082 2630 octoginta
1110 2559 1200 2613 vix
1228 2558 1456 2628 abjectis
1499 2557 1763 2614 oneribus
1803 2559 2054 2615 liberata:

460 2657 610 2703 sunt.
643 2648 908 2713 Amilcar,
940 2646 1049 2702 dux
1086 2646 1403 2713 Poenorum,
1435 2661 1559 2704 cum
1585 2647 1829 2704 exercitu
1857 2649 1910 2704 in
1952 2649 2060 2705 Nu-

460 2738 684 2796 midiam
723 2737 1210 2810 Mauritaniamquo
1251 2737 1474 2808 missus,
1510 2747 1800 2809 postquam
1846 2740 2061 2797 hostili-

2166 1823 2462 1894 aliquando
2500 1823 2640 1892 apud
2674 1823 2950 1877 Romanos
2988 1819 3450 1891 improbissimum
3495 1819 3766 1891 cupidita-

2165 1925 2272 1971 tem
2301 1913 2600 1972 enormitas
2626 1912 2972 1970 miseriarum
3002 1929 3016 1967 :
3042 1928 3167 1968 nam
3199 1911 3409 1982 Patres,
3434 1912 3764 1984 quibusjam

2163 2007 2399 2063 nauticas
2441 2007 2520 2062 rei
2555 2006 2605 2038 '°
2632 2016 2928 2076 pertaesum
2978 2012 3146 2070 esset,
3194 2003 3490 2061 decrevere
3533 2019 3603 2060 ne
3644 2019 3765 2060 am-

2162 2099 2304 2169 plius
2334 2115 2501 2171 quam
2525 2099 2810 2172 sexaginta
2859 2097 3080 2153 navium
3127 2096 3321 2153 classis
3351 2097 3418 2153 ad
3458 2097 3764 2153 subsidium

2164 2191 2457 2248 haberetur
2485 2190 2672 2257 Italitn,
2721 2189 2864 2261 quod
2890 2187 3111 2261 quidem
3157 2188 3438 2246 decretum
3476 2188 3763 2256 continuo,

2161 2283 2339 2339 adacti
2389 2282 2655 2338 indomita
2704 2280 3023 2352 cupiditate,
3068 2291 3355 2352 ruperunt.
3402 2281 3443 2312 ’ί
3489 2279 3765 2338 Praeterea

2162 2373 2319 2430 Cotta
2343 2375 2535 2431 consul
2565 2374 2620 2430 in
2646 2372 2888 2430 Siciliam
2917 2381 3312 2444 transgressus,
3337 2373 3590 2444 plurimis
3621 2388 3768 2444 pra:-

2165 2466 2254 2524 liis
2282 2467 2576 2524 adversum
2608 2467 2808 2524 Pmnos
2837 2476 2895 2523 ct
2935 2465 3152 2523 Siculos
3194 2474 3340 2522 terra
3381 2467 3632 2538 marique
3659 2481 3764 2538 pu-

2163 2564 2373 2633 gnavit,
2406 2571 2464 2618 et
2493 2577 2593 2632 per
2625 2570 2795 2617 totam
2828 2560 3074 2616 Siciliam
3106 2560 3304 2630 partim
3343 2557 3612 2627 hostium,
3642 2574 3769 2630 par-

2165 2655 2263 2710 tim
2295 2655 2460 2710 etiam
2505 2655 2812 2722 sociorum,
2842 2658 2888 2689 "
2918 2652 3227 2709 inhumatas
3273 2663 3491 2724 strages
3519 2651 3765 2724 reliquit.

2168 2747 2230 2804 L.
2262 2745 2480 2805 Caecilio
2525 2747 2762 2818 Metello,
2795 2748 2844 2780 "
2870 2746 2933 2804 C.
2979 2746 3146 2804 Furio
3192 2746 3378 2804 Pacilo
3417 2747 3765 2817 consulibus,

1748 2905 2201 2968 HAVERCAMPI
2240 2911 2467 2968 NOTAE.

456 3021 610 3095 gob.,
637 3021 750 3095 dum
779 3020 991 3095 nobilis,
1022 3028 1076 3076 et
1105 3021 1186 3078 sic
1215 3019 1626 3095 pleriquemss.

531 3096 585 3165 7.
626 3091 838 3147 Decimo
885 3091 1094 3146 demam
1144 3108 1304 3165 anno.
1356 3091 1845 3165 Decimusuannus
1877 3092 2065 3165 liuius

462 3163 601 3234 belli
621 3166 720 3218 fuit
747 3170 872 3234 post
897 3165 1238 3218 consulatum
1272 3163 1461 3232 lieguli
1498 3171 1570 3234 iet
1622 3162 1832 3230 Manlii,
1873 3162 2066 3220 Fulvio

457 3242 518 3291 et
546 3233 772 3290 [Emilio
811 3249 983 3300 coss.,
1015 3249 1123 3303 quo
1151 3249 1296 3290 anno
1341 3233 1609 3304 Regulum
1655 3246 1873 3304 captum
1918 3244 2068 3292 recte

459 3315 616 3374 putat
645 3304 918 3377 Sigonius.
951 3305 1086 3358 Nam
1119 3313 1176 3360 et
1215 3305 1498 3377 Appianus
1523 3305 1847 3377 de_captivis
1874 3321 2062 3377 agens,

461 3379 550 3431 καὶ
595 3375 707 3452 ρκ’
751 3377 940 3452 οεῦτῶγ,
992 3374 1580 3452 ἰῃίιιλὶικᾷήστρατηγὸς
1608 3374 1838 3452 ’ᾼέίλιοςῃ
1867 3374 2067 3452 {ivra-go;

457 3443 698 3520 γηοῇὠς,
730 3446 1062 3520 αἰχμλωςρς
1093 3443 1388 3520 ἧνφιβὶρᾳὶ)
1419 3443 1602 3520 tamen
1642 3447 1734 3502 lib.
1781 3463 1838 3502 Ill
1883 3449 1954 3520 de
1976 3450 2070 3504 Of-

461 3513 554 3570 ne.
588 3516 662 3588 ita
699 3513 935 3588 scribit:
970 3513 1048 3588 Μ.
1076 3515 1270 3588 Atilius
1300 3514 1558 3588 Regulus,
1601 3532 1718 3571 cum
1743 3518 1926 3588 consul
1966 3521 2066 3574 ite-

461 3601 584 3640 rum
607 3587 662 3640 in
693 3585 869 3656 Africa
890 3602 956 3641 ea:
986 3586 1190 3642 insidiis
1215 3585 1397 3656 captus
1423 3595 1576 3652 esset,
1604 3597 1714 3644 etc.
1790 3587 1958 3644 Fann.

533 3655 1012 3732 8._Xanthippns,
1084 3655 1471 3732 tam_a_u_dacis_._
1532 3659 1608 3714 De
1649 3661 1849 3732 causis,
1900 3676 2068 3732 quare

462 3727 812 3805 _Xanthippus
842 3727 1024 3805 subito
1076 3744 1140 3784 ex
1194 3729 1376 3805 Africa
1420 3729 1758 3805 discesserit,
1814 3727 2067 3805 Polybius

461 3799 744 3874 legendus,
793 3805 849 3854 et
876 3799 1176 3874 Appianus.
1204 3800 1398 3874 _FABI_t.
1427 3830 1497 3874 -ς
1538 3801 1844 3874 Polybium,
1906 3799 2067 3873 quem

461 3871 585 3924 vide
607 3871 706 3943 li_b.
735 3886 776 3938 ι,
807 3869 935 3943 cap_.
962 3869 1041 3943 ’56Δ
1062 3871 1312 3941 sequitur
1338 3871 1586 3942 Orosius,
1617 3869 1849 3929 Romani
1878 3869 2064 3943 aliam,

467 3948 528 3993 ut
551 3940 863 4013 probrosam
893 3941 1098 4013 Panis,
1131 3940 1330 4013 passim
1355 3945 1528 3997 secuti
1558 3940 1686 3997 Sunt
1711 3940 2065 4013 sententiam,

470 4023 636 4079 quam
663 4009 912 4080 pluribus
937 4010 1103 4066 refert
1132 4009 1367 4080 Appian.
1409 4013 1465 4066 in
1494 4013 1615 4067 init.
1642 4014 1712 4069 de
1754 4015 1870 4070 Bel.
1903 4009 2069 4070 Puni;

464 4092 555 4206 εξ),
581 4078 866 4206 εὲιὲὲιθϐιέἰό
887 4080 1067 4178 verbis
1109 4078 1454 4151 persequitur
1499 4083 1669 4140 Silius
1701 4085 1921 4142 Italicus
1967 4086 2066 4142 lib.

462 4164 548 4218 vt,
581 4163 729 4206 vers.
757 4163 905 4206 σδυε

462 4306 467 4311 ι
527 4243 634 4311 ζζθο
651 4257 750 4311 non
770 4245 1045 4311 projectum
1067 4249 1238 4310 puppi,
1265 4245 1546 4311 frustraque
1566 4258 1820 4303 vocantem

529 4306 1356 4375 l‘iumina,’Amycleum'mergebat
1379 4306 1565 4375 p_er'lida
1589 4323 1738 4375 ponto

526 4369 794 4438 {lectorem
815 4369 1006 4438 manus,
1034 4378 1085 4420 et
1107 4369 1238 4438 feras
1261 4369 1608 4438 ti_bi,'Regule',
1628 4388 1800 4438 pinnas

526 4429 839 4493 Xanthippus
860 4431 998 4494 digni
1021 4432 1267 4496 pendebat
1291 4436 1340 4484 iu
1358 4429 1565 4497 aequore
1590 4429 1735 4487 létbi.
1760 4441 1820 4498 υθέ

533 4514 594 4570 9.
637 4511 766 4568 Cum
795 4514 960 4570 classe
989 4523 1338 4571 trecentarum
1366 4519 1596 4574 navium.
1626 4518 1772 4575 Idem
1806 4537 2066 4579 numerus

465 4594 561 4663 est.
584 4586 637 4640 in
666 4585 954 4663 _Eu_lropi_0,
999 4585 1261 4658 Polybius
1289 4606 1303 4643 :
1331 4591 1604 4663 τριακόσια
1647 4595 1732 4649 καὶ
1759 4599 2069 4654 πεντήκοντα

470 4657 636 4730 σκᾴφη
666 4655 846 4730 liabet.
878 4656 1047 4730 ann.

539 4725 624 4783 10.
671 4725 954 4806 Praeterea,
984 4727 1202 4806 triginta
1223 4730 1460 4806 quinque
1475 4732 1662 4806 millia.
1693 4733 1752 4806 In
1784 4735 2066 4806 impressis

463 4795 711 4866 Eutropii
746 4797 900 4853 libris
941 4807 1027 4854 est
1055 4795 1374 4864 Quindecim
1388 4802 1558 4856 millia
1583 4803 1815 4858 hostium
1845 4795 1936 4860 aut
1979 4823 2066 4860 oc-

469 4867 710 4946 cidil‘aut
740 4868 893 4940 cepit.
927 4868 1032 4925 Sed
1063 4884 1184 4925 cum
1220 4871 1274 4925 in
1318 4881 1509 4946 nostro
1536 4877 1911 4946 manuscripto
1942 4876 2016 4932 sit
2048 4897 2060 4933 :

469 4951 504 4990 v
523 4938 713 5017 millia,
742 4938 1213 5017 ptitpnnumerum,
1238 4957 1348 5012 quo
1377 4943 1595 5016 triginta
1622 4938 1926 5017 significata
1954 4947 2066 5005 fue-

467 5016 623 5072 runt,
654 5009 1021 5067 intercidisse.
1065 5009 1233 5066 FABR.

535 5078 638 5149 il.
670 5076 754 5132 Ex
780 5080 928 5149 ipsis.
981 5082 1151 5138 Abest
1181 5083 1286 5139 hoc
1330 5083 1383 5138 in
1415 5092 1552 5142 vett.
1597 5087 1728 5146 edd.
1767 5097 1895 5145 ante
1935 5088 2063 5145 Bol-

463 5147 810 5232 snuingianam
858 5161 913 5206 et
951 5153 1190 5232 Ilittorp.
1239 5153 1295 5209 ln
1339 5157 1537 5232 quibus
1567 5157 1700 5230 ipsis
1751 5161 1894 5216 male
1934 5177 2061 5218 mox

461 5219 792 5346 gﬁ’liilée‘ljﬁs
823 5235 922 5292 pro
951 5219 1232 5295 depressis,
1273 5219 1418 5297 quod
1464 5229 1554 5285 ed.
1585 5219 1737 5302 'Aug.
1769 5247 1891 5288 cum
1920 5248 2058 5291 mss.

461 5299 712 5348 exhibet.

533 5361 624 5416 12.
668 5361 778 5444 Sed
817 5371 866 5418 et
895 5371 1036 5444 tunc.
1065 5365 1208 5444 _bls_s.
1257 5381 1479 5444 omnes,
1522 5373 1614 5428 sed
1653 5383 1710 5429 ut
1740 5383 1887 5443 tunc,
1919 5384 2056 5444 etc.,

697 5442 810 5490 tum
839 5433 1020 5492 minor
1045 5437 1328 5496 distinctio
1357 5433 1484 5512 poni
1529 5443 1695 5500 debet
1720 5455 1846 5516 post
1871 5433 2058 5501 obrue;

527 5575 616 5628 I5.
680 5573 823 5630 Nam
874 5577 937 5632 de
980 5581 1234 5654 trecentis
1278 5582 1516 5654 navibus.
1567 5583 1797 5654 Eutrop.
1854 5586 2049 5652 aliter,

454 5641 625 5719 Ἰξαηια
655 5654 936 5716 tempestas
961 5651 1081 5719 fuit,
1127 5661 1184 5704 ut
1228 5668 1291 5704 ea:
1324 5651 1433 5708 465
1471 5655 1706 5716 navibus,
1741 5641 1812 5712 '80
1853 5641 2053 5713 serva—ri

451 5712 540 5768 vix
583 5712 862 5786 potuerint.
897 5712 988 5780 Sic
1029 5712 1084 5782 et
1113 5719 1367 5792 Polybius
1393 5730 1494 5782 τῶν
1537 5727 1641 5804 γὰρ
1687 5712 1928 5797 ἐξήκοντα
1961 5712 2050 5801 τιᾳί

2091 3053 2137 3117 C
2167 3029 2424 3117 T‘T‘t'éfiwil
2440 3029 2572 3117 πρρς
2591 3036 2700 3117 rati}
2712 3027 3254 3117 τριακφίαιςναυσὶν,
3283 3023 3590 3101 ὁσγδοήκῦντα
3618 3025 3768 3099 μόνον

2171 3097 2364 3159 συνέϐη
2393 3097 2768 3178 περιλειφοῆναὶ
2797 3101 2988 3172 σκάφη.
3021 3097 3188 3152 FABR.
3319 3097 3331 3101 ⁷
3619 3097 3627 3099 ⁷

2243 3171 2332 3226 14.
2373 3170 2624 3226 Ducenta:
2645 3178 2691 3224 et
2712 3170 2913 3240 viginti,
2939 3177 3044 3222 etc.
3071 3167 3240 3238 Lugd.
3261 3167 3403 3223 Batt.
3433 3183 3521 3238 pr.
3545 3177 3600 3222 ct
3626 3177 3757 3223 tcrt.

2171 3255 2292 3326 cum
2352 3240 2494 3298 Coll.
2547 3241 2812 3307 Grouov.,
2874 3255 3049 3296 ccxxx
3099 3242 3385 3312 perierunt,
3435 3241 3766 3311 septuaginta

2167 3321 2635 3509 ἒῆὅῗῗίὁεηιετ.
2669 3382 2840 3440 Abest
2863 3397 2894 3438 a
2915 3380 3128 3438 duobus
3155 3381 3330 3454 Lugd.
3362 3381 3504 3438 Batt.
3535 3390 3595 3438 et
3618 3381 3764 3439 Coll.

2222 3470 2319 3509 ron
2361 3470 2412 3509 v.

2222 3470 2319 3509 ron
2361 3470 2412 3509 v.

2242 3469 2357 3581 16.0
2371 3524 2548 3582 Tertio
2568 3542 2726 3580 aitno.
2753 3525 2979 3582 Orosius
3010 3523 3100 3580 hic
3121 3524 3258 3580 duos
3279 3538 3455 3581 annos
3485 3534 3763 3582 extremos

2172 3607 2552 3653 connumerat.
2589 3597 2720 3652 Nam
2763 3597 2905 3652 inter
2936 3595 3038 3652 hos
3066 3597 3318 3652 consules
3347 3612 3412 3651 ac
3448 3597 3764 3664 superiores

2171 3666 2424 3734 Paulum,
2469 3677 2524 3724 et
2550 3667 2910 3734 Nobiliorem,
2957 3682 3099 3723 unus
3139 3677 3346 3723 tantum
3387 3683 3562 3724 annus
3596 3668 3766 3724 inter-

2171 3736 2293 3795 fuit.
2330 3739 2404 3810 De
2447 3740 2612 3796 rebus
2642 3739 2712 3794 ab
2753 3738 2839 3795 his
2881 3753 3026 3796 coss.
3076 3738 3247 3810 gestis
3277 3738 3535 3810 Polybius
3573 3746 3629 3794 et
3660 3737 3746 3794 En

2174 3809 2512 3938 "ibidis?
2530 3881 2778 3937 ducentis.
2815 3879 2907 3938 Sic
2927 3895 3130 3952 repone
3155 3895 3224 3937 ex
3252 3879 3376 3938 cod.
3403 3881 3634 3952 August.
3662 3897 3768 3952 pro

2177 3951 2434 4024 ducentis,
2469 3953 2611 4024 quod
2644 3953 2697 4008 in
2725 3952 2952 4022 reliquis
2981 3951 3092 4009 est.

2245 4025 2335 4079 l8.
2376 4023 2724 4096 Devexerunt.
2776 4025 2891 4096 Duo
2937 4039 3002 4080 ex
3049 4023 3220 4096 Lugd.
3269 4023 3416 4080 Batt.
3460 4039 3584 4080 cum
3619 4023 3764 4080 Coll.

2171 4093 2343 4150 Gron.
2375 4105 2430 4150 et
2459 4095 2547 4152 ed.
2577 4096 2744 4163 Aug.,
2771 4094 3114 4151 deduxerant.

2245 4167 2334 4222 19.
2376 4165 2505 4222 Cum
2530 4167 2601 4222 ad
2632 4165 2870 4222 Italiam.
2896 4166 2993 4221 Ed.
3028 4168 3194 4239 Aug.,
3226 4182 3343 4222 cum
3382 4163 3599 4222 Italiam
3628 4168 3771 4222 redi-

2171 4245 2334 4364 ωὲὸ.
2375 4307 2665 4365 Perttesnm
2693 4318 2840 4365 esset.
2873 4307 3267 4381 Editi_omnes,
3293 4318 3496 4380 praeter
3531 4311 3767 4381 August.

2090 4414 2146 4475 1)
2173 4390 2639 4475 ΞἮΞἘῨΡΨΨΞἯΕ
2647 4381 3007 4475 ξιυξέἱδξῗῘῙἯ
3022 4379 3211 4475 Ἦίιξε
3239 4379 3762 4475 (ΞῙῬΙΕἯίδῗέ-Ἦῗῗ·

2171 4450 2710 4508 omnesconstanter
2757 4451 3011 4508 scribunt
3047 4462 3198 4518 esset,
3246 4450 3391 4522 quod
3429 4452 3498 4506 ab
3533 4451 3765 4520 Orosio,

2172 4521 2413 4591 ejusdem
2452 4524 2655 4578 sarculo
2684 4521 2985 4589 profectum
3021 4523 3256 4591 videtur.

2242 4593 2334 4647 21.
2375 4593 2637 4648 Praeterea
2660 4593 2807 4648 Cotta
2834 4592 3034 4649 consul.
3059 4589 3118 4650 C.
3157 4593 3411 4650 Aurelius
3439 4593 3595 4650 Cotta
3623 4608 3766 4648 con-

2170 4664 2251 4718 sul
2281 4679 2406 4720 cum
2435 4665 2495 4720 P.
2527 4665 2760 4722 Servilio
2805 4665 3038 4720 Gemino
3067 4664 3169 4720 fuit
3213 4680 3354 4720 anno
3385 4665 3535 4720 urbis
3563 4679 3616 4720 nr
3657 4681 3770 4734 quo

2169 4749 2310 4807 eum,
2328 4738 2398 4792 de
2441 4735 2622 4790 Poenis
2674 4747 2728 4791 et
2774 4735 2979 4807 Siculis
3021 4737 3387 4807 triumphasse
3441 4735 3769 4807 Capitolinis

2169 4805 2370 4862 tabulis
2407 4816 2493 4862 est
2519 4807 2812 4875 proditum.
2849 4806 3014 4862 FABR.

2237 4877 2331 4933 2:2.
2374 4877 2684 4932 Inhumatas
2725 4887 2945 4949 strages.
2998 4875 3234 4949 Vulgati,
3278 4877 3648 4949 inhumanas;
3679 4877 3767 4934 itt-

2168 4947 2403 5005 humane
2431 4959 2605 5006 certe.
2640 4947 3307 5015 Lxurf—Comprobatur
3336 4963 3402 5004 ea
3434 4948 3597 5004 lectio
3621 4947 3763 5004 Lau-

2167 5019 2225 5092 t_ii
2250 5019 2549 5092 nonmodo
2582 5019 2651 5074 iis
2691 5035 2823 5074 mss.
2856 5036 2921 5092 ex
2951 5019 3148 5092 quibus
3164 5019 3231 5092 _in
3258 5019 3384 5092 edd.
3417 5018 3672 5092 reliquis,
3705 5030 3766 5074 ut

2165 5089 2311 5146 Buls.
2337 5091 2568 5161 Hittorp.
2599 5099 2656 5146 et
2682 5105 2838 5162 seqq.
2869 5088 3255 5162 fuit'reposita,
3284 5089 3460 5162 sedet
3488 5088 3761 5162 Florenti.

2166 5162 2345 5232 primo
2371 5173 2426 5219 et
2457 5163 2639 5228 tertio,
2675 5171 2730 5217 et
2757 5161 2881 5217 meo
2923 5161 3136 5232 codice,
3167 5170 3228 5232 ut
3253 5171 3310 5217 et
3335 5161 3428 5216 illo
3453 5161 3544 5232 qui
3575 5176 3761 5230 quon-

2162 5231 2288 5288 dam
2318 5231 2594 5288 Perizonii
2622 5232 2742 5288 fuit.
2769 5233 2918 5288 Flor.
2946 5248 3058 5290 sec.
3099 5231 3264 5287 habet
3294 5231 3594 5286 innumeras
3623 5243 3765 5288 ιιι-σο

2196 5301 2451 5374 es.Cntta
2481 5317 2613 5361 vero
2647 5305 3042 5374 proconsulare
3070 5303 3364 5373 imperium
3389 5316 3493 5374 eo,
3523 5317 3673 5358 anno
3704 5304 3760 5360 in

2202 5373 2344 5429 icilia
2376 5375 2634 5430 habuisse
2649 5373 2898 5430 videtur.
2937 5375 3052 5431 Vox
3087 5375 3243 5429 etiam
3283 5376 3338 5431 in
3369 5373 3586 5430 duobus
3618 5390 3758 5432 mss.

2161 5443 2336 5514 Lugd.
2371 5446 2513 5501 Batt.
2545 5460 2652 5500 non
2683 5445 2970 5502 invenitur.

2227 5516 2320 5571 25.
2365 5515 2528 5572 Furio
2559 5514 2762 5571 Pacilo.
2798 5515 3037 5584 Pacilus,
3061 5532 3171 5573 non
3202 5515 3454 5571 Placidus
3483 5515 3635 5572 Furii
3663 5531 3757 5574 co-

2158 5601 2394 5660 gnomen
2426 5596 2511 5660 est
2543 5587 2594 5641 in
2626 5585 2800 5644 Fastis
2831 5588 3005 5660 Capit.
3046 5604 3284 5660 quorum
3311 5589 3628 5660 auctoritas
3658 5603 3764 5644 no-

2158 5659 2241 5733 bis
2265 5658 2583 5733 gravissima
2613 5668 2717 5716 est.
2761 5660 2838 5718 De
2867 5657 2928 5718 re
2967 5676 2999 5718 a
3041 5657 3260 5718 Metello
3286 5669 3439 5733 gesta
3470 5657 3671 5732 Polyb.
3703 5671 3763 5718 et

2156 5729 2384 5803 Eutrop.
2419 5729 2587 5790 FABR.
