4088 6170
409 231 514 292 887

1809 227 2018 289 PAULI
2053 230 2282 290 OROSII

3596 225 3708 288 888

407 349 498 406 vel
543 343 808 418 majorum
850 343 1068 417 gaudia,
1098 342 1181 402 vel
1216 343 1489 402 minorum
1533 343 1714 402 studia
1751 343 1795 377 ⁸⁸
1838 343 2002 402 recli-
2025 345 2447 413 Adediderunt.
2473 342 2661 401 Tertio
2686 342 2945 415 deinceps
2970 357 3114 400 anno
3143 341 3402 399 miseram
3425 341 3706 400 civitatem

408 450 630 504 nantur,
667 441 912 510 profecto
948 438 1298 505 discernitur,
1329 447 1386 495 et
1415 451 1576 508 quam
1605 435 2006 508 iucunditatem

405 533 667 590 habuerit
710 531 827 588 haec
867 531 1127 601 brevitas,
1166 542 1223 586 et
1251 545 1414 602 quam
1452 528 1872 585 amaritudinem
1913 528 2006 584 illa

409 625 702 698 prolixitas
729 643 742 679 :
774 625 878 680 hoc
905 633 1010 691 est,
1045 635 1099 680 et
1121 624 1278 696 quies
1302 624 1392 678 illa
1418 638 1580 695 quam
1611 630 1762 692 grata
1790 623 2005 691 fuisset,

413 721 462 777 si
502 720 758 774 diuturna
800 718 1112 784 mansisset,
1139 725 1196 773 et
1239 716 1357 772 haec
1405 717 1748 773 incessabilis
1793 717 2010 772 miseria

412 827 577 886 quam
614 813 781 869 etiam
821 811 1040 867 vitanda
1075 810 1262 879 fuerit,
1310 810 1359 866 si
1400 809 1558 866 vitari
1591 810 1633 845 ιθ
1668 824 2012 883 quacumque

414 915 534 963 arte
561 893 849 977 potuisset.

904 997 1070 1070 243
1105 995 1334 1052 CAPUT
1375 993 1515 1051 xm.

417 1114 498 1172 De
521 1114 734 1169 interitu
763 1112 1064 1179 Amilcaris,
1079 1118 1127 1165 et
1155 1109 1290 1165 bello
1309 1109 1665 1165 Romanorum
1689 1109 1743 1164 in
1767 1107 2012 1180 Illyrios,

489 1187 704 1251 eiusque
733 1200 915 1238 causa.
951 1182 1030 1236 De
1059 1183 1192 1237 bello
1223 1184 1276 1235 in
1308 1181 1491 1236 Gallos
1531 1181 1827 1251 Cisalpinos
1851 1197 1869 1234 :
1896 1181 2018 1236 item

487 1257 546 1310 in
583 1255 849 1310 Insubres.
874 1252 1076 1325 Gallos.
1120 1252 1199 1307 De
1245 1254 1504 1325 prodigiis
1552 1254 1731 1308 variis.
1766 1252 1844 1307 De
1885 1268 2020 1308 nova

491 1326 767 1383 Gallorum
792 1325 961 1394 clade,
985 1324 1214 1396 belloque
1242 1326 1296 1378 in
1317 1323 1507 1379 Istros.

491 1465 512 1496 ³
543 1466 704 1520 Anno
749 1462 819 1519 ab
848 1461 994 1519 Urbe
1021 1460 1242 1517 condita
1273 1477 1420 1518 nsvn
1461 1461 1725 1531 Amilcar,
1758 1461 1868 1518 dux
1890 1460 2023 1518 Car-

423 1555 964 1628 thaginiensium,ab
993 1554 1254 1626 Hispanis
1286 1556 1338 1610 in
1371 1554 1538 1624 bello,
1570 1571 1696 1611 cum
1725 1555 1873 1611 aliud
1896 1555 2014 1612 bel-

420 1652 538 1708 lum
583 1650 849 1706 adversus
901 1649 1179 1706 Romanos
1206 1651 1347 1706 clam
1387 1661 1630 1720 pararet,
1654 1649 1868 1706 occisus
1909 1658 2015 1705 est.

2109 438 2389 510 sacrilegis
2418 437 2701 494 sacrificiis
2728 437 2868 494 male
2901 446 3156 508 potentes
3186 437 3535 494 lunestavere
3572 452 3708 508 pon-

2113 532 2320 596 tilices,
2359 545 2594 602 namque
2629 529 2932 586 decemviri
2971 531 2991 561 ³
3021 530 3468 586 consuetudinem
3515 532 3710 602 prisca:

2113 623 2517 695 superStitionis
2546 623 2813 694 aggressi,
2831 621 2854 652 ⁴
2872 622 3087 679 Gallum
3112 623 3288 678 virum
3317 633 3376 679 et
3396 623 3608 678 Gallam
3633 624 3712 680 fc-

2115 718 2319 772 minam
2336 731 2460 772 eum
2487 715 2714 772 muliere
2736 715 2897 771 simul
2915 715 3104 772 Graeca
3127 716 3180 770 in
3202 717 3318 772 foro
3339 716 3533 773 boario
3549 717 3706 774 vivos

2113 807 2453 865 defoderunt.
2479 807 2644 880 249
2666 807 2771 865 Sed
2795 807 3213 880 obligamentum
3239 809 3342 866 hoc
3365 811 3632 882 magicum
3659 813 3714 867 in

2115 902 2446 958 contrarium
2474 903 2737 958 continuo
2765 918 2980 958 versum
3011 911 3113 959 cst.
3145 902 3388 976 Namque
3411 904 3559 960 diras
3587 904 3717 960 illas

2115 1009 2245 1066 quas
2259 993 2500 1051 fecerant
2526 1005 2872 1051 externorum
2900 1003 3127 1064 mortes,
3148 995 3462 1052 finitissimis
3486 1011 3714 1054 suorum

2117 1088 2356 1144 caedibus
2384 1089 2768 1159 expiaverunt,
2799 1088 3104 1160 sequidem,
3135 1089 3157 1122 '
3185 1089 3246 1145 L.
3278 1088 3509 1145 IEmilio
3540 1090 3714 1160 Papo,

2118 1181 2180 1238 C.
2230 1182 2400 1237 Atilio
2449 1181 2656 1252 Regulo
2701 1182 3058 1248 consulibus,
3110 1197 3305 1253 magna
3353 1181 3649 1239 formidine
3696 1183 3718 1214 ‘

2119 1283 2502 1332 consternatus
2531 1285 2616 1333 est
2647 1287 2870 1332 senatus
2907 1276 3224 1334 delectione
3250 1275 3546 1348 Cisalpina:
3590 1276 3722 1334 Gal-

2119 1369 2231 1438 liae,
2275 1384 2400 1425 cum
2432 1369 2596 1426 etiam
2636 1384 2706 1426 ex
2747 1369 3007 1426 ulteriore
3055 1369 3231 1426 Gallia
3269 1369 3460 1440 ingens
3503 1369 3716 1426 adven-

2123 1472 2242 1519 tare
2268 1461 2540 1520 exercitus
2589 1463 2966 1533 nuntiaretur,
3010 1465 3030 1496 ⁷
3063 1463 3304 1520 maxime
3345 1463 3716 1529 Gazsatorum,

2125 1557 2269 1628 quod
2294 1572 2490 1613 nomen
2523 1571 2630 1612 non
2661 1558 2842 1627 gentis
2866 1599 2882 1623 ,
2909 1557 3006 1614 sed
3035 1557 3500 1614 mercennariorum
3528 1557 3721 1614 Gallo-

2130 1665 2254 1704 rum
2289 1659 2393 1705 cst.
2436 1648 2624 1720 Itaque
2653 1650 2884 1720 permoti
2919 1649 3187 1706 consules
3213 1692 3228 1717 ,
3258 1649 3427 1706 totius
3453 1651 3629 1706 Italia:
3657 1649 3724 1706 ad

423 1745 447 1775 ’
471 1744 732 1814 Sequenti
758 1757 903 1796 anno
930 1742 1093 1812 legati
1121 1742 1493 1797 Romanorum
1524 1742 1594 1796 ab
1620 1742 1824 1813 Illyriis
1854 1743 2022 1798 inter-
2054 1739 2102 1801 B
2129 1741 2446 1813 praesidium
2487 1742 2706 1813 imperii
2736 1751 3062 1799 contraxere
3087 1744 3258 1799 vires.
3288 1742 3405 1810 Quo
3449 1743 3598 1800 facto
3622 1784 3640 1809 ,
3670 1744 3726 1799 in

421 1835 552 1891 fecti
583 1843 731 1891 sunt.
764 1834 895 1888 Post
922 1848 1046 1888 cum
1077 1833 1209 1903 ipsis
1236 1833 1434 1905 Illyriis
1461 1833 1872 1888 atrocissimum
1902 1833 2018 1889 bel-

425 1927 540 1982 lum
569 1935 783 1998 gestum
812 1934 895 1981 est
925 1941 939 1980 :
971 1926 1025 1981 in
1056 1941 1165 1996 quo
1208 1926 1394 1981 multis
1439 1924 1656 1997 oppidis
1698 1925 2021 1997 populisque

424 2018 643 2088 deletis,
670 2018 869 2089 reliqui
897 2035 959 2076 se
994 2019 1192 2076 Fulvio
1228 2019 1658 2090 Posthumioque
1698 2019 2020 2075 consulibus

2135 1824 2418 1904 utriusque
2447 1833 2687 1889 consulis
2715 1835 2958 1890 exercitu
2983 1835 3296 1906 octingenta
3327 1833 3498 1890 millia
3547 1851 3728 1890 arma.

2128 1937 2307 1982 torum
2349 1926 2519 1982 fuisse
2565 1926 2908 1997 referuntur,
2951 1928 3139 1984 8sicut
3164 1927 3369 1984 Fabius
3399 1927 3722 1996 historicus,

2127 2021 2219 2091 qui
2243 2018 2420 2076 cidem
2449 2019 2596 2076 bello
2624 2020 2893 2092 interluit,
2923 2021 3167 2094 scripsit.
3201 2023 3222 2055 θ
3253 2019 3338 2076 Es
3370 2021 3571 2091 quibus
3597 2021 3711 2078 Ro-

1725 2201 2171 2261 IIAVERCAMPI
2208 2202 2437 2260 ΝΟΤᾹΞ.

433 2344 436 2348 ’
499 2342 590 2398 18.
626 2342 985 2400 Reclinantur.
1014 2341 1118 2397 Ed.
1140 2341 1304 2410 Aug.,
1335 2338 1680 2393 declinantur.
1705 2336 1877 2410 Lugd.
1899 2338 2018 2394 Bat.

427 2421 582 2480 tert.,
613 2414 957 2470 redimantur.
995 2414 1114 2469 Mox
1147 2412 1284 2467 Coll.
1327 2410 1592 2478 Gronov.,
1633 2411 2022 2477 discernuntur,

429 2493 493 2541 ut
520 2495 576 2539 et
600 2484 773 2555 Lugd.
808 2487 922 2539 Bat.
957 2494 1084 2540 tert.
1109 2498 1208 2553 pro
1238 2482 1569 2555 discernitur.

502 2555 593 2611 I9.
625 2553 959 2626 Quacumque
1003 2564 1113 2608 arte
1147 2555 1425 2626 potuisset.
1449 2553 1503 2605 lu
1534 2567 1665 2626 mss.
1696 2553 1942 2626 optimis,
1969 2553 2022 2607 id

429 2634 534 2693 est,
569 2627 742 2680 tribus
779 2623 1046 2682 Flo’rentt.
1074 2623 1196 2680 Meo
1223 2636 1276 2678 et
1310 2623 1725 2693 Pcrizon,gillud
1763 2633 1874 2678 arte
1914 2639 2022 2678 non

429 2691 727 2752 invenitur.
779 2697 916 2752 Edd.
949 2709 1169 2767 quoque
1212 2695 1398 2767 prima:
1445 2703 1508 2767 et
1549 2691 1789 2767 Venetae
1813 2695 2018 2767 delent.

430 2767 525 2823 Sic
567 2783 885 2836 quacumque
928 2764 1137 2823 dictum
1174 2764 1302 2833 erit,
1335 2774 1397 2819 ut
1438 2765 1614 2836 aliqua
1651 2765 1796 2836 apud
1837 2764 2028 2837 Virgil.

427 2838 634 2896 Ecloaa
660 2854 736 2896 ιιι.
762 2839 849 2895 15.

464 2838 634 2909 icloga
660 2854 736 2905 ιιι,
762 2839 849 2895 15.

518 2975 519 2978 η
618 2939 746 2990 Etsi
770 2951 867 2989 non
892 2939 1053 3002 aliqua
1079 2938 1352 3001 nocuisses,
1378 2941 1602 2988 mortuus
1622 2949 1780 2989 esses.

433 3047 496 3130 Id
541 3057 626 3103 est
666 3049 1008 3120 aliquatenus,
1032 3045 1210 3118 aliqua
1255 3046 1476 3114 ratione,
1523 3053 1584 3100 ut
1628 3045 1867 3116 explieiit
1902 3045 2033 3103 Ser-

434 3135 578 3174 vrus.

505 3159 634 3246 “Cale.
665 3190 807 3247 XIII.
832 3219 907 3233 --
928 3192 982 3246 1.
1005 3192 1154 3247 Anno
1175 3188 1237 3242 ab
1265 3186 1401 3243 Urbe
1423 3204 1540 3242 con.
1565 3204 1736 3244 nxvu.
1763 3189 2020 3253 Amilcar,
2055 3159 2102 3223 (ἶ

433 3272 589 3332 pater
636 3262 953 3330 Annibalis,
1000 3272 1225 3317 auctore
1254 3259 1617 3332 Cassiodoro,
1657 3261 1710 3313 in
1761 3260 2022 3329 Hispania

437 3330 656 3388 occisus
704 3345 827 3400 est,
868 3333 937 3387 M.
987 3333 1212 3388 {Emilio
1254 3330 1510 3394 Barbula,
1559 3330 1629 3383 Μ.
1677 3331 1839 3385 Junio
1892 3333 2024 3386 Pera

435 3418 605 3470 eoss.,
640 3403 730 3470 qui
777 3419 952 3457 annus
995 3405 1054 3458 in
1103 3402 1281 3456 Fastis
1310 3399 1634 3469 Capitolinis
1665 3410 1750 3454 est
1782 3403 1850 3454 ab
1881 3401 2026 3457 Urbe

436 3489 561 3528 con.
608 3488 774 3527 nxxn.
827 3474 906 3528 De
951 3473 1238 3528 Amilcaris
1295 3472 1516 3526 interitu
1568 3471 1725 3540 plura
1769 3473 2026 3544 Polybius

439 3545 598 3600 initio
622 3545 714 3598 lib.
745 3559 804 3600 ιι.
835 3543 1001 3600 ΡΑιιιι.

506 3617 560 3671 2.
596 3614 846 3685 Sequenti
885 3633 1023 3670 anno
1063 3614 1218 3685 legati
1259 3613 1636 3668 Romanorum.
1667 3613 1899 3684 Legatos
1926 3613 2027 3668 Po-

430 3687 625 3763 lybius
647 3688 739 3763 lib.
765 3703 802 3741 lt
835 3689 1076 3763 nominat
1095 3687 1240 3763 Γαΐῳ
1257 3690 1357 3763 ίκαξ
1379 3689 1588 3742 Λεύκιον
1606 3690 1982 3763 Διίιηοιιιγκᾳινίοξ.)ς
2010 3705 2024 3740 :

435 3759 529 3827 qui
561 3758 628 3812 ad
662 3757 890 3813 Teutam
916 3759 1176 3829 Reginam
1203 3759 1536 3829 Illyriorum,
1566 3759 1636 3812 ob
1665 3757 1891 3826 injurias
1921 3758 2024 3811 Ita-

435 3829 556 3884 licis
600 3828 1206 3886 mercatoribus’illatas
1239 3829 1387 3883 missi
1423 3828 1663 3895 fuerunt,
1688 3841 1850 3898 atque
1889 3829 2027 3883 alter

439 3915 630 3954 eorum
656 3900 814 3967 jussu
838 3902 1040 3969 reginae
1063 3899 1383 3956 interfectus
1404 3899 1529 3966 fuit,
1560 3911 1615 3954 ut
1637 3900 1778 3954 idem
1812 3901 2025 3957 scribit.

439 3969 514 4040 In,
552 3973 788 4036 epitoma
830 3987 1046 4040 quoque
1093 3971 1232 4026 libro
1281 3972 1543 4038 vigesimo
1571 3970 1786 4039 legitur,
1820 3969 2026 4024 Bellum

435 4037 646 4108 Illyriis
697 4037 908 4111 propter
955 4037 1114 4093 unum
1167 4057 1228 4094 ea:
1281 4037 1488 4111 legatis,
1535 4037 1647 4109 qui
1668 4040 1736 4093 ad
1763 4057 1848 4111 eos
1886 4041 2028 4094 missi

438 4118 611 4174 erant,
640 4109 1162 4174 occisum,indictum
1185 4120 1279 4164 est.
1302 4109 1580 4178 Appianus
1633 4113 1760 4165 item
1814 4109 2026 4165 Corun—

440 4181 582 4236 canii
611 4183 679 4235 ab
712 4180 913 4252 Illyriis
943 4181 1215 4237 interfecti
1255 4183 1507 4235 meminit
1543 4181 1593 4234 in
1629 4181 1864 4252 Illyrico.
1903 4181 2028 4236 Flo-

440 4268 536 4306 rus
579 4267 709 4308 vero
745 4251 888 4308 libro
932 4253 1190 4318 secundo,
1221 4251 1400 4322 capite
1429 4252 1484 4317 5,
1527 4252 1730 4321 legatos
1752 4252 2027 4310 Romanos

437 4324 745 4394 imperante
766 4322 936 4380 Teuta
964 4325 1178 4381 occisos
1206 4323 1417 4379 scribit.
1453 4323 1658 4379 Plinius
1692 4325 1834 4378 libro
1861 4327 2027 4394 trige-

434 4394 576 4450 simo
597 4405 817 4465 quarto,
833 4397 1012 4464 capite
1041 4404 1218 4460 sexto,
1233 4395 1478 4450 nominat
1496 4396 1707 4464 legatos
1728 4394 2024 4450 P.1unium

439 4472 497 4538 et
535 4465 598 4522 T.
632 4467 1052 4534 Coruncanium,
1084 4467 1361 4538 quibus,ia
1393 4465 1563 4521 Teuta
1596 4467 1902 4538 Illyriorum
1938 4482 2025 4522 re-

437 4535 563 4610 gina
598 4538 922 4607 interfectis,
955 4535 1150 4595 statua:
1189 4540 1245 4593 in
1299 4537 1508 4594 Rostris
1548 4535 1739 4607 positae
1781 4538 2018 4594 fuerunt.
2053 4549 2108 4610 D

429 4607 605 4665 FAnn.

506 4682 561 4753 5.
586 4680 1016 4737 Consuetudinem
1037 4682 1221 4753 priscae
1240 4679 1622 4749 superstitionis
1642 4681 1888 4752 aggressi.
1922 4681 2027 4736 Pro

438 4752 625 4826 prisca:
643 4753 792 4826 Meus
822 4753 982 4826 habet
1007 4752 1242 4826 pristina:
1271 4763 1361 4804 :at
1390 4767 1486 4820 pro
1516 4755 1768 4826 aggressi,
1796 4767 2027 4821 quomo-

434 4821 506 4875 do
536 4822 588 4876 in
605 4825 850 4893 vulgatis,
884 4821 1326 4893 sola'Augustana
1354 4821 1606 4891 excepta,
1642 4825 1873 4893 legitur;
1907 4839 2024 4878 om-

432 4905 537 4946 nes
557 4908 829 4951 mss.cum
849 4897 1040 4951 eodem
1063 4896 1154 4949 ed.
1183 4893 1440 4948 exhibent
1460 4893 1670 4962 egressi.
1696 4896 1828 4962 Quae
1861 4895 2025 4950 lectio

435 4963 636 5035 nosad
677 4981 856 5022 veram
912 4969 1111 5024 ducere
1158 4965 1408 5029 videtur;
1439 4972 1570 5035 puto
1608 4967 1751 5020 enim
1793 4966 1872 5021 sic
1902 4981 2024 5021 esse

431 5033 804 5110 scribendum,
855 5038 1094 5110 Namque
1145 5037 1416 5110 decemuiri
1442 5033 1453 5035 ’
1481 5036 1548 5110 ad
1605 5037 2028 5110 consuetudinem

431 5107 620 5178 priscae
647 5107 1034 5178 superstitionis
1059 5107 1294 5178 regressi.
1317 5107 1640 5176 Quintilian.
1670 5109 1722 5162 in
1751 5108 2026 5164 Prommio

430 5177 530 5252 lib.
557 5192 597 5246 ι,
631 5193 684 5249 p.
713 5177 768 5244 8,
803 5179 938 5234 Inde
963 5177 1197 5252 quidam,
1228 5187 1520 5252 contempto
1561 5183 1686 5234 bene
1707 5179 1912 5234 dicendi
1943 5181 2025 5233 la-

431 5251 572 5317 bore,
603 5251 672 5305 ad
716 5251 1018 5323 formandas
1050 5253 1251 5323 animos
1295 5251 1699 5323 statuendasque
1728 5253 1847 5305 vita:
1887 5252 2022 5323 leges

425 5323 670 5394 regressi.
716 5322 1036 5394 Exemplum
1069 5322 1324 5379 sacriﬁcii
1365 5323 1560 5378 similis
1603 5322 1839 5378 Occurrit
1883 5322 2024 5390 apud

427 5393 668 5456 Livium.
697 5393 976 5466 aliquanto
1027 5404 1182 5465 post,
1225 5407 1470 5465 tempore
1521 5394 1826 5462 Annibalis,
1865 5407 2026 5464 pera-

431 5466 727 5537 ctum,_glib.
757 5483 888 5528 χχιι,
918 5481 1039 5537 cap.
1065 5466 1152 5537 57.

499 5536 554 5590 4.
580 5535 796 5593 Gallunt
820 5534 1052 5592 virum—et
1075 5534 1305 5592 Gallam.
1333 5536 1591 5599 Romani,
1610 5535 1786 5604 inquit
1816 5534 2024 5589 Plutar-

429 5606 566 5681 chus
591 5608 642 5681 in
671 5610 1093 5676 Quaestionibus,
1117 5608 1209 5664 δύο
1239 5610 1329 5681 μὲν
1360 5606 1549 5681 ἄνδρας
1581 5606 1673 5681 duo
1697 5605 1755 5662 ’δέ
1776 5613 2023 5681 gumiae};

431 5677 483 5759 ἒ
506 5683 569 5759 Si
615 5679 744 5759 βοῶν
763 5685 951 5759 ,ἀγορᾷ
975 5676 1250 5759 moueri
1261 5684 1382 5759 1.0136
1410 5676 1501 5751 μέν
1525 5676 2021 5759 Ἕλληναςέηὺεηδέ

435 5745 682 5810 Γαλάταις.
715 5745 905 5816 {devia}
930 5745 1250 5829 ὶιατῶρυξάν.
1285 5749 1341 5808 Id
1371 5745 1501 5808 vero
1536 5758 1633 5808 eos
1659 5765 1727 5807 ex
1752 5751 1905 5806 libris
1933 5748 2020 5805 Si-

2127 2339 2348 2415 byllinis
2379 2341 2769 2415 fecisseinitio
2793 2341 2923 2399 belli
2964 2341 3160 2400 Gallici
3207 2341 3478 2415 Cisalpini
3531 2343 3726 2402 scribit

2128 2411 2271 2467 idem
2303 2414 2356 2468 in
2382 2413 2657 2469 Marcello.
2691 2414 2858 2472 Fann.

2201 2483 2255 2556 5.
2300 2483 2614 2540 L.zEmilio
2670 2483 2842 2556 Papo.
2897 2484 3122 2542 [Emilio
3183 2485 3360 2540 Catuli
3421 2501 3728 2556 cognomen

2135 2554 2298 2624 vulgo
2325 2567 2582 2626 corrupte
2618 2556 2705 2611 hic
2735 2554 2953 2612 additur
2977 2597 2993 2624 ,
3025 2557 3168 2613 sicut
3199 2556 3366 2611 Pauli
3406 2554 3550 2624 apud
3582 2558 3725 2613 Plin.

2128 2625 2269 2682 libro
2295 2641 2352 2681 ιιι
2375 2669 2391 2694 ,
2570 2626 2660 2681 20.
2710 2626 2766 2710 In
2809 2627 2987 2684 Fastis
3033 2626 3351 2696 Capitolinis
3382 2629 3436 2683 hi
3472 2631 3729 2686 consules

2135 2711 2226 2752 an.
2258 2713 2446 2752 DXXIIX
2479 2712 2562 2752 SIC
2601 2710 2968 2766 nominantur,
3002 2715 3054 2756 ϐ.
3091 2714 3343 2765 λειιιυιιε,
3375 2715 3428 2764 ρ.
3463 2716 3517 2755 ε’.
3549 2716 3636 2756 CN.
3671 2717 3726 2756 Ν.

2136 2783 2320 2833 rarus.
2351 2785 2402 2833 c.
2433 2783 2669 2825 ATILIUS.
2708 2785 2766 2824 ιι.
2801 2786 2854 2824 ε.
2884 2786 2942 2826 ιι.
2989 2787 3043 2825 ιι.
3079 2785 3340 2827 necuws.
3373 2772 3488 2825 Hoc
3527 2772 3727 2828 bellum

2136 2829 2403 2895 Gallicum
2434 2839 2749 2895 describunt
2777 2841 3039 2910 Polybius
3085 2842 3227 2896 libro
3274 2857 3351 2908 ιι,
3395 2842 3725 2898 Plutarchus

2136 2911 2190 2984 i_n
2221 2911 2709 2984 Marcello,Livius
2738 2911 2880 2984 libro
2906 2929 2997 2979 xx,
3028 2912 3222 2969 Florus
3248 2912 3345 2969 lib.
3379 2928 3439 2983 ιι,
3465 2917 3644 2984 capite
3668 2914 3724 2981 4,

2138 2981 2433 3041 Eutropius
2464 2982 2603 3037 libro
2634 2999 2693 3038 ιι.
2718 2983 2882 3038 Faue.

2207 3054 2261 3107 6.
2295 3051 2666 3108 Consternatus
2692 3065 2769 3109 est
2807 3065 3032 3110 senatus.
3069 3054 3471 3110 Revocavimus
3495 3055 3723 3111 verbum

2138 3133 2214 3178 est
2243 3139 2313 3180 ex
2342 3123 2519 3192 Lugd.
2566 3125 2688 3180 But.
2720 3128 2882 3180 tertio
2927 3137 2981 3182 et
3019 3124 3162 3182 Coll.
3194 3125 3435 3183 Gronov.
3466 3142 3482 3192 ;
3515 3143 3639 3182 nam
3670 3127 3726 3184 in

2139 3194 2337 3269 vulgg.
2358 3196 2513 3269 abest
2537 3207 2946 3269 ,_pr:eterquam
2983 3200 3033 3251 in
3057 3199 3289 3269 August.

2200 3267 2254 3322 7.
2286 3267 2518 3339 Maxime
2551 3265 2899 3322 Gazsatorum.
2946 3269 3023 3324 Ita
3058 3265 3171 3324 hoe
3191 3285 3388 3324 nomen
3421 3285 3488 3324 ex
3515 3268 3723 3339 optimo

2129 3333 2296 3414 Corn.
2344 3337 2626 3414 Gualtheri
2679 3339 3150 3414 lihro_descrip_si.
3200 3339 3460 3414 Polybius
3495 3358 3509 3395 :
3540 3333 3722 3414 Ᾱιὸπερ

2128 3410 2310 3470 εὐθέως
2333 3410 2399 3465 τὰ
2429 3411 2647 3487 μέγισιξα
2680 3417 2785 3487 τῷν
2825 3412 2992 3476 ἐθνῶν,
3039 3412 3098 3466 τὸ
3143 3411 3405 3487 ἰνσὸϐρων
3449 3415 3544 3487 uoti
3578 3410 3728 3467 Βοὶών

2129 3479 2558 3558 συμφροηήσςνιὲᾳ
2587 3479 2925 3558 διεπέμποντο
2951 3485 3081 3558 πρὸς
3111 3485 3230 3545 τοὺς
3253 3479 3385 3558 κάςτᾴ
3408 3485 3502 3550 τὰς
3521 3481 3728 3545 "Alma;

2128 3549 2212 3624 κᾳί
2239 3549 2322 3608 ι’ὃν
2348 3549 2572 3629 Ῥοδανριι
2598 3549 2833 3629 narraui»:
2861 3549 3225 3629 xaroizoﬁvm;
3245 3549 3500 3618 Fulcitur,
3521 3576 3732 3629 προσα-

2127 3621 2497 3699 γρρειξο-ειένονί
2521 3622 2574 3678 δὲ
2605 3621 2693 3699 διιξ
2726 3621 2785 3679 ea
2812 3625 3001 3699 μισθᾳῦ
3029 3627 3329 3699 στρατεύειν
3355 3621 3668 3699 Γαισὰτὸυς,
3698 3630 3729 3685 ἡ

2127 3693 2225 3772 γᾷρ
2261 3693 2391 3759 λέξις
2424 3693 2565 3772 ⁸αὕτη
2609 3695 2778 3772 τούτο.
2801 3698 3039 3772 anguina
3073 3693 3280 3772 nopiam,
3318 3696 3368 3750 id
3425 3706 3552 3772 est:
3607 3698 3726 3772 Quo

2129 3763 2266 3819 circa
2297 3766 2520 3837 maxime
2547 3775 2724 3837 gentes
2751 3763 3055 3820 Insubrium
3085 3763 3412 3837 ct'Boiorum
3431 3809 3446 3833 ,
3477 3769 3616 3837 facta
3648 3770 3728 3820 in-

2129 3842 2205 3910 ter
2230 3853 2286 3910 se
2311 3834 2579 3902 societate,
2610 3834 2807 3910 legatos
2838 3837 3084 3891 miserunt
3113 3837 3182 3891 ad
3212 3836 3417 3910 Gallos,
3447 3834 3538 3910 qui
3563 3837 3722 3910 Alpes

2133 3906 2549 3980 Rhodanumque
2595 3906 2857 3980 accolunt,
2900 3917 2948 3961 et
2995 3926 3025 3960 a
3051 3909 3313 3980 mercede,
3339 3906 3556 3980 qua'ad
3585 3906 3730 3961 mili-

2131 3978 2684 4050 tiant_conducttntur.
2716 3976 2910 4032 Gwsati
2951 3979 3285 4050 appellantur
3310 3996 3329 4033 :
3352 3976 3417 4032 id
3445 3981 3580 4034 enim
3609 3997 3735 4046 pro-

2129 4049 2238 4118 prie
2265 4047 2361 4119 lioc
2401 4065 2582 4102 nomen
2611 4049 2893 4119 signiﬁcat.
2937 4047 3092 4118 Apud
3131 4051 3480 4105 Plutarchum
3509 4051 3565 4104 in
3597 4051 3734 4105 Mar-

2129 4119 2270 4174 cello
2299 4118 2407 4174 hoc
2445 4118 2996 4186 nomen’corruptum
3025 4129 3113 4174 est
3139 4138 3154 4174 :
3192 4121 3388 4191 legitur
3417 4123 3562 4176 enim
3591 4163 3606 4186 ,
3644 4126 3730 4176 καὶ

2129 4191 2799 4269 μλετεπὲμποντομΓαλατῶν
2836 4198 2961 4269 τοῦ-ς
3012 4194 3201 4269 μισθοῦ
3263 4196 3726 4269 στραςςγομένσυς,

2130 4260 2177 4316 oi
2206 4260 2429 4336 Γερᾶται
2473 4263 2942 4336 καλοῦντᾳιηῳιοιι
2976 4260 3234 4336 mendum
3267 4260 3370 4332 cg'o
3400 4260 3733 4336 illis'accep-

2132 4343 2242 4386 tum
2273 4333 2714 4409 rerutquiurrapa't
2732 4333 2792 4388 τὸ
2818 4335 3002 4409 lipara,
3037 4335 3143 4389 hoc
3167 4349 3364 4392 nomen
3394 4335 3598 4391 deduci
3626 4349 3733 4405 pu-

2133 4412 2313 4460 tarunt
2335 4446 2349 4472 ,
2383 4403 2760 4473 Virgilius’vnt
2793 4403 3015 4461 IEneid.

2504 4555 2616 4606 Duo
2639 4558 2850 4621 quisque
2873 4555 3048 4620 Alpina
3071 4564 3346 4621 coruscant;

2382 4617 2521 4668 Gtcsa
2544 4617 2707 4668 munit.
2767 4617 2782 4621 ⁷
2939 4617 2949 4620 “
3079 4618 3226 4670 Fam.

2204 4747 2257 4802 8.
2295 4746 2444 4803 Sicut
2473 4743 2672 4801 Fabius
2701 4745 2998 4802 historicus.
3047 4746 3149 4802 llic
3175 4756 3260 4802 cst
3290 4746 3581 4814 Quinctius
3625 4746 3735 4801 Fa-

2130 4819 2250 4874 bius
2274 4817 2477 4883 Pictor,
2503 4818 2596 4888 qui
2630 4820 2714 4872 his
2739 4818 3084 4886 temporibus
3108 4819 3262 4882 visit.
3285 4829 3341 4874 et
3370 4834 3480 4873 non
3510 4829 3727 4874 tantum

2131 4890 2256 4945 huic
2297 4889 2470 4950 bello,
2503 4887 2596 4943 sed
2640 4900 2696 4943 et
2738 4890 2898 4957 paulo
2937 4899 3059 4954 post
3100 4889 3342 4944 secundo
3383 4889 3616 4952 Punico,
3666 4901 3728 4943 ut

2131 4962 2315 5017 Livius
2358 4961 2577 5029 scribit,
2629 4959 2896 5014 interfuit.
2937 4961 3008 5014 De
3041 4961 3144 5014 hoc
3178 4960 3500 5029 Eutropius,
3529 4961 3730 5014 Tradi-

2131 5044 2240 5088 tum
2271 5042 2342 5087 οδε
2371 5047 2403 5084 a
2436 5028 2602 5085 Fabio
2631 5031 2875 5084 historico
2897 5072 2912 5095 ,
2935 5032 3026 5100 qui
3053 5033 3099 5085 ei
3128 5032 3262 5085 bello
3284 5028 3524 5101 interfuit
3552 5073 3567 5093 ,
3598 5047 3730 5087 accc

2129 5104 2297 5159 millia
2326 5103 2589 5156 hominum
2625 5112 2806 5173 parata
2837 5102 2906 5155 ad
2933 5103 2990 5156 id
3031 5102 3223 5157 bellum
3263 5103 3445 5173 fuisse.
3516 5103 3730 5158 Plinius

2129 5177 2272 5231 libro
2299 5190 2354 5229 ιιι
2383 5173 2560 5243 capite
2579 5172 2840 5243 vigesimo
2865 5173 3076 5240 scribit,
3109 5172 3314 5228 Italiam
3346 5173 3448 5227 hoc
3479 5183 3730 5239 tempore

2129 5260 2374 5373 tlii‘rmassc
2421 5247 2661 5316 equitum
2695 5260 2833 5300 Lsxx
2885 5243 3078 5313 millia,
3109 5244 3346 5316 peditum
3387 5259 3484 5301 occ
3529 5244 3723 5300 millia.

2175 5334 2296 5373 ann.

2175 5334 2296 5373 ABR.

2202 5391 2254 5446 9.
2300 5386 2386 5442 Ea:
2412 5387 2599 5459 quibus
2644 5386 2797 5460 Rom.
2829 5396 2876 5460 et
2904 5387 3086 5459 Camp.
3138 5386 3396 5458 Polybius
3417 5428 3432 5454 ,
3469 5390 3724 5460 Ῥωμαίων

2131 5459 2186 5517 δὲ
2243 5463 2330 5517 καὶ
2378 5466 2664 5532 Καμπανῶν
2715 5458 3148 5532 πληθὺς.-πὲζῶν
3330 5462 3404 5532 si;
3441 5458 3603 5515 εἰκοὸνι
3643 5464 3724 5515 καὶ

2129 5536 2278 5617 ira”;
2337 5529 2720 5617 κοετελέχθησαν
2765 5530 3059 5617 μυριάδες,
3107 5529 3300 5617 ἱεῖς-ζέων
3356 5529 3415 5617 δὲ
3466 5533 3552 5588 ἐπὶ
3608 5538 3724 5591 ταῖς

2129 5603 2498 5679 δύο-μυριάσιν
2516 5600 2718 5679 innocui
2748 5600 3015 5679 ,ἕτιξτρεῐς
3059 5600 3318 5679 χιλιάδες.
3366 5601 3720 5679 Iiomanortmt

2128 5687 2176 5730 et
2201 5670 2580 5745 Campanorum
2605 5670 2886 5745 multitudo
2905 5670 3021 5727 'erat
3044 5670 3274 5743 peditum
3304 5672 3377 5728 ad
3405 5688 3503 5730 cet.
3533 5673 3716 5736 millia,

2128 5740 2354 5818 equitum
2387 5742 2556 5800 millia
2577 5757 2728 5799 mu.
2764 5740 2930 5800 Faas.
