4088 6170
459 271 562 332 891

1863 266 2071 326 PAULI
2109 268 2336 326 UROSII

3649 271 3764 329 89!

464 385 770 456 impetitam
790 425 804 454 ,
837 383 1037 442 deinde
1060 381 1365 453 fobsidione
1406 382 1639 438 cinctam
1661 420 1678 450 ,
1717 389 1773 438 et
1799 380 1940 438 iame
1969 397 2067 438 ex-
2092 386 2144 446 Α
2171 381 2338 440 biduo
2365 382 2630 439 continuo
2655 383 3007 441 immobiliter
3033 399 3154 440 cum
3184 384 3426 442 exercitu
3467 386 3511 420 “
3539 387 3761 444 nivibus

465 479 793 544 cruciatam,
836 478 1128 547 omniaque
1170 475 1386 532 fortiter
1412 476 1878 546 contemplatione
1908 475 2064 544 ﬁdei,

462 587 627 642 quam
651 571 907 626 Romanis
925 571 944 602 ³
959 570 1277 633 devoverat,
1294 569 1453 640 digna
1480 569 1809 640 indignaque
1829 569 2068 625 toleran-

463 677 594 733 tem,
615 675 809 721 octavo
831 663 1054 721 demum
1084 679 1268 718 mense
1298 661 1522 718 delevit.
1542 662 1779 733 Legatos
1793 662 2069 718 Romano-

470 773 588 813 rum
613 757 680 811 ad
704 772 764 813 se
789 756 1008 822 missos,
1039 755 1462 826 injuriosissime
1486 755 1648 809 etiam
1673 753 1694 784 ⁸
1715 770 1744 809 a
1772 763 2068 826 conspectu

464 865 564 905 suo
603 849 887 906 abstinuit.
947 849 1156 904 Exinde
1185 847 1311 904 odio
1347 846 1578 903 Romani
1607 849 1876 920 nominis,
1918 848 2064 920 quod

461 945 602 1016 patri
624 943 884 1000 Amilcari
908 984 923 1010 ,
955 951 1078 998 cum
1112 952 1258 998 esset
1283 958 1479 998 novem
1511 956 1682 998 annos
1711 951 1898 1014 natus,
1929 943 2063 1000 lide-

469 1037 696 1101 lissime,
740 1035 876 1091 alias
901 1035 1339 1102 inlidelissimus,
1370 1045 1497 1091 ante
1517 1050 1640 1090 aras
1662 1036 1939 1104 iuraverat
1960 1078 1975 1104 ,
2000 1035 2062 1092 P.

463 1129 719 1184 Cornelio
751 1127 1028 1197 Scipione,
1053 1136 1107 1183 et
1129 1127 1214 1182 Ti.
1245 1126 1575 1199 Sempronio
1619 1127 1806 1200 Longo
1828 1129 2066 1184 consuli-

467 1223 587 1287 bus,
621 1222 641 1252 ³
671 1222 965 1293 Pyrenzeos
993 1229 1207 1276 montes
1237 1228 1636 1291 transgressus,
1665 1220 1809 1277 inter
1839 1220 2065 1277 ferocis-

461 1313 630 1369 simas
656 1313 936 1369 Gallorum
966 1321 1160 1384 gentes
1190 1311 1339 1367 ferro
1362 1313 1506 1367 viam
1539 1313 1791 1382 aperuit,
1821 1321 1875 1368 et
1917 1327 2065 1369 nono

462 1405 678 1460 demum
707 1405 796 1460 die
826 1419 854 1459 a
889 1404 1154 1476 Pyrenaeo
1184 1403 1251 1459 ad
1282 1403 1450 1476 Alpes
1481 1406 1761 1474 pervenit,
1792 1405 1908 1472 ubi,
1934 1404 2063 1462 dum

465 1503 754 1554 montanos
783 1496 1004 1565 Gallos,
1052 1497 1322 1568 repellere
1347 1497 1418 1552 ab
1444 1511 1674 1552 ascensu
1705 1497 2020 1555 obnitentes
2045 1538 2062 1567 ,

467 1591 610 1647 bello
639 1597 882 1660 supcrat,
925 1599 1086 1660 atque
1118 1589 1290 1646 invias
1321 1605 1488 1661 rupes
1519 1590 1631 1662 igni
1661 1589 1920 1662 ferroque
1972 1607 2063 1647 re-

462 1684 685 1750 scindit,
713 1683 1056 1752 quatriduum
1087 1691 1483 1751 commoratus,
1509 1684 1702 1754 quiuto
1731 1683 1948 1740 demutn
1975 1683 2066 1740 die

2171 477 2469 532 conclusus
2496 485 2552 534 et
2579 487 2834 544 onustus,
2864 479 3107 550 obriguit
3136 497 3148 531 :
3181 480 3272 534 ubi
3323 496 3552 550 magnus
3585 480 3766 536 homi-

2170 586 2299 626 num
2357 585 2652 639 numerus,
2695 571 2938 642 iumenta
2989 572 3378 643 complurima,
3411 572 3454 606 “
3482 573 3762 644 elephanti

2171 678 2309 734 pene
2333 673 2524 719 amnes
2567 664 2785 736 frigoris
2829 665 3126 722 acerbitate
3159 666 3464 737 perierunt.
3515 669 3586 722 At
3627 683 3762 722 vero

2167 757 2306 811 alter
2336 765 2465 812 tunc
2489 756 2698 826 Scipio,
2727 759 2892 814 frater
2939 758 3186 814 consulis
3217 759 3519 830 Scipionis,
3550 761 3603 816 in
3637 762 3765 817 liis-

2176 850 2333 921 pauia
2367 850 2596 922 plurima
2613 852 2753 908 bella
2774 852 2964 923 gessit,
2999 852 3043 885 "‘
3067 852 3350 923 Magonem
3372 869 3614 927 quoque,
3636 853 3768 913 Ρω-

2173 957 2364 998 norum
2389 943 2610 1012 ducem,
2649 943 2796 1000 bello
2829 944 2957 1001 vicit
2985 954 3044 1001 et
3069 946 3238 1016 cepit.

2692 1075 2856 1152 254
2882 1069 3111 1137 CAPUT
3135 1077 3255 1136 xv.

2170 1168 2337 1246 Multa
2363 1171 2593 1246 miraque
2621 1173 2995 1246 tuntprodigia
3025 1173 3217 1245 passim
3261 1173 3586 1246 apparuisse,
3617 1175 3761 1243 quod

2238 1240 2465 1318 Annibal
2491 1240 2610 1318 astu
2639 1245 2708 1296 ad
2735 1240 3138 1318 internecionem
3177 1240 3306 1318 pene
3332 1240 3592 1300 Flaminii
3630 1240 3768 1299 icon-

2239 1313 2368 1368 sutis
2407 1313 2688 1368 exercitum
2718 1316 2977 1370 ceciderit.

2240 1427 2258 1459 ⁸
2287 1427 2428 1484 Diris
2461 1435 2588 1482 tunc
2615 1427 2778 1484 etiam
2832 1428 3061 1485 Romani
3094 1428 3358 1501 prbdigiis
3387 1429 3567 1486 territi
3606 1439 3758 1488 sunt.

2167 1519 2299 1575 Nam
2328 1530 2383 1576 et
2409 1520 2542 1576 solis
2567 1521 2716 1577 orbis
2749 1520 2917 1576 minui
2958 1523 3110 1578 visas
3161 1523 3276 1589 est,
3299 1529 3355 1578 et
3398 1521 3538 1593 apud
3585 1525 3769 1594 Arpos

2167 1628 2371 1684 parma:
2397 1613 2450 1667 in
2480 1613 2622 1668 caelo
2646 1612 2797 1679 visae,
2821 1613 2901 1668 sol
2933 1628 3150 1685 quoque
3173 1625 3443 1685 pugnasse
3462 1618 3587 1671 cum
3613 1615 3764 1684 luna,

2167 1705 2187 1736 ⁸
2218 1703 2364 1775 apud
2391 1704 2668 1775 Carpenas
2692 1703 2714 1736 ³
2745 1704 2979 1760 interdiu
3011 1703 3147 1760 duas
3178 1706 3336 1763 lunas
3357 1715 3529 1774 ortas,
3559 1708 3612 1762 in
3639 1707 3771 1764 Sar-

467 1793 588 1831 Cllm
649 1776 889 1830 maximo
938 1775 1132 1830 labore
1171 1774 1191 1806 ⁸
1221 1774 1286 1829 ad
1339 1775 1500 1846 illa"a
1551 1777 1822 1845 Ρθννθηίῑ·
1873 1776 2064 1834 Fuisse
2095 1783 2142 1843 Β
2168 1774 2316 1850 dinia
2347 1774 2616 1865 sanguine
2671 1793 2779 1850 duo
2824 1801 2977 1851 scuta
3020 1795 3267 1862 sudasse,
3302 1795 3533 1852 Faliscis
3565 1797 3768 1853 cadum

464 1879 589 1926 tunc
612 1876 912 1930 exercitum
933 1875 1052 1946 ejus
1071 1877 1090 1908 "
1108 1885 1324 1932 centum
1365 1875 1598 1932 millium
1625 1877 1865 1948 peditum
1887 1878 2064 1936 81⁸1νί-

474 1964 611 2032 ginti
645 1965 806 2037 253
845 1967 1076 2022 millium
1119 1970 1361 2039 equitum
1393 1965 1678 2024 definiunt.
1707 1969 1894 2040 Scipio
1924 1978 2060 2026 cen-

468 2057 555 2112 sui
585 2058 646 2113 At
673 2059 837 2116 nibali
871 2062 1080 2132 primus
1107 2064 1366 2131 occurrit,
1399 2063 1419 2095 ’
1447 2065 1849 2135 commissoque
1870 2065 2062 2137 prmlio

467 2151 608 2217 apud
638 2151 919 2222 Ticinum,
954 2154 1069 2225 ipse
1092 2157 1334 2226 graviter
1361 2158 1674 2214 vulneratus
1705 2167 1805 2231 per
1849 2160 2062 2230 Scipio-

472 2256 596 2296 nem
631 2242 825 2311 ﬁlium,
859 2246 1156 2302 admodum
1189 2258 1597 2318 prastextatum,
1629 2255 1718 2322 qui
1750 2264 1875 2324 post
1919 2255 2062 2311 Afri-

464 2348 635 2388 canus
668 2337 1092 2404 cognominatus
1120 2351 1242 2406 est,
1302 2341 1371 2396 ab
1403 2325 1521 2412 ipsa
1571 2355 1747 2400 morte
1798 2344 2060 2403 liberatus

465 2429 862 2486 evasit.Ca:sus
889 2440 977 2487 est
1005 2432 1078 2488 ibi
1104 2449 1240 2503 pene
1262 2437 1442 2489 omnis
1457 2434 1733 2492 Remanus
1761 2439 2055 2495 exercitus.

473 2520 516 2551 ¹⁰
545 2519 846 2591 Pugnatum
880 2521 1077 2580 deinde
1099 2525 1292 2581 eodem
1324 2527 1549 2582 consule
1595 2529 1660 2583 ad
1692 2528 1892 2586 ﬂumen
1919 2527 2054 2587 Tre-

468 2613 633 2676 biam,
670 2615 972 2687 iterumque
1008 2617 1235 2673 Romani
1267 2620 1379 2690 pari
1427 2621 1580 2676 clade
1620 2625 1859 2693 superati
1906 2634 2053 2679 sunt.

464 2704 821 2776 Sempronius
852 2709 1068 2774 consul,
1099 2711 1320 2779 cognito
1349 2710 1578 2781 collegae
1617 2727 1768 2781 casu,
1812 2731 1843 2770 a
1871 2716 2057 2773 Sicilia

463 2812 586 2852 cum
643 2800 888 2854 exercitu
940 2801 1124 2868 rediit,
1175 2803 1268 2872 qui
1298 2803 1555 2860 similiter
1603 2805 1746 2876 apud
1799 2808 2053 2865 eumdem

463 2888 690 2944 ﬂuvium
721 2905 1069 2962 congressus,
1115 2894 1320 2950 amisso
1368 2896 1647 2962 exercitu,
1706 2912 1848 2968 pene
1905 2901 2056 2956 solus

461 2983 656 3038 evasit.
689 2983 728 3016 ¹¹
763 2983 821 3039 In
848 2998 915 3040 eo
943 2995 1122 3041 tamen
1154 2985 1302 3042 bello
1326 2987 1490 3042 etiam
1518 2989 1752 3044 Annibal
1782 2993 2055 3048 sauciatus

462 3084 547 3131 est
577 3094 590 3130 :
624 3077 712 3148 qui
743 3089 930 3149 postea
958 3093 1081 3134 cum
1113 3081 1165 3135 in
1197 3079 1473 3136 Etruriam
1519 3083 1694 3152 printo
1715 3099 1844 3142 vere
1874 3095 2054 3143 trans-

2167 1889 2342 1945 scindi
2369 1888 2516 1945 velut
2551 1904 2748 1961 magno
2771 1889 2922 1946 hiatu
2949 1889 3164 1957 visum,
3213 1888 3352 1960 apud
3404 1889 3622 1944 Antium
3657 1905 3773 1945 mr-

2167 1983 2410 2038 lentibus
2448 1991 2704 2038 cruentas
2754 1983 2935 2053 spicas
2985 1983 3038 2039 in
3076 1983 3296 2038 corbem
3324 1982 3617 2040 decidisse.
3667 1983 3770 2054 lgi-

2166 2082 2254 2130 tur
2282 2072 2304 2106 ⁸
2334 2062 2587 2140 Annibal,
2620 2074 2799 2131 sciens
2827 2075 3157 2131 Flaminium
3189 2075 3473 2131 consulem
3496 2077 3676 2130 solum
3701 2078 3756 2133 in

2165 2171 2360 2226 castris
2381 2183 2526 2234 esse,
2551 2181 2660 2240 quo
2679 2167 2914 2225 celerius
2938 2171 3262 2240 imparatum
3287 2169 3573 2234 obrueret,
3590 2171 3769 2239 primo

2165 2277 2296 2318 vere
2324 2275 2676 2332 progressus,
2711 2261 2948 2332 arripuit
2969 2262 3305 2332 propiorem,
3338 2261 3432 2318 sed
3465 2265 3760 2332 palustrem

2163 2356 2303 2410 viam
2337 2373 2348 2410 :
2379 2363 2434 2410 et
2464 2355 2574 2409 tum
2607 2355 2746 2411 forte
2775 2355 2982 2411 Sarnus
3004 2355 3112 2410 late
3133 2353 3464 2423 redundans,
3496 2355 3761 2426 pendulus

2161 2457 2218 2505 et
2243 2441 2538 2504 dissolutos
2583 2463 2806 2519 campos
2839 2448 3177 2519 reliquerat:
3219 2445 3288 2504 de
3316 2449 3512 2521 quibus
3553 2448 3759 2507 dictum

2160 2546 2245 2598 es‘
2281 2583 2294 2597 ’
2557 2611 2620 2663 Et
2641 2623 2753 2676 quae
2773 2611 2910 2676 rigat
2927 2625 3121 2676 aequora
3144 2611 3346 2664 Sarnus.

2159 2729 2372 2800 lnquos
2402 2732 2524 2784 cum
2571 2727 2816 2786 exercitu
2855 2745 3176 2800 progressus
3223 2727 3480 2800 Annibal,
3533 2729 3756 2788 nebulis

2160 2823 2419 2889 maxime,
2449 2839 2568 2890 quzn
2599 2823 2666 2877 de
2698 2822 2891 2893 palude
2919 2824 2942 2856 ⁸
2962 2823 3366 2880 exhalabantur
3403 2835 3750 2896 prospectum

2159 2913 2570 2983 aulerentibus,
2610 2916 2859 2986 magnam
2901 2923 3108 2987 partem
3152 2918 3424 2973 sociorum
3476 2919 3756 2988 iumento.

2164 3020 2399 3076 rumque
2427 3005 2678 3076 perdidit.
2707 3005 2827 3077 ipse
2850 3016 3034 3062 autem
3061 3009 3153 3062 uni
3185 3007 3476 3076 elephanto
3496 3052 3510 3076 ,
3541 3010 3631 3081 qui
3663 3024 3756 3065 so.

2161 3095 2245 3152 lus
2266 3098 2632 3166 superfuerat,
2658 3097 3045 3170 supersedens,
3070 3100 3160 3154 vix
3183 3097 3556 3158 difﬁcultatem
3589 3101 3755 3156 itine-

457 3170 581 3239 iret,
619 3165 663 3205 “
688 3167 742 3228 in
773 3177 992 3231 'summo
1036 3171 1329 3248 Apennino
1366 3174 1692 3250 tempestate
1735 3192 2044 3254 correptus,
2076 3178 2123 3242 C
2153 3187 2228 3244 ris
2250 3165 2421 3246 evasit
2445 3211 2459 3246 ;
2483 3187 2580 3248 sed
2611 3165 2852 3260 oculum,
2879 3191 2900 3225 "
2927 3165 3038 3264 quo
3063 3189 3224 3268 255
3233 3195 3346 3264 jam
3377 3195 3583 3254 dudum
3607 3214 3753 3272 ager

1741 3319 2193 3382 HAVERCAMPI
2232 3326 2461 3385 ΝΟΤιΕ.

534 3431 587 3506 1’3.
623 3429 927 3506 Qevoverat.
943 3429 1032 3485 Sic
1051 3430 1194 3506 malo
1233 3446 1356 3486 cum
1396 3431 1572 3489 tribus
1607 3433 1782 3506 Lugd.
1824 3436 1944 3494 Dat.
1995 3441 2057 3496 et

466 3500 608 3558 Coll.
640 3499 880 3557 Gronov.
909 3517 1070 3571 quam
1100 3501 1439 3564 devoverant,
1473 3515 1530 3558 ut
1558 3506 1671 3560 alii.

532 3571 653 3648 4.7.4
679 3582 954 3648 conspectu
980 3589 1073 3648 suo
1093 3572 1654 3648 abstinui1._Abstinuit,
1676 3593 1780 3634 non
1803 3579 2056 3648 abstitttit,

470 3656 552 3700 cst
593 3643 1068 3722 inmanuscriptis.
1104 3643 1284 3722 Livius
1313 3644 1415 3722 lib.
1441 3661 1554 3722 vn_t,
1599 3648 1921 3722 Quamquam
1948 3643 2057 3706 Ro;

465 3733 618 3771 mano
649 3718 779 3771 bello
805 3731 916 3770 eutn
950 3717 1162 3786 fortuna
1191 3716 1459 3772 abstinuit.
1495 3718 1662 3774 FABR.

539 3789 591 3843 5.
612 3788 903 3860 Pyramum:
929 3796 1142 3842 montes.
1197 3788 1470 3844 Pluralcm
1494 3807 1776 3847 numerum
1809 3794 1895 3850 hic
1924 3811 2060 3859 pric-

470 3866 554 3937 tt-r
581 3859 833 3937 vincent.
860 3859 1065 3937 Bellnv.
1097 3860 1184 3928 qui
1217 3861 1332 3937 huc
1347 3871 1508 3932 caput
1532 3865 1806 3934 excerpsit
1835 3867 1887 3920 in
1921 3867 2059 3937 Spe-

465 3929 590 3984 culo
621 3931 834 4003 Histur.
863 3932 956 3984 lib.
993 3945 1064 3993 vt,
1112 3931 1362 4003 capt”,-
1410 3929 1626 4003 quoque
1654 3929 1843 3992 amant
1868 3929 2058 3994 omnes

471 4007 602 4055 mss.
649 4012 699 4054 ct
737 4001 862 4055 cdd.
895 4011 1054 4066 vett.;
1083 4001 1411 4063 singularem
1431 4001 1593 4058 ’cdit't.
1629 4009 1984 4066 recentiores.

543 4072 596 4126 6.
712 4074 888 4141 plana.
907 4072 1083 4151 italia:
1103 4072 1318 4138 quidam
1347 4086 1479 4128 mss.
1505 4084 1557 4128 et
1582 4075 1704 4130 edd.
1735 4078 2057 4151 adiungunt,

475 4150 609 4197 utet
636 4144 881 4199 Vincent.
918 4141 1188 4198 Bi-llovac.

541 4215 596 4270 7.
644 4215 861 4296 Centum
903 4214 1149 4268 millium.
1201 4216 1849 4296 Mss.__omues_(pr:eter
1883 4221 2056 4296 Lugd.

473 4291 590 4344 Bat.
616 4295 799 4360 rquart.
829 4286 882 4342 in
907 4302 1017 4355 quo
1045 4299 1247 4360 centum
1284 4287 1478 4360 millia)
1508 4286 1750 4348 scribunt
1775 4294 1830 4348 in
1857 4286 2060 4352 centum

470 4359 699 4415 millibus
721 4360 945 4428 equitum
967 4366 1018 4411 et
1045 4358 1224 4428 viginti
1238 4358 1466 4414 millibus
1479 4361 1729 4429 peditum.

542 4433 596 4512 ii.
630 4429 827 4512 _Vig_inti
855 4429 1078 4512 millium
1105 4432 1354 4502 equitum.
1384 4431 1622 4512 Triginta
1647 4435 1870 4512 millium
1903 4440 2063 4512 vulgo

472 4508 609 4563 male
630 4506 845 4576 legitur.
869 4500 1076 4578 Narnia
1102 4500 1292 4578 magna
1312 4500 1586 4578 varieiatc
1615 4508 1704 4578 qui
1737 4500 2026 4578 plurimum
2045 4553 2060 4576 ,

467 4573 878 4635 centuin'millia
913 4573 1406 4648 peditum,viginti
1437 4573 1681 4648 equitum
1725 4573 1894 4637 fuisse
1921 4573 2062 4638 seri;

467 4653 628 4778 lPi‘unt,
678 4661 900 4707 auctore
949 4647 1120 4709 Livio,
1168 4663 1328 4721 quem
1375 4649 1444 4704 de
1490 4649 1574 4706 his
1617 4653 1778 4710 rebus
1814 4656 2060 4722 consule.

513 4737 632 4778 ann.

513 4737 632 4779 ABR.

541 4793 912 4872 9._(_.‘0mmi_ssp
941 4793 1125 4872 praelia
1153 4795 1292 4872 apud
1323 4794 1578 4872 Ticinum.
1603 4798 1676 4853 De
1714 4798 1824 4872 hoc
1871 4802 2060 4872 praelio

467 4864 745 4934 Polybius,
776 4866 989 4925 Livius,
1044 4863 1320 4935 Appianus
1370 4863 1437 4920 de
1477 4868 1638 4922 rebus
1675 4871 1745 4926 ab
1793 4863 2060 4931 Annibale

467 4937 660 5006 gestis,
691 4937 858 4995 Silius
880 4939 1019 4992 libro
1047 4947 1262 5005 quarto,
1292 4945 1344 4992 et
1387 4937 1500 4994 alii.
1537 4937 1701 4996 FABR.

541 5005 630 5060 10.
666 5006 962 5078 Pugnatum
1007 5007 1193 5062 deinde
1241 5008 1415 5061 eodem
1445 5026 1552 5063 cos.
1606 5011 1744 5069 llinc
1790 5014 2061 5073 Diaronns

468 5076 786 5153 Eutropiuui
814 5078 1190 5153 interpolavit,
1224 5085 1344 5153 cum
1383 5080 1471 5135 ille
1493 5083 1789 5153 exterique
1825 5088 2058 5149 scripto-

467 5148 766 5221 res_paulo
815 5151 976 5221 aliter
1020 5150 1089 5204 de
1127 5151 1210 5205 his
1268 5150 1427 5204 rebus
1466 5148 1836 5221 scripsissent.
1893 5148 2060 5215 FABR.

465 5250 538 5300 :—
564 5219 821 5300 Qutedam
839 5220 1332 5300 .ed.d.,_l’ugnatttnt
1357 5234 1428 5276 est
1451 5219 1654 5300 deinde.
1682 5226 1783 5283 Ed.
1809 5229 2062 5300 August.,

472 5292 744 5373 Pugnante
767 5291 975 5373 deinde.
1002 5293 1292 5373 Mox‘bello
1325 5309 1421 5363 pro
1453 5299 1655 5373 praelia,
1680 5300 1832 5373 quod
1865 5291 2064 5373 saepius

465 5371 692 5432 usurpat
716 5372 926 5423 auctor,
963 5365 1014 5416 in
1045 5365 1304 5419 om‘nibus
1332 5365 1464 5420 mss.
1513 5365 1806 5426 invenitur.

539 5436 627 5490 11.
658 5432 722 5487 In
755 5449 812 5489 eo
850 5443 1020 5487 tamen
1046 5433 1198 5487 bello.
1251 5436 1536 5492 Sauciattts
1589 5443 1826 5498 Annibal
1879 5443 1976 5497 fuit
2012 5447 2063 5501 in

466 5506 869 5575 oppugnatione
894 5501 1125 5575 Emporii
1154 5521 1319 5574 prope
1344 5507 1693 5574 Placentiam,
1715 5513 1897 5568 Livius
1922 5516 2063 5568 libro

466 5580 730 5701 ἔδερςὶωο
788 5579 986 5647 primo.
1064 5579 1342 5648 Appianus
1405 5580 1471 5634 de
1533 5583 1697 5638 rebus
1761 5586 2062 5644 Annibalis.

511 5665 632 5701 sun.

511 5665 632 5702 ABR.

540 5720 628 5797 ii.
655 5716 720 5770 In
759 5733 954 5797 summa
979 5720 1264 5797 Apennino.
1294 5721 1367 5776 De
1392 5722 1491 5780 hac
1522 5741 1578 5783 re
1607 5725 1788 5786 Livius
1813 5729 1955 5787 libro
1983 5731 2062 5788 vi-

468 5788 674 5854 gesimo
706 5788 882 5857 primo
904 5788 1169 5848 extremo.
1201 5791 1370 5848 Eun.

2235 3445 2322 3501 15.
2359 3446 2578 3528 εγευειψξ
2615 3452 2906 3528 conclusus.
2946 3453 3095 3511 Alias
3117 3497 3132 3522 ,
3164 3456 3402 3512 navibus.
3438 3455 3594 3524 Quod
3630 3458 3758 3528 qni-

2161 3515 2378 3644 gtiml‘si
2405 3535 2436 3574 a
2475 3522 2605 3577 vitio
2636 3522 2987 3581 librariorum
3035 3515 3141 3584 non
3195 3529 3381 3598 fuerit,
3417 3515 3584 3585 niiror
3615 3515 3762 3587 unde

2193 3605 2204 3643 I
2238 3626 2250 3641 .
2330 3605 2461 3644 AUT.

2160 3601 2250 3643 Sil.
2287 3601 2461 3646 LAUT.

2236 3660 2322 3716 14.
2350 3661 2630 3730 Elephanti
2673 3682 2802 3732 pene
2825 3670 3210 3743 omnesLEtliti
3242 3671 3491 3743 plerique
3521 3673 3757 3728 interse-

2163 3743 2289 3785 ruut
2319 3744 2515 3799 autem,
2546 3746 2734 3790 contra
2766 3755 2898 3793 mss.
2931 3751 2986 3794 et
3011 3741 3164 3798 Vinc.
3197 3742 3333 3797 Bell.

2239 3805 2324 3859 15.
2361 3804 2656 3883 Magonem,
2691 3805 2969 3883 Poenorum
3003 3811 3202 3870 ducent.
3247 3813 3524 3883 Magonem
3555 3814 3760 3872 habent

2163 3875 2327 3950 etiam
2375 3875 2496 3931 libri
2535 3882 2930 3950 manuscripti,
2984 3898 3106 3939 cum
3157 3875 3398 3940 tameuve
3422 3883 3656 3950 Polybio
3699 3895 3755 3941 et

2163 3944 2323 4025 Livio
2345 3956 2554 4025 certum
2580 3951 2673 4025 sit,
2703 3944 3135 4025 non-Magonem,
3169 3957 3263 4012 sed
3300 3944 3572 4012 Annonem
3594 3974 3620 4006 a
3652 3956 3755 4011 Cn.

2163 4019 2444 4097 Cornelio,
2476 4021 2538 4097 1).
2575 4022 2844 4097 scipionis
2877 4019 3068 4089 fratre,
3108 4019 3328 4097 captum
3357 4027 3544 4084 fuisse.
3585 4027 3754 4083 Faue.

2163 4120 2233 4166 -_-_—
2262 4092 2442 4154 Quare
2491 4092 2594 4166 huc
2622 4093 2675 4148 in
2709 4095 2831 4148 loco
2880 4111 3095 4166 quoque
3146 4092 3334 4166 reponi
3369 4102 3634 4155 Annonem
3674 4099 3759 4154 vel

2169 4120 2233 4129 ——
2262 4111 2442 4154 quare
2492 4111 2594 4145 nnc
2622 4111 2675 4148 In
2711 4111 2831 4148 toco
2921 4113 3095 4166 uoque
3146 4111 3334 4166 reponi
3369 4111 3634 4155 Annonem
3674 4111 3758 4154 vel

2169 4160 2480 4286 "anginam
2498 4163 2652 4232 jubet
2677 4111 3310 4242 claris.%udendorpius
3338 4171 3404 4226 ad
3434 4171 3758 4226 Frontinum

2169 4249 2220 4286 o.
2367 4275 2378 4285 .

2239 4303 2369 4359 Car.
2401 4301 2515 4384 xy,
2539 4337 2612 4384 τέ
2635 4307 2684 4362 1.
2709 4306 2862 4384 Diris
2889 4318 3012 4384 tunc
3055 4308 3326 4384 prodigiis.
3356 4308 3485 4369 Haec
3512 4313 3758 4384 prodigia

2165 4386 2290 4429 sunt
2324 4377 2464 4443 apud
2497 4373 2712 4434 Livium
2748 4380 2904 4438 initio
2950 4373 3072 4438 libri
3103 4373 3233 4439 xxii
3274 4385 3331 4440 et
3368 4373 3649 4441 Plutarch.
3673 4373 3750 4440 "in

2166 4446 2360 4503 Fabio.
2396 4447 2566 4502 Fann.

2237 4519 2292 4590 9...
2325 4517 2478 4591 Apud
2529 4518 2783 4591 Capenas.
2831 4523 2968 4578 Male
3023 4522 3077 4580 in
3135 4524 3262 4581 cdd.
3321 4521 3661 4584 Fabricianis
3705 4538 3763 4583 et

2167 4590 2339 4669 Scotti
2374 4589 2572 4669 legitur
2603 4589 2884 4669 Cat-genas.
2913 4595 3318 4669 Namﬁapena,
3344 4597 3460 4652 sive
3498 4597 3760 4669 Capenze,

2168 4661 2424 4733 oppidum
2441 4661 2695 4733 luitinter
2713 4665 2950 4720 Tiberim
2974 4677 3029 4722 et
3055 4661 3235 4722 Veios.
3264 4668 3447 4724 Livius
3473 4670 3542 4724 de
3565 4661 3760 4724 eodeni

2168 4731 2384 4820 ostento
2413 4731 2518 4820 lib.
2543 4745 2822 4820 sttt,ncap.
2867 4751 2883 4792 1
2912 4751 2928 4792 :
2955 4735 3569 4820 .Prodigia‘rgpluribus
3602 4742 3769 4796 simul

2169 4805 2294 4860 locis
2351 4805 2591 4861 nuntiata
2617 4805 2885 4880 (Capena:
2935 4808 3066 4864 du‘ds
3113 4805 3344 4866 interdiu
3384 4813 3538 4868 lunai
3584 4819 3759 4882 artas,

2167 4886 2274 4932 etc.

2237 4949 2290 5003 5.
2326 4943 2718 5024 Interdiu._Ed.
2742 4941 3009 5024 August.,
3042 4955 3146 5007 ms.
3181 4941 3353 5024 bﬁgtl.
3389 4954 3506 5010 Bai.
3531 4958 3588 5011 et
3615 4954 3762 5010 (loli.

2165 5020 2427 5149 gronov”
2476 5020 2529 5074 in
2575 5020 2674 5075 die.
2727 5021 3016 5093 Aliquanto
3073 5020 3288 5094 post.,'
3314 5027 3367 5080 in
3419 5026 3574 5082 corbe
3619 5025 3763 5083 Coll.

2217 5105 2405 5146 rouov.

2217 5105 2405 5146 I'OIIOV.

2239 5169 2292 5216 4.
2327 5162 2552 5216 Annibal
2572 5164 2738 5218 sciens
2772 5161 3114 5221 Flaminium.
3145 5164 3206 5220 C.
3233 5164 3534 5223 Flaminius
3563 5169 3762 5225 consul

2167 5249 2292 5307 cum
2333 5232 2446 5307 Cn.
2476 5235 2706 5307 Servilio
2763 5234 2862 5291 fuit
2915 5250 3057 5292 anno
3114 5236 3275 5293 Urbis
3324 5255 3547 5307 nxxxvr,
3603 5241 3767 5305 huius

2170 5304 2297 5388 belli
2326 5319 2384 5429 1;;
2415 5306 2606 5360 Castra
2644 5306 2832 5362 habuit
2876 5307 2942 5363 ad
2975 5309 3242 5364 Aretium.
3279 5304 3542 5383 Polybius
3565 5321 3620 5368 et
3671 5304 3766 5367 Li-

2170 5390 2305 5429 VlliS.
2385 5391 2504 5429 ABR.

2167 5390 2305 5430 \"lliS.
2342 5390 2504 5432 I‘VABR.

2241 5449 2296 5502 5.
2332 5445 2528 5524 qum
2555 5448 2687 5524 rigat
2709 5462 2940 5524 (equore.
2962 5451 3382 5507 llemistichiu‘m
3402 5452 3766 5524 Virgilianum

2170 5527 2256 5574 est
2281 5533 2311 5572 e
2343 5508 2440 5573 lih'.
2475 5535 2548 5573 vn
2583 5508 2802 5575 )Eneid.
2845 5521 3008 5577 FABn.

2241 5590 2306 5666 6._
2329 5588 2749 5666 Exltalttbantur.
2777 5592 2926 5649 Meus
2954 5607 3076 5649 cum
3120 5595 3371 5651 Perizon.
3405 5602 3460 5651 et
3487 5593 3612 5651 cdd.
3639 5596 3766 5666 qui-

2169 5660 2422 5728 busdam,
2448 5662 2781 5716 exhnlubmtt.

2237 5732 2290 5808 '_7.
2313 5733 2442 5808 Quo
2465 5735 2697 5806 jamdiu
2728 5741 3025 5808 (egcr_eral.
3058 5735 3274 5802 Colon.,
3308 5745 3514 5806 egerat,
3562 5752 3628 5793 ex
3655 5752 3768 5808 quo

2168 5803 2448 5859 Fabricius
2466 5803 2842 5876 'azgrotaverat.
2874 5804 3049 5864 Laur.
3081 5837 3151 5850 —
3189 5803 3442 5866 Omnium
3475 5803 3607 5867 mss.
3631 5803 3768 5865 con-
