  <div class='ocr_page' id='page_1' title='image "/cluster/home/n/w/nwhite01/storage/ocr_20150623/31/hvd.32044096580543/452.png"; bbox 0 0 4088 6170; ppageno 0'>
   <div class='ocr_carea' id='block_1_1' title="bbox 253 274 357 333">
    <p class='ocr_par' dir='ltr' id='par_1_1' title="bbox 253 274 357 333">
     <span class='ocr_line' id='line_1_1' title="bbox 253 274 357 333; baseline 0.019 -2"><span class='ocrx_word' id='word_1_1' title='bbox 253 274 357 333; x_wconf 77' lang='lat'><strong>895</strong></span> 
     </span>
    </p>
   </div>
   <div class='ocr_carea' id='block_1_2' title="bbox 1296 270 2520 332">
    <p class='ocr_par' dir='ltr' id='par_1_2' title="bbox 1296 270 2520 332">
     <span class='ocr_line' id='line_1_2' title="bbox 1296 270 2520 332; baseline 0 -2"><span class='ocrx_word' id='word_1_2' title='bbox 1296 270 1774 332; x_wconf 76' lang='lat' dir='ltr'><strong>IIISTORIARUM</strong></span> <span class='ocrx_word' id='word_1_3' title='bbox 1813 271 2017 331; x_wconf 82' lang='lat' dir='ltr'><strong>LIBER</strong></span> <span class='ocrx_word' id='word_1_4' title='bbox 2056 272 2145 330; x_wconf 75' lang='grc' dir='ltr'>ιν.</span> <span class='ocrx_word' id='word_1_5' title='bbox 2185 273 2341 330; x_wconf 86' lang='lat' dir='ltr'><strong>CAP.</strong></span> <span class='ocrx_word' id='word_1_6' title='bbox 2381 272 2520 330; x_wconf 80' lang='lat' dir='ltr'><strong>XVI.</strong></span> 
     </span>
    </p>
   </div>
   <div class='ocr_carea' id='block_1_3' title="bbox 3443 283 3551 344">
    <p class='ocr_par' dir='ltr' id='par_1_3' title="bbox 3443 283 3551 344">
     <span class='ocr_line' id='line_1_3' title="bbox 3443 283 3551 344; baseline 0.009 -1"><span class='ocrx_word' id='word_1_7' title='bbox 3443 283 3551 344; x_wconf 64' lang='grc'><strong>891</strong></span> 
     </span>
    </p>
   </div>
   <div class='ocr_carea' id='block_1_4' title="bbox 250 387 3546 461">
    <p class='ocr_par' dir='ltr' id='par_1_4' title="bbox 250 387 3546 461">
     <span class='ocr_line' id='line_1_4' title="bbox 250 387 3546 461; baseline 0.003 -15"><span class='ocrx_word' id='word_1_8' title='bbox 250 400 392 458; x_wconf 84' lang='lat' dir='ltr'><strong>erat,</strong></span> <span class='ocrx_word' id='word_1_9' title='bbox 417 387 674 446; x_wconf 71' lang='lat' dir='ltr'><strong>violentia</strong></span> <span class='ocrx_word' id='word_1_10' title='bbox 705 387 944 460; x_wconf 76' lang='lat' dir='ltr'><strong>frigoris,</strong></span> <span class='ocrx_word' id='word_1_11' title='bbox 969 388 1275 461; x_wconf 77' lang='lat' dir='ltr'><strong>vigiliarum</strong></span> <span class='ocrx_word' id='word_1_12' title='bbox 1297 404 1361 444; x_wconf 92' lang='lat' dir='ltr'><strong>ac</strong></span> <span class='ocrx_word' id='word_1_13' title='bbox 1388 389 1616 456; x_wconf 89' lang='lat' dir='ltr'><strong>laboris,</strong></span> <span class='ocrx_word' id='word_1_14' title='bbox 1641 389 1842 444; x_wconf 87' lang='lat' dir='ltr'><strong>amisit.</strong></span> <span class='ocrx_word' id='word_1_15' title='bbox 1874 392 1925 452; x_wconf 86' lang='grc' dir='ltr'>Α</span> <span class='ocrx_word' id='word_1_16' title='bbox 1952 389 2019 444; x_wconf 90' lang='lat' dir='ltr'><strong>ad</strong></span> <span class='ocrx_word' id='word_1_17' title='bbox 2061 397 2306 446; x_wconf 86' lang='lat' dir='ltr'><strong>extrema</strong></span> <span class='ocrx_word' id='word_1_18' title='bbox 2353 389 2746 447; x_wconf 71' lang='lat' dir='ltr'><strong>internecionis</strong></span> <span class='ocrx_word' id='word_1_19' title='bbox 2775 389 2993 448; x_wconf 88' lang='lat' dir='ltr'><strong>adducti</strong></span> <span class='ocrx_word' id='word_1_20' title='bbox 3025 401 3170 450; x_wconf 78' lang='lat' dir='ltr'><strong>sunt.</strong></span> <span class='ocrx_word' id='word_1_21' title='bbox 3205 393 3371 452; x_wconf 88' lang='lat' dir='ltr'><strong>Periit</strong></span> <span class='ocrx_word' id='word_1_22' title='bbox 3399 401 3546 458; x_wconf 87' lang='lat' dir='ltr'><strong>enim</strong></span> 
     </span>
    </p>
   </div>
   <div class='ocr_carea' id='block_1_5' title="bbox 249 483 1837 556">
    <p class='ocr_par' dir='ltr' id='par_1_5' title="bbox 249 483 1837 556">
     <span class='ocr_line' id='line_1_5' title="bbox 249 483 1837 556; baseline -0.002 -15"><span class='ocrx_word' id='word_1_23' title='bbox 249 485 350 541; x_wconf 88' lang='lat' dir='ltr'><strong>Ubi</strong></span> <span class='ocrx_word' id='word_1_24' title='bbox 403 500 532 541; x_wconf 84' lang='lat' dir='ltr'><strong>vero</strong></span> <span class='ocrx_word' id='word_1_25' title='bbox 575 483 858 556; x_wconf 77' lang='lat' dir='ltr'><strong>proximus</strong></span> <span class='ocrx_word' id='word_1_26' title='bbox 889 484 1083 540; x_wconf 77' lang='lat' dir='ltr'><strong>castris</strong></span> <span class='ocrx_word' id='word_1_27' title='bbox 1124 483 1374 539; x_wconf 80' lang='lat' dir='ltr'><strong>Flaminii</strong></span> <span class='ocrx_word' id='word_1_28' title='bbox 1416 484 1660 540; x_wconf 87' lang='lat' dir='ltr'><strong>consulis</strong></span> <span class='ocrx_word' id='word_1_29' title='bbox 1706 484 1837 552; x_wconf 88' lang='lat' dir='ltr'><strong>fuit,</strong></span> 
     </span>
    </p>
   </div>
   <div class='ocr_carea' id='block_1_6' title="bbox 248 578 1839 649">
    <p class='ocr_par' dir='ltr' id='par_1_6' title="bbox 248 578 1839 649">
     <span class='ocr_line' id='line_1_6' title="bbox 248 578 1839 649; baseline 0.003 -20"><span class='ocrx_word' id='word_1_30' title='bbox 248 581 554 634; x_wconf 73' lang='lat' dir='ltr'><strong>vastatione</strong></span> <span class='ocrx_word' id='word_1_31' title='bbox 583 579 1093 649; x_wconf 88' lang='lat' dir='ltr'><strong>circumjaeentium</strong></span> <span class='ocrx_word' id='word_1_32' title='bbox 1130 579 1384 634; x_wconf 87' lang='lat' dir='ltr'><strong>locorum</strong></span> <span class='ocrx_word' id='word_1_33' title='bbox 1426 578 1756 634; x_wconf 87' lang='lat' dir='ltr'><strong>Flaminium</strong></span> <span class='ocrx_word' id='word_1_34' title='bbox 1785 579 1839 634; x_wconf 94' lang='lat' dir='ltr'><strong>in</strong></span> 
     </span>
    </p>
   </div>
   <div class='ocr_carea' id='block_1_7' title="bbox 244 674 1836 748">
    <p class='ocr_par' dir='ltr' id='par_1_7' title="bbox 244 674 1836 748">
     <span class='ocr_line' id='line_1_7' title="bbox 244 674 1836 748; baseline 0.003 -19"><span class='ocrx_word' id='word_1_35' title='bbox 244 674 450 730; x_wconf 89' lang='lat' dir='ltr'><strong>bellum</strong></span> <span class='ocrx_word' id='word_1_36' title='bbox 483 674 758 730; x_wconf 77' lang='lat' dir='ltr'><strong>excitavit.</strong></span> <span class='ocrx_word' id='word_1_37' title='bbox 780 677 802 708; x_wconf 81' lang='grc'>⁸</span> <span class='ocrx_word' id='word_1_38' title='bbox 826 676 951 732; x_wconf 70' lang='lat' dir='ltr'><strong>Hatc</strong></span> <span class='ocrx_word' id='word_1_39' title='bbox 969 691 1147 748; x_wconf 89' lang='lat' dir='ltr'><strong>pugna</strong></span> <span class='ocrx_word' id='word_1_40' title='bbox 1169 677 1235 731; x_wconf 91' lang='lat' dir='ltr'><strong>ad</strong></span> <span class='ocrx_word' id='word_1_41' title='bbox 1251 677 1629 734; x_wconf 89' lang='lat' dir='ltr'><strong>Trasimenum</strong></span> <span class='ocrx_word' id='word_1_42' title='bbox 1659 677 1836 734; x_wconf 88' lang='lat' dir='ltr'><strong>lacum</strong></span> 
     </span>
    </p>
   </div>
   <div class='ocr_carea' id='block_1_8' title="bbox 241 767 1837 834">
    <p class='ocr_par' dir='ltr' id='par_1_8' title="bbox 241 767 1837 834">
     <span class='ocr_line' id='line_1_8' title="bbox 241 767 1837 834; baseline 0.003 -12"><span class='ocrx_word' id='word_1_43' title='bbox 241 767 380 823; x_wconf 82' lang='lat' dir='ltr'><strong>facta</strong></span> <span class='ocrx_word' id='word_1_44' title='bbox 401 778 484 824; x_wconf 90' lang='lat' dir='ltr'><strong>est</strong></span> <span class='ocrx_word' id='word_1_45' title='bbox 514 785 530 823; x_wconf 86' lang='lat'>:</span> <span class='ocrx_word' id='word_1_46' title='bbox 563 767 654 823; x_wconf 92' lang='lat' dir='ltr'><strong>ubi</strong></span> <span class='ocrx_word' id='word_1_47' title='bbox 685 767 955 824; x_wconf 88' lang='lat' dir='ltr'><strong>exercitus</strong></span> <span class='ocrx_word' id='word_1_48' title='bbox 983 769 1282 834; x_wconf 79' lang='lat' dir='ltr'><strong>Romanus,</strong></span> <span class='ocrx_word' id='word_1_49' title='bbox 1314 768 1594 825; x_wconf 84' lang='lat' dir='ltr'><strong>iufelicissi</strong></span> <span class='ocrx_word' id='word_1_50' title='bbox 1607 786 1689 826; x_wconf 82' lang='lat' dir='ltr'><strong>me</strong></span> <span class='ocrx_word' id='word_1_51' title='bbox 1716 778 1837 826; x_wconf 90' lang='lat' dir='ltr'><strong>arte</strong></span> 
     </span>
    </p>
   </div>
   <div class='ocr_carea' id='block_1_9' title="bbox 243 859 1833 923">
    <p class='ocr_par' dir='ltr' id='par_1_9' title="bbox 243 859 1833 923">
     <span class='ocr_line' id='line_1_9' title="bbox 243 859 1833 923; baseline 0.001 -10"><span class='ocrx_word' id='word_1_52' title='bbox 243 860 650 915; x_wconf 81' lang='lat' dir='ltr'><strong>circumventus</strong></span> <span class='ocrx_word' id='word_1_53' title='bbox 700 859 1008 923; x_wconf 79' lang='lat' dir='ltr'><strong>Annibalis,</strong></span> <span class='ocrx_word' id='word_1_54' title='bbox 1068 859 1310 916; x_wconf 88' lang='lat' dir='ltr'><strong>funditus</strong></span> <span class='ocrx_word' id='word_1_55' title='bbox 1361 859 1660 916; x_wconf 82' lang='lat' dir='ltr'><strong>trucidatus</strong></span> <span class='ocrx_word' id='word_1_56' title='bbox 1709 869 1833 916; x_wconf 86' lang='lat' dir='ltr'><strong>est:</strong></span> 
     </span>
    </p>
   </div>
   <div class='ocr_carea' id='block_1_10' title="bbox 237 940 1834 1023">
    <p class='ocr_par' dir='ltr' id='par_1_10' title="bbox 237 940 1834 1023">
     <span class='ocr_line' id='line_1_10' title="bbox 237 940 1834 1023; baseline 0.002 -19"><span class='ocrx_word' id='word_1_57' title='bbox 237 951 357 1020; x_wconf 89' lang='lat' dir='ltr'><strong>ipse</strong></span> <span class='ocrx_word' id='word_1_58' title='bbox 385 967 608 1022; x_wconf 84' lang='lat' dir='ltr'><strong>quoque</strong></span> <span class='ocrx_word' id='word_1_59' title='bbox 638 952 832 1007; x_wconf 82' lang='lat' dir='ltr'><strong>consul</strong></span> <span class='ocrx_word' id='word_1_60' title='bbox 857 951 1098 1021; x_wconf 87' lang='lat' dir='ltr'><strong>occisus,</strong></span> <span class='ocrx_word' id='word_1_61' title='bbox 1121 955 1141 988; x_wconf 68' lang='grc' dir='ltr'>θ</span> <span class='ocrx_word' id='word_1_62' title='bbox 1173 940 1354 1023; x_wconf 89' lang='lat' dir='ltr'><strong>viginti</strong></span> <span class='ocrx_word' id='word_1_63' title='bbox 1383 952 1623 1022; x_wconf 89' lang='lat' dir='ltr'><strong>quinque</strong></span> <span class='ocrx_word' id='word_1_64' title='bbox 1661 950 1834 1007; x_wconf 86' lang='lat' dir='ltr'><strong>millia</strong></span> 
     </span>
    </p>
   </div>
   <div class='ocr_carea' id='block_1_11' title="bbox 234 1041 1832 1115">
    <p class='ocr_par' dir='ltr' id='par_1_11' title="bbox 234 1041 1832 1115">
     <span class='ocr_line' id='line_1_11' title="bbox 234 1041 1832 1115; baseline 0.001 -19"><span class='ocrx_word' id='word_1_65' title='bbox 234 1041 610 1097; x_wconf 82' lang='lat' dir='ltr'><strong>Romanorum</strong></span> <span class='ocrx_word' id='word_1_66' title='bbox 644 1044 694 1096; x_wconf 92' lang='lat' dir='ltr'><strong>in</strong></span> <span class='ocrx_word' id='word_1_67' title='bbox 717 1057 786 1098; x_wconf 90' lang='lat' dir='ltr'><strong>eo</strong></span> <span class='ocrx_word' id='word_1_68' title='bbox 814 1043 1004 1115; x_wconf 70' lang='lat' dir='ltr'><strong>praelia</strong></span> <span class='ocrx_word' id='word_1_69' title='bbox 1033 1056 1195 1110; x_wconf 58' lang='lat' dir='ltr'><strong>casa,</strong></span> <span class='ocrx_word' id='word_1_70' title='bbox 1237 1057 1330 1098; x_wconf 88' lang='lat' dir='ltr'><strong>sex</strong></span> <span class='ocrx_word' id='word_1_71' title='bbox 1361 1043 1524 1098; x_wconf 85' lang='lat' dir='ltr'><strong>millia</strong></span> <span class='ocrx_word' id='word_1_72' title='bbox 1557 1052 1710 1114; x_wconf 90' lang='lat' dir='ltr'><strong>capta</strong></span> <span class='ocrx_word' id='word_1_73' title='bbox 1743 1059 1832 1098; x_wconf 89' lang='lat' dir='ltr'><strong>re-</strong></span> 
     </span>
    </p>
   </div>
   <div class='ocr_carea' id='block_1_12' title="bbox 231 1133 1827 1192">
    <p class='ocr_par' dir='ltr' id='par_1_12' title="bbox 231 1133 1827 1192">
     <span class='ocr_line' id='line_1_12' title="bbox 231 1133 1827 1192; baseline 0.003 -4"><span class='ocrx_word' id='word_1_74' title='bbox 231 1133 512 1190; x_wconf 87' lang='lat' dir='ltr'><strong>feruntur.</strong></span> <span class='ocrx_word' id='word_1_75' title='bbox 549 1135 624 1191; x_wconf 85' lang='lat' dir='ltr'><strong>De</strong></span> <span class='ocrx_word' id='word_1_76' title='bbox 653 1136 898 1191; x_wconf 82' lang='lat' dir='ltr'><strong>exercitu</strong></span> <span class='ocrx_word' id='word_1_77' title='bbox 927 1151 1059 1192; x_wconf 90' lang='lat' dir='ltr'><strong>vero</strong></span> <span class='ocrx_word' id='word_1_78' title='bbox 1080 1135 1368 1192; x_wconf 83' lang='lat' dir='ltr'><strong>Annibalis</strong></span> <span class='ocrx_word' id='word_1_79' title='bbox 1394 1136 1503 1192; x_wconf 91' lang='lat' dir='ltr'><strong>duo</strong></span> <span class='ocrx_word' id='word_1_80' title='bbox 1530 1135 1696 1190; x_wconf 84' lang='lat' dir='ltr'><strong>millia</strong></span> <span class='ocrx_word' id='word_1_81' title='bbox 1736 1151 1827 1192; x_wconf 88' lang='lat' dir='ltr'><strong>ce-</strong></span> 
     </span>
    </p>
   </div>
   <div class='ocr_carea' id='block_1_13' title="bbox 225 1225 1831 1286">
    <p class='ocr_par' dir='ltr' id='par_1_13' title="bbox 225 1225 1831 1286">
     <span class='ocr_line' id='line_1_13' title="bbox 225 1225 1831 1286; baseline 0.002 -6"><span class='ocrx_word' id='word_1_82' title='bbox 225 1225 506 1281; x_wconf 83' lang='lat' dir='ltr'><strong>ciderunt.</strong></span> <span class='ocrx_word' id='word_1_83' title='bbox 535 1226 826 1281; x_wconf 85' lang='lat' dir='ltr'><strong>Fatuosum</strong></span> <span class='ocrx_word' id='word_1_84' title='bbox 860 1227 963 1282; x_wconf 90' lang='lat' dir='ltr'><strong>hoc</strong></span> <span class='ocrx_word' id='word_1_85' title='bbox 991 1228 1057 1282; x_wconf 90' lang='lat' dir='ltr'><strong>ad</strong></span> <span class='ocrx_word' id='word_1_86' title='bbox 1081 1228 1462 1286; x_wconf 84' lang='lat' dir='ltr'><strong>Trasimenum</strong></span> <span class='ocrx_word' id='word_1_87' title='bbox 1505 1228 1678 1284; x_wconf 88' lang='lat' dir='ltr'><strong>lacum</strong></span> <span class='ocrx_word' id='word_1_88' title='bbox 1710 1244 1831 1284; x_wconf 82' lang='lat' dir='ltr'><strong>cer-</strong></span> 
     </span>
    </p>
   </div>
   <div class='ocr_carea' id='block_1_14' title="bbox 224 1320 1827 1391">
    <p class='ocr_par' dir='ltr' id='par_1_14' title="bbox 224 1320 1827 1391">
     <span class='ocr_line' id='line_1_14' title="bbox 224 1320 1827 1391; baseline 0.001 -15"><span class='ocrx_word' id='word_1_89' title='bbox 224 1335 414 1377; x_wconf 60' lang='lat' dir='ltr'><strong>tamen</strong></span> <span class='ocrx_word' id='word_1_90' title='bbox 443 1320 542 1376; x_wconf 88' lang='lat' dir='ltr'><strong>fuit</strong></span> <span class='ocrx_word' id='word_1_91' title='bbox 575 1331 724 1377; x_wconf 90' lang='lat' dir='ltr'><strong>tanta</strong></span> <span class='ocrx_word' id='word_1_92' title='bbox 752 1322 906 1379; x_wconf 81' lang='lat' dir='ltr'><strong>clade</strong></span> <span class='ocrx_word' id='word_1_93' title='bbox 935 1323 1202 1391; x_wconf 82' lang='lat' dir='ltr'><strong>Romana,</strong></span> <span class='ocrx_word' id='word_1_94' title='bbox 1230 1322 1466 1379; x_wconf 81' lang='lat' dir='ltr'><strong>maxime</strong></span> <span class='ocrx_word' id='word_1_95' title='bbox 1494 1337 1616 1377; x_wconf 85' lang='lat' dir='ltr'><strong>eum</strong></span> <span class='ocrx_word' id='word_1_96' title='bbox 1649 1323 1720 1377; x_wconf 90' lang='lat' dir='ltr'><strong>ita</strong></span> <span class='ocrx_word' id='word_1_97' title='bbox 1745 1323 1827 1377; x_wconf 88' lang='lat' dir='ltr'><strong>iu-</strong></span> 
     </span>
    </p>
   </div>
   <div class='ocr_carea' id='block_1_15' title="bbox 221 1413 1829 1486">
    <p class='ocr_par' dir='ltr' id='par_1_15' title="bbox 221 1413 1829 1486">
     <span class='ocr_line' id='line_1_15' title="bbox 221 1413 1829 1486; baseline 0 -18"><span class='ocrx_word' id='word_1_98' title='bbox 221 1421 416 1470; x_wconf 86' lang='lat' dir='ltr'><strong>tcntus</strong></span> <span class='ocrx_word' id='word_1_99' title='bbox 447 1416 807 1485; x_wconf 75' lang='lat' dir='ltr'><strong>pugnantium</strong></span> <span class='ocrx_word' id='word_1_100' title='bbox 858 1417 1025 1472; x_wconf 89' lang='lat' dir='ltr'><strong>ardor</strong></span> <span class='ocrx_word' id='word_1_101' title='bbox 1062 1416 1374 1480; x_wconf 84' lang='lat' dir='ltr'><strong>exstiterit,</strong></span> <span class='ocrx_word' id='word_1_102' title='bbox 1408 1415 1449 1447; x_wconf 76' lang='grc' dir='ltr'><strong>⁸ο</strong></span> <span class='ocrx_word' id='word_1_103' title='bbox 1480 1425 1538 1469; x_wconf 85' lang='grc' dir='ltr'><strong>ιιι</strong></span> <span class='ocrx_word' id='word_1_104' title='bbox 1573 1413 1829 1486; x_wconf 84' lang='lat' dir='ltr'><strong>gravissi-</strong></span> 
     </span>
    </p>
   </div>
   <div class='ocr_carea' id='block_1_16' title="bbox 217 1506 1825 1578">
    <p class='ocr_par' dir='ltr' id='par_1_16' title="bbox 217 1506 1825 1578">
     <span class='ocr_line' id='line_1_16' title="bbox 217 1506 1825 1578; baseline 0.002 -19"><span class='ocrx_word' id='word_1_105' title='bbox 217 1523 375 1561; x_wconf 88' lang='lat' dir='ltr'><strong>mum</strong></span> <span class='ocrx_word' id='word_1_106' title='bbox 422 1516 820 1574; x_wconf 69' lang='lat' dir='ltr'><strong>terrtemotum,</strong></span> <span class='ocrx_word' id='word_1_107' title='bbox 875 1509 967 1578; x_wconf 87' lang='lat' dir='ltr'><strong>qui</strong></span> <span class='ocrx_word' id='word_1_108' title='bbox 1004 1518 1132 1565; x_wconf 91' lang='lat' dir='ltr'><strong>tunc</strong></span> <span class='ocrx_word' id='word_1_109' title='bbox 1177 1507 1322 1563; x_wconf 87' lang='lat' dir='ltr'><strong>forte</strong></span> <span class='ocrx_word' id='word_1_110' title='bbox 1366 1517 1472 1563; x_wconf 88' lang='lat' dir='ltr'><strong>tam</strong></span> <span class='ocrx_word' id='word_1_111' title='bbox 1526 1506 1825 1563; x_wconf 77' lang='lat' dir='ltr'><strong>vehemens</strong></span> 
     </span>
    </p>
   </div>
   <div class='ocr_carea' id='block_1_17' title="bbox 219 1599 1819 1670">
    <p class='ocr_par' dir='ltr' id='par_1_17' title="bbox 219 1599 1819 1670">
     <span class='ocr_line' id='line_1_17' title="bbox 219 1599 1819 1670; baseline 0.001 -16"><span class='ocrx_word' id='word_1_112' title='bbox 219 1599 406 1656; x_wconf 83' lang='lat' dir='ltr'><strong>factus</strong></span> <span class='ocrx_word' id='word_1_113' title='bbox 432 1608 540 1670; x_wconf 90' lang='lat' dir='ltr'><strong>est,</strong></span> <span class='ocrx_word' id='word_1_114' title='bbox 583 1611 641 1656; x_wconf 92' lang='lat' dir='ltr'><strong>ut</strong></span> <span class='ocrx_word' id='word_1_115' title='bbox 679 1601 846 1657; x_wconf 87' lang='lat' dir='ltr'><strong>urbes</strong></span> <span class='ocrx_word' id='word_1_116' title='bbox 875 1599 1140 1670; x_wconf 86' lang='lat' dir='ltr'><strong>diruisse,</strong></span> <span class='ocrx_word' id='word_1_117' title='bbox 1189 1609 1404 1655; x_wconf 87' lang='lat' dir='ltr'><strong>montes</strong></span> <span class='ocrx_word' id='word_1_118' title='bbox 1436 1599 1780 1655; x_wconf 91' lang='lat' dir='ltr'><strong>transtulisse</strong></span> <span class='ocrx_word' id='word_1_119' title='bbox 1803 1643 1819 1670; x_wconf 92' lang='lat'><strong>,</strong></span> 
     </span>
    </p>
   </div>
   <div class='ocr_carea' id='block_1_18' title="bbox 219 1691 1822 1762">
    <p class='ocr_par' dir='ltr' id='par_1_18' title="bbox 219 1691 1822 1762">
     <span class='ocr_line' id='line_1_18' title="bbox 219 1691 1822 1762; baseline 0 -16"><span class='ocrx_word' id='word_1_120' title='bbox 219 1691 522 1748; x_wconf 80' lang='lat' dir='ltr'><strong>discidisse</strong></span> <span class='ocrx_word' id='word_1_121' title='bbox 545 1707 729 1762; x_wconf 88' lang='lat' dir='ltr'><strong>rupes,</strong></span> <span class='ocrx_word' id='word_1_122' title='bbox 752 1702 810 1749; x_wconf 90' lang='lat' dir='ltr'><strong>et</strong></span> <span class='ocrx_word' id='word_1_123' title='bbox 838 1692 1062 1748; x_wconf 82' lang='lat' dir='ltr'><strong>ﬂumina</strong></span> <span class='ocrx_word' id='word_1_124' title='bbox 1086 1702 1384 1748; x_wconf 84' lang='lat' dir='ltr'><strong>retrorsum</strong></span> <span class='ocrx_word' id='word_1_125' title='bbox 1405 1692 1651 1762; x_wconf 72' lang='lat' dir='ltr'><strong>coegisse</strong></span> <span class='ocrx_word' id='word_1_126' title='bbox 1679 1691 1822 1747; x_wconf 81' lang='lat' dir='ltr'><strong>refe-</strong></span> 
     </span>
    </p>
   </div>
   <div class='ocr_carea' id='block_1_19' title="bbox 1950 481 3542 560">
    <p class='ocr_par' dir='ltr' id='par_1_19' title="bbox 1950 481 3542 560">
     <span class='ocr_line' id='line_1_19' title="bbox 1950 481 3542 560; baseline -0.002 -24"><span class='ocrx_word' id='word_1_127' title='bbox 1950 481 1970 513; x_wconf 82' lang='grc'>³</span> <span class='ocrx_word' id='word_1_128' title='bbox 2002 482 2052 537; x_wconf 93' lang='lat' dir='ltr'><strong>in</strong></span> <span class='ocrx_word' id='word_1_129' title='bbox 2080 498 2146 538; x_wconf 89' lang='lat' dir='ltr'><strong>eo</strong></span> <span class='ocrx_word' id='word_1_130' title='bbox 2177 483 2365 538; x_wconf 92' lang='lat' dir='ltr'><strong>consul</strong></span> <span class='ocrx_word' id='word_1_131' title='bbox 2398 481 2652 537; x_wconf 67' lang='lat' dir='ltr'><strong>Emilius</strong></span> <span class='ocrx_word' id='word_1_132' title='bbox 2687 483 2908 551; x_wconf 79' lang='lat' dir='ltr'><strong>Paulus,</strong></span> <span class='ocrx_word' id='word_1_133' title='bbox 2938 486 3255 544; x_wconf 88' lang='lat' dir='ltr'><strong>consulares</strong></span> <span class='ocrx_word' id='word_1_134' title='bbox 3278 499 3370 542; x_wconf 91' lang='lat' dir='ltr'><strong>aut</strong></span> <span class='ocrx_word' id='word_1_135' title='bbox 3400 505 3542 560; x_wconf 59' lang='lat' dir='ltr'><strong>pne.</strong></span> 
     </span>
    </p>
   </div>
   <div class='ocr_carea' id='block_1_20' title="bbox 1947 574 3542 653">
    <p class='ocr_par' dir='ltr' id='par_1_20' title="bbox 1947 574 3542 653">
     <span class='ocr_line' id='line_1_20' title="bbox 1947 574 3542 653; baseline 0.007 -23"><span class='ocrx_word' id='word_1_136' title='bbox 1947 576 2068 630; x_wconf 92' lang='lat' dir='ltr'><strong>torii</strong></span> <span class='ocrx_word' id='word_1_137' title='bbox 2101 577 2197 631; x_wconf 88' lang='lat' dir='ltr'><strong>viri</strong></span> <span class='ocrx_word' id='word_1_138' title='bbox 2238 575 2424 647; x_wconf 84' lang='lat' dir='ltr'><strong>viginti</strong></span> <span class='ocrx_word' id='word_1_139' title='bbox 2473 574 2739 632; x_wconf 79' lang='lat' dir='ltr'><strong>interfecti</strong></span> <span class='ocrx_word' id='word_1_140' title='bbox 2783 588 2930 642; x_wconf 89' lang='lat' dir='ltr'><strong>sunt,</strong></span> <span class='ocrx_word' id='word_1_141' title='bbox 2955 588 3240 636; x_wconf 87' lang='lat' dir='ltr'><strong>senatores</strong></span> <span class='ocrx_word' id='word_1_142' title='bbox 3282 581 3366 637; x_wconf 89' lang='lat' dir='ltr'><strong>vel</strong></span> <span class='ocrx_word' id='word_1_143' title='bbox 3398 585 3542 653; x_wconf 88' lang='lat' dir='ltr'><strong>capti</strong></span> 
     </span>
    </p>
   </div>
   <div class='ocr_carea' id='block_1_21' title="bbox 1942 669 3534 745">
    <p class='ocr_par' dir='ltr' id='par_1_21' title="bbox 1942 669 3534 745">
     <span class='ocr_line' id='line_1_21' title="bbox 1942 669 3534 745; baseline 0.006 -22"><span class='ocrx_word' id='word_1_144' title='bbox 1942 669 2026 724; x_wconf 83' lang='lat' dir='ltr'><strong>vel</strong></span> <span class='ocrx_word' id='word_1_145' title='bbox 2053 669 2216 724; x_wconf 84' lang='lat' dir='ltr'><strong>occisi</strong></span> <span class='ocrx_word' id='word_1_146' title='bbox 2261 678 2387 724; x_wconf 84' lang='lat' dir='ltr'><strong>sunt</strong></span> <span class='ocrx_word' id='word_1_147' title='bbox 2413 669 2654 740; x_wconf 85' lang='lat' dir='ltr'><strong>triginta,</strong></span> <span class='ocrx_word' id='word_1_148' title='bbox 2686 669 2897 724; x_wconf 79' lang='lat' dir='ltr'><strong>nobiles</strong></span> <span class='ocrx_word' id='word_1_149' title='bbox 2937 671 3038 726; x_wconf 90' lang='lat' dir='ltr'><strong>viri</strong></span> <span class='ocrx_word' id='word_1_150' title='bbox 3070 675 3332 737; x_wconf 88' lang='lat' dir='ltr'><strong>trecenti,</strong></span> <span class='ocrx_word' id='word_1_151' title='bbox 3365 677 3534 745; x_wconf 86' lang='lat' dir='ltr'><strong>pede-</strong></span> 
     </span>
    </p>
   </div>
   <div class='ocr_carea' id='block_1_22' title="bbox 1939 763 3526 836">
    <p class='ocr_par' dir='ltr' id='par_1_22' title="bbox 1939 763 3526 836">
     <span class='ocr_line' id='line_1_22' title="bbox 1939 763 3526 836; baseline 0.002 -16"><span class='ocrx_word' id='word_1_152' title='bbox 1939 765 2133 820; x_wconf 80' lang='lat' dir='ltr'><strong>8triutn</strong></span> <span class='ocrx_word' id='word_1_153' title='bbox 2185 763 2412 818; x_wconf 90' lang='lat' dir='ltr'><strong>militum</strong></span> <span class='ocrx_word' id='word_1_154' title='bbox 2461 763 2816 834; x_wconf 82' lang='lat' dir='ltr'><strong>quadraginta</strong></span> <span class='ocrx_word' id='word_1_155' title='bbox 2870 765 3072 831; x_wconf 90' lang='lat' dir='ltr'><strong>millia,</strong></span> <span class='ocrx_word' id='word_1_156' title='bbox 3130 765 3371 836; x_wconf 86' lang='lat' dir='ltr'><strong>equitum</strong></span> <span class='ocrx_word' id='word_1_157' title='bbox 3427 770 3526 823; x_wconf 85' lang='lat' dir='ltr'><strong>tria</strong></span> 
     </span>
    </p>
   </div>
   <div class='ocr_carea' id='block_1_23' title="bbox 1939 855 3528 930">
    <p class='ocr_par' dir='ltr' id='par_1_23' title="bbox 1939 855 3528 930">
     <span class='ocr_line' id='line_1_23' title="bbox 1939 855 3528 930; baseline 0.004 -20"><span class='ocrx_word' id='word_1_158' title='bbox 1939 857 2106 910; x_wconf 90' lang='lat' dir='ltr'><strong>millia</strong></span> <span class='ocrx_word' id='word_1_159' title='bbox 2151 855 2455 926; x_wconf 81' lang='lat' dir='ltr'><strong>quingenti.</strong></span> <span class='ocrx_word' id='word_1_160' title='bbox 2499 855 2670 910; x_wconf 83' lang='lat' dir='ltr'><strong>Varro</strong></span> <span class='ocrx_word' id='word_1_161' title='bbox 2719 856 2910 911; x_wconf 88' lang='lat' dir='ltr'><strong>consul</strong></span> <span class='ocrx_word' id='word_1_162' title='bbox 2964 872 3088 910; x_wconf 91' lang='lat' dir='ltr'><strong>cum</strong></span> <span class='ocrx_word' id='word_1_163' title='bbox 3140 859 3528 930; x_wconf 77' lang='lat' dir='ltr'><strong>quinquaginta</strong></span> 
     </span>
    </p>
   </div>
   <div class='ocr_carea' id='block_1_24' title="bbox 1937 949 3524 1022">
    <p class='ocr_par' dir='ltr' id='par_1_24' title="bbox 1937 949 3524 1022">
     <span class='ocr_line' id='line_1_24' title="bbox 1937 949 3524 1022; baseline 0.001 -15"><span class='ocrx_word' id='word_1_164' title='bbox 1937 951 2208 1022; x_wconf 88' lang='lat' dir='ltr'><strong>equitibus</strong></span> <span class='ocrx_word' id='word_1_165' title='bbox 2233 949 2524 1006; x_wconf 83' lang='lat' dir='ltr'><strong>Venusiam</strong></span> <span class='ocrx_word' id='word_1_166' title='bbox 2554 950 2706 1020; x_wconf 88' lang='lat' dir='ltr'><strong>fugit.</strong></span> <span class='ocrx_word' id='word_1_167' title='bbox 2740 949 2850 1005; x_wconf 83' lang='lat' dir='ltr'><strong>Nec</strong></span> <span class='ocrx_word' id='word_1_168' title='bbox 2876 950 3097 1006; x_wconf 90' lang='lat' dir='ltr'><strong>dubium</strong></span> <span class='ocrx_word' id='word_1_169' title='bbox 3128 961 3240 1017; x_wconf 88' lang='lat' dir='ltr'><strong>est,</strong></span> <span class='ocrx_word' id='word_1_170' title='bbox 3273 950 3524 1009; x_wconf 86' lang='lat' dir='ltr'><strong>ultimum</strong></span> 
     </span>
    </p>
   </div>
   <div class='ocr_carea' id='block_1_25' title="bbox 1936 1041 3529 1104">
    <p class='ocr_par' dir='ltr' id='par_1_25' title="bbox 1936 1041 3529 1104">
     <span class='ocr_line' id='line_1_25' title="bbox 1936 1041 3529 1104; baseline -0.001 -4"><span class='ocrx_word' id='word_1_171' title='bbox 1936 1045 2087 1100; x_wconf 91' lang='lat' dir='ltr'><strong>illum</strong></span> <span class='ocrx_word' id='word_1_172' title='bbox 2112 1044 2254 1099; x_wconf 89' lang='lat' dir='ltr'><strong>diem</strong></span> <span class='ocrx_word' id='word_1_173' title='bbox 2283 1041 2512 1099; x_wconf 83' lang='lat' dir='ltr'><strong>Romani</strong></span> <span class='ocrx_word' id='word_1_174' title='bbox 2538 1050 2712 1096; x_wconf 90' lang='lat' dir='ltr'><strong>status</strong></span> <span class='ocrx_word' id='word_1_175' title='bbox 2737 1041 2975 1096; x_wconf 86' lang='lat' dir='ltr'><strong>futurum</strong></span> <span class='ocrx_word' id='word_1_176' title='bbox 3003 1041 3190 1104; x_wconf 89' lang='lat' dir='ltr'><strong>fuisse,</strong></span> <span class='ocrx_word' id='word_1_177' title='bbox 3224 1041 3270 1097; x_wconf 91' lang='lat' dir='ltr'><strong>si</strong></span> <span class='ocrx_word' id='word_1_178' title='bbox 3297 1043 3529 1099; x_wconf 85' lang='lat' dir='ltr'><strong>Annibal</strong></span> 
     </span>
    </p>
   </div>
   <div class='ocr_carea' id='block_1_26' title="bbox 1935 1133 3533 1208">
    <p class='ocr_par' dir='ltr' id='par_1_26' title="bbox 1935 1133 3533 1208">
     <span class='ocr_line' id='line_1_26' title="bbox 1935 1133 3533 1208; baseline -0.001 -15"><span class='ocrx_word' id='word_1_179' title='bbox 1935 1154 2059 1193; x_wconf 89' lang='lat' dir='ltr'><strong>mox</strong></span> <span class='ocrx_word' id='word_1_180' title='bbox 2090 1145 2212 1208; x_wconf 91' lang='lat' dir='ltr'><strong>post</strong></span> <span class='ocrx_word' id='word_1_181' title='bbox 2242 1135 2524 1190; x_wconf 86' lang='lat' dir='ltr'><strong>victoriam</strong></span> <span class='ocrx_word' id='word_1_182' title='bbox 2548 1134 2614 1189; x_wconf 88' lang='lat' dir='ltr'><strong>ad</strong></span> <span class='ocrx_word' id='word_1_183' title='bbox 2645 1133 3045 1205; x_wconf 87' lang='lat' dir='ltr'><strong>pervadendam</strong></span> <span class='ocrx_word' id='word_1_184' title='bbox 3075 1133 3275 1190; x_wconf 86' lang='lat' dir='ltr'><strong>Urbem</strong></span> <span class='ocrx_word' id='word_1_185' title='bbox 3302 1146 3533 1191; x_wconf 88' lang='lat' dir='ltr'><strong>conten-</strong></span> 
     </span>
    </p>
   </div>
   <div class='ocr_carea' id='block_1_27' title="bbox 1931 1228 3533 1300">
    <p class='ocr_par' dir='ltr' id='par_1_27' title="bbox 1931 1228 3533 1300">
     <span class='ocr_line' id='line_1_27' title="bbox 1931 1228 3533 1300; baseline 0 -14"><span class='ocrx_word' id='word_1_186' title='bbox 1931 1230 2123 1287; x_wconf 87' lang='lat' dir='ltr'><strong>disset.</strong></span> <span class='ocrx_word' id='word_1_187' title='bbox 2157 1229 2386 1286; x_wconf 79' lang='lat' dir='ltr'><strong>Annibal</strong></span> <span class='ocrx_word' id='word_1_188' title='bbox 2418 1229 2472 1284; x_wconf 93' lang='lat' dir='ltr'><strong>in</strong></span> <span class='ocrx_word' id='word_1_189' title='bbox 2516 1229 2888 1285; x_wconf 88' lang='lat' dir='ltr'><strong>testimonium</strong></span> <span class='ocrx_word' id='word_1_190' title='bbox 2937 1229 3177 1283; x_wconf 62' lang='lat' dir='ltr'><strong>victoria:</strong></span> <span class='ocrx_word' id='word_1_191' title='bbox 3203 1243 3339 1300; x_wconf 70' lang='lat' dir='ltr'><strong>sum,</strong></span> <span class='ocrx_word' id='word_1_192' title='bbox 3371 1228 3390 1259; x_wconf 79' lang='grc'><strong>’⁸</strong></span> <span class='ocrx_word' id='word_1_193' title='bbox 3422 1239 3533 1286; x_wconf 86' lang='lat' dir='ltr'><strong>tres</strong></span> 
     </span>
    </p>
   </div>
   <div class='ocr_carea' id='block_1_28' title="bbox 1931 1318 3524 1393">
    <p class='ocr_par' dir='ltr' id='par_1_28' title="bbox 1931 1318 3524 1393">
     <span class='ocr_line' id='line_1_28' title="bbox 1931 1318 3524 1393; baseline 0 -16"><span class='ocrx_word' id='word_1_194' title='bbox 1931 1321 2146 1377; x_wconf 89' lang='lat' dir='ltr'><strong>modios</strong></span> <span class='ocrx_word' id='word_1_195' title='bbox 2190 1321 2512 1376; x_wconf 90' lang='lat' dir='ltr'><strong>annulorum</strong></span> <span class='ocrx_word' id='word_1_196' title='bbox 2570 1336 2861 1376; x_wconf 88' lang='lat' dir='ltr'><strong>aureorum</strong></span> <span class='ocrx_word' id='word_1_197' title='bbox 2913 1318 3293 1390; x_wconf 83' lang='lat' dir='ltr'><strong>Carthaginem</strong></span> <span class='ocrx_word' id='word_1_198' title='bbox 3347 1322 3524 1393; x_wconf 86' lang='lat' dir='ltr'><strong>misit,</strong></span> 
     </span>
    </p>
   </div>
   <div class='ocr_carea' id='block_1_29' title="bbox 1928 1414 3525 1486">
    <p class='ocr_par' dir='ltr' id='par_1_29' title="bbox 1928 1414 3525 1486">
     <span class='ocr_line' id='line_1_29' title="bbox 1928 1414 3525 1486; baseline 0.002 -18"><span class='ocrx_word' id='word_1_199' title='bbox 1928 1430 2063 1486; x_wconf 92' lang='lat' dir='ltr'><strong>quos</strong></span> <span class='ocrx_word' id='word_1_200' title='bbox 2077 1417 2098 1447; x_wconf 83' lang='grc'>⁸</span> <span class='ocrx_word' id='word_1_201' title='bbox 2117 1430 2182 1470; x_wconf 85' lang='lat' dir='ltr'><strong>ex</strong></span> <span class='ocrx_word' id='word_1_202' title='bbox 2202 1415 2452 1470; x_wconf 90' lang='lat' dir='ltr'><strong>manibus</strong></span> <span class='ocrx_word' id='word_1_203' title='bbox 2470 1414 2878 1470; x_wconf 80' lang='lat' dir='ltr'><strong>interfectorum</strong></span> <span class='ocrx_word' id='word_1_204' title='bbox 2897 1415 3141 1486; x_wconf 87' lang='lat' dir='ltr'><strong>equitum</strong></span> <span class='ocrx_word' id='word_1_205' title='bbox 3161 1414 3525 1471; x_wconf 80' lang='lat' dir='ltr'><strong>Romanorum</strong></span> 
     </span>
    </p>
   </div>
   <div class='ocr_carea' id='block_1_30' title="bbox 1927 1506 3521 1579">
    <p class='ocr_par' dir='ltr' id='par_1_30' title="bbox 1927 1506 3521 1579">
     <span class='ocr_line' id='line_1_30' title="bbox 1927 1506 3521 1579; baseline 0 -15"><span class='ocrx_word' id='word_1_206' title='bbox 1927 1518 2349 1572; x_wconf 80' lang='lat' dir='ltr'><strong>senatorumque</strong></span> <span class='ocrx_word' id='word_1_207' title='bbox 2374 1508 2706 1563; x_wconf 76' lang='lat' dir='ltr'><strong>detraxerat.</strong></span> <span class='ocrx_word' id='word_1_208' title='bbox 2733 1506 2914 1579; x_wconf 84' lang='lat' dir='ltr'><strong>Usque</strong></span> <span class='ocrx_word' id='word_1_209' title='bbox 2951 1506 3088 1562; x_wconf 89' lang='lat' dir='ltr'><strong>adeo</strong></span> <span class='ocrx_word' id='word_1_210' title='bbox 3129 1516 3308 1561; x_wconf 90' lang='lat' dir='ltr'><strong>autem</strong></span> <span class='ocrx_word' id='word_1_211' title='bbox 3336 1508 3521 1564; x_wconf 88' lang='lat' dir='ltr'><strong>ultima</strong></span> 
     </span>
    </p>
   </div>
   <div class='ocr_carea' id='block_1_31' title="bbox 1923 1599 3522 1674">
    <p class='ocr_par' dir='ltr' id='par_1_31' title="bbox 1923 1599 3522 1674">
     <span class='ocr_line' id='line_1_31' title="bbox 1923 1599 3522 1674; baseline -0.001 -16"><span class='ocrx_word' id='word_1_212' title='bbox 1923 1603 2231 1673; x_wconf 89' lang='lat' dir='ltr'><strong>desperatio</strong></span> <span class='ocrx_word' id='word_1_213' title='bbox 2249 1601 2579 1674; x_wconf 63' lang='lat' dir='ltr'><strong>Reipublicae</strong></span> <span class='ocrx_word' id='word_1_214' title='bbox 2597 1600 2738 1671; x_wconf 93' lang='lat' dir='ltr'><strong>apud</strong></span> <span class='ocrx_word' id='word_1_215' title='bbox 2759 1599 3006 1656; x_wconf 88' lang='lat' dir='ltr'><strong>residuos</strong></span> <span class='ocrx_word' id='word_1_216' title='bbox 3024 1600 3300 1656; x_wconf 83' lang='lat' dir='ltr'><strong>Romanos</strong></span> <span class='ocrx_word' id='word_1_217' title='bbox 3317 1599 3413 1655; x_wconf 87' lang='lat' dir='ltr'><strong>fuit</strong></span> <span class='ocrx_word' id='word_1_218' title='bbox 3427 1601 3447 1632; x_wconf 76' lang='grc'>⁸</span> <span class='ocrx_word' id='word_1_219' title='bbox 3467 1608 3522 1657; x_wconf 92' lang='lat' dir='ltr'><strong>ut</strong></span> 
     </span>
    </p>
   </div>
   <div class='ocr_carea' id='block_1_32' title="bbox 1923 1689 3522 1764">
    <p class='ocr_par' dir='ltr' id='par_1_32' title="bbox 1923 1689 3522 1764">
     <span class='ocr_line' id='line_1_32' title="bbox 1923 1689 3522 1764; baseline -0.003 -13"><span class='ocrx_word' id='word_1_220' title='bbox 1923 1707 2206 1751; x_wconf 85' lang='lat' dir='ltr'><strong>senatores</strong></span> <span class='ocrx_word' id='word_1_221' title='bbox 2221 1693 2288 1750; x_wconf 89' lang='lat' dir='ltr'><strong>de</strong></span> <span class='ocrx_word' id='word_1_222' title='bbox 2309 1692 2662 1764; x_wconf 88' lang='lat' dir='ltr'><strong>relinquenda</strong></span> <span class='ocrx_word' id='word_1_223' title='bbox 2683 1691 2853 1758; x_wconf 89' lang='lat' dir='ltr'><strong>ltalia,</strong></span> <span class='ocrx_word' id='word_1_224' title='bbox 2870 1689 3196 1761; x_wconf 86' lang='lat' dir='ltr'><strong>sedibusque</strong></span> <span class='ocrx_word' id='word_1_225' title='bbox 3215 1692 3522 1762; x_wconf 55' lang='lat' dir='ltr'><strong>qua‘rendis</strong></span> 
     </span>
    </p>
   </div>
   <div class='ocr_carea' id='block_1_33' title="bbox 209 1777 3523 1858">
    <p class='ocr_par' dir='ltr' id='par_1_33' title="bbox 209 1777 3523 1858">
     <span class='ocr_line' id='line_1_33' title="bbox 209 1777 3523 1858; baseline 0.001 -23"><span class='ocrx_word' id='word_1_226' title='bbox 209 1792 398 1852; x_wconf 86' lang='lat' dir='ltr'><strong>ratur,</strong></span> <span class='ocrx_word' id='word_1_227' title='bbox 431 1795 731 1856; x_wconf 84' lang='lat' dir='ltr'><strong>pugnantes</strong></span> <span class='ocrx_word' id='word_1_228' title='bbox 759 1785 986 1840; x_wconf 90' lang='lat' dir='ltr'><strong>omnino</strong></span> <span class='ocrx_word' id='word_1_229' title='bbox 1022 1801 1131 1840; x_wconf 89' lang='lat' dir='ltr'><strong>non</strong></span> <span class='ocrx_word' id='word_1_230' title='bbox 1163 1785 1454 1841; x_wconf 86' lang='lat' dir='ltr'><strong>senserint.</strong></span> <span class='ocrx_word' id='word_1_231' title='bbox 1485 1783 1703 1840; x_wconf 80' lang='lat' dir='ltr'><strong>Factam</strong></span> <span class='ocrx_word' id='word_1_232' title='bbox 1746 1784 1814 1840; x_wconf 90' lang='lat' dir='ltr'><strong>ad</strong></span> <span class='ocrx_word' id='word_1_233' title='bbox 1845 1777 1894 1838; x_wconf 91' lang='lat' dir='ltr'><strong>B</strong></span> <span class='ocrx_word' id='word_1_234' title='bbox 1919 1787 2207 1844; x_wconf 88' lang='lat' dir='ltr'><strong>consilium</strong></span> <span class='ocrx_word' id='word_1_235' title='bbox 2249 1786 2409 1858; x_wconf 72' lang='lat'><strong>257</strong></span> <span class='ocrx_word' id='word_1_236' title='bbox 2452 1784 2745 1840; x_wconf 88' lang='lat' dir='ltr'><strong>ineundum</strong></span> <span class='ocrx_word' id='word_1_237' title='bbox 2786 1785 3048 1852; x_wconf 89' lang='lat' dir='ltr'><strong>putarint.</strong></span> <span class='ocrx_word' id='word_1_238' title='bbox 3095 1783 3250 1850; x_wconf 85' lang='lat' dir='ltr'><strong>Quod</strong></span> <span class='ocrx_word' id='word_1_239' title='bbox 3297 1793 3523 1840; x_wconf 90' lang='lat' dir='ltr'><strong>auctore</strong></span> 
     </span>
    </p>
   </div>
   <div class='ocr_carea' id='block_1_34' title="bbox 207 1874 1808 1947">
    <p class='ocr_par' dir='ltr' id='par_1_34' title="bbox 207 1874 1808 1947">
     <span class='ocr_line' id='line_1_34' title="bbox 207 1874 1808 1947; baseline 0 -17"><span class='ocrx_word' id='word_1_240' title='bbox 207 1875 608 1933; x_wconf 81' lang='lat' dir='ltr'><strong>Trasimenum</strong></span> <span class='ocrx_word' id='word_1_241' title='bbox 653 1877 906 1943; x_wconf 86' lang='lat' dir='ltr'><strong>ruinam,</strong></span> <span class='ocrx_word' id='word_1_242' title='bbox 955 1877 1203 1946; x_wconf 89' lang='lat' dir='ltr'><strong>sequitur</strong></span> <span class='ocrx_word' id='word_1_243' title='bbox 1253 1891 1430 1947; x_wconf 88' lang='lat' dir='ltr'><strong>pugna</strong></span> <span class='ocrx_word' id='word_1_244' title='bbox 1483 1874 1808 1944; x_wconf 86' lang='lat' dir='ltr'><strong>Cannensis,</strong></span> 
     </span>
    </p>
   </div>
   <div class='ocr_carea' id='block_1_35' title="bbox 210 1967 1812 2039">
    <p class='ocr_par' dir='ltr' id='par_1_35' title="bbox 210 1967 1812 2039">
     <span class='ocr_line' id='line_1_35' title="bbox 210 1967 1812 2039; baseline 0 -15"><span class='ocrx_word' id='word_1_245' title='bbox 210 1971 478 2037; x_wconf 85' lang='lat' dir='ltr'><strong>quamvis</strong></span> <span class='ocrx_word' id='word_1_246' title='bbox 511 1971 551 2004; x_wconf 82' lang='lat'>“</span> <span class='ocrx_word' id='word_1_247' title='bbox 585 1969 740 2026; x_wconf 84' lang='lat' dir='ltr'><strong>Fabii</strong></span> <span class='ocrx_word' id='word_1_248' title='bbox 771 1969 989 2026; x_wconf 82' lang='lat' dir='ltr'><strong>Maximi</strong></span> <span class='ocrx_word' id='word_1_249' title='bbox 1016 1969 1298 2024; x_wconf 87' lang='lat' dir='ltr'><strong>dictatoris</strong></span> <span class='ocrx_word' id='word_1_250' title='bbox 1335 1978 1548 2039; x_wconf 89' lang='lat' dir='ltr'><strong>tempus</strong></span> <span class='ocrx_word' id='word_1_251' title='bbox 1575 1967 1812 2024; x_wconf 89' lang='lat' dir='ltr'><strong>medium</strong></span> 
     </span>
    </p>
   </div>
   <div class='ocr_carea' id='block_1_36' title="bbox 205 2061 1806 2134">
    <p class='ocr_par' dir='ltr' id='par_1_36' title="bbox 205 2061 1806 2134">
     <span class='ocr_line' id='line_1_36' title="bbox 205 2061 1806 2134; baseline 0 -17"><span class='ocrx_word' id='word_1_252' title='bbox 205 2061 407 2132; x_wconf 81' lang='lat' dir='ltr'><strong>fuerit,</strong></span> <span class='ocrx_word' id='word_1_253' title='bbox 443 2063 536 2134; x_wconf 92' lang='lat' dir='ltr'><strong>qui</strong></span> <span class='ocrx_word' id='word_1_254' title='bbox 582 2063 845 2133; x_wconf 79' lang='lat' dir='ltr'><strong>impetum</strong></span> <span class='ocrx_word' id='word_1_255' title='bbox 876 2061 1162 2119; x_wconf 82' lang='lat' dir='ltr'><strong>Annibalis</strong></span> <span class='ocrx_word' id='word_1_256' title='bbox 1201 2061 1511 2118; x_wconf 90' lang='lat' dir='ltr'><strong>cunctando</strong></span> <span class='ocrx_word' id='word_1_257' title='bbox 1556 2061 1806 2117; x_wconf 88' lang='lat' dir='ltr'><strong>tardavit.</strong></span> 
     </span>
    </p>
   </div>
   <div class='ocr_carea' id='block_1_37' title="bbox 707 2174 1318 2249">
    <p class='ocr_par' dir='ltr' id='par_1_37' title="bbox 707 2174 1318 2249">
     <span class='ocr_line' id='line_1_37' title="bbox 707 2174 1318 2249; baseline 0.005 -18"><span class='ocrx_word' id='word_1_258' title='bbox 707 2175 870 2249; x_wconf 69' lang='lat'><strong>253</strong></span> <span class='ocrx_word' id='word_1_259' title='bbox 904 2174 1134 2234; x_wconf 84' lang='lat' dir='ltr'><strong>CAPUT</strong></span> <span class='ocrx_word' id='word_1_260' title='bbox 1173 2176 1318 2236; x_wconf 65' lang='grc' dir='ltr'>ιιι.</span> 
     </span>
    </p>
   </div>
   <div class='ocr_carea' id='block_1_38' title="bbox 210 2292 1812 2352">
    <p class='ocr_par' dir='ltr' id='par_1_38' title="bbox 210 2292 1812 2352">
     <span class='ocr_line' id='line_1_38' title="bbox 210 2292 1812 2352; baseline 0.002 -4"><span class='ocrx_word' id='word_1_261' title='bbox 210 2295 297 2348; x_wconf 84' lang='lat' dir='ltr'><strong>De</strong></span> <span class='ocrx_word' id='word_1_262' title='bbox 325 2293 617 2348; x_wconf 86' lang='lat' dir='ltr'><strong>miseranda</strong></span> <span class='ocrx_word' id='word_1_263' title='bbox 659 2292 1014 2348; x_wconf 86' lang='lat' dir='ltr'><strong>Romanorum</strong></span> <span class='ocrx_word' id='word_1_264' title='bbox 1045 2295 1193 2352; x_wconf 84' lang='lat' dir='ltr'><strong>clude</strong></span> <span class='ocrx_word' id='word_1_265' title='bbox 1221 2296 1290 2350; x_wconf 84' lang='lat' dir='ltr'><strong>ad</strong></span> <span class='ocrx_word' id='word_1_266' title='bbox 1319 2295 1568 2352; x_wconf 82' lang='lat' dir='ltr'><strong>Cannas:</strong></span> <span class='ocrx_word' id='word_1_267' title='bbox 1599 2296 1662 2352; x_wconf 87' lang='lat' dir='ltr'><strong>de</strong></span> <span class='ocrx_word' id='word_1_268' title='bbox 1691 2311 1812 2352; x_wconf 88' lang='lat' dir='ltr'><strong>con-</strong></span> 
     </span>
    </p>
   </div>
   <div class='ocr_carea' id='block_1_39' title="bbox 289 2364 1810 2438">
    <p class='ocr_par' dir='ltr' id='par_1_39' title="bbox 289 2364 1810 2438">
     <span class='ocr_line' id='line_1_39' title="bbox 289 2364 1810 2438; baseline 0.002 -19"><span class='ocrx_word' id='word_1_269' title='bbox 289 2365 409 2419; x_wconf 86' lang='lat' dir='ltr'><strong>silio</strong></span> <span class='ocrx_word' id='word_1_270' title='bbox 435 2364 761 2434; x_wconf 83' lang='lat' dir='ltr'><strong>relinquendi</strong></span> <span class='ocrx_word' id='word_1_271' title='bbox 783 2364 1018 2432; x_wconf 91' lang='lat' dir='ltr'><strong>Italiam,</strong></span> <span class='ocrx_word' id='word_1_272' title='bbox 1045 2369 1304 2438; x_wconf 73' lang='lat' dir='ltr'><strong>quomodo</strong></span> <span class='ocrx_word' id='word_1_273' title='bbox 1334 2368 1558 2423; x_wconf 86' lang='lat' dir='ltr'><strong>Romani</strong></span> <span class='ocrx_word' id='word_1_274' title='bbox 1582 2370 1810 2436; x_wconf 84' lang='lat' dir='ltr'><strong>respira-</strong></span> 
     </span>
    </p>
   </div>
   <div class='ocr_carea' id='block_1_40' title="bbox 286 2437 1805 2562">
    <p class='ocr_par' dir='ltr' id='par_1_40' title="bbox 286 2437 1805 2562">
     <span class='ocr_line' id='line_1_40' title="bbox 286 2437 1805 2562; baseline 0.005 -73"><span class='ocrx_word' id='word_1_275' title='bbox 286 2438 396 2562; x_wconf 60' lang='lat' dir='ltr'><strong>Iint</strong></span> <span class='ocrx_word' id='word_1_276' title='bbox 419 2481 434 2505; x_wconf 92' lang='lat'><strong>,</strong></span> <span class='ocrx_word' id='word_1_277' title='bbox 474 2439 858 2508; x_wconf 77' lang='lat' dir='ltr'><strong>exercitumque</strong></span> <span class='ocrx_word' id='word_1_278' title='bbox 887 2437 1203 2507; x_wconf 81' lang='lat' dir='ltr'><strong>reparariut.</strong></span> <span class='ocrx_word' id='word_1_279' title='bbox 1237 2437 1371 2494; x_wconf 87' lang='lat' dir='ltr'><strong>Item</strong></span> <span class='ocrx_word' id='word_1_280' title='bbox 1399 2439 1462 2494; x_wconf 84' lang='lat' dir='ltr'><strong>de</strong></span> <span class='ocrx_word' id='word_1_281' title='bbox 1492 2442 1648 2496; x_wconf 81' lang='lat' dir='ltr'><strong>variis</strong></span> <span class='ocrx_word' id='word_1_282' title='bbox 1676 2458 1805 2512; x_wconf 74' lang='lat' dir='ltr'><strong>pra:-</strong></span> 
     </span>
     <span class='ocr_line' id='line_1_41' title="bbox 309 2525 393 2562; baseline 0 -1"><span class='ocrx_word' id='word_1_283' title='bbox 309 2525 393 2562; x_wconf 78' lang='lat' dir='ltr'><strong>iis.</strong></span> 
     </span>
    </p>
   </div>
   <div class='ocr_carea' id='block_1_41' title="bbox 309 2525 393 2562">
    <p class='ocr_par' dir='ltr' id='par_1_41' title="bbox 309 2525 393 2562">
     <span class='ocr_line' id='line_1_42' title="bbox 309 2525 393 2562; baseline 0 -1"><span class='ocrx_word' id='word_1_284' title='bbox 309 2525 393 2562; x_wconf 75' lang='grc' dir='ltr'>ιιδ.</span> 
     </span>
    </p>
   </div>
   <div class='ocr_carea' id='block_1_42' title="bbox 289 2624 1809 2694">
    <p class='ocr_par' dir='ltr' id='par_1_42' title="bbox 289 2624 1809 2694">
     <span class='ocr_line' id='line_1_43' title="bbox 289 2624 1809 2694; baseline 0.005 -15"><span class='ocrx_word' id='word_1_285' title='bbox 289 2625 306 2657; x_wconf 86' lang='grc'>¹</span> <span class='ocrx_word' id='word_1_286' title='bbox 341 2624 499 2680; x_wconf 81' lang='lat' dir='ltr'><strong>Anno</strong></span> <span class='ocrx_word' id='word_1_287' title='bbox 527 2624 595 2680; x_wconf 91' lang='lat' dir='ltr'><strong>ab</strong></span> <span class='ocrx_word' id='word_1_288' title='bbox 627 2625 772 2682; x_wconf 90' lang='lat' dir='ltr'><strong>Urbe</strong></span> <span class='ocrx_word' id='word_1_289' title='bbox 810 2626 1026 2682; x_wconf 89' lang='lat' dir='ltr'><strong>condita</strong></span> <span class='ocrx_word' id='word_1_290' title='bbox 1058 2643 1184 2694; x_wconf 78' lang='lat' dir='ltr'><strong>nxL,</strong></span> <span class='ocrx_word' id='word_1_291' title='bbox 1228 2627 1288 2683; x_wconf 91' lang='lat' dir='ltr'><strong>L.</strong></span> <span class='ocrx_word' id='word_1_292' title='bbox 1331 2627 1586 2684; x_wconf 67' lang='lat' dir='ltr'><strong>IEmilius</strong></span> <span class='ocrx_word' id='word_1_293' title='bbox 1607 2628 1809 2687; x_wconf 87' lang='lat' dir='ltr'><strong>Paulus</strong></span> 
     </span>
    </p>
   </div>
   <div class='ocr_carea' id='block_1_43' title="bbox 205 2716 1805 2786">
    <p class='ocr_par' dir='ltr' id='par_1_43' title="bbox 205 2716 1805 2786">
     <span class='ocr_line' id='line_1_44' title="bbox 205 2716 1805 2786; baseline 0.003 -12"><span class='ocrx_word' id='word_1_294' title='bbox 205 2726 266 2774; x_wconf 86' lang='lat' dir='ltr'><strong>et</strong></span> <span class='ocrx_word' id='word_1_295' title='bbox 291 2716 361 2773; x_wconf 91' lang='lat' dir='ltr'><strong>C.</strong></span> <span class='ocrx_word' id='word_1_296' title='bbox 394 2717 680 2774; x_wconf 89' lang='lat' dir='ltr'><strong>Terentius</strong></span> <span class='ocrx_word' id='word_1_297' title='bbox 726 2718 896 2774; x_wconf 80' lang='lat' dir='ltr'><strong>Varro</strong></span> <span class='ocrx_word' id='word_1_298' title='bbox 935 2721 1185 2777; x_wconf 85' lang='lat' dir='ltr'><strong>consules</strong></span> <span class='ocrx_word' id='word_1_299' title='bbox 1206 2761 1221 2786; x_wconf 94' lang='lat'><strong>,</strong></span> <span class='ocrx_word' id='word_1_300' title='bbox 1263 2732 1452 2777; x_wconf 87' lang='lat' dir='ltr'><strong>contra</strong></span> <span class='ocrx_word' id='word_1_301' title='bbox 1482 2722 1805 2779; x_wconf 87' lang='lat' dir='ltr'><strong>Annibalem</strong></span> 
     </span>
    </p>
   </div>
   <div class='ocr_carea' id='block_1_44' title="bbox 210 2809 1808 2879">
    <p class='ocr_par' dir='ltr' id='par_1_44' title="bbox 210 2809 1808 2879">
     <span class='ocr_line' id='line_1_45' title="bbox 210 2809 1808 2879; baseline 0.002 -12"><span class='ocrx_word' id='word_1_302' title='bbox 210 2809 410 2876; x_wconf 85' lang='lat' dir='ltr'><strong>missi,</strong></span> <span class='ocrx_word' id='word_1_303' title='bbox 462 2811 797 2879; x_wconf 86' lang='lat' dir='ltr'><strong>impatientia</strong></span> <span class='ocrx_word' id='word_1_304' title='bbox 849 2811 1104 2869; x_wconf 81' lang='lat' dir='ltr'><strong>Varronis</strong></span> <span class='ocrx_word' id='word_1_305' title='bbox 1149 2813 1389 2869; x_wconf 89' lang='lat' dir='ltr'><strong>consulis</strong></span> <span class='ocrx_word' id='word_1_306' title='bbox 1436 2813 1808 2870; x_wconf 80' lang='lat' dir='ltr'><strong>infelicissima</strong></span> 
     </span>
    </p>
   </div>
   <div class='ocr_carea' id='block_1_45' title="bbox 207 2905 1807 2978">
    <p class='ocr_par' dir='ltr' id='par_1_45' title="bbox 207 2905 1807 2978">
     <span class='ocr_line' id='line_1_46' title="bbox 207 2905 1807 2978; baseline 0.002 -17"><span class='ocrx_word' id='word_1_307' title='bbox 207 2906 362 2975; x_wconf 89' lang='lat' dir='ltr'><strong>apud</strong></span> <span class='ocrx_word' id='word_1_308' title='bbox 391 2905 623 2973; x_wconf 88' lang='lat' dir='ltr'><strong>Cannas,</strong></span> <span class='ocrx_word' id='word_1_309' title='bbox 675 2907 884 2977; x_wconf 67' lang='lat' dir='ltr'><strong>Apuliae</strong></span> <span class='ocrx_word' id='word_1_310' title='bbox 915 2907 1116 2976; x_wconf 89' lang='lat' dir='ltr'><strong>vicum,</strong></span> <span class='ocrx_word' id='word_1_311' title='bbox 1148 2923 1288 2978; x_wconf 90' lang='lat' dir='ltr'><strong>pene</strong></span> <span class='ocrx_word' id='word_1_312' title='bbox 1327 2923 1515 2964; x_wconf 88' lang='lat' dir='ltr'><strong>omnes</strong></span> <span class='ocrx_word' id='word_1_313' title='bbox 1543 2907 1807 2964; x_wconf 69' lang='lat' dir='ltr'><strong>Romanas</strong></span> 
     </span>
    </p>
   </div>
   <div class='ocr_carea' id='block_1_46' title="bbox 209 2998 1805 3071">
    <p class='ocr_par' dir='ltr' id='par_1_46' title="bbox 209 2998 1805 3071">
     <span class='ocr_line' id='line_1_47' title="bbox 209 2998 1805 3071; baseline 0.001 -18"><span class='ocrx_word' id='word_1_314' title='bbox 209 2999 325 3068; x_wconf 76' lang='lat' dir='ltr'><strong>Spei</strong></span> <span class='ocrx_word' id='word_1_315' title='bbox 357 2998 502 3055; x_wconf 89' lang='lat' dir='ltr'><strong>vires</strong></span> <span class='ocrx_word' id='word_1_316' title='bbox 533 2998 909 3068; x_wconf 86' lang='lat' dir='ltr'><strong>perdiderunt.</strong></span> <span class='ocrx_word' id='word_1_317' title='bbox 943 3000 1076 3056; x_wconf 81' lang='lat' dir='ltr'><strong>Nam</strong></span> <span class='ocrx_word' id='word_1_318' title='bbox 1107 3001 1162 3056; x_wconf 89' lang='lat' dir='ltr'><strong>itt</strong></span> <span class='ocrx_word' id='word_1_319' title='bbox 1205 3015 1270 3056; x_wconf 91' lang='lat' dir='ltr'><strong>ea</strong></span> <span class='ocrx_word' id='word_1_320' title='bbox 1314 3014 1491 3071; x_wconf 89' lang='lat' dir='ltr'><strong>pugna</strong></span> <span class='ocrx_word' id='word_1_321' title='bbox 1519 3003 1539 3032; x_wconf 86' lang='grc'>²</span> <span class='ocrx_word' id='word_1_322' title='bbox 1568 2999 1805 3070; x_wconf 85' lang='lat' dir='ltr'><strong>quadra-</strong></span> 
     </span>
    </p>
   </div>
   <div class='ocr_carea' id='block_1_47' title="bbox 206 3090 1799 3162">
    <p class='ocr_par' dir='ltr' id='par_1_47' title="bbox 206 3090 1799 3162">
     <span class='ocr_line' id='line_1_48' title="bbox 206 3090 1799 3162; baseline 0.001 -18"><span class='ocrx_word' id='word_1_323' title='bbox 206 3090 358 3162; x_wconf 88' lang='lat' dir='ltr'><strong>ginta</strong></span> <span class='ocrx_word' id='word_1_324' title='bbox 403 3102 636 3160; x_wconf 88' lang='lat' dir='ltr'><strong>quatuor</strong></span> <span class='ocrx_word' id='word_1_325' title='bbox 689 3091 856 3146; x_wconf 78' lang='lat' dir='ltr'><strong>millia</strong></span> <span class='ocrx_word' id='word_1_326' title='bbox 912 3092 1283 3147; x_wconf 83' lang='lat' dir='ltr'><strong>Romanorttm</strong></span> <span class='ocrx_word' id='word_1_327' title='bbox 1337 3091 1622 3148; x_wconf 82' lang='lat' dir='ltr'><strong>interiecta</strong></span> <span class='ocrx_word' id='word_1_328' title='bbox 1653 3101 1799 3161; x_wconf 88' lang='lat' dir='ltr'><strong>sunt,</strong></span> 
     </span>
    </p>
   </div>
   <div class='ocr_carea' id='block_1_48' title="bbox 1899 1878 3517 1942">
    <p class='ocr_par' dir='ltr' id='par_1_48' title="bbox 1899 1878 3517 1942">
     <span class='ocr_line' id='line_1_49' title="bbox 1899 1878 3517 1942; baseline -0.001 -3"><span class='ocrx_word' id='word_1_329' title='bbox 1899 1883 2139 1939; x_wconf 59' lang='lat' dir='ltr'><strong>“Caecilio</strong></span> <span class='ocrx_word' id='word_1_330' title='bbox 2175 1881 2393 1938; x_wconf 81' lang='lat' dir='ltr'><strong>Metello</strong></span> <span class='ocrx_word' id='word_1_331' title='bbox 2414 1879 2796 1936; x_wconf 81' lang='lat' dir='ltr'><strong>conﬁrmatum</strong></span> <span class='ocrx_word' id='word_1_332' title='bbox 2825 1878 3020 1935; x_wconf 83' lang='lat' dir='ltr'><strong>luisset</strong></span> <span class='ocrx_word' id='word_1_333' title='bbox 3040 1918 3055 1942; x_wconf 89' lang='lat'><strong>,</strong></span> <span class='ocrx_word' id='word_1_334' title='bbox 3086 1879 3190 1935; x_wconf 90' lang='lat' dir='ltr'><strong>nisi</strong></span> <span class='ocrx_word' id='word_1_335' title='bbox 3220 1878 3517 1939; x_wconf 87' lang='lat' dir='ltr'><strong>Cornelius</strong></span> 
     </span>
    </p>
   </div>
   <div class='ocr_carea' id='block_1_49' title="bbox 1915 1971 3512 2047">
    <p class='ocr_par' dir='ltr' id='par_1_49' title="bbox 1915 1971 3512 2047">
     <span class='ocr_line' id='line_1_50' title="bbox 1915 1971 3512 2047; baseline -0.002 -15"><span class='ocrx_word' id='word_1_336' title='bbox 1915 1975 2101 2047; x_wconf 85' lang='lat' dir='ltr'><strong>Scipio</strong></span> <span class='ocrx_word' id='word_1_337' title='bbox 2145 1974 2393 2031; x_wconf 87' lang='lat' dir='ltr'><strong>tribunus</strong></span> <span class='ocrx_word' id='word_1_338' title='bbox 2438 1982 2564 2028; x_wconf 93' lang='lat' dir='ltr'><strong>tunc</strong></span> <span class='ocrx_word' id='word_1_339' title='bbox 2615 1971 2878 2038; x_wconf 89' lang='lat' dir='ltr'><strong>militum,</strong></span> <span class='ocrx_word' id='word_1_340' title='bbox 2925 1973 2945 2004; x_wconf 86' lang='grc'><strong>⁷</strong></span> <span class='ocrx_word' id='word_1_341' title='bbox 2997 1971 3139 2026; x_wconf 91' lang='lat' dir='ltr'><strong>idem</strong></span> <span class='ocrx_word' id='word_1_342' title='bbox 3191 1973 3280 2044; x_wconf 92' lang='lat' dir='ltr'><strong>qui</strong></span> <span class='ocrx_word' id='word_1_343' title='bbox 3321 1983 3512 2044; x_wconf 91' lang='lat' dir='ltr'><strong>postea</strong></span> 
     </span>
    </p>
   </div>
   <div class='ocr_carea' id='block_1_50' title="bbox 1915 2063 3508 2136">
    <p class='ocr_par' dir='ltr' id='par_1_50' title="bbox 1915 2063 3508 2136">
     <span class='ocr_line' id='line_1_51' title="bbox 1915 2063 3508 2136; baseline -0.002 -12"><span class='ocrx_word' id='word_1_344' title='bbox 1915 2064 2485 2132; x_wconf 86' lang='lat' dir='ltr'><strong>Africanus,districto</strong></span> <span class='ocrx_word' id='word_1_345' title='bbox 2511 2063 2691 2134; x_wconf 90' lang='lat' dir='ltr'><strong>gladio</strong></span> <span class='ocrx_word' id='word_1_346' title='bbox 2712 2063 3084 2130; x_wconf 87' lang='lat' dir='ltr'><strong>deterruisset,</strong></span> <span class='ocrx_word' id='word_1_347' title='bbox 3112 2079 3174 2119; x_wconf 88' lang='lat' dir='ltr'><strong>ac</strong></span> <span class='ocrx_word' id='word_1_348' title='bbox 3205 2065 3382 2134; x_wconf 89' lang='lat' dir='ltr'><strong>potius</strong></span> <span class='ocrx_word' id='word_1_349' title='bbox 3406 2081 3508 2136; x_wconf 91' lang='lat' dir='ltr'><strong>pro</strong></span> 
     </span>
    </p>
   </div>
   <div class='ocr_carea' id='block_1_51' title="bbox 1913 2155 3515 2233">
    <p class='ocr_par' dir='ltr' id='par_1_51' title="bbox 1913 2155 3515 2233">
     <span class='ocr_line' id='line_1_52' title="bbox 1913 2155 3515 2233; baseline 0 -19"><span class='ocrx_word' id='word_1_350' title='bbox 1913 2162 2101 2233; x_wconf 70' lang='lat' dir='ltr'><strong>patrias</strong></span> <span class='ocrx_word' id='word_1_351' title='bbox 2122 2159 2438 2216; x_wconf 86' lang='lat' dir='ltr'><strong>defensione</strong></span> <span class='ocrx_word' id='word_1_352' title='bbox 2466 2157 2518 2211; x_wconf 88' lang='lat' dir='ltr'><strong>itt</strong></span> <span class='ocrx_word' id='word_1_353' title='bbox 2547 2172 2646 2212; x_wconf 90' lang='lat' dir='ltr'><strong>sua</strong></span> <span class='ocrx_word' id='word_1_354' title='bbox 2674 2157 2836 2212; x_wconf 86' lang='lat' dir='ltr'><strong>verba</strong></span> <span class='ocrx_word' id='word_1_355' title='bbox 2859 2155 3048 2226; x_wconf 84' lang='lat' dir='ltr'><strong>jurare</strong></span> <span class='ocrx_word' id='word_1_356' title='bbox 3073 2158 3358 2228; x_wconf 88' lang='lat' dir='ltr'><strong>coegisset.</strong></span> <span class='ocrx_word' id='word_1_357' title='bbox 3387 2158 3515 2214; x_wconf 79' lang='lat' dir='ltr'><strong>Ro-</strong></span> 
     </span>
    </p>
   </div>
   <div class='ocr_carea' id='block_1_52' title="bbox 1913 2247 3501 2322">
    <p class='ocr_par' dir='ltr' id='par_1_52' title="bbox 1913 2247 3501 2322">
     <span class='ocr_line' id='line_1_53' title="bbox 1913 2247 3501 2322; baseline -0.004 -12"><span class='ocrx_word' id='word_1_358' title='bbox 1913 2254 2058 2311; x_wconf 88' lang='lat' dir='ltr'><strong>mani</strong></span> <span class='ocrx_word' id='word_1_359' title='bbox 2085 2252 2153 2308; x_wconf 90' lang='lat' dir='ltr'><strong>ad</strong></span> <span class='ocrx_word' id='word_1_360' title='bbox 2199 2266 2354 2322; x_wconf 88' lang='lat' dir='ltr'><strong>spem</strong></span> <span class='ocrx_word' id='word_1_361' title='bbox 2385 2250 2531 2317; x_wconf 69' lang='lat' dir='ltr'><strong>vitae,</strong></span> <span class='ocrx_word' id='word_1_362' title='bbox 2563 2247 2720 2319; x_wconf 89' lang='lat' dir='ltr'><strong>quasi</strong></span> <span class='ocrx_word' id='word_1_363' title='bbox 2744 2248 2813 2302; x_wconf 89' lang='lat' dir='ltr'><strong>ab</strong></span> <span class='ocrx_word' id='word_1_364' title='bbox 2840 2248 3027 2304; x_wconf 86' lang='lat' dir='ltr'><strong>inferis</strong></span> <span class='ocrx_word' id='word_1_365' title='bbox 3060 2249 3330 2315; x_wconf 77' lang='lat' dir='ltr'><strong>reSpirare</strong></span> <span class='ocrx_word' id='word_1_366' title='bbox 3359 2251 3501 2312; x_wconf 90' lang='lat' dir='ltr'><strong>ausi,</strong></span> 
     </span>
    </p>
   </div>
   <div class='ocr_carea' id='block_1_53' title="bbox 1913 2337 3506 2410">
    <p class='ocr_par' dir='ltr' id='par_1_53' title="bbox 1913 2337 3506 2410">
     <span class='ocr_line' id='line_1_54' title="bbox 1913 2337 3506 2410; baseline -0.006 -7"><span class='ocrx_word' id='word_1_367' title='bbox 1913 2350 1935 2383; x_wconf 82' lang='grc'><strong>⁸</strong></span> <span class='ocrx_word' id='word_1_368' title='bbox 1961 2347 2283 2402; x_wconf 88' lang='lat' dir='ltr'><strong>dictatorem</strong></span> <span class='ocrx_word' id='word_1_369' title='bbox 2323 2341 2607 2398; x_wconf 87' lang='lat' dir='ltr'><strong>Decimum</strong></span> <span class='ocrx_word' id='word_1_370' title='bbox 2639 2337 2858 2396; x_wconf 84' lang='lat' dir='ltr'><strong>Junium</strong></span> <span class='ocrx_word' id='word_1_371' title='bbox 2885 2347 3111 2395; x_wconf 89' lang='lat' dir='ltr'><strong>creant:</strong></span> <span class='ocrx_word' id='word_1_372' title='bbox 3137 2340 3229 2410; x_wconf 93' lang='lat' dir='ltr'><strong>qui</strong></span> <span class='ocrx_word' id='word_1_373' title='bbox 3248 2384 3263 2409; x_wconf 94' lang='lat'><strong>,</strong></span> <span class='ocrx_word' id='word_1_374' title='bbox 3289 2339 3506 2395; x_wconf 89' lang='lat' dir='ltr'><strong>delectu</strong></span> 
     </span>
    </p>
   </div>
   <div class='ocr_carea' id='block_1_54' title="bbox 1913 2433 3503 2502">
    <p class='ocr_par' dir='ltr' id='par_1_54' title="bbox 1913 2433 3503 2502">
     <span class='ocr_line' id='line_1_55' title="bbox 1913 2433 3503 2502; baseline -0.006 -5"><span class='ocrx_word' id='word_1_375' title='bbox 1913 2441 2102 2497; x_wconf 86' lang='lat' dir='ltr'><strong>habito</strong></span> <span class='ocrx_word' id='word_1_376' title='bbox 2131 2438 2201 2494; x_wconf 88' lang='lat' dir='ltr'><strong>ab</strong></span> <span class='ocrx_word' id='word_1_377' title='bbox 2229 2435 2389 2492; x_wconf 90' lang='lat' dir='ltr'><strong>annis</strong></span> <span class='ocrx_word' id='word_1_378' title='bbox 2417 2434 2610 2490; x_wconf 86' lang='lat' dir='ltr'><strong>decem</strong></span> <span class='ocrx_word' id='word_1_379' title='bbox 2649 2441 2703 2488; x_wconf 86' lang='lat' dir='ltr'><strong>et</strong></span> <span class='ocrx_word' id='word_1_380' title='bbox 2732 2442 2941 2502; x_wconf 86' lang='lat' dir='ltr'><strong>septem</strong></span> <span class='ocrx_word' id='word_1_381' title='bbox 2964 2473 2981 2500; x_wconf 94' lang='lat'><strong>,</strong></span> <span class='ocrx_word' id='word_1_382' title='bbox 3012 2433 3314 2489; x_wconf 79' lang='lat' dir='ltr'><strong>immatura:</strong></span> <span class='ocrx_word' id='word_1_383' title='bbox 3353 2433 3503 2489; x_wconf 89' lang='lat' dir='ltr'><strong>inor-</strong></span> 
     </span>
    </p>
   </div>
   <div class='ocr_carea' id='block_1_55' title="bbox 1910 2527 3510 2602">
    <p class='ocr_par' dir='ltr' id='par_1_55' title="bbox 1910 2527 3510 2602">
     <span class='ocr_line' id='line_1_56' title="bbox 1910 2527 3510 2602; baseline -0.004 -11"><span class='ocrx_word' id='word_1_384' title='bbox 1910 2535 2226 2602; x_wconf 85' lang='lat' dir='ltr'><strong>dinataeque</strong></span> <span class='ocrx_word' id='word_1_385' title='bbox 2250 2531 2457 2586; x_wconf 67' lang='lat' dir='ltr'><strong>militiai</strong></span> <span class='ocrx_word' id='word_1_386' title='bbox 2479 2539 2716 2600; x_wconf 89' lang='lat' dir='ltr'><strong>quatuor</strong></span> <span class='ocrx_word' id='word_1_387' title='bbox 2734 2527 2978 2598; x_wconf 86' lang='lat' dir='ltr'><strong>legiones</strong></span> <span class='ocrx_word' id='word_1_388' title='bbox 3001 2529 3363 2600; x_wconf 88' lang='lat' dir='ltr'><strong>undecunque</strong></span> <span class='ocrx_word' id='word_1_389' title='bbox 3384 2544 3510 2584; x_wconf 90' lang='lat' dir='ltr'><strong>con-</strong></span> 
     </span>
    </p>
   </div>
   <div class='ocr_carea' id='block_1_56' title="bbox 1912 2623 3509 2694">
    <p class='ocr_par' dir='ltr' id='par_1_56' title="bbox 1912 2623 3509 2694">
     <span class='ocr_line' id='line_1_57' title="bbox 1912 2623 3509 2694; baseline -0.003 -9"><span class='ocrx_word' id='word_1_390' title='bbox 1912 2628 2106 2685; x_wconf 87' lang='lat' dir='ltr'><strong>traxit.</strong></span> <span class='ocrx_word' id='word_1_391' title='bbox 2140 2627 2292 2681; x_wconf 88' lang='lat' dir='ltr'><strong>Tuuc</strong></span> <span class='ocrx_word' id='word_1_392' title='bbox 2319 2623 2483 2681; x_wconf 89' lang='lat' dir='ltr'><strong>etiam</strong></span> <span class='ocrx_word' id='word_1_393' title='bbox 2513 2637 2705 2679; x_wconf 89' lang='lat' dir='ltr'><strong>servos</strong></span> <span class='ocrx_word' id='word_1_394' title='bbox 2731 2623 2966 2694; x_wconf 84' lang='lat' dir='ltr'><strong>spectati</strong></span> <span class='ocrx_word' id='word_1_395' title='bbox 2989 2623 3208 2680; x_wconf 88' lang='lat' dir='ltr'><strong>roboris</strong></span> <span class='ocrx_word' id='word_1_396' title='bbox 3228 2638 3294 2680; x_wconf 88' lang='lat' dir='ltr'><strong>ac</strong></span> <span class='ocrx_word' id='word_1_397' title='bbox 3314 2625 3509 2680; x_wconf 87' lang='lat' dir='ltr'><strong>volun-</strong></span> 
     </span>
    </p>
   </div>
   <div class='ocr_carea' id='block_1_57' title="bbox 1911 2717 3508 2788">
    <p class='ocr_par' dir='ltr' id='par_1_57' title="bbox 1911 2717 3508 2788">
     <span class='ocr_line' id='line_1_58' title="bbox 1911 2717 3508 2788; baseline -0.002 -10"><span class='ocrx_word' id='word_1_398' title='bbox 1911 2723 2071 2786; x_wconf 91' lang='lat' dir='ltr'><strong>tatis,</strong></span> <span class='ocrx_word' id='word_1_399' title='bbox 2099 2725 2121 2756; x_wconf 82' lang='grc'><strong>⁹</strong></span> <span class='ocrx_word' id='word_1_400' title='bbox 2152 2719 2232 2776; x_wconf 85' lang='lat' dir='ltr'><strong>vel</strong></span> <span class='ocrx_word' id='word_1_401' title='bbox 2269 2718 2519 2783; x_wconf 87' lang='lat' dir='ltr'><strong>oblatos,</strong></span> <span class='ocrx_word' id='word_1_402' title='bbox 2566 2717 2655 2772; x_wconf 89' lang='lat' dir='ltr'><strong>vel</strong></span> <span class='ocrx_word' id='word_1_403' title='bbox 2678 2759 2693 2785; x_wconf 96' lang='lat'><strong>,</strong></span> <span class='ocrx_word' id='word_1_404' title='bbox 2735 2717 2782 2772; x_wconf 91' lang='lat' dir='ltr'><strong>si</strong></span> <span class='ocrx_word' id='word_1_405' title='bbox 2829 2718 2902 2772; x_wconf 89' lang='lat' dir='ltr'><strong>ita</strong></span> <span class='ocrx_word' id='word_1_406' title='bbox 2929 2732 3070 2788; x_wconf 91' lang='lat' dir='ltr'><strong>opus</strong></span> <span class='ocrx_word' id='word_1_407' title='bbox 3106 2717 3241 2787; x_wconf 83' lang='lat' dir='ltr'><strong>fuit,</strong></span> <span class='ocrx_word' id='word_1_408' title='bbox 3287 2719 3508 2784; x_wconf 87' lang='lat' dir='ltr'><strong>publico</strong></span> 
     </span>
    </p>
   </div>
   <div class='ocr_carea' id='block_1_58' title="bbox 1909 2809 3506 2888">
    <p class='ocr_par' dir='ltr' id='par_1_58' title="bbox 1909 2809 3506 2888">
     <span class='ocr_line' id='line_1_59' title="bbox 1909 2809 3506 2888; baseline -0.003 -16"><span class='ocrx_word' id='word_1_409' title='bbox 1909 2816 2089 2888; x_wconf 92' lang='lat' dir='ltr'><strong>pretio</strong></span> <span class='ocrx_word' id='word_1_410' title='bbox 2117 2821 2329 2883; x_wconf 90' lang='lat' dir='ltr'><strong>emptos</strong></span> <span class='ocrx_word' id='word_1_411' title='bbox 2351 2811 2453 2867; x_wconf 89' lang='lat' dir='ltr'><strong>sub</strong></span> <span class='ocrx_word' id='word_1_412' title='bbox 2476 2809 2634 2868; x_wconf 88' lang='lat' dir='ltr'><strong>titulo</strong></span> <span class='ocrx_word' id='word_1_413' title='bbox 2665 2809 2933 2866; x_wconf 89' lang='lat' dir='ltr'><strong>libertatis</strong></span> <span class='ocrx_word' id='word_1_414' title='bbox 2951 2851 2967 2878; x_wconf 94' lang='lat'><strong>,</strong></span> <span class='ocrx_word' id='word_1_415' title='bbox 2993 2821 3335 2869; x_wconf 88' lang='lat' dir='ltr'><strong>sacramento</strong></span> <span class='ocrx_word' id='word_1_416' title='bbox 3358 2813 3506 2868; x_wconf 89' lang='lat' dir='ltr'><strong>mili-</strong></span> 
     </span>
    </p>
   </div>
   <div class='ocr_carea' id='block_1_59' title="bbox 1911 2904 3509 2980">
    <p class='ocr_par' dir='ltr' id='par_1_59' title="bbox 1911 2904 3509 2980">
     <span class='ocr_line' id='line_1_60' title="bbox 1911 2904 3509 2980; baseline 0 -15"><span class='ocrx_word' id='word_1_417' title='bbox 1911 2911 2000 2965; x_wconf 76' lang='lat' dir='ltr'><strong>tize</strong></span> <span class='ocrx_word' id='word_1_418' title='bbox 2039 2908 2241 2980; x_wconf 86' lang='lat' dir='ltr'><strong>adegit.</strong></span> <span class='ocrx_word' id='word_1_419' title='bbox 2287 2908 2488 2974; x_wconf 87' lang='lat' dir='ltr'><strong>Arma,</strong></span> <span class='ocrx_word' id='word_1_420' title='bbox 2525 2919 2644 2975; x_wconf 73' lang='lat' dir='ltr'><strong>qua:</strong></span> <span class='ocrx_word' id='word_1_421' title='bbox 2688 2904 2948 2972; x_wconf 83' lang='lat' dir='ltr'><strong>deerant,</strong></span> <span class='ocrx_word' id='word_1_422' title='bbox 2993 2906 3212 2974; x_wconf 88' lang='lat' dir='ltr'><strong>templis</strong></span> <span class='ocrx_word' id='word_1_423' title='bbox 3249 2907 3509 2965; x_wconf 85' lang='lat' dir='ltr'><strong>detraxe-</strong></span> 
     </span>
    </p>
   </div>
   <div class='ocr_carea' id='block_1_60' title="bbox 1905 2996 3503 3069">
    <p class='ocr_par' dir='ltr' id='par_1_60' title="bbox 1905 2996 3503 3069">
     <span class='ocr_line' id='line_1_61' title="bbox 1905 2996 3503 3069; baseline -0.001 -11"><span class='ocrx_word' id='word_1_424' title='bbox 1905 3010 2068 3068; x_wconf 92' lang='lat' dir='ltr'><strong>runt,</strong></span> <span class='ocrx_word' id='word_1_425' title='bbox 2097 2999 2280 3069; x_wconf 83' lang='lat' dir='ltr'><strong>egenti</strong></span> <span class='ocrx_word' id='word_1_426' title='bbox 2324 2997 2520 3054; x_wconf 65' lang='lat' dir='ltr'><strong>aerario</strong></span> <span class='ocrx_word' id='word_1_427' title='bbox 2557 2996 2782 3066; x_wconf 67' lang='lat' dir='ltr'><strong>privatae</strong></span> <span class='ocrx_word' id='word_1_428' title='bbox 2825 3012 2961 3068; x_wconf 88' lang='lat' dir='ltr'><strong>opes</strong></span> <span class='ocrx_word' id='word_1_429' title='bbox 3001 2998 3203 3055; x_wconf 62' lang='lat' dir='ltr'><strong>refusas</strong></span> <span class='ocrx_word' id='word_1_430' title='bbox 3241 3010 3389 3056; x_wconf 86' lang='lat' dir='ltr'><strong>sunt.</strong></span> <span class='ocrx_word' id='word_1_431' title='bbox 3427 3001 3503 3057; x_wconf 88' lang='lat' dir='ltr'><strong>lta</strong></span> 
     </span>
    </p>
   </div>
   <div class='ocr_carea' id='block_1_61' title="bbox 1907 3089 3506 3166">
    <p class='ocr_par' dir='ltr' id='par_1_61' title="bbox 1907 3089 3506 3166">
     <span class='ocr_line' id='line_1_62' title="bbox 1907 3089 3506 3166; baseline -0.003 -16"><span class='ocrx_word' id='word_1_432' title='bbox 1907 3101 2162 3166; x_wconf 88' lang='lat' dir='ltr'><strong>equester</strong></span> <span class='ocrx_word' id='word_1_433' title='bbox 2183 3089 2344 3158; x_wconf 91' lang='lat' dir='ltr'><strong>ordo,</strong></span> <span class='ocrx_word' id='word_1_434' title='bbox 2376 3090 2446 3144; x_wconf 87' lang='lat' dir='ltr'><strong>ita</strong></span> <span class='ocrx_word' id='word_1_435' title='bbox 2476 3089 2630 3156; x_wconf 81' lang='lat' dir='ltr'><strong>plebs</strong></span> <span class='ocrx_word' id='word_1_436' title='bbox 2660 3089 2871 3158; x_wconf 87' lang='lat' dir='ltr'><strong>trepida</strong></span> <span class='ocrx_word' id='word_1_437' title='bbox 2909 3089 3076 3144; x_wconf 87' lang='lat' dir='ltr'><strong>oblita</strong></span> <span class='ocrx_word' id='word_1_438' title='bbox 3107 3089 3413 3146; x_wconf 89' lang='lat' dir='ltr'><strong>studiorum</strong></span> <span class='ocrx_word' id='word_1_439' title='bbox 3461 3093 3506 3124; x_wconf 75' lang='grc' dir='ltr'>ιο</span> 
     </span>
    </p>
   </div>
   <div class='ocr_carea' id='block_1_62' title="bbox 208 3167 3501 3256">
    <p class='ocr_par' dir='ltr' id='par_1_62' title="bbox 208 3167 3501 3256">
     <span class='ocr_line' id='line_1_63' title="bbox 208 3167 3501 3256; baseline 0 -18"><span class='ocrx_word' id='word_1_440' title='bbox 208 3198 539 3254; x_wconf 87' lang='lat' dir='ltr'><strong>quamquam</strong></span> <span class='ocrx_word' id='word_1_441' title='bbox 589 3191 645 3238; x_wconf 91' lang='lat' dir='ltr'><strong>et</strong></span> <span class='ocrx_word' id='word_1_442' title='bbox 690 3182 759 3238; x_wconf 90' lang='lat' dir='ltr'><strong>de</strong></span> <span class='ocrx_word' id='word_1_443' title='bbox 805 3184 1048 3239; x_wconf 89' lang='lat' dir='ltr'><strong>exercitu</strong></span> <span class='ocrx_word' id='word_1_444' title='bbox 1095 3183 1379 3240; x_wconf 87' lang='lat' dir='ltr'><strong>Annibalis</strong></span> <span class='ocrx_word' id='word_1_445' title='bbox 1429 3192 1625 3256; x_wconf 81' lang='lat' dir='ltr'><strong>magna</strong></span> <span class='ocrx_word' id='word_1_446' title='bbox 1675 3167 1871 3254; x_wconf 80' lang='lat' dir='ltr'><strong>parsC</strong></span> <span class='ocrx_word' id='word_1_447' title='bbox 1906 3185 1958 3242; x_wconf 89' lang='lat' dir='ltr'><strong>iu</strong></span> <span class='ocrx_word' id='word_1_448' title='bbox 2004 3196 2296 3240; x_wconf 87' lang='lat' dir='ltr'><strong>commune</strong></span> <span class='ocrx_word' id='word_1_449' title='bbox 2335 3181 2632 3236; x_wconf 90' lang='lat' dir='ltr'><strong>consuluit.</strong></span> <span class='ocrx_word' id='word_1_450' title='bbox 2688 3181 2883 3236; x_wconf 83' lang='lat' dir='ltr'><strong>Junius</strong></span> <span class='ocrx_word' id='word_1_451' title='bbox 2926 3196 3146 3253; x_wconf 89' lang='lat' dir='ltr'><strong>quoque</strong></span> <span class='ocrx_word' id='word_1_452' title='bbox 3189 3182 3424 3239; x_wconf 88' lang='lat' dir='ltr'><strong>dictator</strong></span> <span class='ocrx_word' id='word_1_453' title='bbox 3461 3186 3501 3216; x_wconf 82' lang='lat'>&quot;</span> 
     </span>
    </p>
   </div>
   <div class='ocr_carea' id='block_1_63' title="bbox 203 3275 1802 3334">
    <p class='ocr_par' dir='ltr' id='par_1_63' title="bbox 203 3275 1802 3334">
     <span class='ocr_line' id='line_1_64' title="bbox 203 3275 1802 3334; baseline 0.001 -4"><span class='ocrx_word' id='word_1_454' title='bbox 203 3289 349 3332; x_wconf 70' lang='lat' dir='ltr'><strong>etesa</strong></span> <span class='ocrx_word' id='word_1_455' title='bbox 380 3283 501 3333; x_wconf 89' lang='lat' dir='ltr'><strong>est:</strong></span> <span class='ocrx_word' id='word_1_456' title='bbox 532 3275 685 3332; x_wconf 87' lang='lat' dir='ltr'><strong>nullo</strong></span> <span class='ocrx_word' id='word_1_457' title='bbox 729 3279 908 3332; x_wconf 87' lang='lat' dir='ltr'><strong>tamen</strong></span> <span class='ocrx_word' id='word_1_458' title='bbox 957 3277 1159 3334; x_wconf 91' lang='lat' dir='ltr'><strong>Punico</strong></span> <span class='ocrx_word' id='word_1_459' title='bbox 1201 3275 1348 3334; x_wconf 89' lang='lat' dir='ltr'><strong>bello</strong></span> <span class='ocrx_word' id='word_1_460' title='bbox 1394 3277 1619 3334; x_wconf 76' lang='lat' dir='ltr'><strong>Romani</strong></span> <span class='ocrx_word' id='word_1_461' title='bbox 1661 3277 1802 3334; x_wconf 86' lang='lat' dir='ltr'><strong>adeo</strong></span> 
     </span>
    </p>
   </div>
   <div class='ocr_carea' id='block_1_64' title="bbox 1902 3275 3504 3350">
    <p class='ocr_par' dir='ltr' id='par_1_64' title="bbox 1902 3275 3504 3350">
     <span class='ocr_line' id='line_1_65' title="bbox 1902 3275 3504 3350; baseline -0.001 -15"><span class='ocrx_word' id='word_1_462' title='bbox 1902 3281 2188 3349; x_wconf 88' lang='lat' dir='ltr'><strong>antiquum</strong></span> <span class='ocrx_word' id='word_1_463' title='bbox 2209 3276 2474 3332; x_wconf 67' lang='lat' dir='ltr'><strong>Romanas</strong></span> <span class='ocrx_word' id='word_1_464' title='bbox 2491 3275 2728 3332; x_wconf 64' lang='lat' dir='ltr'><strong>miserias</strong></span> <span class='ocrx_word' id='word_1_465' title='bbox 2750 3275 2950 3331; x_wconf 80' lang='lat' dir='ltr'><strong>factum</strong></span> <span class='ocrx_word' id='word_1_466' title='bbox 2966 3276 3236 3346; x_wconf 80' lang='lat' dir='ltr'><strong>recolens,</strong></span> <span class='ocrx_word' id='word_1_467' title='bbox 3261 3292 3360 3350; x_wconf 87' lang='lat' dir='ltr'><strong>pro</strong></span> <span class='ocrx_word' id='word_1_468' title='bbox 3375 3292 3504 3350; x_wconf 86' lang='lat' dir='ltr'><strong>sup-</strong></span> 
     </span>
    </p>
   </div>
   <div class='ocr_carea' id='block_1_65' title="bbox 1486 3413 2206 3473">
    <p class='ocr_par' dir='ltr' id='par_1_65' title="bbox 1486 3413 2206 3473">
     <span class='ocr_line' id='line_1_66' title="bbox 1486 3413 2206 3473; baseline -0.001 -3"><span class='ocrx_word' id='word_1_469' title='bbox 1486 3413 1939 3473; x_wconf 75' lang='lat' dir='ltr'><strong>HAVEBCAMPI</strong></span> <span class='ocrx_word' id='word_1_470' title='bbox 1980 3414 2206 3471; x_wconf 68' lang='lat' dir='ltr'><strong>NOTE.</strong></span> 
     </span>
    </p>
   </div>
   <div class='ocr_carea' id='block_1_66' title="bbox 202 3527 1796 3600">
    <p class='ocr_par' dir='ltr' id='par_1_66' title="bbox 202 3527 1796 3600">
     <span class='ocr_line' id='line_1_67' title="bbox 202 3527 1796 3600; baseline 0.001 -18"><span class='ocrx_word' id='word_1_471' title='bbox 202 3535 358 3600; x_wconf 78' lang='lat' dir='ltr'><strong>stans</strong></span> <span class='ocrx_word' id='word_1_472' title='bbox 383 3535 469 3584; x_wconf 87' lang='lat' dir='ltr'><strong>est</strong></span> <span class='ocrx_word' id='word_1_473' title='bbox 492 3527 676 3594; x_wconf 88' lang='lat' dir='ltr'><strong>lectio,</strong></span> <span class='ocrx_word' id='word_1_474' title='bbox 697 3545 798 3600; x_wconf 87' lang='lat' dir='ltr'><strong>quo</strong></span> <span class='ocrx_word' id='word_1_475' title='bbox 809 3529 926 3599; x_wconf 86' lang='lat' dir='ltr'><strong>jam</strong></span> <span class='ocrx_word' id='word_1_476' title='bbox 952 3528 1148 3584; x_wconf 84' lang='lat' dir='ltr'><strong>dudum</strong></span> <span class='ocrx_word' id='word_1_477' title='bbox 1171 3544 1308 3600; x_wconf 67' lang='lat' dir='ltr'><strong>inger</strong></span> <span class='ocrx_word' id='word_1_478' title='bbox 1335 3537 1467 3600; x_wconf 84' lang='lat' dir='ltr'><strong>erat,</strong></span> <span class='ocrx_word' id='word_1_479' title='bbox 1497 3538 1554 3588; x_wconf 90' lang='lat' dir='ltr'><strong>ut</strong></span> <span class='ocrx_word' id='word_1_480' title='bbox 1577 3540 1633 3584; x_wconf 87' lang='lat' dir='ltr'><strong>et</strong></span> <span class='ocrx_word' id='word_1_481' title='bbox 1664 3527 1796 3585; x_wconf 86' lang='lat' dir='ltr'><strong>Vin-</strong></span> 
     </span>
    </p>
   </div>
   <div class='ocr_carea' id='block_1_67' title="bbox 204 3597 1791 3670">
    <p class='ocr_par' dir='ltr' id='par_1_67' title="bbox 204 3597 1791 3670">
     <span class='ocr_line' id='line_1_68' title="bbox 204 3597 1791 3670; baseline 0.001 -16"><span class='ocrx_word' id='word_1_482' title='bbox 204 3597 372 3655; x_wconf 90' lang='lat' dir='ltr'><strong>centii</strong></span> <span class='ocrx_word' id='word_1_483' title='bbox 401 3600 611 3655; x_wconf 90' lang='lat' dir='ltr'><strong>Bellov.</strong></span> <span class='ocrx_word' id='word_1_484' title='bbox 643 3597 734 3670; x_wconf 77' lang='lat' dir='ltr'><strong>qui</strong></span> <span class='ocrx_word' id='word_1_485' title='bbox 765 3597 987 3669; x_wconf 86' lang='lat' dir='ltr'><strong>insuper</strong></span> <span class='ocrx_word' id='word_1_486' title='bbox 1035 3597 1406 3664; x_wconf 51' lang='lat' dir='ltr'><strong>tamen&#39;addit,</strong></span> <span class='ocrx_word' id='word_1_487' title='bbox 1453 3599 1662 3670; x_wconf 71' lang='lat' dir='ltr'><strong>legens,</strong></span> <span class='ocrx_word' id='word_1_488' title='bbox 1709 3611 1791 3655; x_wconf 82' lang='lat' dir='ltr'><strong>ta-</strong></span> 
     </span>
    </p>
   </div>
   <div class='ocr_carea' id='block_1_68' title="bbox 203 3670 1682 3744">
    <p class='ocr_par' dir='ltr' id='par_1_68' title="bbox 203 3670 1682 3744">
     <span class='ocr_line' id='line_1_69' title="bbox 203 3670 1682 3744; baseline 0 -20"><span class='ocrx_word' id='word_1_489' title='bbox 203 3687 320 3744; x_wconf 59' lang='lat' dir='ltr'><strong>meri</strong></span> <span class='ocrx_word' id='word_1_490' title='bbox 348 3673 579 3744; x_wconf 65' lang='lat' dir='ltr'><strong>oculum,</strong></span> <span class='ocrx_word' id='word_1_491' title='bbox 598 3680 706 3726; x_wconf 88' lang='lat' dir='ltr'><strong>etc.</strong></span> <span class='ocrx_word' id='word_1_492' title='bbox 735 3672 962 3744; x_wconf 66' lang='lat' dir='ltr'><strong>Frustra</strong></span> <span class='ocrx_word' id='word_1_493' title='bbox 983 3673 1144 3741; x_wconf 84' lang='lat' dir='ltr'><strong>igitur</strong></span> <span class='ocrx_word' id='word_1_494' title='bbox 1167 3670 1298 3744; x_wconf 89' lang='lat' dir='ltr'><strong>editi</strong></span> <span class='ocrx_word' id='word_1_495' title='bbox 1324 3681 1682 3744; x_wconf 69' lang='lat' dir='ltr'><strong>(egrotaret-at.</strong></span> 
     </span>
    </p>
   </div>
   <div class='ocr_carea' id='block_1_69' title="bbox 272 3741 1790 3814">
    <p class='ocr_par' dir='ltr' id='par_1_69' title="bbox 272 3741 1790 3814">
     <span class='ocr_line' id='line_1_70' title="bbox 272 3741 1790 3814; baseline 0.001 -18"><span class='ocrx_word' id='word_1_496' title='bbox 272 3741 331 3814; x_wconf 74' lang='grc'>8.</span> <span class='ocrx_word' id='word_1_497' title='bbox 373 3742 504 3797; x_wconf 71' lang='lat' dir='ltr'><strong>Ha’c</strong></span> <span class='ocrx_word' id='word_1_498' title='bbox 533 3760 706 3814; x_wconf 85' lang='lat' dir='ltr'><strong>pugna</strong></span> <span class='ocrx_word' id='word_1_499' title='bbox 742 3743 810 3797; x_wconf 83' lang='lat' dir='ltr'><strong>ad</strong></span> <span class='ocrx_word' id='word_1_500' title='bbox 842 3742 1199 3798; x_wconf 80' lang='lat' dir='ltr'><strong>Trasimenum</strong></span> <span class='ocrx_word' id='word_1_501' title='bbox 1235 3741 1427 3796; x_wconf 79' lang='lat' dir='ltr'><strong>locum.</strong></span> <span class='ocrx_word' id='word_1_502' title='bbox 1457 3743 1612 3806; x_wconf 86' lang='lat' dir='ltr'><strong>Apud</strong></span> <span class='ocrx_word' id='word_1_503' title='bbox 1661 3742 1790 3798; x_wconf 80' lang='lat' dir='ltr'><strong>Plu-</strong></span> 
     </span>
    </p>
   </div>
   <div class='ocr_carea' id='block_1_70' title="bbox 202 3813 1791 3889">
    <p class='ocr_par' dir='ltr' id='par_1_70' title="bbox 202 3813 1791 3889">
     <span class='ocr_line' id='line_1_71' title="bbox 202 3813 1791 3889; baseline 0.004 -25"><span class='ocrx_word' id='word_1_504' title='bbox 202 3813 352 3867; x_wconf 84' lang='lat' dir='ltr'><strong>tarch</strong></span> <span class='ocrx_word' id='word_1_505' title='bbox 418 3814 481 3889; x_wconf 17' lang='lat' dir='ltr'><strong>Aitt</strong></span> <span class='ocrx_word' id='word_1_506' title='bbox 506 3813 702 3889; x_wconf 57' lang='grc' dir='ltr'><strong>ΔΙῗειιιίο</strong></span> <span class='ocrx_word' id='word_1_507' title='bbox 727 3815 1010 3889; x_wconf 68' lang='lat' dir='ltr'><strong>_tnf&#39;tttiose</strong></span> <span class='ocrx_word' id='word_1_508' title='bbox 1051 3822 1157 3876; x_wconf 87' lang='lat' dir='ltr'><strong>est,</strong></span> <span class='ocrx_word' id='word_1_509' title='bbox 1201 3817 1323 3889; x_wconf 74' lang='grc' dir='ltr'><strong>περὶ</strong></span> <span class='ocrx_word' id='word_1_510' title='bbox 1350 3819 1440 3889; x_wconf 67' lang='grc' dir='ltr'><strong>τήν</strong></span> <span class='ocrx_word' id='word_1_511' title='bbox 1483 3815 1791 3887; x_wconf 79' lang='grc' dir='ltr'><strong>καλουμένην</strong></span> 
     </span>
    </p>
   </div>
   <div class='ocr_carea' id='block_1_71' title="bbox 201 3885 1790 3957">
    <p class='ocr_par' dir='ltr' id='par_1_71' title="bbox 201 3885 1790 3957">
     <span class='ocr_line' id='line_1_72' title="bbox 201 3885 1790 3957; baseline 0.001 -19"><span class='ocrx_word' id='word_1_512' title='bbox 201 3887 485 3957; x_wconf 59' lang='grc' dir='ltr'><strong>ρραᾳυνίαυ</strong></span> <span class='ocrx_word' id='word_1_513' title='bbox 505 3886 712 3957; x_wconf 38' lang='grc' dir='ltr'><strong>λίμνην.</strong></span> <span class='ocrx_word' id='word_1_514' title='bbox 727 3885 999 3956; x_wconf 73' lang='lat' dir='ltr'><strong>PolybiUS,</strong></span> <span class='ocrx_word' id='word_1_515' title='bbox 1023 3891 1116 3957; x_wconf 60' lang='grc' dir='ltr'><strong>τήν</strong></span> <span class='ocrx_word' id='word_1_516' title='bbox 1135 3885 1388 3957; x_wconf 71' lang='grc' dir='ltr'><strong>Τεαμξένην</strong></span> <span class='ocrx_word' id='word_1_517' title='bbox 1407 3887 1583 3957; x_wconf 54' lang='lat' dir='ltr'><strong>illam!</strong></span> <span class='ocrx_word' id='word_1_518' title='bbox 1611 3885 1790 3940; x_wconf 73' lang='lat' dir='ltr'><strong>vacat.</strong></span> 
     </span>
    </p>
   </div>
   <div class='ocr_carea' id='block_1_72' title="bbox 199 3953 1712 4018">
    <p class='ocr_par' dir='ltr' id='par_1_72' title="bbox 199 3953 1712 4018">
     <span class='ocr_line' id='line_1_73' title="bbox 199 3953 1712 4018; baseline 0.001 -10"><span class='ocrx_word' id='word_1_519' title='bbox 199 3953 278 4008; x_wconf 82' lang='grc' dir='ltr'><strong>Τίι</strong></span> <span class='ocrx_word' id='word_1_520' title='bbox 315 3955 434 4018; x_wconf 78' lang='lat' dir='ltr'><strong>lege</strong></span> <span class='ocrx_word' id='word_1_521' title='bbox 457 3953 650 4010; x_wconf 80' lang='lat' dir='ltr'><strong>Silium</strong></span> <span class='ocrx_word' id='word_1_522' title='bbox 683 3953 879 4011; x_wconf 31' lang='lat' dir='ltr'><strong>libro’v</strong></span> <span class='ocrx_word' id='word_1_523' title='bbox 910 3966 963 4010; x_wconf 89' lang='lat' dir='ltr'><strong>et</strong></span> <span class='ocrx_word' id='word_1_524' title='bbox 995 3953 1272 4011; x_wconf 85' lang='lat' dir='ltr'><strong>Valerium</strong></span> <span class='ocrx_word' id='word_1_525' title='bbox 1307 3953 1509 4010; x_wconf 54' lang='lat' dir='ltr'><strong>libro&#39;t.</strong></span> <span class='ocrx_word' id='word_1_526' title='bbox 1547 3955 1712 4011; x_wconf 73' lang='lat' dir='ltr'><strong>Fann.</strong></span> 
     </span>
    </p>
   </div>
   <div class='ocr_carea' id='block_1_73' title="bbox 266 4025 1790 4099">
    <p class='ocr_par' dir='ltr' id='par_1_73' title="bbox 266 4025 1790 4099">
     <span class='ocr_line' id='line_1_74' title="bbox 266 4025 1790 4099; baseline 0.001 -18"><span class='ocrx_word' id='word_1_527' title='bbox 266 4027 322 4081; x_wconf 91' lang='lat'><strong>9.</strong></span> <span class='ocrx_word' id='word_1_528' title='bbox 340 4025 531 4099; x_wconf 62' lang='grc' dir='ltr'><strong>ῑζὶςιίηιὶ</strong></span> <span class='ocrx_word' id='word_1_529' title='bbox 547 4028 769 4099; x_wconf 78' lang='lat' dir='ltr'><strong>quinque</strong></span> <span class='ocrx_word' id='word_1_530' title='bbox 787 4027 952 4082; x_wconf 81' lang='lat' dir='ltr'><strong>millia</strong></span> <span class='ocrx_word' id='word_1_531' title='bbox 979 4026 1131 4081; x_wconf 86' lang='lat' dir='ltr'><strong>Rom.</strong></span> <span class='ocrx_word' id='word_1_532' title='bbox 1153 4027 1208 4082; x_wconf 91' lang='lat' dir='ltr'><strong>lu</strong></span> <span class='ocrx_word' id='word_1_533' title='bbox 1236 4043 1407 4097; x_wconf 86' lang='lat' dir='ltr'><strong>pugna</strong></span> <span class='ocrx_word' id='word_1_534' title='bbox 1429 4027 1493 4081; x_wconf 89' lang='lat' dir='ltr'><strong>ad</strong></span> <span class='ocrx_word' id='word_1_535' title='bbox 1515 4027 1790 4099; x_wconf 77' lang='lat' dir='ltr'><strong>Trasuue-</strong></span> 
     </span>
    </p>
   </div>
   <div class='ocr_carea' id='block_1_74' title="bbox 197 4096 1788 4163">
    <p class='ocr_par' dir='ltr' id='par_1_74' title="bbox 197 4096 1788 4163">
     <span class='ocr_line' id='line_1_75' title="bbox 197 4096 1788 4163; baseline 0.003 -15"><span class='ocrx_word' id='word_1_536' title='bbox 197 4111 324 4149; x_wconf 90' lang='lat' dir='ltr'><strong>num</strong></span> <span class='ocrx_word' id='word_1_537' title='bbox 353 4096 716 4152; x_wconf 83' lang='lat' dir='ltr'><strong>Romanorum</strong></span> <span class='ocrx_word' id='word_1_538' title='bbox 755 4100 921 4153; x_wconf 88' lang='lat' dir='ltr'><strong>millia</strong></span> <span class='ocrx_word' id='word_1_539' title='bbox 954 4114 1058 4152; x_wconf 87' lang='lat' dir='ltr'><strong>xxv</strong></span> <span class='ocrx_word' id='word_1_540' title='bbox 1090 4114 1260 4163; x_wconf 69' lang='lat' dir='ltr'><strong>cazsa,</strong></span> <span class='ocrx_word' id='word_1_541' title='bbox 1285 4096 1331 4152; x_wconf 88' lang='lat' dir='ltr'><strong>et</strong></span> <span class='ocrx_word' id='word_1_542' title='bbox 1365 4107 1594 4153; x_wconf 73' lang='lat' dir='ltr'><strong>cmteros</strong></span> <span class='ocrx_word' id='word_1_543' title='bbox 1629 4097 1788 4153; x_wconf 74' lang='lat' dir='ltr'><strong>dill&#39;u-</strong></span> 
     </span>
    </p>
   </div>
   <div class='ocr_carea' id='block_1_75' title="bbox 193 4167 1785 4240">
    <p class='ocr_par' dir='ltr' id='par_1_75' title="bbox 193 4167 1785 4240">
     <span class='ocr_line' id='line_1_76' title="bbox 193 4167 1785 4240; baseline 0.001 -16"><span class='ocrx_word' id='word_1_544' title='bbox 193 4167 340 4236; x_wconf 77' lang='lat' dir='ltr'><strong>gisse</strong></span> <span class='ocrx_word' id='word_1_545' title='bbox 361 4169 552 4224; x_wconf 87' lang='lat' dir='ltr'><strong>scribit</strong></span> <span class='ocrx_word' id='word_1_546' title='bbox 577 4170 904 4236; x_wconf 85' lang='lat' dir='ltr'><strong>Eutrapius:</strong></span> <span class='ocrx_word' id='word_1_547' title='bbox 932 4169 1191 4240; x_wconf 88' lang='lat' dir='ltr'><strong>Polybius</strong></span> <span class='ocrx_word' id='word_1_548' title='bbox 1217 4181 1270 4224; x_wconf 94' lang='lat' dir='ltr'><strong>et</strong></span> <span class='ocrx_word' id='word_1_549' title='bbox 1291 4169 1496 4234; x_wconf 88' lang='lat' dir='ltr'><strong>Livius,</strong></span> <span class='ocrx_word' id='word_1_550' title='bbox 1526 4187 1591 4224; x_wconf 83' lang='lat' dir='ltr'><strong>xv</strong></span> <span class='ocrx_word' id='word_1_551' title='bbox 1616 4171 1785 4225; x_wconf 85' lang='lat' dir='ltr'><strong>millia</strong></span> 
     </span>
    </p>
   </div>
   <div class='ocr_carea' id='block_1_76' title="bbox 193 4240 1782 4307">
    <p class='ocr_par' dir='ltr' id='par_1_76' title="bbox 193 4240 1782 4307">
     <span class='ocr_line' id='line_1_77' title="bbox 193 4240 1782 4307; baseline 0.002 -14"><span class='ocrx_word' id='word_1_552' title='bbox 193 4252 366 4304; x_wconf 68' lang='lat' dir='ltr'><strong>caesa,</strong></span> <span class='ocrx_word' id='word_1_553' title='bbox 397 4248 452 4294; x_wconf 90' lang='lat' dir='ltr'><strong>et</strong></span> <span class='ocrx_word' id='word_1_554' title='bbox 481 4253 575 4294; x_wconf 87' lang='lat' dir='ltr'><strong>sex</strong></span> <span class='ocrx_word' id='word_1_555' title='bbox 606 4240 659 4294; x_wconf 91' lang='lat' dir='ltr'><strong>in</strong></span> <span class='ocrx_word' id='word_1_556' title='bbox 683 4240 1013 4296; x_wconf 80' lang='lat' dir='ltr'><strong>Maharbalis</strong></span> <span class='ocrx_word' id='word_1_557' title='bbox 1043 4250 1364 4307; x_wconf 87' lang='lat' dir='ltr'><strong>potestatem</strong></span> <span class='ocrx_word' id='word_1_558' title='bbox 1394 4242 1614 4297; x_wconf 90' lang='lat' dir='ltr'><strong>venisse</strong></span> <span class='ocrx_word' id='word_1_559' title='bbox 1641 4241 1782 4296; x_wconf 54' lang='lat' dir='ltr'><strong>refe.</strong></span> 
     </span>
    </p>
   </div>
   <div class='ocr_carea' id='block_1_77' title="bbox 194 4311 1782 4379">
    <p class='ocr_par' dir='ltr' id='par_1_77' title="bbox 194 4311 1782 4379">
     <span class='ocr_line' id='line_1_78' title="bbox 194 4311 1782 4379; baseline 0.006 -20"><span class='ocrx_word' id='word_1_560' title='bbox 194 4319 356 4363; x_wconf 87' lang='lat' dir='ltr'><strong>runt:</strong></span> <span class='ocrx_word' id='word_1_561' title='bbox 389 4311 664 4379; x_wconf 88' lang='lat' dir='ltr'><strong>Appiantts</strong></span> <span class='ocrx_word' id='word_1_562' title='bbox 692 4312 874 4376; x_wconf 86' lang='lat' dir='ltr'><strong>tradit,</strong></span> <span class='ocrx_word' id='word_1_563' title='bbox 907 4329 977 4366; x_wconf 87' lang='lat' dir='ltr'><strong>xx</strong></span> <span class='ocrx_word' id='word_1_564' title='bbox 1009 4312 1176 4365; x_wconf 91' lang='lat' dir='ltr'><strong>millia</strong></span> <span class='ocrx_word' id='word_1_565' title='bbox 1200 4327 1321 4366; x_wconf 91' lang='lat' dir='ltr'><strong>cum</strong></span> <span class='ocrx_word' id='word_1_566' title='bbox 1348 4312 1616 4367; x_wconf 85' lang='lat' dir='ltr'><strong>Flaminio</strong></span> <span class='ocrx_word' id='word_1_567' title='bbox 1643 4315 1782 4369; x_wconf 90' lang='lat' dir='ltr'><strong>ceci-</strong></span> 
     </span>
    </p>
   </div>
   <div class='ocr_carea' id='block_1_78' title="bbox 193 4379 1779 4448">
    <p class='ocr_par' dir='ltr' id='par_1_78' title="bbox 193 4379 1779 4448">
     <span class='ocr_line' id='line_1_79' title="bbox 193 4379 1779 4448; baseline 0.004 -16"><span class='ocrx_word' id='word_1_568' title='bbox 193 4379 359 4448; x_wconf 86' lang='lat' dir='ltr'><strong>disse,</strong></span> <span class='ocrx_word' id='word_1_569' title='bbox 395 4398 422 4434; x_wconf 84' lang='lat' dir='ltr'><strong>x</strong></span> <span class='ocrx_word' id='word_1_570' title='bbox 456 4381 622 4436; x_wconf 67' lang='lat' dir='ltr'><strong>millia</strong></span> <span class='ocrx_word' id='word_1_571' title='bbox 653 4399 680 4435; x_wconf 89' lang='lat' dir='ltr'><strong>a</strong></span> <span class='ocrx_word' id='word_1_572' title='bbox 715 4382 1025 4437; x_wconf 75' lang='lat' dir='ltr'><strong>Maharbale</strong></span> <span class='ocrx_word' id='word_1_573' title='bbox 1053 4393 1229 4448; x_wconf 88' lang='lat' dir='ltr'><strong>capta.</strong></span> <span class='ocrx_word' id='word_1_574' title='bbox 1278 4383 1352 4437; x_wconf 90' lang='lat' dir='ltr'><strong>De</strong></span> <span class='ocrx_word' id='word_1_575' title='bbox 1375 4384 1658 4439; x_wconf 87' lang='lat' dir='ltr'><strong>Annibalis</strong></span> <span class='ocrx_word' id='word_1_576' title='bbox 1683 4401 1779 4439; x_wconf 78' lang='lat' dir='ltr'><strong>co-</strong></span> 
     </span>
    </p>
   </div>
   <div class='ocr_carea' id='block_1_79' title="bbox 192 4451 1778 4524">
    <p class='ocr_par' dir='ltr' id='par_1_79' title="bbox 192 4451 1778 4524">
     <span class='ocr_line' id='line_1_80' title="bbox 192 4451 1778 4524; baseline 0.004 -22"><span class='ocrx_word' id='word_1_577' title='bbox 192 4451 291 4524; x_wconf 78' lang='lat' dir='ltr'><strong>piis</strong></span> <span class='ocrx_word' id='word_1_578' title='bbox 323 4453 481 4524; x_wconf 50' lang='lat' dir='ltr'><strong>cagsis</strong></span> <span class='ocrx_word' id='word_1_579' title='bbox 511 4452 810 4521; x_wconf 84' lang='lat' dir='ltr'><strong>scriptores</strong></span> <span class='ocrx_word' id='word_1_580' title='bbox 839 4452 1425 4524; x_wconf 16' lang='lat' dir='ltr'><strong>quoquedissﬁentiunt.</strong></span> <span class='ocrx_word' id='word_1_581' title='bbox 1456 4453 1778 4509; x_wconf 73' lang='lat' dir='ltr'><strong>FABR.—-ill</strong></span> 
     </span>
    </p>
   </div>
   <div class='ocr_carea' id='block_1_80' title="bbox 191 4521 1781 4596">
    <p class='ocr_par' dir='ltr' id='par_1_80' title="bbox 191 4521 1781 4596">
     <span class='ocr_line' id='line_1_81' title="bbox 191 4521 1781 4596; baseline 0.003 -20"><span class='ocrx_word' id='word_1_582' title='bbox 191 4521 360 4596; x_wconf 84' lang='lat' dir='ltr'><strong>Lugd.</strong></span> <span class='ocrx_word' id='word_1_583' title='bbox 382 4522 501 4596; x_wconf 84' lang='lat' dir='ltr'><strong>Bat.</strong></span> <span class='ocrx_word' id='word_1_584' title='bbox 528 4534 732 4596; x_wconf 89' lang='lat' dir='ltr'><strong>quart.,</strong></span> <span class='ocrx_word' id='word_1_585' title='bbox 756 4521 937 4596; x_wconf 77' lang='lat' dir='ltr'><strong>viginti</strong></span> <span class='ocrx_word' id='word_1_586' title='bbox 967 4521 1152 4596; x_wconf 72' lang='lat' dir='ltr'><strong>millia.</strong></span> <span class='ocrx_word' id='word_1_587' title='bbox 1179 4523 1234 4579; x_wconf 83' lang='lat' dir='ltr'><strong>In</strong></span> <span class='ocrx_word' id='word_1_588' title='bbox 1263 4525 1351 4580; x_wconf 90' lang='lat' dir='ltr'><strong>ed.</strong></span> <span class='ocrx_word' id='word_1_589' title='bbox 1379 4526 1573 4594; x_wconf 88' lang='lat' dir='ltr'><strong>pritua,</strong></span> <span class='ocrx_word' id='word_1_590' title='bbox 1599 4527 1781 4596; x_wconf 82' lang='lat' dir='ltr'><strong>viginti</strong></span> 
     </span>
    </p>
   </div>
   <div class='ocr_carea' id='block_1_81' title="bbox 190 4594 1776 4668">
    <p class='ocr_par' dir='ltr' id='par_1_81' title="bbox 190 4594 1776 4668">
     <span class='ocr_line' id='line_1_82' title="bbox 190 4594 1776 4668; baseline 0.006 -24"><span class='ocrx_word' id='word_1_591' title='bbox 190 4594 289 4647; x_wconf 83' lang='lat' dir='ltr'><strong>tria</strong></span> <span class='ocrx_word' id='word_1_592' title='bbox 319 4595 482 4668; x_wconf 74' lang='lat' dir='ltr'><strong>millia</strong></span> <span class='ocrx_word' id='word_1_593' title='bbox 509 4595 695 4668; x_wconf 79' lang='lat' dir='ltr'><strong>occisa</strong></span> <span class='ocrx_word' id='word_1_594' title='bbox 717 4594 1046 4668; x_wconf 78' lang='lat' dir='ltr'><strong>referuntur.</strong></span> <span class='ocrx_word' id='word_1_595' title='bbox 1083 4594 1188 4668; x_wconf 83' lang='lat' dir='ltr'><strong>Pro</strong></span> <span class='ocrx_word' id='word_1_596' title='bbox 1232 4597 1286 4650; x_wconf 81' lang='lat' dir='ltr'><strong>in</strong></span> <span class='ocrx_word' id='word_1_597' title='bbox 1314 4613 1372 4651; x_wconf 90' lang='lat' dir='ltr'><strong>eo</strong></span> <span class='ocrx_word' id='word_1_598' title='bbox 1407 4597 1612 4668; x_wconf 79' lang='lat' dir='ltr'><strong>pra&#39;lio,</strong></span> <span class='ocrx_word' id='word_1_599' title='bbox 1643 4594 1776 4652; x_wconf 84' lang='lat' dir='ltr'><strong>Vin-</strong></span> 
     </span>
    </p>
   </div>
   <div class='ocr_carea' id='block_1_82' title="bbox 188 4664 1201 4738">
    <p class='ocr_par' dir='ltr' id='par_1_82' title="bbox 188 4664 1201 4738">
     <span class='ocr_line' id='line_1_83' title="bbox 188 4664 1201 4738; baseline 0.002 -20"><span class='ocrx_word' id='word_1_600' title='bbox 188 4673 331 4738; x_wconf 81' lang='lat' dir='ltr'><strong>cent.</strong></span> <span class='ocrx_word' id='word_1_601' title='bbox 367 4665 571 4738; x_wconf 54' lang='lat' dir='ltr'><strong>Bellov.</strong></span> <span class='ocrx_word' id='word_1_602' title='bbox 596 4665 746 4738; x_wconf 80' lang='lat' dir='ltr'><strong>legit,</strong></span> <span class='ocrx_word' id='word_1_603' title='bbox 780 4668 832 4720; x_wconf 86' lang='lat' dir='ltr'><strong>in</strong></span> <span class='ocrx_word' id='word_1_604' title='bbox 860 4667 973 4738; x_wconf 86' lang='lat' dir='ltr'><strong>ipso</strong></span> <span class='ocrx_word' id='word_1_605' title='bbox 998 4664 1201 4738; x_wconf 76' lang='lat' dir='ltr'><strong>prtelio.</strong></span> 
     </span>
    </p>
   </div>
   <div class='ocr_carea' id='block_1_83' title="bbox 255 4734 1775 4808">
    <p class='ocr_par' dir='ltr' id='par_1_83' title="bbox 255 4734 1775 4808">
     <span class='ocr_line' id='line_1_84' title="bbox 255 4734 1775 4808; baseline 0.001 -16"><span class='ocrx_word' id='word_1_606' title='bbox 255 4736 346 4792; x_wconf 75' lang='grc'><strong>10.</strong></span> <span class='ocrx_word' id='word_1_607' title='bbox 391 4734 458 4790; x_wconf 90' lang='lat' dir='ltr'><strong>Ut</strong></span> <span class='ocrx_word' id='word_1_608' title='bbox 487 4737 846 4808; x_wconf 79' lang='lat' dir='ltr'><strong>gravissimum</strong></span> <span class='ocrx_word' id='word_1_609' title='bbox 880 4734 1266 4808; x_wconf 54' lang='lat' dir='ltr'><strong>&#39;terriamotum.</strong></span> <span class='ocrx_word' id='word_1_610' title='bbox 1308 4735 1384 4792; x_wconf 87' lang='lat' dir='ltr'><strong>De</strong></span> <span class='ocrx_word' id='word_1_611' title='bbox 1435 4735 1539 4794; x_wconf 87' lang='lat' dir='ltr'><strong>hoc</strong></span> <span class='ocrx_word' id='word_1_612' title='bbox 1589 4735 1775 4795; x_wconf 83' lang='lat' dir='ltr'><strong>Livius</strong></span> 
     </span>
    </p>
   </div>
   <div class='ocr_carea' id='block_1_84' title="bbox 186 4803 1396 4864">
    <p class='ocr_par' dir='ltr' id='par_1_84' title="bbox 186 4803 1396 4864">
     <span class='ocr_line' id='line_1_85' title="bbox 186 4803 1396 4864; baseline 0.005 -6"><span class='ocrx_word' id='word_1_613' title='bbox 186 4803 325 4861; x_wconf 85' lang='lat' dir='ltr'><strong>libro</strong></span> <span class='ocrx_word' id='word_1_614' title='bbox 352 4822 461 4861; x_wconf 88' lang='grc' dir='ltr'>ιιιι</span> <span class='ocrx_word' id='word_1_615' title='bbox 488 4803 546 4862; x_wconf 66' lang='lat' dir='ltr'><strong>ct</strong></span> <span class='ocrx_word' id='word_1_616' title='bbox 567 4807 892 4863; x_wconf 87' lang='lat' dir='ltr'><strong>Plutarchus</strong></span> <span class='ocrx_word' id='word_1_617' title='bbox 922 4810 974 4863; x_wconf 89' lang='lat' dir='ltr'><strong>in</strong></span> <span class='ocrx_word' id='word_1_618' title='bbox 1005 4807 1194 4863; x_wconf 86' lang='lat' dir='ltr'><strong>Fabio.</strong></span> <span class='ocrx_word' id='word_1_619' title='bbox 1228 4807 1396 4864; x_wconf 72' lang='lat' dir='ltr'><strong>FABR.</strong></span> 
     </span>
    </p>
   </div>
   <div class='ocr_carea' id='block_1_85' title="bbox 255 4875 1328 4935">
    <p class='ocr_par' dir='ltr' id='par_1_85' title="bbox 255 4875 1328 4935">
     <span class='ocr_line' id='line_1_86' title="bbox 255 4875 1328 4935; baseline -0.001 -3"><span class='ocrx_word' id='word_1_620' title='bbox 255 4878 343 4932; x_wconf 79' lang='grc' dir='ltr'><strong>Η.</strong></span> <span class='ocrx_word' id='word_1_621' title='bbox 390 4876 542 4932; x_wconf 87' lang='lat' dir='ltr'><strong>Fabii</strong></span> <span class='ocrx_word' id='word_1_622' title='bbox 573 4875 816 4934; x_wconf 76' lang='lat' dir='ltr'><strong>Maximi.</strong></span> <span class='ocrx_word' id='word_1_623' title='bbox 851 4880 923 4935; x_wconf 86' lang='lat' dir='ltr'><strong>De</strong></span> <span class='ocrx_word' id='word_1_624' title='bbox 952 4881 1054 4935; x_wconf 89' lang='lat' dir='ltr'><strong>hoc</strong></span> <span class='ocrx_word' id='word_1_625' title='bbox 1082 4879 1289 4934; x_wconf 86' lang='lat' dir='ltr'><strong>Ennius</strong></span> <span class='ocrx_word' id='word_1_626' title='bbox 1316 4898 1328 4931; x_wconf 75' lang='grc' dir='ltr'>ε</span> 
     </span>
    </p>
   </div>
   <div class='ocr_carea' id='block_1_86' title="bbox 366 4976 1524 5031">
    <p class='ocr_par' dir='ltr' id='par_1_86' title="bbox 366 4976 1524 5031">
     <span class='ocr_line' id='line_1_87' title="bbox 366 4976 1524 5031; baseline 0.002 -5"><span class='ocrx_word' id='word_1_627' title='bbox 366 4976 504 5028; x_wconf 87' lang='lat' dir='ltr'><strong>Unus</strong></span> <span class='ocrx_word' id='word_1_628' title='bbox 527 4979 672 5029; x_wconf 89' lang='lat' dir='ltr'><strong>homo</strong></span> <span class='ocrx_word' id='word_1_629' title='bbox 694 4980 836 5030; x_wconf 87' lang='lat' dir='ltr'><strong>nobis</strong></span> <span class='ocrx_word' id='word_1_630' title='bbox 857 4979 1132 5031; x_wconf 84' lang='lat' dir='ltr'><strong>cunctando</strong></span> <span class='ocrx_word' id='word_1_631' title='bbox 1153 4980 1373 5030; x_wconf 85' lang='lat' dir='ltr'><strong>restituit</strong></span> <span class='ocrx_word' id='word_1_632' title='bbox 1396 4991 1524 5030; x_wconf 86' lang='lat' dir='ltr'><strong>rem.</strong></span> 
     </span>
    </p>
   </div>
   <div class='ocr_carea' id='block_1_87' title="bbox 1973 3529 3499 3592">
    <p class='ocr_par' dir='ltr' id='par_1_87' title="bbox 1973 3529 3499 3592">
     <span class='ocr_line' id='line_1_88' title="bbox 1973 3529 3499 3592; baseline 0.005 -8"><span class='ocrx_word' id='word_1_633' title='bbox 1973 3531 2029 3585; x_wconf 71' lang='grc'>4.</span> <span class='ocrx_word' id='word_1_634' title='bbox 2060 3529 2186 3585; x_wconf 82' lang='lat' dir='ltr'><strong>Tres</strong></span> <span class='ocrx_word' id='word_1_635' title='bbox 2204 3530 2404 3586; x_wconf 81' lang='lat' dir='ltr'><strong>modios</strong></span> <span class='ocrx_word' id='word_1_636' title='bbox 2421 3530 2759 3588; x_wconf 84' lang='lat' dir='ltr'><strong>annulorum.</strong></span> <span class='ocrx_word' id='word_1_637' title='bbox 2781 3530 3057 3587; x_wconf 86' lang='lat' dir='ltr'><strong>Trintodia</strong></span> <span class='ocrx_word' id='word_1_638' title='bbox 3079 3533 3406 3590; x_wconf 89' lang='lat' dir='ltr'><strong>annulorum</strong></span> <span class='ocrx_word' id='word_1_639' title='bbox 3429 3535 3499 3592; x_wconf 89' lang='lat' dir='ltr'><strong>ab</strong></span> 
     </span>
    </p>
   </div>
   <div class='ocr_carea' id='block_1_88' title="bbox 1904 3599 3463 3669">
    <p class='ocr_par' dir='ltr' id='par_1_88' title="bbox 1904 3599 3463 3669">
     <span class='ocr_line' id='line_1_89' title="bbox 1904 3599 3463 3669; baseline 0.003 -13"><span class='ocrx_word' id='word_1_640' title='bbox 1904 3599 2170 3656; x_wconf 85' lang='lat' dir='ltr'><strong>Annibale</strong></span> <span class='ocrx_word' id='word_1_641' title='bbox 2192 3601 2570 3669; x_wconf 82' lang='lat' dir='ltr'><strong>Carthaginem</strong></span> <span class='ocrx_word' id='word_1_642' title='bbox 2613 3605 2774 3658; x_wconf 86' lang='lat' dir='ltr'><strong>tnissa</strong></span> <span class='ocrx_word' id='word_1_643' title='bbox 2807 3603 2965 3657; x_wconf 86' lang='lat' dir='ltr'><strong>tradit</strong></span> <span class='ocrx_word' id='word_1_644' title='bbox 3004 3603 3141 3658; x_wconf 90' lang='lat' dir='ltr'><strong>Plin.</strong></span> <span class='ocrx_word' id='word_1_645' title='bbox 3178 3605 3269 3659; x_wconf 92' lang='lat' dir='ltr'><strong>lib.</strong></span> <span class='ocrx_word' id='word_1_646' title='bbox 3297 3623 3463 3661; x_wconf 80' lang='lat' dir='ltr'><strong>xxxnt</strong></span> 
     </span>
    </p>
   </div>
   <div class='ocr_carea' id='block_1_89' title="bbox 1900 3648 3494 3744">
    <p class='ocr_par' dir='ltr' id='par_1_89' title="bbox 1900 3648 3494 3744">
     <span class='ocr_line' id='line_1_90' title="bbox 1900 3648 3494 3744; baseline 0.004 -19"><span class='ocrx_word' id='word_1_647' title='bbox 1900 3648 2169 3744; x_wconf 56' lang='grc' dir='ltr'><strong>ὀέέζξξόἷ</strong></span> <span class='ocrx_word' id='word_1_648' title='bbox 2199 3648 2283 3726; x_wconf 61' lang='grc' dir='ltr'><strong>τιῙὶ</strong></span> <span class='ocrx_word' id='word_1_649' title='bbox 2301 3648 3494 3744; x_wconf 58' lang='grc' dir='ltr'><strong>’ἶίἓὲϊξνέἱὶἐτῗῐίίἑῖἱὲίἁ.”λίιῆἷίἱιι’ῑ“τῗιὲἐὶἆ</strong></span> 
     </span>
    </p>
   </div>
   <div class='ocr_carea' id='block_1_90' title="bbox 1901 3741 3491 3810">
    <p class='ocr_par' dir='ltr' id='par_1_90' title="bbox 1901 3741 3491 3810">
     <span class='ocr_line' id='line_1_91' title="bbox 1901 3741 3491 3810; baseline 0.003 -14"><span class='ocrx_word' id='word_1_650' title='bbox 1901 3741 2194 3797; x_wconf 82' lang='lat' dir='ltr'><strong>Lueianum</strong></span> <span class='ocrx_word' id='word_1_651' title='bbox 2249 3747 2415 3810; x_wconf 75' lang='lat' dir='ltr'><strong>iactat</strong></span> <span class='ocrx_word' id='word_1_652' title='bbox 2469 3759 2528 3797; x_wconf 87' lang='lat' dir='ltr'><strong>se</strong></span> <span class='ocrx_word' id='word_1_653' title='bbox 2573 3760 2678 3796; x_wconf 86' lang='lat' dir='ltr'><strong>uno</strong></span> <span class='ocrx_word' id='word_1_654' title='bbox 2723 3744 2812 3799; x_wconf 89' lang='lat' dir='ltr'><strong>die</strong></span> <span class='ocrx_word' id='word_1_655' title='bbox 2861 3753 2938 3798; x_wconf 91' lang='lat' dir='ltr'><strong>tot</strong></span> <span class='ocrx_word' id='word_1_656' title='bbox 2989 3743 3261 3797; x_wconf 81' lang='lat' dir='ltr'><strong>Romanos</strong></span> <span class='ocrx_word' id='word_1_657' title='bbox 3318 3741 3491 3800; x_wconf 76' lang='lat' dir='ltr'><strong>inter-</strong></span> 
     </span>
    </p>
   </div>
   <div class='ocr_carea' id='block_1_91' title="bbox 1896 3813 3489 3887">
    <p class='ocr_par' dir='ltr' id='par_1_91' title="bbox 1896 3813 3489 3887">
     <span class='ocr_line' id='line_1_92' title="bbox 1896 3813 3489 3887; baseline 0.004 -19"><span class='ocrx_word' id='word_1_658' title='bbox 1896 3813 2091 3869; x_wconf 78' lang='lat' dir='ltr'><strong>fecisse</strong></span> <span class='ocrx_word' id='word_1_659' title='bbox 2140 3817 2294 3887; x_wconf 67' lang='lat' dir='ltr'><strong>:Jigrs</strong></span> <span class='ocrx_word' id='word_1_660' title='bbox 2340 3818 2464 3877; x_wconf 78' lang='grc' dir='ltr'><strong>τοὺς</strong></span> <span class='ocrx_word' id='word_1_661' title='bbox 2506 3813 2808 3877; x_wconf 75' lang='grc' dir='ltr'><strong>δακτυλίους</strong></span> <span class='ocrx_word' id='word_1_662' title='bbox 2851 3817 3016 3872; x_wconf 76' lang='grc' dir='ltr'>αὐτῶν</span> <span class='ocrx_word' id='word_1_663' title='bbox 3062 3813 3323 3887; x_wconf 78' lang='grc' dir='ltr'><strong>μεδίμνοις</strong></span> <span class='ocrx_word' id='word_1_664' title='bbox 3354 3819 3489 3874; x_wconf 80' lang='grc' dir='ltr'><strong>ἁπο-</strong></span> 
     </span>
    </p>
   </div>
   <div class='ocr_carea' id='block_1_92' title="bbox 1894 3885 2364 3970">
    <p class='ocr_par' dir='ltr' id='par_1_92' title="bbox 1894 3885 2364 3970">
     <span class='ocr_line' id='line_1_93' title="bbox 1894 3885 2364 3970; baseline -0.006 -29"><span class='ocrx_word' id='word_1_665' title='bbox 1894 3895 2168 3970; x_wconf 63' lang='grc' dir='ltr'><strong>μεῖρῆςριι.</strong></span> <span class='ocrx_word' id='word_1_666' title='bbox 2197 3885 2364 3970; x_wconf 51' lang='lat' dir='ltr'><strong>Fuit.</strong></span> 
     </span>
    </p>
   </div>
   <div class='ocr_carea' id='block_1_93' title="bbox 1967 3953 3165 4022">
    <p class='ocr_par' dir='ltr' id='par_1_93' title="bbox 1967 3953 3165 4022">
     <span class='ocr_line' id='line_1_94' title="bbox 1967 3953 3165 4022; baseline -0.003 -9"><span class='ocrx_word' id='word_1_667' title='bbox 1967 3953 2004 4013; x_wconf 74' lang='lat'><strong>5</strong></span> <span class='ocrx_word' id='word_1_668' title='bbox 2064 3953 2148 4010; x_wconf 77' lang='lat' dir='ltr'><strong>Ea:</strong></span> <span class='ocrx_word' id='word_1_669' title='bbox 2175 3956 2428 4010; x_wconf 84' lang='lat' dir='ltr'><strong>manibus.</strong></span> <span class='ocrx_word' id='word_1_670' title='bbox 2457 3954 2587 4012; x_wconf 85' lang='lat' dir='ltr'><strong>Cud.</strong></span> <span class='ocrx_word' id='word_1_671' title='bbox 2616 3958 2790 4022; x_wconf 87' lang='lat' dir='ltr'><strong>Meus,</strong></span> <span class='ocrx_word' id='word_1_672' title='bbox 2821 3957 2884 4011; x_wconf 84' lang='lat' dir='ltr'><strong>de</strong></span> <span class='ocrx_word' id='word_1_673' title='bbox 2912 3955 3165 4012; x_wconf 86' lang='lat' dir='ltr'><strong>manibus.</strong></span> 
     </span>
    </p>
   </div>
   <div class='ocr_carea' id='block_1_94' title="bbox 1965 4025 3485 4100">
    <p class='ocr_par' dir='ltr' id='par_1_94' title="bbox 1965 4025 3485 4100">
     <span class='ocr_line' id='line_1_95' title="bbox 1965 4025 3485 4100; baseline 0.002 -16"><span class='ocrx_word' id='word_1_674' title='bbox 1965 4029 2018 4084; x_wconf 82' lang='lat'><strong>6.</strong></span> <span class='ocrx_word' id='word_1_675' title='bbox 2067 4025 2134 4081; x_wconf 87' lang='lat' dir='ltr'><strong>Ut</strong></span> <span class='ocrx_word' id='word_1_676' title='bbox 2169 4027 2538 4100; x_wconf 71' lang='lat' dir='ltr'><strong>Senatoresde</strong></span> <span class='ocrx_word' id='word_1_677' title='bbox 2579 4028 2917 4100; x_wconf 76' lang='lat' dir='ltr'><strong>relinquenda</strong></span> <span class='ocrx_word' id='word_1_678' title='bbox 2945 4027 3129 4083; x_wconf 82' lang='lat' dir='ltr'><strong>Italia.</strong></span> <span class='ocrx_word' id='word_1_679' title='bbox 3162 4029 3275 4085; x_wconf 87' lang='lat' dir='ltr'><strong>Hoc</strong></span> <span class='ocrx_word' id='word_1_680' title='bbox 3303 4029 3485 4087; x_wconf 88' lang='lat' dir='ltr'><strong>consi-</strong></span> 
     </span>
    </p>
   </div>
   <div class='ocr_carea' id='block_1_95' title="bbox 1893 4097 3486 4169">
    <p class='ocr_par' dir='ltr' id='par_1_95' title="bbox 1893 4097 3486 4169">
     <span class='ocr_line' id='line_1_96' title="bbox 1893 4097 3486 4169; baseline 0.007 -19"><span class='ocrx_word' id='word_1_681' title='bbox 1893 4097 2021 4153; x_wconf 89' lang='lat' dir='ltr'><strong>lium</strong></span> <span class='ocrx_word' id='word_1_682' title='bbox 2053 4100 2120 4154; x_wconf 89' lang='lat' dir='ltr'><strong>de</strong></span> <span class='ocrx_word' id='word_1_683' title='bbox 2149 4098 2499 4169; x_wconf 87' lang='lat' dir='ltr'><strong>relinquenda</strong></span> <span class='ocrx_word' id='word_1_684' title='bbox 2523 4100 2669 4155; x_wconf 87' lang='lat' dir='ltr'><strong>Italia</strong></span> <span class='ocrx_word' id='word_1_685' title='bbox 2703 4097 2808 4155; x_wconf 82' lang='lat' dir='ltr'><strong>non</strong></span> <span class='ocrx_word' id='word_1_686' title='bbox 2842 4100 3029 4155; x_wconf 63' lang='lat' dir='ltr'><strong>Romae</strong></span> <span class='ocrx_word' id='word_1_687' title='bbox 3058 4114 3360 4169; x_wconf 81' lang='lat' dir='ltr'><strong>senatores,</strong></span> <span class='ocrx_word' id='word_1_688' title='bbox 3387 4103 3486 4160; x_wconf 88' lang='lat' dir='ltr'><strong>sed</strong></span> 
     </span>
    </p>
   </div>
   <div class='ocr_carea' id='block_1_96' title="bbox 1891 4169 3484 4244">
    <p class='ocr_par' dir='ltr' id='par_1_96' title="bbox 1891 4169 3484 4244">
     <span class='ocr_line' id='line_1_97' title="bbox 1891 4169 3484 4244; baseline 0.004 -21"><span class='ocrx_word' id='word_1_689' title='bbox 1891 4169 2461 4244; x_wconf 69' lang='lat' dir='ltr'><strong>reliqtii:uC;ttttteusis</strong></span> <span class='ocrx_word' id='word_1_690' title='bbox 2491 4171 2680 4244; x_wconf 80' lang='lat' dir='ltr'><strong>cladis,</strong></span> <span class='ocrx_word' id='word_1_691' title='bbox 2730 4187 2850 4244; x_wconf 72' lang='lat' dir='ltr'><strong>qure</strong></span> <span class='ocrx_word' id='word_1_692' title='bbox 2899 4170 3191 4244; x_wconf 66' lang='lat' dir='ltr'><strong>Canusium</strong></span> <span class='ocrx_word' id='word_1_693' title='bbox 3238 4174 3484 4244; x_wconf 88' lang='lat' dir='ltr'><strong>perfuge-</strong></span> 
     </span>
    </p>
   </div>
   <div class='ocr_carea' id='block_1_97' title="bbox 1890 4241 3266 4309">
    <p class='ocr_par' dir='ltr' id='par_1_97' title="bbox 1890 4241 3266 4309">
     <span class='ocr_line' id='line_1_98' title="bbox 1890 4241 3266 4309; baseline 0.002 -15"><span class='ocrx_word' id='word_1_694' title='bbox 1890 4253 2032 4309; x_wconf 88' lang='lat' dir='ltr'><strong>rant,</strong></span> <span class='ocrx_word' id='word_1_695' title='bbox 2065 4241 2322 4305; x_wconf 84' lang='lat' dir='ltr'><strong>inierunt,</strong></span> <span class='ocrx_word' id='word_1_696' title='bbox 2348 4253 2568 4297; x_wconf 87' lang='lat' dir='ltr'><strong>auctore</strong></span> <span class='ocrx_word' id='word_1_697' title='bbox 2599 4241 2756 4297; x_wconf 79' lang='lat' dir='ltr'><strong>Livio</strong></span> <span class='ocrx_word' id='word_1_698' title='bbox 2781 4243 2905 4296; x_wconf 92' lang='lat' dir='ltr'><strong>lihr.</strong></span> <span class='ocrx_word' id='word_1_699' title='bbox 2938 4257 3067 4296; x_wconf 86' lang='lat' dir='ltr'><strong>xxtt.</strong></span> <span class='ocrx_word' id='word_1_700' title='bbox 3103 4241 3266 4297; x_wconf 73' lang='lat' dir='ltr'><strong>FABR.</strong></span> 
     </span>
    </p>
   </div>
   <div class='ocr_carea' id='block_1_98' title="bbox 1960 4311 3480 4383">
    <p class='ocr_par' dir='ltr' id='par_1_98' title="bbox 1960 4311 3480 4383">
     <span class='ocr_line' id='line_1_99' title="bbox 1960 4311 3480 4383; baseline 0.002 -17"><span class='ocrx_word' id='word_1_701' title='bbox 1960 4314 2014 4367; x_wconf 90' lang='lat'><strong>7.</strong></span> <span class='ocrx_word' id='word_1_702' title='bbox 2042 4311 2189 4366; x_wconf 86' lang='lat' dir='ltr'><strong>Idem</strong></span> <span class='ocrx_word' id='word_1_703' title='bbox 2214 4313 2302 4382; x_wconf 84' lang='lat' dir='ltr'><strong>qui</strong></span> <span class='ocrx_word' id='word_1_704' title='bbox 2325 4322 2500 4382; x_wconf 82' lang='lat' dir='ltr'><strong>postea</strong></span> <span class='ocrx_word' id='word_1_705' title='bbox 2525 4313 2824 4383; x_wconf 79' lang='lat' dir='ltr'><strong>Africanus.</strong></span> <span class='ocrx_word' id='word_1_706' title='bbox 2855 4311 2930 4366; x_wconf 83' lang='lat' dir='ltr'><strong>ita</strong></span> <span class='ocrx_word' id='word_1_707' title='bbox 2959 4327 3089 4367; x_wconf 81' lang='lat' dir='ltr'><strong>mss.</strong></span> <span class='ocrx_word' id='word_1_708' title='bbox 3116 4321 3170 4367; x_wconf 91' lang='lat' dir='ltr'><strong>et</strong></span> <span class='ocrx_word' id='word_1_709' title='bbox 3192 4313 3318 4370; x_wconf 85' lang='lat' dir='ltr'><strong>edd.</strong></span> <span class='ocrx_word' id='word_1_710' title='bbox 3348 4324 3480 4370; x_wconf 85' lang='lat' dir='ltr'><strong>vett.</strong></span> 
     </span>
    </p>
   </div>
   <div class='ocr_carea' id='block_1_99' title="bbox 1886 4380 3174 4446">
    <p class='ocr_par' dir='ltr' id='par_1_99' title="bbox 1886 4380 3174 4446">
     <span class='ocr_line' id='line_1_100' title="bbox 1886 4380 3174 4446; baseline -0.002 -8"><span class='ocrx_word' id='word_1_711' title='bbox 1886 4380 1994 4438; x_wconf 87' lang='lat' dir='ltr'><strong>Sed</strong></span> <span class='ocrx_word' id='word_1_712' title='bbox 2030 4385 2081 4438; x_wconf 90' lang='lat' dir='ltr'><strong>in</strong></span> <span class='ocrx_word' id='word_1_713' title='bbox 2111 4380 2236 4437; x_wconf 66' lang='lat' dir='ltr'><strong>edd;</strong></span> <span class='ocrx_word' id='word_1_714' title='bbox 2265 4380 2496 4438; x_wconf 80' lang='lat' dir='ltr'><strong>recentt.</strong></span> <span class='ocrx_word' id='word_1_715' title='bbox 2533 4380 2663 4437; x_wconf 89' lang='lat' dir='ltr'><strong>illud</strong></span> <span class='ocrx_word' id='word_1_716' title='bbox 2699 4385 2787 4446; x_wconf 87' lang='lat' dir='ltr'><strong>qui</strong></span> <span class='ocrx_word' id='word_1_717' title='bbox 2811 4383 3174 4439; x_wconf 84' lang='lat' dir='ltr'><strong>desideratur.</strong></span> 
     </span>
    </p>
   </div>
   <div class='ocr_carea' id='block_1_100' title="bbox 1956 4451 3476 4510">
    <p class='ocr_par' dir='ltr' id='par_1_100' title="bbox 1956 4451 3476 4510">
     <span class='ocr_line' id='line_1_101' title="bbox 1956 4451 3476 4510; baseline 0.001 -2"><span class='ocrx_word' id='word_1_718' title='bbox 1956 4455 2010 4509; x_wconf 87' lang='lat'><strong>8.</strong></span> <span class='ocrx_word' id='word_1_719' title='bbox 2060 4455 2370 4508; x_wconf 84' lang='lat' dir='ltr'><strong>Dictatorem</strong></span> <span class='ocrx_word' id='word_1_720' title='bbox 2400 4451 2667 4507; x_wconf 84' lang='lat' dir='ltr'><strong>Decimum</strong></span> <span class='ocrx_word' id='word_1_721' title='bbox 2692 4453 2930 4508; x_wconf 74' lang='lat' dir='ltr'><strong>Iunium.</strong></span> <span class='ocrx_word' id='word_1_722' title='bbox 2973 4453 3125 4508; x_wconf 81' lang='lat' dir='ltr'><strong>Hunc</strong></span> <span class='ocrx_word' id='word_1_723' title='bbox 3154 4453 3476 4510; x_wconf 89' lang='lat' dir='ltr'><strong>dictatorem</strong></span> 
     </span>
    </p>
   </div>
   <div class='ocr_carea' id='block_1_101' title="bbox 1885 4521 3478 4597">
    <p class='ocr_par' dir='ltr' id='par_1_101' title="bbox 1885 4521 3478 4597">
     <span class='ocr_line' id='line_1_102' title="bbox 1885 4521 3478 4597; baseline 0.004 -21"><span class='ocrx_word' id='word_1_724' title='bbox 1885 4523 2071 4597; x_wconf 82' lang='lat' dir='ltr'><strong>Livius</strong></span> <span class='ocrx_word' id='word_1_725' title='bbox 2098 4534 2153 4579; x_wconf 90' lang='lat' dir='ltr'><strong>et</strong></span> <span class='ocrx_word' id='word_1_726' title='bbox 2180 4525 2324 4580; x_wconf 89' lang='lat' dir='ltr'><strong>Plut.</strong></span> <span class='ocrx_word' id='word_1_727' title='bbox 2358 4524 2412 4578; x_wconf 91' lang='lat' dir='ltr'><strong>in</strong></span> <span class='ocrx_word' id='word_1_728' title='bbox 2446 4521 2616 4578; x_wconf 84' lang='lat' dir='ltr'><strong>Fabio</strong></span> <span class='ocrx_word' id='word_1_729' title='bbox 2647 4523 2735 4597; x_wconf 59' lang='grc' dir='ltr'>Μ.</span> <span class='ocrx_word' id='word_1_730' title='bbox 2757 4522 2972 4597; x_wconf 74' lang='lat' dir='ltr'><strong>Iunium</strong></span> <span class='ocrx_word' id='word_1_731' title='bbox 3000 4533 3214 4592; x_wconf 88' lang='lat' dir='ltr'><strong>vocant,</strong></span> <span class='ocrx_word' id='word_1_732' title='bbox 3244 4541 3478 4597; x_wconf 89' lang='lat' dir='ltr'><strong>eumque</strong></span> 
     </span>
    </p>
   </div>
   <div class='ocr_carea' id='block_1_102' title="bbox 1883 4593 3471 4664">
    <p class='ocr_par' dir='ltr' id='par_1_102' title="bbox 1883 4593 3471 4664">
     <span class='ocr_line' id='line_1_103' title="bbox 1883 4593 3471 4664; baseline 0.004 -18"><span class='ocrx_word' id='word_1_733' title='bbox 1883 4595 1984 4664; x_wconf 89' lang='lat' dir='ltr'><strong>viri</strong></span> <span class='ocrx_word' id='word_1_734' title='bbox 2026 4597 2168 4650; x_wconf 88' lang='lat' dir='ltr'><strong>docti</strong></span> <span class='ocrx_word' id='word_1_735' title='bbox 2211 4610 2331 4650; x_wconf 84' lang='lat' dir='ltr'><strong>esse</strong></span> <span class='ocrx_word' id='word_1_736' title='bbox 2379 4605 2600 4663; x_wconf 89' lang='lat' dir='ltr'><strong>putant,</strong></span> <span class='ocrx_word' id='word_1_737' title='bbox 2647 4595 2740 4664; x_wconf 91' lang='lat' dir='ltr'><strong>qui</strong></span> <span class='ocrx_word' id='word_1_738' title='bbox 2784 4593 2974 4650; x_wconf 87' lang='lat' dir='ltr'><strong>consul</strong></span> <span class='ocrx_word' id='word_1_739' title='bbox 3014 4610 3156 4649; x_wconf 88' lang='lat' dir='ltr'><strong>anno</strong></span> <span class='ocrx_word' id='word_1_740' title='bbox 3207 4593 3471 4652; x_wconf 46' lang='lat' dir='ltr'><strong>unm—in</strong></span> 
     </span>
    </p>
   </div>
   <div class='ocr_carea' id='block_1_103' title="bbox 1882 4663 3446 4734">
    <p class='ocr_par' dir='ltr' id='par_1_103' title="bbox 1882 4663 3446 4734">
     <span class='ocr_line' id='line_1_104' title="bbox 1882 4663 3446 4734; baseline 0.004 -14"><span class='ocrx_word' id='word_1_741' title='bbox 1882 4663 2060 4721; x_wconf 67' lang='lat' dir='ltr'><strong>Fastis</strong></span> <span class='ocrx_word' id='word_1_742' title='bbox 2087 4666 2406 4729; x_wconf 87' lang='lat' dir='ltr'><strong>Capitolinis</strong></span> <span class='ocrx_word' id='word_1_743' title='bbox 2428 4664 2506 4720; x_wconf 92' lang='lat' dir='ltr'><strong>sic</strong></span> <span class='ocrx_word' id='word_1_744' title='bbox 2533 4663 2894 4734; x_wconf 79' lang='lat' dir='ltr'><strong>describitur,</strong></span> <span class='ocrx_word' id='word_1_745' title='bbox 2921 4681 2977 4721; x_wconf 85' lang='grc' dir='ltr'><strong>ιι.</strong></span> <span class='ocrx_word' id='word_1_746' title='bbox 3013 4681 3215 4722; x_wconf 72' lang='grc' dir='ltr'>ιυιιιιιδ.</span> <span class='ocrx_word' id='word_1_747' title='bbox 3248 4684 3302 4722; x_wconf 85' lang='lat' dir='ltr'><strong>n.</strong></span> <span class='ocrx_word' id='word_1_748' title='bbox 3328 4685 3380 4723; x_wconf 83' lang='lat' dir='ltr'><strong>r.</strong></span> <span class='ocrx_word' id='word_1_749' title='bbox 3411 4685 3446 4726; x_wconf 75' lang='grc' dir='ltr'><strong>ιι</strong></span> 
     </span>
    </p>
   </div>
   <div class='ocr_carea' id='block_1_104' title="bbox 1880 4737 2320 4794">
    <p class='ocr_par' dir='ltr' id='par_1_104' title="bbox 1880 4737 2320 4794">
     <span class='ocr_line' id='line_1_105' title="bbox 1880 4737 2320 4794; baseline -0.005 -2"><span class='ocrx_word' id='word_1_750' title='bbox 1880 4754 1935 4792; x_wconf 80' lang='grc' dir='ltr'><strong>ιι.</strong></span> <span class='ocrx_word' id='word_1_751' title='bbox 1962 4755 2118 4794; x_wconf 67' lang='lat' dir='ltr'><strong>rana.</strong></span> <span class='ocrx_word' id='word_1_752' title='bbox 2153 4737 2320 4792; x_wconf 64' lang='lat' dir='ltr'><strong>Fann.</strong></span> 
     </span>
    </p>
   </div>
   <div class='ocr_carea' id='block_1_105' title="bbox 1803 4807 3474 4899">
    <p class='ocr_par' dir='ltr' id='par_1_105' title="bbox 1803 4807 3474 4899">
     <span class='ocr_line' id='line_1_106' title="bbox 1803 4807 3474 4899; baseline 0 0"><span class='ocrx_word' id='word_1_753' title='bbox 1803 4839 1857 4899; x_wconf 91' lang='lat' dir='ltr'><strong>D</strong></span> <span class='ocrx_word' id='word_1_754' title='bbox 1888 4880 1927 4899; x_wconf 91' lang='lat'><strong>_.</strong></span> <span class='ocrx_word' id='word_1_755' title='bbox 1953 4810 2003 4899; x_wconf 69' lang='lat'><strong>9;</strong></span> <span class='ocrx_word' id='word_1_756' title='bbox 2056 4809 2152 4899; x_wconf 59' lang='grc' dir='ltr'><strong>Ῡεί</strong></span> <span class='ocrx_word' id='word_1_757' title='bbox 2171 4809 2401 4899; x_wconf 48' lang='lat' dir='ltr'><strong>2””sz</strong></span> <span class='ocrx_word' id='word_1_758' title='bbox 2425 4809 2918 4899; x_wconf 51' lang='lat' dir='ltr'><strong>E’?’_Bf‘.’.’.‘f&quot;9_ll_&#39;?5l‘f</strong></span> <span class='ocrx_word' id='word_1_759' title='bbox 2938 4807 3474 4899; x_wconf 49' lang='grc' dir='ltr'><strong>ίῖΨΡῑᾟῖίῘίὲῗείΡῖΡ·</strong></span> 
     </span>
    </p>
   </div>
   <div class='ocr_carea' id='block_1_106' title="bbox 1885 4880 3475 4937">
    <p class='ocr_par' dir='ltr' id='par_1_106' title="bbox 1885 4880 3475 4937">
     <span class='ocr_line' id='line_1_107' title="bbox 1885 4880 3475 4937; baseline 0.002 -5"><span class='ocrx_word' id='word_1_760' title='bbox 1885 4880 1998 4933; x_wconf 88' lang='lat' dir='ltr'><strong>sius</strong></span> <span class='ocrx_word' id='word_1_761' title='bbox 2033 4895 2136 4934; x_wconf 90' lang='lat' dir='ltr'><strong>non</strong></span> <span class='ocrx_word' id='word_1_762' title='bbox 2171 4881 2309 4934; x_wconf 91' lang='lat' dir='ltr'><strong>idem</strong></span> <span class='ocrx_word' id='word_1_763' title='bbox 2337 4881 2404 4934; x_wconf 91' lang='lat' dir='ltr'><strong>de</strong></span> <span class='ocrx_word' id='word_1_764' title='bbox 2430 4881 2669 4936; x_wconf 90' lang='lat' dir='ltr'><strong>servitiis</strong></span> <span class='ocrx_word' id='word_1_765' title='bbox 2697 4880 2920 4935; x_wconf 89' lang='lat' dir='ltr'><strong>armatis</strong></span> <span class='ocrx_word' id='word_1_766' title='bbox 2949 4889 3202 4937; x_wconf 88' lang='lat' dir='ltr'><strong>auctores</strong></span> <span class='ocrx_word' id='word_1_767' title='bbox 3229 4880 3475 4936; x_wconf 84' lang='lat' dir='ltr'><strong>tradidis-</strong></span> 
     </span>
    </p>
   </div>
   <div class='ocr_carea' id='block_1_107' title="bbox 1883 4951 3471 5018">
    <p class='ocr_par' dir='ltr' id='par_1_107' title="bbox 1883 4951 3471 5018">
     <span class='ocr_line' id='line_1_108' title="bbox 1883 4951 3471 5018; baseline 0.002 -14"><span class='ocrx_word' id='word_1_768' title='bbox 1883 4965 1961 5005; x_wconf 89' lang='lat' dir='ltr'><strong>se.</strong></span> <span class='ocrx_word' id='word_1_769' title='bbox 1996 4951 2182 5006; x_wconf 90' lang='lat' dir='ltr'><strong>Livius</strong></span> <span class='ocrx_word' id='word_1_770' title='bbox 2205 4953 2285 5005; x_wconf 90' lang='lat' dir='ltr'><strong>ait</strong></span> <span class='ocrx_word' id='word_1_771' title='bbox 2309 4952 2632 5007; x_wconf 90' lang='lat' dir='ltr'><strong>dictatorem</strong></span> <span class='ocrx_word' id='word_1_772' title='bbox 2662 4961 2786 5007; x_wconf 90' lang='lat' dir='ltr'><strong>octo</strong></span> <span class='ocrx_word' id='word_1_773' title='bbox 2819 4951 2984 5006; x_wconf 89' lang='lat' dir='ltr'><strong>millia</strong></span> <span class='ocrx_word' id='word_1_774' title='bbox 3014 4969 3078 5006; x_wconf 85' lang='lat' dir='ltr'><strong>ex</strong></span> <span class='ocrx_word' id='word_1_775' title='bbox 3111 4951 3346 5006; x_wconf 89' lang='lat' dir='ltr'><strong>servitiis</strong></span> <span class='ocrx_word' id='word_1_776' title='bbox 3377 4969 3471 5018; x_wconf 89' lang='lat' dir='ltr'><strong>pu-</strong></span> 
     </span>
    </p>
   </div>
   <div class='ocr_carea' id='block_1_108' title="bbox 1879 5020 3462 5093">
    <p class='ocr_par' dir='ltr' id='par_1_108' title="bbox 1879 5020 3462 5093">
     <span class='ocr_line' id='line_1_109' title="bbox 1879 5020 3462 5093; baseline 0.004 -19"><span class='ocrx_word' id='word_1_777' title='bbox 1879 5020 2018 5077; x_wconf 88' lang='lat' dir='ltr'><strong>blice</strong></span> <span class='ocrx_word' id='word_1_778' title='bbox 2059 5031 2238 5093; x_wconf 86' lang='lat' dir='ltr'><strong>empta</strong></span> <span class='ocrx_word' id='word_1_779' title='bbox 2279 5037 2539 5079; x_wconf 88' lang='lat' dir='ltr'><strong>armasse.</strong></span> <span class='ocrx_word' id='word_1_780' title='bbox 2587 5023 2818 5092; x_wconf 85' lang='lat' dir='ltr'><strong>Appian.</strong></span> <span class='ocrx_word' id='word_1_781' title='bbox 2859 5023 2928 5078; x_wconf 88' lang='lat' dir='ltr'><strong>de</strong></span> <span class='ocrx_word' id='word_1_782' title='bbox 2975 5023 3090 5077; x_wconf 90' lang='lat' dir='ltr'><strong>reb.</strong></span> <span class='ocrx_word' id='word_1_783' title='bbox 3134 5021 3417 5080; x_wconf 89' lang='lat' dir='ltr'><strong>Annibalis</strong></span> <span class='ocrx_word' id='word_1_784' title='bbox 3447 5065 3462 5091; x_wconf 88' lang='lat'><strong>,</strong></span> 
     </span>
    </p>
   </div>
   <div class='ocr_carea' id='block_1_109' title="bbox 1877 5095 3469 5156">
    <p class='ocr_par' dir='ltr' id='par_1_109' title="bbox 1877 5095 3469 5156">
     <span class='ocr_line' id='line_1_110' title="bbox 1877 5095 3469 5156; baseline 0.004 -12"><span class='ocrx_word' id='word_1_785' title='bbox 1877 5103 2068 5147; x_wconf 85' lang='lat' dir='ltr'><strong>auctor</strong></span> <span class='ocrx_word' id='word_1_786' title='bbox 2095 5103 2212 5156; x_wconf 88' lang='lat' dir='ltr'><strong>est,</strong></span> <span class='ocrx_word' id='word_1_787' title='bbox 2241 5105 2488 5149; x_wconf 81' lang='lat' dir='ltr'><strong>senatum</strong></span> <span class='ocrx_word' id='word_1_788' title='bbox 2516 5106 2640 5149; x_wconf 93' lang='lat' dir='ltr'><strong>octo</strong></span> <span class='ocrx_word' id='word_1_789' title='bbox 2666 5095 2828 5149; x_wconf 90' lang='lat' dir='ltr'><strong>millia</strong></span> <span class='ocrx_word' id='word_1_790' title='bbox 2874 5109 3154 5148; x_wconf 89' lang='lat' dir='ltr'><strong>servorum</strong></span> <span class='ocrx_word' id='word_1_791' title='bbox 3176 5137 3191 5155; x_wconf 88' lang='lat'><strong>,</strong></span> <span class='ocrx_word' id='word_1_792' title='bbox 3234 5095 3469 5150; x_wconf 89' lang='lat' dir='ltr'><strong>dominis</strong></span> 
     </span>
    </p>
   </div>
   <div class='ocr_carea' id='block_1_110' title="bbox 1877 5163 3466 5230">
    <p class='ocr_par' dir='ltr' id='par_1_110' title="bbox 1877 5163 3466 5230">
     <span class='ocr_line' id='line_1_111' title="bbox 1877 5163 3466 5230; baseline 0.003 -14"><span class='ocrx_word' id='word_1_793' title='bbox 1877 5163 2017 5218; x_wconf 92' lang='lat' dir='ltr'><strong>ultro</strong></span> <span class='ocrx_word' id='word_1_794' title='bbox 2040 5163 2390 5230; x_wconf 90' lang='lat' dir='ltr'><strong>donantibus,</strong></span> <span class='ocrx_word' id='word_1_795' title='bbox 2419 5167 2818 5220; x_wconf 85' lang='lat' dir='ltr'><strong>mauumisisse.</strong></span> <span class='ocrx_word' id='word_1_796' title='bbox 2848 5164 3011 5220; x_wconf 71' lang='lat' dir='ltr'><strong>FABR.</strong></span> <span class='ocrx_word' id='word_1_797' title='bbox 3043 5195 3113 5206; x_wconf 87' lang='lat'><em>--</em></span> <span class='ocrx_word' id='word_1_798' title='bbox 3139 5165 3260 5221; x_wconf 76' lang='lat' dir='ltr'><strong>Mox</strong></span> <span class='ocrx_word' id='word_1_799' title='bbox 3294 5166 3363 5219; x_wconf 88' lang='lat' dir='ltr'><strong>ad</strong></span> <span class='ocrx_word' id='word_1_800' title='bbox 3383 5185 3466 5221; x_wconf 89' lang='lat' dir='ltr'><strong>sa-</strong></span> 
     </span>
    </p>
   </div>
   <div class='ocr_carea' id='block_1_111' title="bbox 1873 5234 2963 5303">
    <p class='ocr_par' dir='ltr' id='par_1_111' title="bbox 1873 5234 2963 5303">
     <span class='ocr_line' id='line_1_112' title="bbox 1873 5234 2963 5303; baseline 0.004 -17"><span class='ocrx_word' id='word_1_801' title='bbox 1873 5245 2190 5303; x_wconf 84' lang='lat' dir='ltr'><strong>cramentum</strong></span> <span class='ocrx_word' id='word_1_802' title='bbox 2217 5234 2444 5303; x_wconf 59' lang='lat' dir='ltr'><strong>militiae,</strong></span> <span class='ocrx_word' id='word_1_803' title='bbox 2477 5235 2727 5291; x_wconf 80' lang='lat' dir='ltr'><strong>Vincent.</strong></span> <span class='ocrx_word' id='word_1_804' title='bbox 2761 5236 2963 5291; x_wconf 89' lang='lat' dir='ltr'><strong>Bellov.</strong></span> 
     </span>
    </p>
   </div>
   <div class='ocr_carea' id='block_1_112' title="bbox 1947 5301 3467 5373">
    <p class='ocr_par' dir='ltr' id='par_1_112' title="bbox 1947 5301 3467 5373">
     <span class='ocr_line' id='line_1_113' title="bbox 1947 5301 3467 5373; baseline 0.001 -14"><span class='ocrx_word' id='word_1_805' title='bbox 1947 5306 2034 5361; x_wconf 80' lang='grc'>10.</span> <span class='ocrx_word' id='word_1_806' title='bbox 2068 5301 2135 5359; x_wconf 88' lang='lat' dir='ltr'><strong>In</strong></span> <span class='ocrx_word' id='word_1_807' title='bbox 2175 5301 2444 5361; x_wconf 82' lang='lat' dir='ltr'><strong>commune</strong></span> <span class='ocrx_word' id='word_1_808' title='bbox 2472 5307 2750 5360; x_wconf 80' lang='lat' dir='ltr'><strong>consuluit.</strong></span> <span class='ocrx_word' id='word_1_809' title='bbox 2786 5306 3046 5373; x_wconf 83' lang='lat' dir='ltr'><strong>Quamvis</strong></span> <span class='ocrx_word' id='word_1_810' title='bbox 3088 5307 3206 5363; x_wconf 63' lang='lat' dir='ltr'><strong>haec</strong></span> <span class='ocrx_word' id='word_1_811' title='bbox 3243 5322 3372 5361; x_wconf 86' lang='lat' dir='ltr'><strong>mss.</strong></span> <span class='ocrx_word' id='word_1_812' title='bbox 3412 5315 3467 5360; x_wconf 87' lang='lat' dir='ltr'><strong>et</strong></span> 
     </span>
    </p>
   </div>
   <div class='ocr_carea' id='block_1_113' title="bbox 1875 5376 3458 5440">
    <p class='ocr_par' dir='ltr' id='par_1_113' title="bbox 1875 5376 3458 5440">
     <span class='ocr_line' id='line_1_114' title="bbox 1875 5376 3458 5440; baseline 0.001 -10"><span class='ocrx_word' id='word_1_813' title='bbox 1875 5376 1998 5432; x_wconf 86' lang='lat' dir='ltr'><strong>edd.</strong></span> <span class='ocrx_word' id='word_1_814' title='bbox 2034 5386 2166 5431; x_wconf 90' lang='lat' dir='ltr'><strong>vett.</strong></span> <span class='ocrx_word' id='word_1_815' title='bbox 2195 5379 2266 5432; x_wconf 93' lang='lat' dir='ltr'><strong>sit</strong></span> <span class='ocrx_word' id='word_1_816' title='bbox 2301 5376 2482 5440; x_wconf 89' lang='lat' dir='ltr'><strong>lectio,</strong></span> <span class='ocrx_word' id='word_1_817' title='bbox 2530 5380 2582 5431; x_wconf 94' lang='lat' dir='ltr'><strong>in</strong></span> <span class='ocrx_word' id='word_1_818' title='bbox 2621 5376 2956 5433; x_wconf 86' lang='lat' dir='ltr'><strong>Fabricianis</strong></span> <span class='ocrx_word' id='word_1_819' title='bbox 3000 5389 3178 5434; x_wconf 89' lang='lat' dir='ltr'><strong>tamen</strong></span> <span class='ocrx_word' id='word_1_820' title='bbox 3213 5376 3458 5431; x_wconf 82' lang='lat' dir='ltr'><strong>invenias</strong></span> 
     </span>
    </p>
   </div>
   <div class='ocr_carea' id='block_1_114' title="bbox 1872 5447 3460 5521">
    <p class='ocr_par' dir='ltr' id='par_1_114' title="bbox 1872 5447 3460 5521">
     <span class='ocr_line' id='line_1_115' title="bbox 1872 5447 3460 5521; baseline 0.001 -21"><span class='ocrx_word' id='word_1_821' title='bbox 1872 5447 1926 5521; x_wconf 62' lang='lat' dir='ltr'><strong>in</strong></span> <span class='ocrx_word' id='word_1_822' title='bbox 1952 5449 2212 5502; x_wconf 87' lang='lat' dir='ltr'><strong>communi</strong></span> <span class='ocrx_word' id='word_1_823' title='bbox 2255 5447 2685 5521; x_wconf 75' lang='lat' dir='ltr'><strong>consuluitquod</strong></span> <span class='ocrx_word' id='word_1_824' title='bbox 2719 5465 2785 5505; x_wconf 88' lang='lat' dir='ltr'><strong>ne</strong></span> <span class='ocrx_word' id='word_1_825' title='bbox 2828 5448 2882 5504; x_wconf 94' lang='lat' dir='ltr'><strong>in</strong></span> <span class='ocrx_word' id='word_1_826' title='bbox 2929 5462 3200 5521; x_wconf 86' lang='lat' dir='ltr'><strong>postrema</strong></span> <span class='ocrx_word' id='word_1_827' title='bbox 3243 5447 3460 5518; x_wconf 89' lang='lat' dir='ltr'><strong>quidem</strong></span> 
     </span>
    </p>
   </div>
   <div class='ocr_carea' id='block_1_115' title="bbox 1871 5516 2577 5575">
    <p class='ocr_par' dir='ltr' id='par_1_115' title="bbox 1871 5516 2577 5575">
     <span class='ocr_line' id='line_1_116' title="bbox 1871 5516 2577 5575; baseline 0 -3"><span class='ocrx_word' id='word_1_828' title='bbox 1871 5516 2046 5574; x_wconf 88' lang='lat' dir='ltr'><strong>Scotti</strong></span> <span class='ocrx_word' id='word_1_829' title='bbox 2079 5521 2422 5575; x_wconf 88' lang='lat' dir='ltr'><strong>emendatum</strong></span> <span class='ocrx_word' id='word_1_830' title='bbox 2457 5516 2577 5573; x_wconf 52' lang='lat' dir='ltr'><strong>fuit:</strong></span> 
     </span>
    </p>
   </div>
   <div class='ocr_carea' id='block_1_116' title="bbox 1943 5586 3459 5662">
    <p class='ocr_par' dir='ltr' id='par_1_116' title="bbox 1943 5586 3459 5662">
     <span class='ocr_line' id='line_1_117' title="bbox 1943 5586 3459 5662; baseline 0 -19"><span class='ocrx_word' id='word_1_831' title='bbox 1943 5590 2001 5643; x_wconf 77' lang='grc'><strong>11</strong></span> <span class='ocrx_word' id='word_1_832' title='bbox 2017 5633 2029 5645; x_wconf 94' lang='grc'><strong>.</strong></span> <span class='ocrx_word' id='word_1_833' title='bbox 2057 5590 2337 5662; x_wconf 77' lang='lat' dir='ltr'><strong>Antiquam</strong></span> <span class='ocrx_word' id='word_1_834' title='bbox 2361 5591 2608 5645; x_wconf 76' lang='lat' dir='ltr'><strong>Romana:</strong></span> <span class='ocrx_word' id='word_1_835' title='bbox 2630 5591 2852 5645; x_wconf 62' lang='lat' dir='ltr'><strong>miseriae</strong></span> <span class='ocrx_word' id='word_1_836' title='bbox 2871 5593 3066 5662; x_wconf 61' lang='lat' dir='ltr'><strong>factum</strong></span> <span class='ocrx_word' id='word_1_837' title='bbox 3090 5587 3340 5662; x_wconf 76' lang='lat' dir='ltr'><strong>recolens.</strong></span> <span class='ocrx_word' id='word_1_838' title='bbox 3365 5586 3459 5662; x_wconf 90' lang='lat' dir='ltr'><strong>_Sic</strong></span> 
     </span>
    </p>
   </div>
   <div class='ocr_carea' id='block_1_117' title="bbox 1866 5659 3457 5734">
    <p class='ocr_par' dir='ltr' id='par_1_117' title="bbox 1866 5659 3457 5734">
     <span class='ocr_line' id='line_1_118' title="bbox 1866 5659 3457 5734; baseline 0.001 -22"><span class='ocrx_word' id='word_1_839' title='bbox 1866 5673 2056 5734; x_wconf 85' lang='lat' dir='ltr'><strong>omnes</strong></span> <span class='ocrx_word' id='word_1_840' title='bbox 2105 5659 2305 5716; x_wconf 83' lang='lat' dir='ltr'><strong>habent</strong></span> <span class='ocrx_word' id='word_1_841' title='bbox 2340 5664 2618 5734; x_wconf 26' lang='lat' dir='ltr'><strong>mssLnisi</strong></span> <span class='ocrx_word' id='word_1_842' title='bbox 2668 5664 2810 5734; x_wconf 90' lang='lat' dir='ltr'><strong>quod</strong></span> <span class='ocrx_word' id='word_1_843' title='bbox 2852 5659 2903 5715; x_wconf 88' lang='lat' dir='ltr'><strong>in</strong></span> <span class='ocrx_word' id='word_1_844' title='bbox 2937 5659 3177 5734; x_wconf 72' lang='lat' dir='ltr'><strong>Longob.</strong></span> <span class='ocrx_word' id='word_1_845' title='bbox 3227 5659 3457 5734; x_wconf 74' lang='lat' dir='ltr'><strong>simplex</strong></span> 
     </span>
    </p>
   </div>
   <div class='ocr_carea' id='block_1_118' title="bbox 1864 5727 3462 5801">
    <p class='ocr_par' dir='ltr' id='par_1_118' title="bbox 1864 5727 3462 5801">
     <span class='ocr_line' id='line_1_119' title="bbox 1864 5727 3462 5801; baseline 0.001 -19"><span class='ocrx_word' id='word_1_846' title='bbox 1864 5730 2037 5801; x_wconf 85' lang='lat' dir='ltr'><strong>colens</strong></span> <span class='ocrx_word' id='word_1_847' title='bbox 2071 5734 2396 5787; x_wconf 85' lang='lat' dir='ltr'><strong>inveniatur.</strong></span> <span class='ocrx_word' id='word_1_848' title='bbox 2434 5732 2576 5786; x_wconf 87' lang='lat' dir='ltr'><strong>Editi</strong></span> <span class='ocrx_word' id='word_1_849' title='bbox 2606 5727 2848 5801; x_wconf 84' lang='lat' dir='ltr'><strong>quidem,</strong></span> <span class='ocrx_word' id='word_1_850' title='bbox 2883 5740 2938 5785; x_wconf 91' lang='lat' dir='ltr'><strong>ut</strong></span> <span class='ocrx_word' id='word_1_851' title='bbox 2960 5727 3205 5801; x_wconf 15' lang='lat' dir='ltr'><strong>rl&#39;lit’torp.</strong></span> <span class='ocrx_word' id='word_1_852' title='bbox 3237 5740 3290 5783; x_wconf 90' lang='lat' dir='ltr'><strong>et</strong></span> <span class='ocrx_word' id='word_1_853' title='bbox 3332 5727 3462 5784; x_wconf 85' lang='lat' dir='ltr'><strong>Bul-</strong></span> 
     </span>
    </p>
   </div>
   <div class='ocr_carea' id='block_1_119' title="bbox 1867 5800 3460 5874">
    <p class='ocr_par' dir='ltr' id='par_1_119' title="bbox 1867 5800 3460 5874">
     <span class='ocr_line' id='line_1_120' title="bbox 1867 5800 3460 5874; baseline 0.002 -19"><span class='ocrx_word' id='word_1_854' title='bbox 1867 5800 2072 5874; x_wconf 83' lang='lat' dir='ltr'><strong>suiug.,</strong></span> <span class='ocrx_word' id='word_1_855' title='bbox 2105 5804 2331 5860; x_wconf 79' lang='lat' dir='ltr'><strong>recolens</strong></span> <span class='ocrx_word' id='word_1_856' title='bbox 2354 5812 2566 5860; x_wconf 82' lang='lat' dir='ltr'><strong>statum.</strong></span> <span class='ocrx_word' id='word_1_857' title='bbox 2588 5800 2694 5860; x_wconf 86' lang='lat' dir='ltr'><strong>Sed</strong></span> <span class='ocrx_word' id='word_1_858' title='bbox 2713 5801 2840 5859; x_wconf 89' lang='lat' dir='ltr'><strong>edd.</strong></span> <span class='ocrx_word' id='word_1_859' title='bbox 2859 5800 3028 5872; x_wconf 83' lang='lat' dir='ltr'><strong>antiq.</strong></span> <span class='ocrx_word' id='word_1_860' title='bbox 3053 5809 3460 5872; x_wconf 86' lang='lat' dir='ltr'><strong>amantquoquo</strong></span> 
     </span>
    </p>
   </div>
   <div class='ocr_carea' id='block_1_120' title="bbox 181 5077 1202 5142">
    <p class='ocr_par' dir='ltr' id='par_1_120' title="bbox 181 5077 1202 5142">
     <span class='ocr_line' id='line_1_121' title="bbox 181 5077 1202 5142; baseline 0.006 -7"><span class='ocrx_word' id='word_1_861' title='bbox 181 5077 291 5137; x_wconf 89' lang='lat' dir='ltr'><strong>Cic.</strong></span> <span class='ocrx_word' id='word_1_862' title='bbox 325 5083 393 5138; x_wconf 90' lang='lat' dir='ltr'><strong>de</strong></span> <span class='ocrx_word' id='word_1_863' title='bbox 423 5083 583 5140; x_wconf 83' lang='lat' dir='ltr'><strong>Ollio.</strong></span> <span class='ocrx_word' id='word_1_864' title='bbox 614 5095 669 5141; x_wconf 91' lang='lat' dir='ltr'><strong>et</strong></span> <span class='ocrx_word' id='word_1_865' title='bbox 701 5087 752 5140; x_wconf 93' lang='lat' dir='ltr'><strong>in</strong></span> <span class='ocrx_word' id='word_1_866' title='bbox 781 5085 1002 5142; x_wconf 83' lang='lat' dir='ltr'><strong>Catone.</strong></span> <span class='ocrx_word' id='word_1_867' title='bbox 1033 5085 1202 5142; x_wconf 77' lang='lat' dir='ltr'><strong>FABR.</strong></span> 
     </span>
    </p>
   </div>
   <div class='ocr_carea' id='block_1_121' title="bbox 249 5153 1768 5214">
    <p class='ocr_par' dir='ltr' id='par_1_121' title="bbox 249 5153 1768 5214">
     <span class='ocr_line' id='line_1_122' title="bbox 249 5153 1768 5214; baseline 0.003 -5"><span class='ocrx_word' id='word_1_868' title='bbox 249 5153 376 5210; x_wconf 69' lang='lat' dir='ltr'><strong>Car.</strong></span> <span class='ocrx_word' id='word_1_869' title='bbox 408 5155 706 5212; x_wconf 73' lang='lat' dir='ltr'><strong>XVl.—i.</strong></span> <span class='ocrx_word' id='word_1_870' title='bbox 737 5158 887 5213; x_wconf 84' lang='lat' dir='ltr'><strong>Auno</strong></span> <span class='ocrx_word' id='word_1_871' title='bbox 909 5156 971 5211; x_wconf 84' lang='lat' dir='ltr'><strong>ab</strong></span> <span class='ocrx_word' id='word_1_872' title='bbox 1002 5156 1138 5213; x_wconf 87' lang='lat' dir='ltr'><strong>Urbe</strong></span> <span class='ocrx_word' id='word_1_873' title='bbox 1165 5155 1370 5210; x_wconf 83' lang='lat' dir='ltr'><strong>condita</strong></span> <span class='ocrx_word' id='word_1_874' title='bbox 1401 5173 1528 5214; x_wconf 76' lang='lat' dir='ltr'><strong>DXL.</strong></span> <span class='ocrx_word' id='word_1_875' title='bbox 1561 5157 1637 5213; x_wconf 78' lang='lat' dir='ltr'><strong>ita</strong></span> <span class='ocrx_word' id='word_1_876' title='bbox 1665 5175 1768 5214; x_wconf 88' lang='lat' dir='ltr'><strong>nu-</strong></span> 
     </span>
    </p>
   </div>
   <div class='ocr_carea' id='block_1_122' title="bbox 183 5225 1769 5299">
    <p class='ocr_par' dir='ltr' id='par_1_122' title="bbox 183 5225 1769 5299">
     <span class='ocr_line' id='line_1_123' title="bbox 183 5225 1769 5299; baseline 0.004 -22"><span class='ocrx_word' id='word_1_877' title='bbox 183 5237 347 5299; x_wconf 83' lang='lat' dir='ltr'><strong>merat</strong></span> <span class='ocrx_word' id='word_1_878' title='bbox 385 5225 710 5299; x_wconf 81' lang='lat' dir='ltr'><strong>_EtttrOpius,</strong></span> <span class='ocrx_word' id='word_1_879' title='bbox 759 5245 920 5299; x_wconf 89' lang='lat' dir='ltr'><strong>quem</strong></span> <span class='ocrx_word' id='word_1_880' title='bbox 979 5229 1030 5282; x_wconf 91' lang='lat' dir='ltr'><strong>iu</strong></span> <span class='ocrx_word' id='word_1_881' title='bbox 1079 5228 1349 5282; x_wconf 89' lang='lat' dir='ltr'><strong>Cannensi</strong></span> <span class='ocrx_word' id='word_1_882' title='bbox 1399 5229 1552 5284; x_wconf 82' lang='lat' dir='ltr'><strong>clade</strong></span> <span class='ocrx_word' id='word_1_883' title='bbox 1599 5247 1769 5299; x_wconf 87' lang='lat' dir='ltr'><strong>expo-</strong></span> 
     </span>
    </p>
   </div>
   <div class='ocr_carea' id='block_1_123' title="bbox 180 5295 1762 5368">
    <p class='ocr_par' dir='ltr' id='par_1_123' title="bbox 180 5295 1762 5368">
     <span class='ocr_line' id='line_1_124' title="bbox 180 5295 1762 5368; baseline 0.004 -19"><span class='ocrx_word' id='word_1_884' title='bbox 180 5297 352 5368; x_wconf 73' lang='lat' dir='ltr'><strong>nenda</strong></span> <span class='ocrx_word' id='word_1_885' title='bbox 374 5295 602 5352; x_wconf 86' lang='lat' dir='ltr'><strong>Orosius</strong></span> <span class='ocrx_word' id='word_1_886' title='bbox 623 5295 887 5368; x_wconf 79' lang='lat' dir='ltr'><strong>sequitur.</strong></span> <span class='ocrx_word' id='word_1_887' title='bbox 919 5300 1054 5355; x_wconf 83' lang='lat' dir='ltr'><strong>Aliis</strong></span> <span class='ocrx_word' id='word_1_888' title='bbox 1082 5299 1169 5353; x_wconf 90' lang='lat' dir='ltr'><strong>hic</strong></span> <span class='ocrx_word' id='word_1_889' title='bbox 1193 5313 1368 5354; x_wconf 89' lang='lat' dir='ltr'><strong>annus</strong></span> <span class='ocrx_word' id='word_1_890' title='bbox 1391 5308 1474 5354; x_wconf 87' lang='lat' dir='ltr'><strong>est</strong></span> <span class='ocrx_word' id='word_1_891' title='bbox 1504 5295 1727 5356; x_wconf 59' lang='lat' dir='ltr'><strong>“xm.</strong></span> <span class='ocrx_word' id='word_1_892' title='bbox 1747 5344 1762 5368; x_wconf 94' lang='lat'><strong>,</strong></span> 
     </span>
    </p>
   </div>
   <div class='ocr_carea' id='block_1_124' title="bbox 178 5365 1141 5430">
    <p class='ocr_par' dir='ltr' id='par_1_124' title="bbox 178 5365 1141 5430">
     <span class='ocr_line' id='line_1_125' title="bbox 178 5365 1141 5430; baseline 0.004 -12"><span class='ocrx_word' id='word_1_893' title='bbox 178 5374 233 5419; x_wconf 92' lang='lat' dir='ltr'><strong>ut</strong></span> <span class='ocrx_word' id='word_1_894' title='bbox 263 5365 449 5430; x_wconf 68' lang='lat' dir='ltr'><strong>Pigliio</strong></span> <span class='ocrx_word' id='word_1_895' title='bbox 482 5369 534 5422; x_wconf 93' lang='lat' dir='ltr'><strong>in</strong></span> <span class='ocrx_word' id='word_1_896' title='bbox 565 5365 763 5424; x_wconf 79' lang='lat' dir='ltr'><strong>Annal.</strong></span> <span class='ocrx_word' id='word_1_897' title='bbox 795 5369 951 5426; x_wconf 79' lang='lat' dir='ltr'><strong>Rom.</strong></span> <span class='ocrx_word' id='word_1_898' title='bbox 979 5371 1141 5426; x_wconf 72' lang='lat' dir='ltr'><strong>FABB.</strong></span> 
     </span>
    </p>
   </div>
   <div class='ocr_carea' id='block_1_125' title="bbox 244 5436 1762 5515">
    <p class='ocr_par' dir='ltr' id='par_1_125' title="bbox 244 5436 1762 5515">
     <span class='ocr_line' id='line_1_126' title="bbox 244 5436 1762 5515; baseline 0.003 -23"><span class='ocrx_word' id='word_1_899' title='bbox 244 5436 302 5515; x_wconf 53' lang='grc' dir='ltr'>ᾖ.</span> <span class='ocrx_word' id='word_1_900' title='bbox 331 5439 692 5515; x_wconf 77' lang='lat' dir='ltr'><strong>Quadraginta</strong></span> <span class='ocrx_word' id='word_1_901' title='bbox 714 5453 936 5515; x_wconf 85' lang='lat' dir='ltr'><strong>quatuor</strong></span> <span class='ocrx_word' id='word_1_902' title='bbox 958 5443 1139 5497; x_wconf 87' lang='lat' dir='ltr'><strong>millia.</strong></span> <span class='ocrx_word' id='word_1_903' title='bbox 1168 5439 1374 5515; x_wconf 69' lang='lat' dir='ltr'><strong>Livius,</strong></span> <span class='ocrx_word' id='word_1_904' title='bbox 1404 5442 1762 5515; x_wconf 79' lang='lat' dir='ltr'><strong>Quadraginta</strong></span> 
     </span>
    </p>
   </div>
   <div class='ocr_carea' id='block_1_126' title="bbox 174 5505 1762 5587">
    <p class='ocr_par' dir='ltr' id='par_1_126' title="bbox 174 5505 1762 5587">
     <span class='ocr_line' id='line_1_127' title="bbox 174 5505 1762 5587; baseline 0.006 -27"><span class='ocrx_word' id='word_1_905' title='bbox 174 5505 337 5587; x_wconf 64' lang='lat' dir='ltr'><strong>millia</strong></span> <span class='ocrx_word' id='word_1_906' title='bbox 387 5505 652 5587; x_wconf 69' lang='lat' dir='ltr'><strong>peditum,</strong></span> <span class='ocrx_word' id='word_1_907' title='bbox 701 5505 804 5569; x_wconf 78' lang='lat' dir='ltr'><strong>duo</strong></span> <span class='ocrx_word' id='word_1_908' title='bbox 844 5514 1006 5587; x_wconf 68' lang='lat' dir='ltr'><strong>millia</strong></span> <span class='ocrx_word' id='word_1_909' title='bbox 1047 5505 1594 5587; x_wconf 16' lang='lat' dir='ltr'><strong>septingentilevquites</strong></span> <span class='ocrx_word' id='word_1_910' title='bbox 1617 5505 1762 5587; x_wconf 48' lang='lat' dir='ltr'><strong>Vetusi</strong></span> 
     </span>
    </p>
   </div>
   <div class='ocr_carea' id='block_1_127' title="bbox 175 5577 1758 5652">
    <p class='ocr_par' dir='ltr' id='par_1_127' title="bbox 175 5577 1758 5652">
     <span class='ocr_line' id='line_1_128' title="bbox 175 5577 1758 5652; baseline 0.009 -24"><span class='ocrx_word' id='word_1_911' title='bbox 175 5577 437 5635; x_wconf 83' lang='lat' dir='ltr'><strong>dicuntur.</strong></span> <span class='ocrx_word' id='word_1_912' title='bbox 482 5583 759 5652; x_wconf 86' lang='lat' dir='ltr'><strong>Appianus</strong></span> <span class='ocrx_word' id='word_1_913' title='bbox 788 5593 843 5639; x_wconf 88' lang='lat' dir='ltr'><strong>et</strong></span> <span class='ocrx_word' id='word_1_914' title='bbox 891 5577 1238 5640; x_wconf 55' lang='lat' dir='ltr'><strong>Plutarchus&#39;</strong></span> <span class='ocrx_word' id='word_1_915' title='bbox 1261 5577 1506 5639; x_wconf 76' lang='lat' dir='ltr'><strong>scribunt</strong></span> <span class='ocrx_word' id='word_1_916' title='bbox 1557 5587 1608 5641; x_wconf 92' lang='lat' dir='ltr'><strong>in</strong></span> <span class='ocrx_word' id='word_1_917' title='bbox 1659 5586 1758 5642; x_wconf 85' lang='lat' dir='ltr'><strong>hac</strong></span> 
     </span>
    </p>
   </div>
   <div class='ocr_carea' id='block_1_128' title="bbox 174 5654 1537 5726">
    <p class='ocr_par' dir='ltr' id='par_1_128' title="bbox 174 5654 1537 5726">
     <span class='ocr_line' id='line_1_129' title="bbox 174 5654 1537 5726; baseline 0.006 -25"><span class='ocrx_word' id='word_1_918' title='bbox 174 5654 705 5726; x_wconf 63' lang='lat' dir='ltr'><strong>pugnacmsafuisse</strong></span> <span class='ocrx_word' id='word_1_919' title='bbox 737 5657 1120 5726; x_wconf 81' lang='lat' dir='ltr'><strong>quinquaginta</strong></span> <span class='ocrx_word' id='word_1_920' title='bbox 1150 5655 1336 5726; x_wconf 84' lang='lat' dir='ltr'><strong>millia.</strong></span> <span class='ocrx_word' id='word_1_921' title='bbox 1369 5655 1537 5712; x_wconf 77' lang='grc' dir='ltr'>ΡΑιιιι.</span> 
     </span>
    </p>
   </div>
   <div class='ocr_carea' id='block_1_129' title="bbox 172 5721 1757 5849">
    <p class='ocr_par' dir='ltr' id='par_1_129' title="bbox 172 5721 1757 5849">
     <span class='ocr_line' id='line_1_130' title="bbox 239 5721 1757 5800; baseline 0.01 -29"><span class='ocrx_word' id='word_1_922' title='bbox 239 5726 290 5772; x_wconf 82' lang='grc'>5.</span> <span class='ocrx_word' id='word_1_923' title='bbox 332 5721 394 5775; x_wconf 85' lang='lat' dir='ltr'><strong>In</strong></span> <span class='ocrx_word' id='word_1_924' title='bbox 419 5740 499 5776; x_wconf 86' lang='lat' dir='ltr'><strong>eo.</strong></span> <span class='ocrx_word' id='word_1_925' title='bbox 527 5723 656 5781; x_wconf 84' lang='lat' dir='ltr'><strong>Mss.</strong></span> <span class='ocrx_word' id='word_1_926' title='bbox 684 5721 858 5798; x_wconf 79' lang='lat' dir='ltr'><strong>Lugd.</strong></span> <span class='ocrx_word' id='word_1_927' title='bbox 885 5721 1024 5784; x_wconf 69' lang='lat' dir='ltr'><strong>Ball.</strong></span> <span class='ocrx_word' id='word_1_928' title='bbox 1051 5737 1161 5783; x_wconf 87' lang='lat' dir='ltr'><strong>tres</strong></span> <span class='ocrx_word' id='word_1_929' title='bbox 1191 5725 1392 5784; x_wconf 86' lang='lat' dir='ltr'><strong>addunt</strong></span> <span class='ocrx_word' id='word_1_930' title='bbox 1422 5729 1578 5800; x_wconf 86' lang='lat' dir='ltr'><strong>bello,</strong></span> <span class='ocrx_word' id='word_1_931' title='bbox 1612 5737 1672 5785; x_wconf 87' lang='lat' dir='ltr'><strong>ut</strong></span> <span class='ocrx_word' id='word_1_932' title='bbox 1703 5739 1757 5786; x_wconf 88' lang='lat' dir='ltr'><strong>ct</strong></span> 
     </span>
     <span class='ocr_line' id='line_1_131' title="bbox 172 5785 574 5849; baseline 0.025 -9"><span class='ocrx_word' id='word_1_933' title='bbox 172 5785 307 5847; x_wconf 88' lang='lat' dir='ltr'><strong>Coll.</strong></span> <span class='ocrx_word' id='word_1_934' title='bbox 335 5792 574 5849; x_wconf 80' lang='lat' dir='ltr'><strong>Gronov.</strong></span> 
     </span>
    </p>
   </div>
   <div class='ocr_carea' id='block_1_130' title="bbox 197 5805 574 5851">
    <p class='ocr_par' dir='ltr' id='par_1_130' title="bbox 197 5805 574 5851">
     <span class='ocr_line' id='line_1_132' title="bbox 197 5805 574 5851; baseline 0.016 -6"><span class='ocrx_word' id='word_1_935' title='bbox 197 5805 307 5847; x_wconf 56' lang='lat' dir='ltr'><strong>10H.</strong></span> <span class='ocrx_word' id='word_1_936' title='bbox 335 5805 574 5851; x_wconf 68' lang='grc' dir='ltr'>υτοιιον.</span> 
     </span>
    </p>
   </div>
  </div>
