4082 6154
612 280 721 342 895

2013 275 2218 336 PAULI
2258 274 2490 335 onosu
3727 294 3802 357 επ

615 387 898 467 plcmento
933 393 1242 462 exercitus,
1276 393 1486 462 edicto,
1525 393 1677 452 velut
1706 393 1860 468 asylo
1898 393 2204 465 patefacto,
2235 401 2287 462 Α
2311 390 2588 447 miseriam
2604 389 2687 448 vel
2712 388 3806 469 miseramimprobitatem."Quiscredaieo

617 488 871 544 homines
899 487 1227 559 quicumque
1253 488 1554 546 sceleribus
1572 502 1634 543 ac
1655 487 1855 543 debitis
1883 485 2101 543 obnoxii
2125 500 2216 542 es-

620 589 762 646 sent,
795 578 1121 650 impunitate
1150 580 1440 650 promissa,
1467 578 1676 634 militiae
1699 578 2044 648 mancipavit,
2074 591 2214 648 quo-

618 687 737 726 rum
769 685 1028 726 numerus
1053 672 1095 702 ¹²
1126 670 1191 726 ad
1233 686 1330 727 sex
1361 671 1531 727 millia
1561 671 1800 726 virorum
1835 671 1955 726 fuit.
1988 671 2217 741 Campa-

619 767 704 820 nia
729 779 891 833 vero,
921 763 1002 820 vel
1027 765 1206 836 potius
1229 768 1406 819 omnis
1427 764 1600 830 Italia,
1623 764 1690 819 ad
1719 764 2039 820 Annibalem
2065 805 2081 831 ,
2115 763 2213 818 dc-

625 866 844 929 sperata
876 858 1092 926 penitus
1127 857 1358 912 Romani
1389 865 1567 912 status
1600 858 1969 928 reparatione,
1993 856 2212 912 defecit.

624 951 753 1007 Post
784 951 888 1005 hoc
918 950 1116 1006 Lucius
1143 951 1456 1007 Postumius
1486 959 1689 1022 praetor
1709 951 1994 1007 adversum
2020 951 2063 983 “
2085 950 2213 1006 Cal-

630 1043 711 1096 Ius
743 1057 984 1113 pugnare
1015 1043 1232 1110 missus,
1258 1057 1380 1098 cum
1405 1043 1648 1098 exercitu
1671 1058 1845 1099 ctesus
1875 1053 1981 1099 est.
2010 1041 2218 1098 Deinde

621 1136 952 1206 Sempronio
982 1136 1262 1205 Graccho,
1292 1136 1358 1206 Q.
1403 1136 1574 1194 Fabio
1601 1136 1833 1193 Maximo
1864 1137 2178 1194 consulibus
2197 1177 2211 1203 ,

619 1225 883 1283 Claudius
929 1227 1094 1299 258
1142 1227 1431 1284 Marcellus
1487 1241 1552 1284 ex
1611 1237 1843 1300 praetore
1893 1228 2219 1299 proconsule

621 1319 936 1391 designatus
968 1361 984 1386 ,
1039 1319 1084 1351 ιδ
1126 1320 1412 1376 Annibalis
1459 1323 1762 1376 exercitum
1813 1320 2001 1390 prmlio
2040 1320 2174 1375 fudit
2201 1362 2217 1387 ,

630 1412 948 1484 primusque
971 1419 1094 1482 post
1117 1399 1294 1468 tantas
1317 1412 1652 1483 Reipubliea:
1681 1411 1866 1468 ruinas
1885 1427 2035 1483 spem
2063 1411 2215 1481 fecit,

630 1506 954 1562 Annibalem
982 1520 1146 1576 posse
1174 1507 1444 1577 superari.
1475 1507 1761 1578 Scipiones
1801 1518 1981 1562 autem
2014 1505 2069 1562 in
2097 1506 2222 1562 His-

629 1599 787 1668 pania
820 1597 1202 1668 Asdrubalem,
1237 1600 1532 1655 Poenorum
1565 1602 1977 1669 imperatorem,
2007 1598 2073 1653 ad
2119 1598 2223 1654 ita-

2320 493 2583 554 tempore,
2607 497 2715 555 quo
2743 485 2990 538 :erarium
3021 484 3201 555 populi
3216 483 3431 541 Romani
3453 502 3645 560 egenam
3663 497 3805 569 stipem

2318 577 2524 648 privata
2543 576 2830 631 collatione
2845 577 3120 645 poscebat,
3136 575 3184 608 “
3206 576 3357 633 miles
3378 578 3427 633 in
3444 585 3615 639 castris
3648 593 3809 647 nonnisi

2319 677 2406 722 aut
2425 683 2555 737 puer
2569 675 2662 720 aut
2675 681 2890 736 servus,
2906 665 3324 733 autseeleratus,
3337 677 3424 723 aut
3441 669 3740 734 debitoretne
3753 682 3808 738 sic

2317 760 2533 832 quidem
2547 759 2594 790 ’⁸
2617 757 3081 815 numeroidoneus
3098 741 3239 825 erat,
3256 768 3466 815 senatus
3477 761 3663 820 incuria
3683 773 3813 826 omnis

2318 869 2457 924 pene
2486 851 2721 908 novitius
2747 851 3029 907 videbatur
3055 869 3066 906 :
3097 859 3370 922 postremo
3395 867 3510 908 cum
3535 855 3598 910 ita
3624 858 3813 918 imminu-

2321 947 2392 1002 tis
2417 949 2582 1020 259
2607 946 2900 1018 fractisque
2925 947 3176 1002 omnibus
3200 949 3246 980 “
3273 947 3809 1022 desperaretur,utcon-

2320 1039 2501 1094 silium
2551 1039 2622 1094 de
2662 1037 3020 1110 relinquenda
3063 1038 3216 1094 Italia
3264 1041 3546 1108 subiretur,
3573 1045 3612 1076 ⁸⁷
3637 1061 3692 1102 eo
3717 1059 3817 1104 ιειη-

2320 1151 2450 1206 pore
2472 1177 2487 1203 ,
2533 1151 2656 1192 cum
2699 1148 2865 1189 unum
2895 1131 3254 1188 domeSticum
3285 1132 3478 1189 bellum
3505 1179 3519 1202 ,
3541 1145 3594 1191 ut
3613 1138 3815 1208 diximus,

2319 1230 2367 1262 ³⁸
2400 1229 2527 1285 ferri
2550 1229 2704 1285 nullo
2732 1226 2894 1284 modo
2919 1233 3104 1296 posset
3133 1266 3149 1292 ,
3179 1227 3222 1260 ”
3249 1226 3354 1281 tria
3387 1228 3592 1299 insuper
3620 1239 3822 1289 transma-

2321 1319 2438 1374 rina
2485 1320 2629 1376 bella
2681 1318 2854 1375 fuisse
2900 1319 3194 1388 suscepta?
3236 1333 3405 1374 unum
3445 1321 3496 1375 in
3519 1321 3822 1380 Macedonia“

2321 1422 2508 1468 contra
2536 1409 2846 1482 Philippum
2878 1408 3319 1481 potentissimum
3343 1409 3656 1468 Macedonia:
3675 1429 3827 1486 regem,

2322 1506 2554 1561 alterum
2605 1506 2659 1561 in
2711 1504 2969 1576 Hispania
3016 1514 3211 1560 contra
3242 1503 3588 1561 Asdrubalem
3618 1508 3828 1565 Annibalis

2325 1595 2546 1652 fratrem
2571 1637 2586 1662 ,
2615 1597 2834 1652 tertium
2867 1597 2920 1651 in
2952 1595 3202 1652 Sardinia
3233 1605 3424 1650 contra
3457 1596 3643 1654 Sardos
3666 1609 3712 1655 et
3729 1601 3826 1656 alte-

627 1692 752 1746 liam
793 1692 1097 1747 exercitum
1137 1702 1584 1762 comparantem,
1624 1691 1668 1723 ⁸⁸
1709 1691 2033 1762 gravissimo
2077 1689 2223 1746 bello
2256 1760 2290 1762 _
2326 1703 2444 1741 rum
2472 1685 2831 1742 Asdrubalem
2858 1727 2873 1753 ,
2917 1684 3452 1757 Carthaginiensium
3485 1687 3824 1746 ducemzextra

627 1793 1040 1854 oppresserunt.
1069 1782 1114 1815 ²⁶
1134 1760 1508 1854 Nam—triginta
1531 1760 1770 1854 quinque
1794 1783 1963 1838 millia
1991 1782 2223 1837 militum
2256 1760 2304 1820 Β
2331 1779 2433 1836 hoc
2463 1789 2714 1850 quartum
2739 1780 3054 1846 Annibalis,
3086 1795 3194 1851 quo
3219 1780 3277 1835 in
3304 1779 3455 1835 ltalia
3483 1783 3832 1852 premebantur:

629 1875 697 1930 de
719 1873 962 1931 exercitu
985 1875 1105 1946 ejus
1130 1876 1172 1907 ¹⁷
1204 1875 1288 1930 vel
1319 1874 1468 1931 etcde
1495 1875 1583 1931 vel
1611 1876 1862 1946 captione
1890 1878 2222 1930 minuerunt.

627 1965 931 2022 Celtiberos
967 1965 1199 2033 milites,
1247 1967 1290 1999 ¹⁸
1336 1981 1497 2038 quam
1536 1968 1764 2038 primam
1805 1975 2084 2024 externam
2112 1983 2225 2022 ma-

629 2072 756 2111 num
781 2057 1010 2113 Romani
1039 2057 1094 2113 in
1124 2057 1320 2114 castris
1344 2057 1551 2115 habere
1578 2070 1888 2127 creperum,
1915 2061 2093 2130 pretio
2119 2059 2226 2116 sol-

628 2147 885 2213 licitatos,
911 2147 980 2203 ab
1002 2147 1240 2205 hostium
1262 2149 1529 2205 societate
1548 2149 1602 2205 in
1621 2160 1799 2207 castra
1815 2164 1909 2206 sun
1927 2151 2221 2208 duxerunt.

631 2240 672 2273 ¹⁹
703 2238 1061 2310 Sempronius
1101 2239 1381 2296 Gracchus
1423 2243 1786 2313 proconsule,
1835 2243 1880 2275 ’°
1909 2245 1977 2300 ab
2008 2245 2223 2317 h05pite

625 2345 728 2387 suo
769 2329 992 2386 Lucano
1028 2331 1260 2402 quodam
1304 2332 1360 2387 in
1403 2333 1633 2388 insidias
1672 2333 1928 2392 inductus
1955 2378 1970 2402 ,
2009 2338 2222 2394 occisus

623 2432 728 2479 est.
752 2425 796 2455 “
819 2422 1116 2480 Centenius
1145 2423 1371 2493 Penula,
1394 2427 1667 2496 centurio,
1693 2426 1913 2483 decerni
1945 2429 2051 2484 sibi
2076 2433 2222 2487 ultro

626 2515 829 2572 bellum
855 2514 1142 2572 adversum
1166 2517 1490 2574 Annibalem
1515 2518 1671 2589 petiit
1700 2535 1712 2573 :
1746 2533 1776 2574 a
1806 2537 1914 2591 quo
1941 2538 2066 2579 cum
2095 2534 2222 2581 octo

629 2606 872 2663 millibus
895 2607 1125 2662 militum
1146 2650 1160 2673 ,
1190 2623 1334 2680 quos
1361 2610 1407 2640 ²¹
1434 2609 1486 2664 in
1518 2611 1693 2666 aciem
1722 2611 2015 2682 eduxerat,
2047 2631 2220 2673 cresus

623 2710 730 2757 est.
761 2701 891 2757 Post
930 2703 1072 2758 hunc
1100 2700 1202 2756 Cn.
1241 2701 1501 2771 Fulvius,
1544 2714 1779 2776 praetor,
1843 2708 1912 2764 ab
1951 2711 2220 2768 Annibale

631 2793 830 2863 victus,
860 2795 1062 2850 amisso
1091 2795 1367 2862 exercitu,
1399 2796 1488 2851 vix
1525 2799 1718 2854 evasit.
1766 2800 1936 2857 Pudet
1967 2804 2223 2860 recorda-

631 2889 818 2945 tionis.
859 2888 1000 2958 Quid
1049 2889 1194 2946 enim
1233 2890 1410 2946 dicam
1458 2891 1860 2962 improbitatem
1908 2898 2100 2969 magis,
2152 2914 2220 2955 an

629 2983 906 3042 miseriam
943 2984 1362 3042 Romanorum?
1393 2985 1560 3042 immo
1591 2987 1774 3044 verius
1804 2988 1888 3045 vel
1921 2990 2220 3062 improbam

2325 1883 2382 1929 et
2413 1883 2593 1928 tamen
2626 1872 2786 1928 fortis
2819 1873 2874 1928 in
2906 1873 3230 1928 alterutrum
3263 1871 3569 1943 desperatio
3592 1875 3639 1930 in
3675 1876 3834 1932 meliora

2331 1967 2603 2039 profecit,
2664 1983 2786 2023 nam
2833 1969 2884 2024 in
2932 1967 3018 2022 his
3069 1966 3331 2022 omnibus
3353 1966 3676 2038 desperando
3697 1985 3839 2041 pugna-

2327 2073 2455 2117 runt
2482 2103 2497 2128 ,
2543 2061 2830 2133 pugnando
2853 2061 3121 2118 vicerunt.
3176 2061 3258 2116 Ex
3288 2076 3398 2132 quo
3424 2061 3688 2119 evidenter
3709 2074 3841 2121 osten-

2327 2155 2494 2220 ditur,
2545 2171 2652 2212 non
2695 2164 2942 2227 tempora
2991 2165 3118 2212 tunc
3163 2155 3337 2213 fuisse
3366 2156 3711 2228 tranquilliora
3736 2157 3842 2225 otiis,

2326 2251 2423 2306 sed
2453 2250 2706 2308 homines
2738 2249 2973 2306 miseriis
3005 2249 3284 2306 fortiores.

2895 2365 3125 2423 CAPUT
3171 2365 3348 2422 XVII.

2329 2458 2582 2516 Claudius
2615 2459 2895 2514 Marcellus
2919 2460 3213 2530 Syracusas
3244 2460 3410 2530 capit.
3444 2457 3650 2512 Annibal
3665 2457 3722 2511 ad
3741 2456 3849 2512 Anic-

2401 2548 2516 2587 nem
2548 2530 2811 2586 Romanos
2841 2529 3016 2597 terret,
3041 2547 3132 2585 nec
3161 2529 3430 2584 obruendi
3455 2531 3600 2600 capia
3625 2530 3772 2583 datur.

2402 2623 2418 2654 ³
2451 2625 2606 2677 Anno
2639 2622 2706 2676 ab
2727 2621 2873 2678 Urbe
2894 2620 3112 2678 condita
3138 2637 3331 2685 exuti,
3357 2619 3607 2676 Claudius
3633 2618 3852 2676 Marcellus

2327 2713 2628 2786 Syracusas
2653 2755 2668 2780 ,
2709 2713 3180 2784 opulentissimam
3215 2713 3424 2771 urbem
3443 2712 3654 2782 Sicilia,
3677 2709 3859 2769 secunda

2327 2809 2733 2881 oppugnatione
2780 2811 2801 2842 ³
2849 2809 2935 2864 vix
2983 2809 3162 2878 cepit,
3196 2824 3369 2880 quam
3398 2855 3412 2877 ,
3445 2823 3564 2863 cum
3579 2808 3678 2879 jam
3703 2805 3856 2875 pridem

2327 2901 2658 2970 obsedisset,
2691 2900 3034 2956 Archimedis
3062 2899 3412 2971 Syracusani
3433 2899 3596 2968 civis,
3619 2895 3862 2954 admirabili

2329 2996 2549 3067 ingenio
2576 2997 2792 3068 praediti
2818 3037 2833 3063 ,
2864 2995 3130 3052 machinis
3159 2995 3427 3068 repulsus
3453 3037 3467 3064 ,
3491 3007 3767 3066 expugnare
3786 3005 3862 3045 non

1913 3126 2360 3188 HAVERCAMPI
2397 3131 2634 3190 ΝΟΤᾸΞ.

627 3243 823 3320 {aetum
862 3240 1114 3320 recolens.
1165 3237 1457 3320 Aliquanto
1489 3245 1614 3309 post
1640 3237 1766 3296 edd.
1811 3239 2063 3310 quaedam
2093 3260 2212 3316 per-
2241 3244 2290 3310 C
2325 3245 2882 3320 nominatiAppianus
2921 3245 3201 3320 et_l.ivius
3236 3245 3389 3320 libro
3413 3258 3589 3320 μιν.-
3620 3240 3866 3320 ubi_histo-

629 3311 785 3365 missa
809 3350 825 3376 ,
854 3311 996 3366 male
1024 3325 1133 3380 pro
1149 3311 1426 3378 promissa.

701 3381 790 3436 12.
816 3380 901 3452 Ad
925 3396 1016 3436 sea:
1044 3379 1211 3452 millia
1240 3381 1468 3436 uirorum
1497 3381 1625 3452 fuit.
1647 3379 1819 3449 Lugd.
1852 3381 1967 3437 Bat.
2002 3393 2127 3439 tert.
2161 3394 2218 3440 et

627 3452 767 3506 Coll.
802 3451 1042 3508 Gronov.
1073 3451 1303 3505 virorum
1334 3451 1539 3523 delent.
1589 3451 1689 3506 Ed.
1725 3456 1987 3520 Angust.,
2025 3466 2219 3523 septem

631 3523 796 3576 millia
840 3523 1068 3576 uirorum
1100 3531 1368 3592 numerat.
1397 3522 1514 3577 Mox
1540 3525 1592 3574 in
1627 3523 1738 3578 illis
1767 3523 1990 3580 Romani
2013 3522 2176 3582 status
2199 3567 2215 3592 ,

627 3605 789 3664 auget
821 3595 972 3648 Meus
994 3593 1159 3647 omnis
1184 3591 1408 3647 Romani
1437 3603 1621 3648 status.

704 3665 791 3721 l3.
824 3664 1009 3720 Gallos
1043 3666 1253 3719 missus.
1286 3664 1377 3720 Sic
1404 3665 1595 3720 Latine
1630 3674 1748 3720 erat
1776 3667 1829 3720 in
1871 3684 2001 3723 mss.
2038 3679 2220 3726 tamen

632 3736 880 3806 impressi
911 3735 1255 3801 addiderant,
1289 3752 1552 3807 pugnare,
1587 3741 1772 3792 nescio
1798 3753 1914 3794 cur.
1951 3740 2123 3797 Laur.
2152 3770 2224 3781 —

632 3809 801 3862 Immo
845 3819 898 3863 et
929 3809 1116 3862 missus
1143 3817 1198 3862 et
1239 3823 1468 3878 pugnare
1509 3809 1561 3862 in
1593 3823 1722 3862 mss.
1768 3820 1967 3867 exstat.
2029 3813 2221 3866 Decem

630 3879 798 3943 enim,
817 3894 953 3946 quos
979 3893 1078 3948 ego
1099 3879 1367 3949 consului,
1392 3879 1630 3949 unanimi
1653 3895 1922 3935 consensu
1942 3881 2220 3949 exhibent,

631 3965 862 4018 pugnare
889 3947 1107 4021 missus,
1140 3948 1192 4021 id
1225 3957 1331 4014 est,
1357 3947 1423 4002 ad
1455 3951 1818 4021 pugnandum.
1849 3952 2032 4021 Neque
2068 3947 2227 4009 video

633 4034 730 4072 cur
758 4018 1112 4095 Craecismum
1139 4019 1282 4095 hunc
1325 4018 1652 4095 mutaverint
1673 4021 1912 4077 editores
1943 4018 1995 4078 in
2011 4025 2192 4095 jussus
2211 4066 2225 4088 ,

633 4090 777 4156 quml
802 4089 942 4165 apud
973 4104 1162 4144 omnes
1193 4090 1456 4157 invenias,
1485 4100 1846 4161 praeterquam
1883 4095 1934 4148 in
1961 4089 2086 4150 edd.
2120 4097 2229 4165 pri-

634 4176 719 4215 tna
744 4169 800 4214 et
832 4163 1167 4229 Augustana.

709 4233 794 4305 ii.
830 4230 1410 4305 Annibaliseagercitum
1441 4233 1623 4302 prwlio
1659 4233 1814 4305 fudit.
1849 4235 1961 4290 Hoc
1985 4235 2228 4304 prndium

633 4319 660 4356 a
697 4303 949 4357 Marcello
982 4303 1048 4356 ad
1091 4302 1285 4358 Nolam
1330 4302 1681 4359 commissum
1733 4304 1853 4360 fuit.
1883 4302 2070 4362 Livius
2102 4306 2228 4363 libr.

635 4390 807 4440 nm,
843 4373 1162 4429 Plutarchus
1191 4378 1242 4427 in
1290 4373 1570 4430 Marcello.
1623 4375 1791 4430 FABR.

707 4442 1146 4518 lSAGravissimo
1175 4444 1310 4500 bello
1342 4457 1727 4518 Oppresserunt.
1753 4449 1884 4504 Post
1905 4447 2035 4504 bello
2065 4448 2236 4506 inter-

633 4521 766 4572 serit
798 4515 1047 4571 Pcrizon.
1087 4515 1601 4587 superatumJLugd.
1631 4519 1768 4573 Batt.
1797 4529 1908 4575 tres
1932 4521 2229 4576 cumColl.

633 4590 880 4660 Gronov.
907 4589 1134 4656 primam
1164 4587 1433 4658 syllabam
1467 4589 1520 4642 in
1551 4601 1915 4660 oppresserunt
1944 4592 2154 4646 delent.

706 4661 794 4716 16.
829 4658 968 4733 Nan
998 4661 1211 4733 triginta
1243 4661 1468 4733 quinque
1496 4658 1683 4715 millia.
1742 4661 1895 4719 Hunc
1941 4678 2227 4718 numerum

634 4735 902 4800 expressit
928 4728 1265 4802 Eutropius.
1281 4728 1466 4802 Livius
1489 4740 1698 4802 tantum
1725 4747 1975 4801 magnam
1997 4733 2106 4787 vim
2135 4737 2232 4790 ho-

639 4799 844 4859 minum
877 4799 1122 4858 oettisatn'
1142 4801 1353 4856 scribit.
1399 4801 1476 4857 De
1505 4799 1795 4858 Celtiberis
1817 4799 2011 4859 Livius
2039 4805 2090 4859 in
2123 4805 2230 4861 fine

637 4872 756 4928 libri
785 4891 929 4930 xxiv.
960 4873 1128 4929 FABR.

711 4947 796 5000 l7.
834 4944 932 5000 Vel
983 4946 1122 5000 ccede
1165 4945 1246 5000 vel
1289 4944 1529 5015 captione
1576 4946 1894 5001 minuerunt.
1925 4945 2062 5001 Cod.
2115 4947 2232 5004 sive

641 5016 773 5098 edit.
807 5018 1038 5098 August.
1063 5016 1184 5072 huic
1208 5025 1294 5072 est
1315 5017 1498 5085 lectio,
1529 5019 1605 5072 vel
1629 5017 1821 5073 aedem
1845 5017 1920 5072 vel
1941 5019 2232 5088 captionem

640 5097 963 5142 invenerunt.

715 5159 802 5214 18.
852 5160 1291 5232 Quamprimum.
1322 5159 1496 5232 Lttgd.
1545 5161 1687 5216 Batt.
1723 5169 1856 5226 tres,
1887 5177 2041 5230 quam
2065 5160 2232 5232 pluri-

643 5247 802 5297 mam,
829 5239 886 5284 ut
907 5229 1131 5303 AegtﬂUAltr.
1161 5233 1319 5288 male.
1351 5229 1490 5288 Edd.
1517 5240 1676 5301 vett.,
1718 5248 1837 5287 cum
1863 5229 2109 5303 primum,
2139 5246 2234 5288 ex-

645 5313 798 5372 cepta
830 5301 995 5356 nobili
1027 5300 1117 5354 illa
1143 5303 1475 5372 Augustana.

718 5370 804 5431 l9.
840 5372 1178 5443 Sempronius
1211 5370 1476 5443 Gracchus
1521 5372 1845 5443 proconsule.
1887 5373 2070 5430 Semel
2115 5387 2234 5429 mo-

647 5449 832 5504 nuisse
864 5441 996 5499 satis
1030 5443 1134 5504 sit,
1166 5441 1412 5512 Latinos,
1446 5453 1501 5498 et
1525 5441 1788 5499 Orosium
1821 5446 2020 5512 passim
2057 5445 2236 5498 nomi-

647 5517 810 5596 nandi
853 5530 1006 5596 casu,
1051 5511 1593 5596 proconsule_dixissc
1627 5532 1640 5566 :
1677 5511 1839 5596 idque
1879 5527 2015 5569 mss.
2047 5528 2239 5596 omnes

648 5589 786 5645 tueri
819 5604 833 5642 :
866 5598 922 5644 et
952 5586 1022 5641 ita
1053 5583 1473 5653 imprimendum
1502 5599 1720 5640 censeo.
1754 5583 1930 5640 Laur.
1969 5615 2039 5625 —-
2061 5585 2244 5640 Semel

653 5659 928 5716 monuisse
971 5655 1206 5714 sufﬁciat
1236 5695 1254 5722 ,
1300 5655 1616 5712 conﬁrmari
1666 5655 1718 5712 id
1768 5655 1971 5711 nostris
2026 5669 2242 5727 quoque

653 5746 784 5784 IIISS.

651 5827 696 5869 ib
722 5800 813 5856 '20.
847 5798 923 5855 Ab
945 5797 1144 5870 hospite
1163 5816 1258 5856 suo
1281 5798 1512 5858 Lucano.
1542 5798 1786 5858 Flauium
1810 5797 2083 5857 Lucanum
2102 5797 2244 5856 hunc

2321 3321 2455 3374 riam
2488 3317 2556 3388 de
2575 3311 2864 3380 Centenio,
2895 3329 2950 3374 et
2981 3317 3172 3373 Fulvio
3203 3317 3381 3374 etiam
3412 3317 3670 3388 invenies.
3703 3311 3830 3367 FABI.
3858 3379 3866 3388 '

2395 3392 2490 3446 21.
2519 3387 2793 3443 Centenius
2828 3388 3049 3443 Penula.
3096 3388 3464 3444 Centurionis
3504 3387 3655 3453 hujus
3684 3387 3868 3453 veterani

2329 3475 2516 3518 casum
2549 3470 2606 3513 et
2633 3459 2844 3515 cladem
2877 3459 3139 3516 describit
3165 3459 3363 3514 Livius
3392 3459 3491 3515 lib.
3523 3451 3621 3530 xiv
3641 3451 3872 3530 ,_c1p._l‘l.

2394 3533 2488 3586 9.2.
2524 3529 2586 3582 In
2614 3532 2777 3585 aciem
2805 3530 3072 3586 eduxerat.
3102 3530 3196 3586 Sic
3219 3532 3496 3586 meliores
3516 3527 3688 3597 scripti
3707 3535 3751 3580 et
3767 3524 3872 3579 editi.

2327 3605 2456 3661 Alii.
2490 3606 2544 3658 in
2573 3603 2734 3657 aciem
2766 3603 3019 3668 duxerat;
3045 3602 3169 3668 alii,
3202 3603 3259 3656 in
3290 3602 3412 3656 acie
3433 3604 3666 3654 duxerat.

2395 3677 2488 3731 ‘23.
2523 3674 2650 3739 Quis
2678 3675 2874 3729 credat.
2907 3665 3009 3728 Ed.
3041 3665 3284 3742 August.
3316 3715 3332 3739 ,
3361 3673 3498 3739 Quis
3523 3671 3653 3726 enim
3673 3665 3832 3721 credat.

2397 3745 2491 3818 24.
2527 3743 2678 3800 Miles
2708 3747 2760 3798 in
2786 3746 2991 3818 castris.
3034 3743 3208 3818 Lugd.
3271 3745 3426 3818 Batt.
3463 3759 3546 3807 pr.
3577 3752 3628 3795 et
3663 3747 3874 3818 tert._cnnt

2327 3816 2471 3873 Coll.
2518 3817 2794 3882 Gronov.,
2845 3814 2998 3871 Miles
3037 3817 3093 3871 in
3120 3811 3338 3870 'castris
3386 3829 3496 3869 non
3534 3822 3682 3879 esset,
3710 3811 3789 3862 nisi
3821 3811 3878 3856 aut

2369 3905 2459 3941 uer
2481 3933 2495 3956 ,
2527 3897 2635 3942 etc.

2330 3907 2495 4017 pagg:
2524 3907 2750 4013 l‘ilttfi'uero
2772 3959 2988 4013 idoneus
3019 3968 3150 4014 erat.
3174 3957 3406 4026 Religio
3433 3955 3572 4012 mihi
3602 3952 3694 4008 fuit
3722 3967 3744 4004 a
3768 3944 3879 4026 codd.

2333 4046 2467 4087 mss.
2498 4031 2802 4094 discedere,
2833 4032 2922 4100 qui
2947 4045 3137 4086 omnes
3168 4032 3257 4086 sic
3273 4017 3575 4095 eiihibent,
3603 4039 3723 4086 non,
3747 4029 3794 4076 ut
3809 4017 3882 4073 eili-

2335 4103 2372 4158 ti
2401 4147 2415 4171 ,
2451 4118 2694 4156 numerus
2722 4102 2942 4156 idoneus
2969 4111 3102 4156 erat.

2538 4171 3157 4248 Pesperaretuf.__Meu§,
3194 4171 3593 4248 desperabant,
3621 4163 3884 4248 sedOtrese‘I‘

2333 4242 2506 4312 Lugd.
2536 4234 2676 4299 Batt.
2709 4259 2830 4299 eum
2858 4242 3052 4299 Collat.
3084 4234 3346 4299 Gronov.
3381 4285 3396 4309 ,
3446 4240 3576 4299 eod.
3621 4234 3889 4294 Periwn.et

2335 4316 2468 4370 edit.
2495 4316 2631 4379 Aug.
2663 4315 2876 4370 malunt
2895 4315 3301 4382 desperabatur.

2407 4369 2503 4440 π
2542 4369 2620 4438 Εὸ
2644 4369 2888 4456 tempore.
2911 4369 3083 4456 Lu'gd.
3109 4386 3263 4441 Batt.
3300 4401 3395 4457 pr.
3421 4392 3481 4440 et
3512 4390 3642 4440 tcrt.
3663 4390 3769 4435 cum
3794 4369 3889 4430 Coll.

2338 4457 2588 4527 Gronov.
2616 4466 2866 4527 repetunt
2889 4459 2995 4521 hic,
3018 4459 3135 4527 quis
3163 4457 3392 4511 credat.
3643 4501 3658 4516 κ

2408 4528 2500 4600 28.
2546 4523 2697 4600 Ferri
2730 4529 2877 4600 nullo
2907 4523 3060 4600 modo
3082 4528 3542 4600 posset.Mss_._et
3580 4523 3892 4600 meliorumAcx

2257 4634 2310 4696 υ
2340 4599 2500 4696 “eis
3082 4594 3235 4696 τεξεί
3257 4595 3682 4696 vestitae???

2405 4671 2494 4726 29.
2540 4668 2662 4724 Tria
2687 4671 2917 4741 insuper,
2947 4679 3055 4725 etc.
3097 4668 3263 4724 'Edd.
3314 4668 3580 4741 quaedam
3610 4682 3674 4722 ex
3698 4668 3898 4741 vetustte

2335 4741 2511 4808 ribus,
2541 4730 2884 4814 tria_insuper
2906 4730 3267 4796 transmarina
3296 4730 3447 4814 bella
3466 4739 3586 4814 quis
3613 4735 3770 4814 credat
3786 4730 3896 4814 [ιῖβξ

2330 4813 2620 4885 suscepta?
2651 4809 2823 4885 ln_cd.
2849 4817 3161 4882 Augustuna
3194 4826 3346 4868 vero
3373 4813 3603 4881 legitur,
3629 4809 3723 4863 tria
3746 4809 3900 4869 insuptr

2333 4882 2683 4957 transiitaﬁna
2704 4882 2838 4957 bella
2867 4890 3101 4957 suscepta
3120 4892 3288 4957 sunt.
3683 4946 3732 4957 __

2406 4956 2518 5027 50.7
2538 4954 2730 5027 Contra
2761 4944 3088 5027 Philippum.
3117 4952 3208 5027 De
3237 4969 3306 5010 re
3333 4961 3504 5025 gesta
3529 4965 3653 5008 cum
3683 4944 3894 5027 Philippm

2333 5024 2671 5082 Macedoniae
2713 5041 2860 5096 rege,
2903 5016 3086 5081 Livius
3116 5025 3280 5096 libro
3325 5016 3474 5081 {xm
3497 5033 3556 5080 et
3586 5037 3725 5088 xxiv,
3757 5016 3900 5096 glutto:

2335 5100 2454 5165 pius
2497 5097 2635 5165 libro
2683 5088 2865 5152 tert'io'.
2920 5098 2998 5152 De
3039 5110 3100 5150 re
3146 5094 3210 5151 in
3240 5097 3515 5152 Sardinia
3544 5105 3726 5149 contra
3755 5088 3900 5165 mags

2337 5159 2648 5238 Sardesq'ue
2676 5181 2709 5220 a
2729 5167 2794 5222 Τ.
2828 5167 3026 5224 Manlio
3056 5176 3245 5237 gesta,
3271 5167 3480 5224 Livius
3503 5167 3602 5223 lib.
3631 5177 3751 5221 nm
3776 5169 3820 5217 et
3847 5159 3904 5208 SI-

2336 5239 2444 5294 lius
2477 5254 2572 5293 xu.
2601 5237 2770 5294 FABR.
3878 5291 3889 5294 ,

2359 5255 2444 5294 1115
2477 5254 2572 5293 XII.
2602 5254 2770 5294 I‘ABll.

2408 5291 2547 5366 Cie.
2568 5291 2827 5364 xiii;
2851 5310 2902 5366 1.
2931 5309 3078 5365 Anno
3105 5308 3175 5362 ab
3216 5309 3374 5367 Urbe
3407 5308 3643 5364 condita.
3671 5316 3832 5361 DSLlll.

2340 5380 2625 5436 Marcellus
2647 5382 2835 5437 consul
2862 5397 2920 5437 ιιι
2945 5393 3088 5436 anno
3115 5379 3304 5438 Urbis
3327 5397 3550 5438 huius
3578 5379 3797 5436 Siciliam
3814 5382 3905 5426 nus-

2341 5466 2434 5507 sus
2461 5452 2756 5524 Syracusas
2780 5452 3041 5524 ,obsedit.
3090 5453 3393 5524 tertioque
3445 5465 3597 5508 anno
3641 5455 3750 5524 ppu
3788 5453 3908 5524 cipit:

2345 5511 2549 5596 gnavii.
2601 5523 2859 5596 Polybius
2899 5524 3189 5596 libro_vttt,
3229 5511 3443 5579 Li'vius
3475 5511 3909 5591 xstv,'PlutarcltuS

2349 5593 2402 5649 in
2429 5592 2717 5659 Marcello;
2735 5594 2928 5651 Cicero
2957 5595 3011 5648 in
3044 5592 3324 5652 Verrem.
3357 5596 3535 5652 FABB.

2415 5665 2472 5718 2.
2521 5648 2624 5720 Vix
2652 5648 3107 5737 cepirtdlie'ctersic
3137 5648 3324 5737 mss.
3357 5648 3498 5724 E66:
3506 5648 3737 5737 August.
3758 5665 3803 5716 et
3818 5648 3907 5710 edd-

2345 5735 2701 5795 Fabriciante.
2737 5736 2945 5809 Vulgati
2973 5735 3083 5805 alii,
3111 5735 3165 5792 vi
3193 5740 3368 5808 cepit.
