4088 6170
248 209 358 268 897

1257 203 1738 267 lllSTORlARUM
1777 205 1989 266 LIBER
2029 206 2119 265 IV.
2159 207 2318 266 CAP.
2357 203 2521 265 XVll.

3444 207 3551 267 898

247 324 446 398 potuit.
472 325 494 358 ³
527 323 746 382 Decimo
793 325 958 399 260
998 337 1144 381 anno
1193 335 1479 398 postquam
1519 325 1752 382 Annibal
1783 325 1839 383 iu
1867 330 1920 390 Α
1943 332 2053 382 tem
2087 340 2195 381 non
2225 324 2378 392 dari,
2405 322 2568 380 modo
2595 329 2947 392 potestatem.
2994 320 3382 395 Respondeant
3409 340 3553 381 nunc

247 419 460 476 Italiam
493 429 745 488 venerat,
789 419 810 451 ⁸
839 419 940 474 Cn.
985 419 1178 476 Fulvio
1201 461 1219 488 ,
1251 420 1312 475 P.
1347 419 1584 492 Sulpitio
1605 421 1846 478 consuli-

247 512 376 581 bus,
410 513 644 568 Annibal
668 511 738 570 de
757 511 1055 585 Campania
1084 512 1572 570 movitexercitum
1601 532 1612 568 :
1646 525 1700 570 et
1726 529 1848 570 cum

246 606 457 679 ingenti
503 607 660 663 clade
709 608 954 664 omnium
976 608 998 640 ⁵
1029 623 1124 680 per
1153 608 1455 665 Sidicinum
1484 610 1844 666 Suessanum-

246 715 354 770 que
392 715 580 770 agrum
627 699 713 756 via
762 699 955 756 Latina
987 699 1286 772 profectus,
1334 701 1401 756 ad
1453 701 1716 758 Anienem
1746 701 1846 756 llu-

246 792 394 848 vium
419 793 440 823 ⁸
465 793 642 849 tribus
665 793 908 850 millibus
937 793 1005 849 ab
1034 792 1178 850 Urbe
1207 793 1457 851 consedit
1482 835 1498 862 ,
1544 795 1850 852 incredibili

251 885 422 940 t0tins
449 885 697 942 Civitatis
716 895 887 954 metu,
917 901 1042 942 cum
1063 895 1254 942 senatu
1277 888 1588 958 populoque
1615 887 1848 945 diversis

247 977 397 1033 curis
427 977 641 1049 trepido
665 1018 680 1044 ,
713 987 980 1035 matrona:
1000 994 1217 1052 quoque
1245 989 1491 1038 amentes
1520 996 1719 1051 pavore
1749 997 1847 1053 per

247 1069 655 1140 propugnacula
703 1079 1027 1138 currerent,
1073 1080 1127 1128 et
1174 1073 1526 1129 convehere‘l
1554 1073 1608 1128 in
1656 1088 1848 1130 muros

242 1174 378 1216 saxa
405 1204 422 1230 ,
469 1162 766 1233 primaeque
799 1177 897 1232 pro
926 1163 1095 1218 muris
1119 1179 1360 1236 pugnare
1383 1166 1673 1235 gestirent.
1725 1166 1846 1236 lpse

249 1261 436 1308 autem
483 1268 603 1309 eum
653 1253 920 1326 expeditis
964 1254 1240 1326 equitibus
1273 1257 1296 1289 ⁸
1325 1271 1497 1328 usque
1526 1257 1596 1312 ad
1633 1265 1842 1328 portam

241 1342 512 1402 Collinam
537 1346 772 1403 infestus
816 1347 1046 1403 accessit
1068 1390 1086 1416 ,
1116 1347 1315 1404 deinde
1345 1364 1539 1406 omnes
1568 1351 1755 1420 c0pias
1789 1350 1842 1405 in

258 1441 432 1496 aciem
480 1440 704 1498 direxit.
736 1443 757 1475 '
785 1439 894 1497 Sed
938 1448 994 1497 et
1039 1442 1312 1509 consules,
1351 1439 1689 1512 Fulviusque
1719 1456 1846 1513 pro-

251 1532 479 1588 consule
517 1547 626 1588 non
675 1532 1051 1589 detrectavere
1092 1549 1348 1604 pugnam.
1391 1534 1458 1588 At
1487 1534 1580 1589 ubi
1611 1535 1654 1567 ¹⁰
1679 1549 1844 1605 expo-

240 1624 368 1680 sita:
425 1623 693 1695 utrimque
765 1625 913 1680 acies
959 1624 1363 1692 constiterunt,
1441 1627 1494 1680 in
1545 1637 1842 1697 conspectu

1952 416 2088 473 mihi
2113 417 2512 474 obtrectatores
2533 416 2645 472 veri
2688 417 2782 473 Dei
2821 415 2925 473 hoc
2958 416 3113 485 loco,
3150 419 3194 449 "
3221 415 3476 474 Annibali
3521 433 3553 474 a

1951 509 2284 579 capessenda
2315 507 2734 580 subruendaqne
2763 507 2934 562 Roma
2960 518 3140 562 utrum
3172 506 3422 563 Romana
3455 508 3552 564 ob-

1949 602 2088 656 stitit
2117 601 2400 669 fortitudo,
2423 616 2491 656 an
2520 599 2702 656 divina
2725 601 3027 667 miseratio,
3051 608 3144 655 aut
3170 601 3395 656 forsitan
3418 617 3552 657 con-

1950 694 2152 750 servati
2185 693 2272 750 isti
2301 693 2663 764 dedignantur
2692 693 2847 748 fateri
2870 735 2884 760 ,
2931 693 3076 765 quod
3115 693 3349 749 Annibal
3381 703 3436 749 et
3468 695 3548 750 vi-

1953 797 2078 844 ctor
2097 788 2346 844 extimuit
2371 829 2388 856 ,
2415 798 2468 843 et
2495 787 2696 844 cedens
2719 786 3010 858 probavit?
3042 785 3112 842 At
3139 788 3183 842 si
3216 787 3374 842 istam
3407 787 3550 842 divi-

1949 896 2074 936 nam
2116 881 2340 938 tutelam
2370 881 2413 912 ¹³
2441 897 2541 953 per
2569 881 2807 953 pluviam
2847 881 2916 936 de
2945 881 3086 938 etelo
3109 882 3324 939 venisse
3372 882 3548 937 maui-

1947 972 2146 1030 frstum
2172 984 2253 1031 est
2278 1017 2294 1043 ,
2323 974 2496 1046 ipsam
2535 983 2715 1031 autem
2743 975 2978 1045 pluviam
3019 976 3339 1046 opportunis
3365 985 3421 1032 et
3449 993 3545 1032 ne-

1946 1066 2201 1123 cessariis
2230 1067 2567 1138 temporibus
2599 1082 2710 1121 non
2735 1067 2835 1122 nisi
2869 1082 2963 1136 per
2987 1065 3265 1121 Christum
3295 1108 3311 1130 ,
3345 1068 3435 1137 qui
3465 1077 3547 1122 est

1947 1173 2112 1214 verus
2144 1158 2287 1214 Deus
2308 1202 2322 1226 ,
2353 1159 2653 1214 ministrari
2679 1199 2693 1222 ,
2724 1159 2889 1214 etiam
2921 1157 2963 1189 ”
2985 1157 3054 1213 ab
3082 1157 3393 1227 hujusmodi
3416 1159 3551 1213 satis

1947 1260 2102 1306 certo
2149 1252 2318 1316 sciri,
2367 1267 2467 1308 nec
2522 1253 2706 1324 negari
2755 1266 2915 1322 posse
2959 1252 3250 1323 existimo,
3308 1252 3549 1307 maxime

1947 1360 2093 1399 nunc
2117 1385 2132 1410 ,
2163 1345 2380 1416 quando
2420 1345 2487 1401 ad
2533 1345 2921 1400 documentum
2955 1345 3214 1416 potentia:
3256 1343 3378 1416 ejus
3422 1360 3544 1401 cum

1945 1438 2196 1495 siccitate
2223 1438 2475 1495 turbante
2497 1482 2512 1506 ,
2548 1439 2785 1508 pluviam
2829 1454 3058 1510 poscere
3083 1438 3302 1494 assidue
3324 1440 3542 1494 contin-

1945 1530 2049 1601 git,
2072 1539 2128 1587 et
2153 1532 2381 1587 alternis
2405 1532 2613 1588 vicibus
2639 1549 2780 1588 nunc
2807 1533 3058 1604 gentiles,
3085 1548 3227 1588 nunc
3249 1532 3548 1589 Christiani

1948 1634 2142 1694 rogant
2174 1642 2188 1680 :
2214 1640 2314 1681 nec
2336 1641 2590 1697 umquam
2613 1627 2776 1681 etiam
2802 1626 2935 1696 ipsis
2964 1626 3194 1682 testibus
3216 1625 3416 1682 factum
3439 1636 3548 1694 est,

240 1714 458 1782 Romae,
485 1715 770 1788 praemium
798 1716 838 1747 “
871 1715 1094 1771 victoris
1121 1715 1317 1772 futura:
1340 1756 1358 1784 ,
1383 1717 1541 1789 261
1578 1727 1759 1774 tantus
1788 1733 1848 1774 se
1877 1723 1922 1784 Β
1953 1728 2011 1773 ιιι
2030 1719 2200 1789 optati
2235 1718 2436 1774 imbres
2465 1719 2854 1788 superveniant
2879 1719 2978 1774 nisi
3011 1718 3062 1772 in
3093 1719 3180 1774 die
3207 1759 3222 1783 ,
3255 1719 3298 1748 ¹³
3328 1735 3436 1790 quo
3459 1734 3548 1774 ro-

234 1807 424 1864 subito
454 1809 628 1866 imber
661 1824 692 1866 e
724 1808 955 1865 nubibus
984 1809 1249 1880 grandine
1291 1811 1490 1865 mixtus
1519 1810 1706 1868 elludit
1730 1852 1746 1880 ,
1785 1822 1845 1868 ut

233 1903 465 1958 surhata
495 1901 740 1974 agmina,
771 1901 862 1957 vix
895 1903 1062 1956 armis
1085 1902 1340 1971 retentis,
1375 1901 1428 1956 in
1459 1917 1556 1958 sua
1585 1918 1645 1960 se
1666 1912 1843 1960 castra

231 1993 588 2063 colligerent.
627 1993 832 2048 Deinde
871 2007 993 2047 cum
1035 1993 1326 2048 serenitate
1372 1993 1581 2049 reddita
1614 1995 1668 2050 in
1695 2011 1844 2051 cam-

232 2101 372 2157 pum
399 2086 572 2157 copia:
597 2096 760 2157 atque
791 2086 844 2141 in
876 2086 1046 2142 aciem
1078 2086 1372 2155 redissent,
1396 2103 1609 2144 rursum
1638 2089 1845 2146 violen-

241 2179 354 2234 sior
376 2179 492 2235 lusa
510 2186 822 2249 tempestas,
838 2177 1044 2248 majore
1065 2187 1212 2235 metu
1234 2179 1540 2236 mortalium
1559 2181 1842 2238 audaciam

241 2270 488 2326 coercuit
515 2311 530 2336 ,
575 2269 905 2341 territosque
935 2272 1211 2328 exercitus
1241 2273 1496 2344 refugere
1523 2275 1578 2329 in
1610 2275 1842 2330 tentoria

241 2361 442 2434 coegit.
499 2362 652 2418 Tunc
700 2375 1006 2419 conversus
1068 2364 1121 2419 in
1194 2364 1513 2436 religionem
1565 2366 1845 2436 Annibal,

243 2453 448 2511 dixisse
473 2454 671 2523 fertur,
699 2452 978 2526 potiunda:
1009 2454 1112 2512 sibi
1158 2455 1345 2512 Romm
1385 2457 1550 2514 modo
1583 2458 1840 2514 volunta-

1947 1811 2063 1881 gari
2109 1811 2386 1867 Christum
2436 1819 2493 1868 et
2535 1811 2857 1867 CltriStianis
2911 1828 3104 1882 rogare
3152 1813 3485 1883 permittitur
3531 1832 3546 1870 :

1948 1902 2140 1974 procul
2199 1902 2365 1958 dubio
2417 1912 2674 1970 constat,
2735 1903 2922 1959 urbem
2979 1903 3206 1959 Romam
3251 1920 3348 1976 per
3405 1905 3547 1962 hunc

1945 1995 2198 2052 eumdem
2227 2011 2419 2052 verum
2445 1996 2616 2052 Demn
2633 2038 2649 2064 ,
2681 1997 2771 2068 qui
2799 2007 2884 2053 est
2905 1994 3151 2052 Christus
3173 1998 3336 2055 Jcsus
3356 2041 3371 2066 ,
3397 2000 3546 2055 ordi-

1948 2099 2166 2146 nantem
2189 2089 2488 2146 secundum
2519 2091 2777 2161 placitum
2800 2091 3091 2147 inell'ahilis
3112 2093 3300 2161 judicii
3331 2095 3411 2148 sui
3439 2134 3454 2157 ,
3491 2103 3546 2148 ct

1949 2189 2081 2237 tunc
2109 2181 2177 2237 ad
2201 2183 2395 2238 futura:
2420 2181 2543 2238 fidei
2565 2183 2946 2238 credulitatem
2969 2192 3241 2238 servatam
3275 2184 3463 2249 fuisse,
3493 2194 3550 2240 ct

1949 2291 2095 2331 nunc
2120 2275 2164 2308 “
2193 2291 2289 2346 pro
2318 2284 2469 2346 parte
2491 2275 2576 2331 sui
2609 2275 2892 2331 incredula
2915 2275 3254 2346 castigatam.
3286 2280 3356 2333 At
3382 2277 3545 2348 262

1949 2383 2081 2424 vero
2112 2369 2164 2423 in
2195 2367 2454 2440 Hispania
2497 2367 2660 2423 ambo
2689 2367 2976 2438 Scipiones
3005 2384 3036 2422 a
3069 2368 3109 2399 ”
3144 2369 3310 2424 fratre
3339 2369 3548 2424 Asdru-

1946 2457 2067 2515 balc
2095 2459 2366 2516 interfecti
2400 2468 2543 2515 sunt.
2580 2458 2636 2514 ln
2672 2459 2970 2530 Campania
3001 2458 3185 2531 Capua
3214 2469 3369 2532 capta
3400 2469 3480 2516 est
3512 2476 3542 2516 a

1535 2567 1994 2624 HAVERCAHPI
2032 2567 2267 2624 NOTIE.

316 2657 372 2714 ’5.
417 2655 626 2733 Decimo
646 2675 786 2716 anno
813 2669 946 2733 post.
983 2659 1275 2733 EutrOpius
1303 2673 1525 2733 quoque
1569 2659 1841 2716 decimum

248 2730 406 2804 l_mjus
454 2729 584 2785 belli
624 2729 828 2788 annum
879 2729 1177 2800 numerat,
1219 2729 1457 2804 qui'aliis
1479 2739 1563 2786 est
1590 2742 1838 2786 octavus.

247 2799 513 2945 ὲλῖοςῖη.
539 2871 753 2945 Fulvio,
779 2872 848 2932 P.
886 2874 1138 2944 Sulpitio.
1165 2874 1300 2931 Male
1323 2875 1500 2932 Publii
1527 2888 1841 2945 prauomen

243 2942 300 2999 in
336 2943 504 3016 Fabr.
525 2954 578 3016 et
607 2944 777 3001 Scotti
805 2945 934 3001 edd.
965 2942 1260 3013 ottiittitur,
1283 2947 1408 3002 licet
1434 2947 1486 3002 in
1514 2942 1842 3016 quibusdam

242 3027 384 3088 mss.
418 3015 779 3072 desideretur.
807 3016 1069 3088 Copulam
1094 3027 1173 3081 et,
1204 3019 1460 3088 quoniam
1491 3015 1842 3088 meliores‘li-

1948 2659 2064 2716 curi
2117 2659 2186 2716 de
2228 2658 2456 2715 historia
2510 2669 2618 2716 tam
2667 2660 2834 2717 multa
2882 2671 3072 2718 contra
3099 2662 3270 2720 libros
3300 2674 3542 2722 vetustos

1946 2741 2328 2801 corruperunt.
2361 2732 2630 2786 Consules
2655 2741 2814 2788 erant
2852 2731 2954 2788 Cn.
2992 2733 3218 2789 Fulvius
3245 2737 3540 2794 Centuma-

1948 2802 2033 2875 lus
2061 2812 2113 2857 et
2162 2802 2223 2858 P.
2273 2801 2538 2874 Sulpitius
2589 2803 2786 2875 Galba.
2834 2805 2904 2859 At
2933 2806 2998 2872 ρ.
3034 2804 3259 2862 Fulvius
3287 2807 3537 2875 Flaccus,

1946 2874 2038 2946 qui
2070 2875 2350 2944 superiore
2383 2888 2528 2946 anno
2551 2874 2964 2946 consulfuerat.
2999 2885 3054 2931 et
3074 2876 3186 2946 jam
3214 2874 3544 2946 proconsule

1945 2943 2194 3017 Capuam
2238 2959 2360 3017 cum
2395 2945 2570 3017 Appio
2618 2945 2942 3014 obsidebat,
2976 2943 3100 3002 inde
3126 2943 3330 3005 accitus
3359 2993 3373 3017 ,
3406 2952 3546 3008 inter

1948 3013 2303 3098 Esquilinam
2320 3013 2698 3098 Collinamque
2719 3013 2941 3098 portam
2965 3028 3145 3098 castra
3170 3013 3419 3076 habebat.
3454 3023 3548 3098 Li-

361 3102 468 3168 non
509 3098 849 3158 agnoscunt,
888 3085 1176 3143 omisimus
1201 3085 1234 3158 ,’
1249 3089 1391 3144 sicut
1419 3099 1468 3144 et
1503 3087 1708 3144 delevit
1737 3085 1844 3141 Fa-
1870 3105 1916 3168 ρ
1949 3085 2072 3168 vius
2113 3086 2571 3168 etualiimomnes.
2616 3085 2751 3168 Livii
2804 3087 2969 3142 verba
2995 3088 3088 3143 lib.
3123 3105 3270 3168 xxvi,
3299 3107 3418 3158 cap.
3450 3094 3538 3159 11,

241 3157 477 3212 bricius.

319 3229 374 3284 5.
423 3228 524 3282 Per
551 3228 848 3285 Sidicinum
878 3229 1320 3302 Suessanamque.
1371 3231 1708 3302 Suessanum
1735 3243 1843 3284 non

244 3299 653 3372 Sinuessanum,
686 3313 771 3357 est
798 3305 848 3356 in
881 3299 1242 3372 manuscript.
1274 3303 1452 3357 Orosii
1488 3301 1844 3372 Eutropiiquc

244 3369 444 3444 libtjs.‘
462 3371 647 3426 Livius
673 3372 816 3426 libro
841 3387 989 3437 xxvr,
1020 3369 1445 3444 perSuessulam
1469 3371 1846 3444 Alifanumque

241 3452 294 3495 et
323 3438 623 3513 Casinatem
662 3460 846 3513 agrum
875 3445 958 3496 ria
1009 3438 1198 3496 Latina
1229 3445 1407 3508 ducit,
1441 3445 1534 3497 ubi
1562 3438 1844 3513 Sigonius,

243 3525 350 3586 per
366 3511 766 3586 Suessulanuin,
799 3514 945 3586 legit.
979 3513 1147 3570 Silius
1178 3514 1306 3571 libr.
1335 3531 1409 3570 xtt
1431 3515 1534 3570 hoc
1556 3511 1689 3586 agro
1711 3529 1851 3586 pra:-

246 3584 441 3651 terito,
475 3585 544 3640 de
569 3587 779 3642 caeteris
812 3585 883 3640 ita
907 3586 1056 3641 canit
1082 3603 1094 3637 :

405 3704 530 3769 Ι[ιιιιι
551 3705 763 3756 Sidicina
781 3705 961 3769 legunt
981 3705 1258 3768 pernicibus
1282 3717 1399 3755 arva
1425 3705 1674 3769 maniplis,

405 3767 746 3832 Treiclamque
768 3768 938 3832 Calen,
965 3767 1156 3832 vestras
1177 3783 1203 3817 a
1226 3771 1424 3832 nomine
1444 3767 1565 3832 nati,

407 3829 628 3892 Qrithyia
643 3828 836 3891 domos;
862 3829 979 3878 hinc
1001 3828 1222 3892 Alifanus
1242 3830 1417 3881 laccho

403 3890 785 3956 Ijaud'inaratus
802 3904 942 3955 ager,
969 3891 1291 3956 nymphisque
1315 3892 1536 3944 habitata
1565 3890 1728 3942 Casini

412 3954 538 4003 Rura
563 3953 864 4014 evastantur,
891 3953 983 4004 etc.
1009 3953 1156 4004 Faba.

321 4079 374 4133 6.
421 4076 606 4132 Tribus
644 4078 876 4132 millibus
901 4078 966 4132 ab
997 4077 1153 4135 Urbe.
1198 4078 1289 4135 Sic
1315 4077 1539 4134 Livius:
1573 4075 1718 4130 Inter
1747 4076 1856 4131 lucc

255 4150 486 4221 Annibal
533 4149 602 4202 ad
648 4149 894 4221 Anienem
911 4152 1152 4221 _/lum'um
1188 4151 1291 4204 tria
1322 4150 1488 4203 millia
1518 4165 1774 4221 passuum
1793 4148 1856 4201 ab

257 4220 396 4274 Urbe
436 4230 606 4274 castra
638 4219 886 4275 admovit.
909 4219 1104 4277 Florus
1129 4221 1251 4275 libr.
1287 4237 1347 4290 ιι,
1379 4235 1497 4289 eap.
1519 4219 1584 4282 ἠδ,
1621 4219 1859 4290 Anniba-

251 4291 359 4345 lem
389 4302 570 4377 castra
597 4295 844 4377 posuisse
871 4295 1089 4377 attertio
1118 4292 1294 4377 lapide
1317 4289 1337 4358 ,⁷
1367 4293 1477 4376 ἰιὶι.
1505 4291 1737 4377 ‘Plinius
1764 4289 1856 4377 lib.

255 4378 348 4426 xv,
377 4377 500 4432 cap.
550 4361 641 4430 18,
687 4362 871 4417 Castra
899 4361 1103 4416 Ptmica
1143 4361 1211 4416 ad
1259 4364 1467 4417 tertium
1498 4361 1721 4433 lapidem
1752 4361 1862 4414 val-

257 4433 386 4504 lata.
417 4435 708 4504 Euerpius
739 4449 889 4497 vero,
935 4433 1164 4487 Annibal
1187 4449 1348 4503 usque
1372 4435 1442 4486 ad
1468 4443 1710 4504 quartana
1742 4432 1861 4486 mil-

1949 3164 2075 3228 sunt
2100 3172 2114 3209 :
2149 3154 2261 3210 Nec
2290 3153 2513 3228 laccus
2535 3159 2876 3228 consulesque
2897 3168 3152 3212 certamen
3183 3153 3540 3218 detrectavere.

1950 3226 2118 3282 Fusa.
2141 3256 2212 3266 —
2241 3227 2378 3283 Edtl.
2429 3235 2560 3282 vett.
2595 3226 2850 3298 excepta,
2886 3234 3143 3297 Attgust.,
3178 3230 3321 3286 lmdo
3347 3233 3545 3288 mendo

1951 3313 2059 3352 ιιοιι
2101 3307 2313 3366 carent,
2356 3298 2486 3352 dum
2537 3297 2816 3364 exhibent,
2845 3301 2936 3354 sed
2967 3309 3014 3355 et
3045 3302 3283 3357 consules
3324 3301 3544 3360 Fuluius

1950 3379 1998 3423 et
2027 3367 2244 3442 Publius
2268 3387 2372 3424 non
2393 3372 2734 3425 detrectavere
2754 3387 2999 3442 pugnant.

2023 3440 2112 3495 10.
2151 3439 2419 3511 Exposita:
2465 3439 2763 3512 utrumque
2789 3439 2951 3496 acies.
3007 3441 3159 3500 Meus
3204 3445 3375 3500 codex
3415 3461 3537 3502 cum

1952 3509 2194 3586 Florent.
2239 3509 2412 3586 'terti_o_
2452 3509 2666 3567 mavult
2701 3519 2935 3586 exposita
2973 3515 3228 3586 utrimque
3271 3519 3401 3570 acie.
3434 3521 3538 3573 Sed

1953 3583 2154 3663 Latine.
2169 3585 2337 3652 magis
2356 3583 2602 3663 Floreat.
2621 3585 2873 3650 secund.,
2891 3585 2956 3639 At
2981 3586 3069 3642 ubi
3083 3583 3335 3657 expedite
3363 3591 3544 3643 utrim-

1953 3669 2050 3722 que
2077 3656 2212 3707 acies
2241 3655 2601 3708 constiterunt.

2027 3726 2118 3778 11.
2168 3723 2412 3800 Victoris.
2465 3723 2619 3779 Vinc.
2654 3723 2926 3780 Bellovac.
2950 3767 2967 3794 ,
3018 3727 3144 3782 edd.
3178 3735 3233 3783 et
3265 3741 3395 3782 mss.
3429 3730 3546 3800 qui-

1957 3794 2106 3858 dam,
2131 3796 2378 3848 victorian

2031 3864 2118 3940 l2.
2161 3865 2425 3940 Annibali.
2454 3865 2518 3940 _lu
2557 3865 2746 3922 codice
2786 3882 2942 3932 meo,
2974 3877 3030 3921 ut
3067 3879 3117 3922 et
3153 3868 3293 3923 L’ltr.
3330 3869 3547 3940 legitur,

1958 3935 2300 4002 Annibalem;
2327 3937 2469 4008 quod
2501 3953 2530 3991 a
2553 3953 2640 3992 mc
2671 3941 2932 3993 monitum
2975 3954 3084 3993 non
3109 3940 3316 4008 fuisset,
3350 3935 3454 3996 nisi
3495 3956 3548 3996 ιιι

1959 4008 2012 4080 i_n
2045 4008 2169 4061 cod.
2218 4008 2460 4078 Longob.
2493 4019 2544 4064 ct
2577 4010 2628 4063 in
2677 4010 2900 4080 reliquis
2936 4009 3147 4065 duobus
3169 4013 3479 4069 vctustissiu
3506 4014 3550 4069 is

1960 4077 2207 4152 Floreat.
2240 4083 2319 4134 sic
2345 4077 2575 4150 quoque
2617 4077 2971 4137 scriberetur.
3015 4082 3148 4137 Hinc
3186 4084 3433 4152 suSpieor
3475 4085 3552 4141 lc-

1962 4161 2107 4205 ctum
2136 4151 2188 4204 in
2220 4166 2350 4224 mss.
2385 4151 2512 4224 olim
2544 4166 2640 4224 pro
2670 4152 2887 4218 obstitit,
2919 4154 3062 4223 quod
3087 4151 3351 4224 sequitur,
3383 4165 3436 4210 et
3456 4173 3552 4224 pro

1962 4237 2068 4289 quo
2099 4223 2283 4275 restitit
2319 4223 2565 4290 qumdam
2601 4223 2800 4277 habent
2827 4224 2952 4278 cdd.
2987 4225 3153 4278 luisse
3189 4227 3422 4280 abstulit.
3458 4223 3552 4280 Dei

1965 4293 2216 4346 videlicet
2246 4294 2523 4364 miseratio
2544 4293 2767 4346 abstulit
2803 4303 2858 4347 et
2887 4294 3090 4348 amovit
3121 4306 3438 4364 tempestate
3461 4311 3554 4350 Stt-

1965 4364 2074 4417 bita
2106 4378 2135 4416 a
2168 4365 2338 4417 muris
2368 4363 2553 4416 Roma:
2574 4364 2894 4419 Annibalem
2919 4409 2933 4432 ,
2959 4380 3117 4434 quem
3149 4363 3338 4421 arcere
3364 4383 3556 4422 manus

1968 4434 2221 4487 humanas
2252 4449 2279 4486 a
2313 4434 2575 4502 capienda
2605 4435 2795 4489 eadem
2828 4449 2934 4488 non
2966 4446 3234 4499 poterant.

256 4503 467 4557 liarium
501 4494 657 4560 Urbis
703 4494 938 4572 accessit,
971 4518 1202 4575 quocum
1239 4494 1513 4559 consentit
1556 4506 1857 4573 Appianus.
1890 4494 1940 4554 Ι)
2037 4506 2125 4560 15.
2171 4503 2277 4557 Per
2318 4494 2572 4574 pluviam.
2605 4505 2736 4575 Qua:
2777 4519 2922 4575 saepe
2968 4494 3230 4561 Romanis
3273 4508 3325 4561 in
3375 4506 3553 4563 dubiis

253 4576 446 4646 quiin,
472 4576 607 4630 libro
645 4575 714 4630 de
741 4577 905 4631 rebus
952 4575 1473 4646 Annibalisiscribit
1506 4575 1680 4646 ipsum
1709 4589 1857 4646 xxx"

256 4644 326 4699 ab
357 4645 504 4702 Urbe
535 4647 706 4701 stadia
730 4647 798 4700 ad
827 4646 1096 4701 Anienem
1133 4644 1360 4699 [luvium
1385 4644 1566 4700 castra
1589 4645 1858 4714 posuisse.

253 4718 327 4771 Αι
359 4717 552 4790 Polyb.
588 4718 680 4772 lib.
715 4731 766 4772 lx
797 4734 811 4771 :
839 4715 1016 4772 Ἐλαθε
1042 4715 1229 4790 διαϐὰς
1254 4718 1342 4772 τὸν
1365 4719 1596 4790 ’Δγνίωνα
1631 4716 1860 4790 ποτοεμόν

255 4792 335 4878 rei
374 4786 680 4863 σννὶγγὶσας
723 4791 854 4845 ὥστε
884 4794 955 4861 μή
1002 4788 1179 4878 πλείου
1227 4789 1605 4878 tetraphoris:
1639 4786 1862 4878 στειδὼιν

255 4858 518 4932 ἀποσχὼῦ
536 4858 636 4922 ⁷ιιυιής·
657 4863 848 4931 Ῥώμης
873 4858 1187 4919 ’ἐποιήσαο-ϐαι
1211 4863 1304 4919 τὴν
1324 4858 1668 4935 πάμμϐολήν.
1701 4858 1860 4911 Ληιιί-

257 4930 341 4983 bal
362 4933 540 4986 insciis
567 4929 817 4986 Remanis
844 4931 1092 4985 Anienem
1111 4933 1328 5000 ﬂuvium
1353 4942 1727 5000 transgressus,
1755 4938 1860 4981 tant

255 5018 420 5072 prope
464 5003 713 5068 accessit,
746 5011 804 5056 ut
834 5011 1002 5056 castra
1018 4998 1217 5072 ista—diis
1254 4998 1700 5072 xcsiveimilltbus
1732 5015 1861 5072 pas-

255 5069 409 5127 suum
439 5088 471 5145 v
501 5089 606 5126 non
638 5073 864 5145 amplius
915 5071 1148 5145 abUrbe
1177 5072 1378 5141 fecerit.
1428 5071 1597 5126 Fann.
1631 5099 1700 5110 -—
1732 5069 1862 5124 Vin-

260 5153 408 5199 ceut.
443 5143 680 5208 Bellov.,
714 5143 879 5198 tribus
909 5144 1240 5198 milliaribus.

334 5212 717 5286 7.hlnimur0s.
746 5213 881 5270 Coll.
898 5214 1147 5286 Longob.
1167 5227 1290 5269 cum
1314 5213 1494 5269 tribus
1519 5211 1695 5284 Lugd.
1712 5211 1853 5266 Batt.

258 5300 292 5341 e
318 5284 458 5340 Coll.
483 5285 750 5354 Grouov.,
778 5288 832 5340 in
862 5284 1045 5339 muris.

332 5355 388 5410 8.
435 5355 611 5427 Usque
651 5353 961 5427 adportant
1011 5355 1294 5411 Collinam.
1343 5355 1541 5427 Cicero
1585 5353 1784 5427 Philip.
1818 5369 1860 5422 ι,

261 5425 530 5498 Annibal,
556 5429 735 5498 credo,
761 5425 889 5498 'er'at
931 5427 1002 5481 ad
1035 5436 1236 5498 portas.
1268 5427 1375 5484 Sed
1400 5425 1577 5482 dehis
1607 5425 1860 5481 omnibus

262 5497 454 5553 Livius
481 5497 727 5568 copiose.
757 5497 924 5554 Fam.

335 5573 392 5624 9.
437 5566 614 5625 Sed—ct
635 5571 904 5636 consules,
932 5567 1256 5640 Fulviusque
1293 5568 1626 5640 proconsule.
1672 5566 1750 5622 lla
1779 5567 1867 5640 hic

1967 4576 2129 4630 rebus
2159 4589 2412 4644 magnum
2449 4574 2700 4638 praestitit
2731 4574 3176 4631 emolumentum.
3210 4577 3436 4632 Orosius
3461 4597 3560 4633 au-

1967 4653 2076 4700 tem
2123 4645 2176 4699 in
2231 4645 2378 4700 hisce
2418 4645 2558 4699 idem
2610 4655 2807 4701 trac1at
2856 4659 3232 4716 argumentum
3279 4659 3334 4704 et
3366 4650 3558 4706 eodem

1969 4717 2154 4784 modo,
2185 4726 2243 4770 ut
2273 4716 2619 4788 Tertulianus
2651 4718 2702 4771 in
2736 4717 3087 4788 Apologetieo
3109 4733 3230 4787 cap.
3260 4735 3314 4774 v.

2045 4789 2134 4860 14.
2183 4788 2260 4860 Ab
2300 4786 2624 4860 hujusmodi.
2659 4786 2796 4856 Quia
2837 4786 2941 4860 non
2972 4791 3103 4843 satis
3133 4786 3255 4858 apte
3281 4790 3560 4847 colitererc

1971 4859 2135 4914 verba
2169 4858 2446 4930 videntur,
2480 4859 2602 4912 edd.
2639 4861 2810 4930 prima
2839 4870 2892 4914 et
2919 4859 3098 4915 Paris.
3130 4870 3183 4914 et
3217 4861 3435 4918 Veneta:
3483 4868 3563 4917 in-

1970 4939 2248 4986 terserunt
2269 4929 2566 4984 hominibus
2591 4969 2606 4995 ,
2641 4929 2834 4984 contra
2859 4943 3050 4985 omnes
3082 4945 3213 4987 mss.
3236 4931 3400 4989 Forte
3423 4937 3564 4989 srri-

1969 5003 2076 5072 psit
2109 5003 2314 5074 Auctor
2360 5003 2424 5054 ab
2467 4999 3064 5074 hujusmodiiservatis,
3114 5017 3213 5074 pro
3259 5019 3368 5074 quo
3397 5009 3562 5060 vetbn

1965 5071 2355 5141 Compendiose
2386 5087 2486 5141 pro
2521 5071 2669 5127 more
2695 5073 2899 5142 scripto
2925 5111 2940 5135 ,
2988 5073 3190 5128 deinde
3229 5071 3562 5131 successisse

1965 5143 2183 5198 videtur
2204 5145 2351 5197 satis.
2369 5143 2700 5213 rllespondet
2716 5153 2866 5198 certe
2887 5143 3196 5199 emendatio
3218 5157 3400 5202 nostra
3432 5148 3556 5212 illis,

1963 5229 2105 5289 quas!
2123 5228 2287 5289 supra
2325 5212 2512 5289 dixit,
2541 5217 2824 5289 conservati
2871 5216 2956 5289 isti
2997 5215 3346 5289 dedignantur
3385 5221 3558 5289 fateri.

2038 5285 2127 5340 15.
2169 5285 2284 5348 Quo
2330 5284 2507 5355 rogari
2551 5283 2835 5356 Christum.
2886 5285 3069 5356 Lugd.
3104 5283 3222 5342 Bat.
3276 5283 3395 5343 sec:
3431 5303 3552 5340 cum

1962 5354 2216 5429 Perizon.
2240 5399 2254 5424 ,
2298 5353 2409 5429 quo
2434 5353 2921 5429 rogareqC‘hristum
2961 5353 3007 5411 Et
3037 5355 3342 5414 Christianis
3386 5360 3558 5429 rogari

1971 5425 2318 5499 permittitur.
2343 5425 2449 5480 Pro
2479 5425 2793 5499 permittitur
2815 5428 2964 5483 Mens
2991 5431 3106 5484 vult
3132 5425 3450 5499 permittunt.

2045 5499 2132 5554 16.
2175 5496 2285 5570 Pro
2311 5505 2466 5570 parte,
2481 5496 2589 5570 sui.
2618 5497 2732 5570 Ed.
2766 5501 3018 5570 August.,
3063 5496 3156 5570 pro
3184 5499 3427 5570 tarditate
3455 5501 3558 5554 sui.

2044 5570 2131 5652 17.
2247 5567 2741 5652 [ratre'zisdrubalm
2766 5567 3169 5652 Ita—legendum,
3205 5585 3334 5652 non,
3347 5569 3559 5652 {Asdru-

272 5639 429 5694 locus
449 5650 598 5696 recte
630 5641 682 5696 in
715 5642 968 5696 omnibus
999 5637 1384 5710 manuscriptis
1418 5641 1735 5710 legitur,-ut
1765 5637 1868 5694 mi-
1971 5640 2121 5695 bulis.
2155 5637 2423 5695 Asdrubal
2452 5638 2775 5703 Barchinus,
2806 5637 3102 5710 Annibalis
3122 5641 3310 5705 frater,
3344 5640 3407 5696 P.
3435 5639 3556 5697 Sei~

272 5711 381 5769 rari
421 5713 557 5772 satis
604 5727 714 5772 non
764 5711 968 5787 possim
1004 5711 1383 5786 negligentiam
1413 5725 1629 5782 eorum,
1651 5710 1743 5782 qui
1778 5723 1866 5768 se-

1971 5711 2191 5785 pionem
2220 5724 2346 5769 cum
2373 5711 2616 5771 exercitu
2645 5710 2876 5783 delevit,
2912 5725 2977 5768 ac
3003 5709 3428 5784 undetrigesimo
3467 5713 3556 5774 die
