4088 6170
315 224 416 286 901

1321 231 1798 295 HISTORIAIIUM
1837 234 2041 296 LIBER
2080 234 2170 296 IV.
2213 237 2367 296 C\P.
2412 238 2603 297 XVIII.
3113 243 3148 280 τ’

3506 248 3616 310 902

315 345 424 402 lein
459 345 609 414 vicit,
658 352 714 402 et
743 347 940 406 castris
964 349 1132 407 esuit.
1178 351 1451 412 Prmterea
1480 357 1752 427 octoginta
1783 354 1914 412 civi-
1945 357 1992 414 A
2026 361 2136 420 cto,
2188 357 2540 415 necabantur.
2585 359 2642 416 Id
2691 373 2862 431 genus
2905 361 3253 432 occidendae,
3299 381 3422 424 cum
3470 383 3608 438 opus

316 447 475 506 tates,
504 450 596 496 aut
623 440 923 510 deditione,
955 455 1049 502 aut
1077 447 1222 504 bello
1250 451 1302 506 in
1334 460 1654 521 potestatem
1687 450 1913 522 redegit.

314 535 459 594 Afris
489 534 592 591 sub
616 550 816 594 corona
847 539 1104 605 venditis,
1139 543 1257 600 sine
1286 547 1464 617 pretio
1498 547 1705 604 dimisit
1728 547 1918 618 Ilispa-

315 640 437 682 nos.
465 625 703 683 Annibal
735 639 1028 702 utrumque
1070 638 1346 694 consulem
1377 639 1688 696 Marcellum
1719 651 1774 695 et
1800 638 1918 695 Cri-

313 719 559 790 spinum,
590 719 804 778 insidiis
832 723 1257 796 circumventos,
1292 731 1589 788 interfecit.
1624 734 1662 765 “
1689 731 1916 786 Claudio

310 813 525 871 Nerone
561 822 617 872 et
657 817 730 872 ιι.
761 817 917 872 Livio
945 818 1255 880 Salinatore
1281 825 1628 890 consulibus,
1661 841 1784 881 eum
1815 825 1915 882 As-

309 908 502 964 drubal
516 908 798 968 Annibalis
822 910 988 968 frater
1011 916 1079 970 ab
1096 917 1365 987 Hispaniis
1389 934 1480 986 per
1498 919 1697 976 Gallias
1716 919 1784 976 ad
1807 918 1914 974 Ita-

309 1005 438 1060 liam
468 1006 704 1074 veniret,
724 1007 1018 1078 iussusque
1041 1025 1069 1064 a
1086 1009 1647 1082 Carthaginiensibus,
1672 1022 1729 1067 nt
1761 1011 1910 1068 fratri

305 1111 431 1152 cum
454 1099 625 1168 copiis
641 1098 985 1169 iungeretur,
1010 1116 1201 1173 magna
1223 1117 1406 1159 secum
1430 1105 1626 1159 auxilia
1646 1105 1911 1175 Hispano-

305 1205 426 1246 rum
482 1190 868 1264 Gallorumque
899 1194 940 1226 “
971 1193 1285 1260 deduceret,
1331 1211 1455 1252 cum
1504 1206 1772 1252 maturato
1810 1197 1908 1252 ad-

303 1294 467 1340 ventu
495 1284 839 1341 descendisse
857 1285 969 1357 jam
1003 1301 1070 1344 ex
1104 1289 1331 1358 Alpibus
1365 1290 1408 1323 “
1437 1290 1750 1346 consulibus
1781 1305 1908 1357 pro-

304 1376 447 1433 ditus
495 1377 730 1444 luisset,‘
758 1379 828 1434 ab
857 1381 1101 1436 exercitu
1127 1381 1394 1448 Romano,
1423 1383 1707 1453 ignorante
1737 1383 1909 1438 Anni-

302 1467 443 1534 bale,
475 1480 800 1538 prteventus,
827 1473 988 1544 235
1009 1489 1132 1528 cum
1169 1475 1315 1529 omni
1345 1476 1594 1531 exercitu
1612 1490 1712 1530 suo
1736 1476 1908 1532 inter-

300 1561 475 1620 fectus
511 1572 614 1620 est.
649 1564 748 1619 Diti
790 1564 1011 1635 quidem
1056 1567 1300 1623 incertus
1341 1568 1466 1624 belli
1507 1576 1737 1634 eventus
1779 1569 1902 1634 fuit,

299 1654 606 1724 elephantis
624 1657 861 1713 maxime
876 1657 1174 1714 Romanam
1200 1659 1586 1717 infestantibns
1602 1662 1800 1728 aciem,
1815 1667 1904 1733 qui

2022 457 2192 512 esset,
2242 447 2460 516 bellum,
2489 451 2533 483 ¹⁶
2563 450 2704 508 idem
2748 453 2858 509 dus
2898 454 3168 513 Asdrubal
3215 460 3419 529 primus
3458 461 3612 520 inve-

2021 549 2196 594 nerat.
2234 541 2356 597 Fuit
2400 542 2504 600 hoc
2547 545 2737 615 praelio
2776 546 2961 603 Pmnis
2993 550 3036 582 "
3067 549 3341 608 Metaurus
3385 553 3610 626 ﬂumen,
3641 561 3650 568 ’

2021 631 2109 686 tibi
2158 632 2426 690 Asdrubal
2465 648 2548 692 est
2589 638 2784 704 victus,
2816 641 2971 711 quasi
3020 642 3378 702 Trasimenus
3420 648 3610 708 lacus:

2020 728 2065 760 ¹⁸
2109 735 2159 780 et
2187 725 2330 782 Sena
2384 726 2567 783 Piceni
2609 731 2824 796 civitas,
2855 741 2918 788 ut
2961 734 3112 791 vicus
3143 735 3236 792 ille
3261 738 3568 796 Cannensis
3599 760 3614 798 :

2019 815 2062 849 "
2093 833 2214 872 nam
2245 819 2632 893 quinquaginta
2663 832 2718 880 et
2759 834 2885 881 octo
2924 826 3093 883 millia
3124 828 3193 886 de
3232 835 3475 890 exercitu
3511 836 3612 890 As-

2014 907 2262 966 drubalis
2303 911 2374 967 ibi
2406 915 2584 972 occisa
2617 926 2760 983 sunt,
2785 928 2941 989 capta
2981 932 3108 978 sunt
3155 924 3396 996 quinque
3433 927 3599 985 millia

2016 1001 2418 1074 quadringenti.
2449 1005 2494 1036 ¹⁰
2522 1006 2764 1075 Quatuor
2792 1011 2959 1065 millia
2999 1013 3198 1070 civium
3236 1016 3606 1076 Romanorum

2013 1091 2156 1150 inter
2178 1109 2275 1150 eos
2305 1107 2516 1166 reperta
2547 1108 2710 1170 atque
2738 1113 2986 1160 revocata
3018 1114 3163 1172 sunt,
3197 1109 3342 1178 quod
3371 1110 3595 1167 victori-

2015 1185 2112 1242 bus
2133 1189 2450 1246 consulibus
2479 1192 2671 1248 solatio
2693 1194 2812 1250 fuit.
2841 1195 2974 1253 Nam
3003 1199 3167 1272 266
3191 1210 3246 1256 et
3268 1202 3337 1257 ab
3363 1205 3608 1262 exercitu

2012 1294 2203 1337 eorum
2236 1292 2359 1338 octo
2389 1286 2556 1341 millia
2588 1288 2924 1346 ceciderunt.
2955 1294 3206 1349 Annibali
3236 1306 3398 1368 caput
3424 1297 3608 1358 fratris

2011 1370 2094 1425 sui
2129 1372 2471 1440 Asdrubalis,
2501 1388 2628 1434 ante
2651 1387 2838 1440 castra
2870 1382 3174 1453 projectum
3204 1396 3308 1442 est.
3340 1387 3461 1457 Quo
3493 1392 3610 1448 viso

2009 1472 2064 1520 et
2109 1465 2274 1522 simul
2323 1468 2477 1526 clade
2527 1471 2820 1530 Poenorum
2861 1480 3102 1548 cognita,
3136 1482 3177 1516 ¹¹
3200 1495 3346 1538 anno
3388 1484 3604 1544 decimo

2009 1557 2172 1614 tertio
2197 1576 2357 1629 quam
2386 1561 2440 1618 in
2477 1563 2685 1622 Italiam
2715 1578 2963 1639 venerat,
2998 1572 3198 1645 refugit
3245 1577 3299 1632 in
3329 1578 3590 1637 Bruttios.

2019 1647 2152 1706 Post
2175 1649 2292 1708 haec
2319 1667 2462 1710 anno
2488 1659 2750 1714 continuo
2778 1660 2920 1718 inter
2959 1663 3284 1724 Annibalem
3312 1678 3366 1724 et
3398 1670 3599 1728 Roma-

294 1759 328 1801 a
349 1747 612 1804 militibus
640 1748 1136 1816 Romanis“occisi
1173 1753 1381 1816 sunt,”
1401 1766 1535 1822 quos
1562 1769 1591 1807 a
1624 1752 1884 1808 volitandt

2013 1755 2113 1796 nos
2141 1743 2296 1812 quies
2320 1759 2350 1799 a
2384 1749 2615 1804 tumultu
2644 1749 2910 1808 bellorum
2937 1755 3316 1816 intercessisse
3350 1763 3465 1818 visa
3495 1773 3601 1832 est,

205 1851 210 1855 '
290 1841 490 1897 velites
521 1847 722 1902 vocant
751 1860 765 1899 :
794 1842 940 1913 quod
982 1859 1152 1913 genus
1181 1845 1396 1900 militias
1444 1845 1608 1916 paulo
1635 1855 1765 1901 ante
1811 1861 1898 1900 re-

287 1941 509 2004 pertum
541 1934 740 2000 fuerat,
768 1945 825 1990 ut
849 1936 972 1992 lecti
1001 1935 1245 2006 agilitate
1270 1936 1521 2007 juvenes,
1557 1953 1679 1993 cum
1723 1938 1892 1995 armis

287 2024 406 2080 suis
437 2035 560 2094 post
591 2035 740 2098 terga
767 2027 1012 2098 equitum
1039 2029 1295 2084 sederent
1325 2045 1340 2083 ε
1375 2037 1430 2085 et
1473 2044 1595 2086 mox
1644 2046 1771 2085 cum
1813 2029 1881 2086 ad

287 2116 504 2174 hostem
529 2128 755 2175 ventum
801 2130 968 2186 esset,
1001 2121 1157 2189 equis
1185 2122 1490 2189 desilirent,
1527 2131 1582 2179 et
1610 2124 1871 2180 continuo

285 2209 497 2281 pedites
528 2208 632 2281 ipsi
664 2227 730 2266 ex
761 2211 866 2267 alia
899 2223 1053 2281 parte
1081 2214 1374 2284 equitibus,
1410 2231 1510 2286 per
1542 2231 1682 2286 quos
1711 2216 1876 2271 adve-

285 2303 357 2358 cti
400 2301 618 2360 fuerant
650 2303 1058 2373 dimicantibus,
1081 2295 1310 2363 'hostem
1358 2308 1764 2374 perturbarent.
1798 2307 1879 2366 Ab

285 2393 370 2449 bis
397 2409 527 2464 ergo
553 2395 808 2452 velitibus
837 2397 1116 2467 elephanti
1139 2399 1419 2466 retroacti,
1444 2416 1568 2456 cum
1613 2401 1726 2472 regi
1761 2401 1874 2470 jam

285 2500 318 2542 ιι
349 2487 464 2546 suis
492 2503 602 2546 non
638 2499 887 2560 possent,
918 2490 1098 2549 fabrili
1137 2492 1354 2566 scalpro
1383 2494 1522 2551 inter
1547 2509 1711 2550 aures
1738 2493 1872 2551 ada-

1999 1835 2121 1906 quia
2147 1835 2465 1907 inquietudo
2490 1842 2807 1899 morborum
2835 1847 2886 1901 in
2917 1850 3115 1906 castris
3140 1863 3280 1923 erat,
3311 1864 3367 1909 et
3386 1857 3595 1926 gravis-

1995 1925 2131 1981 sima
2197 1929 2510 1998 pestilentia
2546 1931 2592 1961 “
2630 1944 2862 2006 uterque
2926 1943 3199 1998 exercitus
3257 1925 3578 2015 angebatur.

1995 2024 2041 2056 ⁸³
2056 2015 2269 2076 Interea
2312 2019 2522 2092 Scipio,
2554 2024 2803 2082 universa
2839 2028 3093 2100 Hispania
3118 2047 3148 2086 a
3177 2032 3439 2106 Pyrenreo
3482 2053 3571 2094 us-

1987 2127 2094 2184 que
2132 2113 2200 2170 ad
2239 2114 2520 2172 Oceanum
2569 2119 2622 2175 in
2683 2120 3021 2190 provinciam
3071 2125 3316 2194 redacta,
3361 2129 3590 2188 Romam

1992 2206 2176 2263 venit:
2211 2203 2258 2236 “
2286 2209 2476 2264 consul
2503 2223 2626 2265 cum
2653 2210 2865 2268 Licinio
2885 2212 3086 2270 Crasso
3113 2230 3331 2277 creatus
3363 2222 3416 2277 in
3450 2224 3597 2281 Afri-

1991 2313 2112 2354 cam
2167 2301 2405 2366 transiit,
2461 2300 2751 2360 Annonem
2807 2305 3097 2362 Amilcaris
3144 2310 3350 2379 lilium,
3395 2313 3590 2370 ducem

1995 2391 2314 2463 Pteuorum,
2340 2393 2636 2464 interfecit,
2669 2397 2971 2454 exercitum
3015 2399 3134 2472 ejus
3181 2402 3380 2474 partim
3415 2407 3586 2474 ccede,

1984 2485 2182 2558 partim
2207 2485 2522 2556 captivitate
2543 2486 2868 2560 disperdidit
2895 2507 2912 2552 :
2943 2507 3066 2548 nam
3095 2493 3141 2525 ’⁵
3172 2494 3426 2552 undecim
3457 2499 3532 2555 mi
3551 2498 3593 2554 l-

1583 2689 2040 2751 IIAVEIICAMPI
2080 2689 2314 2750 ΝΟΤιΕ.

283 2845 400 2894 tum
441 2835 651 2912 Polybii
693 2851 760 2892 ex
790 2835 929 2912 libro
973 2843 1164 2912 octavo
1202 2835 1360 2912 unde
1409 2834 1602 2912 Livqu
1623 2834 1876 2912 sumpsit.

284 2909 510 2964 consule
538 2905 754 2978 quoque
784 2907 1083 2976 Appianum
1114 2909 1168 2978 in
1199 2906 1529 2978 Hispanicis.
1565 2905 1728 2961 FABR.

355 2981 443 3035 Η.
486 2976 706 3032 Claudio
738 2978 963 3044 Nerone,
995 2988 1041 3032 et
1075 2977 1126 3032 Μ
1139 3020 1152 3032 .
1187 2976 1354 3031 Livio.
1385 2977 1648 3038 ϐοιιειιιιες
1673 2978 1726 3042 Ιιί
1763 2976 1878 3032 fue-

280 3060 413 3108 runt
457 3066 600 3104 anno
630 3049 791 3105 Urbis
833 3051 1067 3104 conditae
1114 3065 1290 3103 DILVI.
1337 3049 1730 3116 Annibalisque
1767 3048 1875 3102 fra-

280 3131 422 3178 trem
455 3121 810 3176 A~drnhalem
839 3137 961 3175 eum
1010 3121 1216 3192 magnis
1248 3121 1431 3192 copiis
1459 3129 1872 3192 oppresserunt,

280 3192 428 3264 quod
471 3193 661 3247 scribit
686 3191 946 3262 Polybius
989 3190 1126 3264 libro
1155 3190 1460 3264 undecimo,
1492 3191 1874 3264 Liviussxvn,

281 3241 1653 3331 A1.;.i...i.‘.;'.ia;ei;.:s"iam5:.‘iis,"s;ii.;g"n5.;.v;
1684 3241 1879 3316 suae:
1908 3241 1948 3300 εἴ

282 3338 410 3390 nius
441 3336 493 3389 in
519 3333 759 3397 Tiberio,
791 3332 1007 3397 Florus,
1059 3333 1352 3403 Eutropius
1375 3341 1431 3388 et
1457 3332 1566 3387 alii.
1603 3331 1767 3386 FABR.

358 3406 443 3460 1‘2.
491 3405 794 3459 Deducerrt.
833 3404 1004 3469 Meus,
1033 3405 1256 3460 dureret.

355 3477 444 3533 I3.
485 3475 816 3531 Consulibus.
865 3475 1014 3530 Heus
1057 3491 1180 3530 cum
1210 3475 1344 3528 Coll.
1378 3473 1641 3535 Cronov.,
1685 3490 1875 3528 consu-

275 3546 413 3601 libus
440 3550 674 3618 proditus
701 3555 853 3618 esset,
880 3546 1034 3617 quasi
1065 3547 1226 3615 paulo
1252 3555 1376 3601 ante
1407 3547 1747 3600 descendisset
1779 3562 1876 3617 pro

277 3617 600 3673 descendisse
628 3617 908 3688 legendum
955 3625 1118 3672 esset.

355 3689 442 3744 ll.
479 3688 648 3742 Occisi
681 3685 827 3743 sunt.
864 3688 1250 3743 Desiderantur
1291 3687 1408 3742 haec
1445 3702 1556 3741 non
1597 3685 1762 3742 modo
1818 3686 1871 3743 in

276 3776 408 3815 meo
451 3762 574 3818 coit.
609 3771 664 3813 ιιι
704 3771 758 3816 et
812 3759 952 3816 Ultr.
994 3767 1158 3829 atque
1190 3758 1344 3812 Periz
1367 3776 1463 3824 ιιι,
1492 3757 1588 3812 sed
1617 3759 1870 3829 etiamin

273 3832 401 3888 col.
452 3831 694 3899 Longob.
726 3841 780 3886 et
816 3831 1031 3885 duobus
1073 3828 1312 3900 reliquis
1363 3828 1721 3884 Florentinis.
1769 3828 1871 3895 Qui

273 3903 516 3973 quinque
541 3917 676 3958 mss.
724 3918 847 3957 cum
901 3901 1063 3970 longe
1096 3900 1322 3971 reliquis
1358 3906 1656 3973 ipraistent,
1691 3900 1872 3968 suSpi-

277 3972 494 4029 cionem
533 3974 766 4042 aliquam
813 3973 1034 4028 merere
1079 3974 1311 4041 possint.
1356 3972 1690 4028 Praesertim.
1746 3986 1869 4026 cum

274 4045 558 4113 aliquanto
591 4055 716 4112 post
748 4059 853 4098 non
891 4059 923 4098 a
959 4044 1211 4097 velitibus
1251 4043 1865 4113 occisosielephantos,

275 4112 382 4170 sed
411 4125 736 4178 retroactos,
767 4124 927 4184 atqne
954 4129 983 4168 a
1011 4114 1192 4171 l’aanis
1214 4123 1270 4169 et
1296 4112 1603 4171 Asdrubale
1633 4113 1752 4184 ipso
1786 4114 1868 4168 in-

276 4187 537 4241 terfectos
568 4197 775 4240 narret.
810 4183 1013 4241 Sensus
1042 4198 1221 4240 tamen
1255 4187 1499 4256 postulat
1544 4183 1770 4256 aliquid
1795 4189 1870 4238 si-

276 4257 430 4312 mile.
466 4256 626 4312 Forte
665 4259 883 4326 scripsit
921 4256 1146 4312 Orosius
1189 4255 1311 4311 me
1338 4264 1482 4317 sunt,
1511 4257 1654 4325 quod
1701 4255 1864 4309 etiam

273 4331 564 4382 vulnerare
597 4326 884 4397 signiﬁcat,
911 4337 966 4382 ct
1007 4331 1086 4383 sic
1129 4329 1230 4382 hoc
1267 4330 1387 4382 loco
1425 4331 1650 4381 innuere
1678 4336 1866 4397 potest

274 4399 480 4454 bestias
514 4400 848 4466 vulneribus,
885 4411 942 4454 et
990 4401 1274 4454 vexatione
1323 4406 1626 4454 retroactas
1668 4398 1857 4452 fuisse.

272 4469 533 4538 Quamvis
577 4485 605 4522 a
650 4469 906 4524 Romanis
950 4485 1164 4540 quoque
1190 4470 1243 4524 in
1278 4475 1390 4540 ipsa
1437 4484 1610 4540 pugna
1647 4467 1857 4536 aliquot

274 4542 596 4607 elephantos
637 4540 801 4596 fui~se
851 4539 1510 4596 occisosinnuat’Livius
1560 4539 1652 4594 lib.
1687 4554 1854 4600 XXHI,

1985 2833 2215 2905 Impius,
2251 2833 2458 2905 Auctor
2505 2833 2572 2892 de
2604 2834 2750 2892 Viris
2793 2835 3123 2905 Illustribus,
3157 2850 3211 2898 et
3243 2843 3410 2899 Silius
3439 2847 3586 2904 scri-

1984 2903 2140 2958 bunt.
2187 2905 2323 2978 Ilinc
2368 2903 2562 2978 Cicero
2603 2907 2658 2961 in
2703 2907 2871 2963 Bruto
2923 2909 3026 2966 hoc
3073 2903 3308 2978 praelium
3365 2916 3592 2974 Senense

1983 2986 2160 3039 vocat,
2185 2976 2238 3030 in
2266 2993 2372 3044 quo
2401 2975 2678 3032 Salinator
2701 2978 2856 3033 ludos
2886 2975 3192 3038 Juventatis
3221 2986 3387 3040 vovit.
3411 2987 3580 3045 FABB.

2057 3047 2146 3101 I9.
2181 3045 2319 3099 Nam
2367 3061 2496 3101 LVIII
2531 3048 2716 3102 millia.
2747 3049 2844 3104 llic
2889 3067 3145 3108 numerus
3186 3063 3269 3110 est
3299 3057 3351 3110 in
3385 3062 3588 3116 nostris

1985 3118 2396 3191 manuscriptis,
2414 3117 2681 3191 eumdem,
2703 3119 2966 3191 Eutropio
2997 3121 3272 3179 Diaconus
3299 3144 3363 3180 ex
3389 3129 3584 3184 Orosio

1988 3187 2240 3242 inseruit.
2271 3188 2380 3244 Sed
2411 3189 2463 3242 in
2501 3189 2636 3242 Livii
2671 3190 2828 3244 libris
2864 3187 2972 3256 est,
3000 3209 3089 3248 LVI
3126 3195 3292 3250 millia
3338 3197 3577 3256 hostium

1985 3261 2188 3340 occisa,
2215 3267 2375 3328 capta
2399 3260 2641 3330 quinque
2664 3260 2840 3343 millia
2870 3270 2927 3318 et
2947 3277 3099 3343 t_:_ccc_.
3129 3265 3388 3343 Polybius
3417 3269 3578 3343 longe

1987 3333 2253 3408 minorem
2293 3345 2578 3408 numerum
2611 3333 2750 3408 edit;
2783 3347 2905 3408 nam
2948 3333 3478 3408 Carthaginiensium
3510 3333 3571 3400 Et

1982 3399 2265 3455 Gallorum
2295 3401 2514 3456 circiter
2543 3419 2576 3457 x
2603 3403 2790 3469 millia,
2816 3399 3190 3464 Romanorum
3221 3409 3290 3465 ad
3321 3410 3436 3468 duo.
3456 3418 3578 3470 mil-

1981 3471 2050 3526 lia
2079 3487 2216 3526 (tesa
2244 3473 2452 3526 scribit.
2491 3473 2656 3529 FABR.

2051 3543 2142 3626 ‘29.
2200 3543 2432 3626 Quattuor
2479 3547 2666 3626 ntillia.
2727 3547 2855 3626 Mss.
2887 3548 3157 3626 Florenti.
3211 3560 3345 3619 tres,
3398 3555 3568 3626 Meus,

1979 3612 2256 3679 Perizon.,
2299 3614 2436 3670 Coll.
2473 3614 2740 3690 Gronov.,
2784 3619 2952 3690 Lugd.
2998 3622 3114 3675 But.
3165 3633 3288 3677 tert.
3334 3612 3394 3680 et
3446 3612 3572 3684 cdd:

1979 3694 2110 3738 vett.
2144 3701 2355 3749 omnes,
2390 3695 2510 3752 post
2541 3688 2655 3742 ha‘c
2686 3691 2848 3743 verba
2871 3688 3080 3745 addunt
3107 3704 3300 3746 autem.

2166 3756 2317 3809 Anno
2341 3771 2432 3810 XIII
2461 3774 2622 3833 quam
2652 3760 2703 3812 in
2737 3758 3208 3833 ltaliamgenerat.
3234 3765 3325 3819 Sic
3349 3765 3575 3833 iniadili-

1978 3825 2219 3952 genibus
2268 3825 2490 3898 quoque
2546 3828 2772 3884 Diaconi
2837 3831 2892 3886 in
2956 3831 3272 3902 EutrOpium
3347 3831 3572 3906 legitur.

2023 3913 2143 3952 ann.

2023 3913 2143 3953 ABR.

2046 3970 2138 4022 2:2.
2172 3967 2396 4040 Uterque
2422 3971 2679 4042 exercitus
2701 3971 3003 4042 angebatur.
3027 3974 3116 4030 Sic
3147 3976 3290 4032 malo
3319 3993 3387 4034 ex
3416 3979 3574 4034 Colo-

1975 4039 2366 4114 FlettSi,ﬂIlztm
2391 4041 2656 4114 agebatur.
2683 4039 2849 4098 Laur.
2870 4075 2940 4084 —
2967 4046 3101 4100 .‘lss.
3127 4047 3300 4114 Meus,
3317 4049 3568 4107 I’erizon.

1973 4108 2143 4190 Lugd.
2183 4108 2300 4165 Bit.
2335 4108 2457 4190 teri.
2489 4125 2542 4166 et
2573 4114 2681 4190 duo
2713 4114 2985 4190 Florentt.
3014 4134 3138 4190 eum
3167 4108 3298 4173 edd."
3317 4125 3569 4190 vetustis,

1973 4183 2178 4260 utrique
2213 4183 2466 4260 exercitus
2506 4186 2851 4260 angebantur,
2889 4188 3014 4260 cod.
3051 4188 3295 4250 Flor-ent.
3342 4207 3425 4260 pr.
3456 4183 3571 4250 sive

1973 4251 2241 4330 Longob.,
2279 4255 2547 4330 utriusque
2574 4251 2833 4310 exercitus
2857 4259 3204 4330 angebantur.
3238 4251 3571 4328 Quamcum-

1970 4338 2079 4402 que
2113 4324 2350 4402 elegeris
2392 4324 2896 4402 lecti0tiem,__patet
2928 4324 3168 4384 'verbum
3203 4324 3321 4402 ungi
3361 4334 3567 4388 debere

1971 4395 2218 4474 retineri,
2263 4403 2319 4450 et
2353 4397 2567 4474 quidem
2617 4395 2840 4474 meliore
2882 4402 3003 4474 jure
3051 4417 3213 4470 quam
3242 4395 3367 4474 tigi,
3418 4406 3562 4472 quod

1971 4465 2266 4539 prn'fetjunt
2306 4467 2464 4539 codd.
2496 4468 2710 4539 etvedd.
2744 4470 2832 4537 qui
2864 4465 3110 4538 agebatur
3150 4465 3376 4527 malint.
3407 4465 3556 4539 Quo--

1971 4536 2130 4589 modo
2154 4535 2270 4590 hare
2304 4537 2465 4590 verba
2490 4535 2997 4602 dill‘erant,_videcl.
3031 4541 3339 4597 Arctizzenii
3365 4535 3559 4601 Notam

273 4606 395 4688 cap.
429 4613 492 4667 5i
533 4629 547 4688 ς
583 4610 864 4688 Elephanti
908 4613 1082 4682 plures
1121 4613 1185 4665 ab
1233 4613 1354 4683 ipsis
1390 4612 1666 4666 rectoribus
1709 4626 1862 4680 quam
1899 4629 1950 4688 ι)
1975 4607 2201 4688 adAAnr:
2233 4606 2499 4688 Victorem
2529 4625 2580 4688 ιι.
2615 4608 2740 4688 5έ7.

275 4684 339 4737 ab
364 4685 511 4738 hoste
531 4683 809 4749 interfecti.

349 4754 437 4809 15.
473 4751 612 4818 Quos
655 4770 686 4806 ιι
738 4753 1003 4807 volitando
1043 4753 1253 4806 l’elites.
1302 4752 1520 4820 Festus,
1563 4751 1752 4806 Velites
1789 4752 1870 4806 di-

275 4834 466 4879 cuntur
494 4825 719 4895 expediti
760 4826 969 4889 milites,
990 4825 1140 4896 quasi
1165 4826 1367 4890 velites,
1398 4824 1454 4878 id
1489 4833 1582 4888 est,
1614 4825 1866 4878 uolantes.

273 4896 442 4952 Fasti.

348 4968 441 5024 16.
467 4963 620 5022 Idem
649 4966 757 5024 dum
800 4966 1083 5022 Asdrubal.
1122 4963 1263 5020 Coll.
1299 4965 1543 5022 Gronov.
1569 4979 1674 5018 non
1709 4963 1873 5019 habet

273 5039 433 5093 idem.
471 5038 576 5093 Sed
625 5039 712 5092 cil.
769 5041 906 5108 Aug.
942 5039 1072 5108 legit
1115 5039 1277 5092 isdem
1323 5053 1443 5108 pro_
1464 5037 1668 5102 iisdem,
1712 5046 1770 5090 et
1798 5037 1865 5108 Ain

274 5109 462 5181 Lugd.
511 5109 630 5166 Bat.
679 5120 804 5166 tert.
837 5105 1035 5180 legitur
1080 5125 1236 5181 penss
1281 5105 1379 5178 pro
1409 5106 1599 5162 Pierius
1643 5108 1753 5161 duo;
1773 5105 1870 5159 As-

271 5180 762 5309 dﬂtd'l‘f‘bletaurus.
801 5250 1097 5310 Florentini
1139 5260 1276 5314 tres,
1311 5250 1464 5306 Meus
1504 5258 1560 5304 et
1590 5248 1868 5308 Perizon..

276 5322 620 5394 Metaurum,
651 5322 964 5394 fortegquia,
1005 5325 1054 5377 in
1101 5324 1280 5393 aliquo
1335 5321 1517 5394 priore
1556 5326 1871 5394 apogra_p_ho

271 5411 428 5463 penes
455 5408 554 5463 pro
585 5391 762 5463 Ptpnis
795 5391 955 5450 fuerit
983 5391 1266 5462 saiptuin,
1289 5392 1435 5447 unde
1467 5393 1518 5445 in
1551 5395 1715 5446 tertio
1746 5391 1872 5463 Flo-

271 5461 497 5537 rentinis
527 5473 583 5518 et
611 5461 699 5518 ed.
722 5468 1052 5537 Aug.cxslat
1078 5461 1232 5537 penes
1260 5463 1554 5537 Metaurum
1581 5472 1635 5516 et
1667 5461 1868 5537 itidejti

269 5535 414 5591 Coll.
447 5533 716 5602 Grono.v.,
742 5532 838 5605 fuit
875 5537 972 5594 hoc
999 5532 1242 5607 prdlium
1280 5551 1433 5606 penes
1473 5532 1747 5588 Metaurus
1773 5535 1877 5603 ﬂu-

272 5624 392 5662 Issen
400 5647 414 5660 .

348 5677 538 5761 18.‘Et-
564 5678 709 5761 Sena
749 5678 953 5735 Piceni.
990 5678 1161 5750 Vulgo
1190 5677 1404 5761 Cisseus:
1436 5682 1696 5761 corrupte
1743 5675 1879 5761 legi-

275 5757 387 5809 tur.
433 5749 588 5824 Apud
633 5751 826 5808 Senam
862 5747 1156 5822 pugnatum
1195 5750 1402 5816 Livius,
1436 5747 1738 5818 Appianus,
1771 5747 1877 5802 En.

2048 4677 2140 4730 23.
2166 4676 2375 4730 Interea
2409 4677 2610 4745 Sripio.
2647 4682 2720 4735 De
2749 4679 2829 4734 his
2857 4681 3022 4737 rebus
3054 4682 3233 4738 Livius
3263 4683 3357 4739 lib.
3393 4699 3558 4742 xxvm

1976 4757 2032 4804 et
2054 4747 2335 4824 Appianus
2377 4749 2427 4802 in
2463 4749 2788 4824 I-Iispanicis.
2823 4751 3011 4824 Exstat
3039 4770 3253 4824 quoque
3285 4755 3556 4824 fragmen-

1979 4828 2091 4873 tum
2123 4819 2332 4892 I’olybii
2365 4836 2429 4875 ex
2474 4819 2594 4876 libr.
2628 4838 2680 4876 xI
2715 4823 2857 4892 quod
2888 4839 3011 4877 cum
3037 4819 3273 4880 Livianis
3302 4819 3556 4886 col'latuttt

1979 4905 2229 4959 magnam
2261 4891 2542 4947 utilitatem
2569 4891 2826 4949 studiosis
2854 4893 3060 4950 adernt.
3095 4897 3258 4952 Fasti.

2168 4960 2380 5040 Consul
2429 4979 2545 5017 cum
2589 4963 2808 5040 Licinio.
2845 4965 2904 5019 P.
2947 4969 3230 5040 Cornelius
3272 4969 3459 5040 Scipio
3504 4982 3560 5027 et

1981 5033 2042 5088 P.
2071 5033 2311 5086 Licinius
2339 5032 2568 5088 Crassus
2597 5036 2754 5091 Dives
2783 5050 2924 5091 coss.
2954 5036 3171 5093 fuerunt
3195 5055 3338 5095 anno
3363 5032 3434 5096 ab
3459 5042 3560 5099 Ur-

1981 5104 2049 5181 be
2075 5105 2293 5181 condita
2326 5119 2518 5181 oscus;
2548 5121 2656 5177 quo
2682 5123 2826 5181 anno
2859 5107 3042 5181 Scipio
3069 5111 3306 5166 Siciliam
3339 5117 3557 5181 provin-

1979 5178 2118 5250 ciam
2142 5175 2468 5250 obtinuit,et
2493 5175 2820 5250 seriuentiin
2850 5175 3085 5235 Africam
3118 5175 3352 5250 trajecit,
3373 5183 3554 5238 Livius

1981 5247 2120 5324 libro
2149 5247 2407 5313 vigesimo
2439 5263 2602 5304 noiiu.
2629 5247 2902 5324 Appianus
2931 5251 2983 5305 in
3009 5247 3234 5324 Libyco,
3262 5255 3555 5324 Eutropius

1979 5317 2120 5372 libro
2149 5331 2238 5380 III;
2270 5331 2499 5393 quorum
2545 5321 2767 5388 scriptis
2815 5323 2957 5375 inter
3000 5338 3061 5379 se
3091 5317 3324 5392 collatis,
3355 5317 3556 5393 cogno-

1981 5403 2136 5452 sces,
2168 5388 2313 5456 quod
2355 5386 2534 5462 Livius
2574 5386 2790 5462 quoque
2828 5395 3048 5462 fatetur,
3082 5410 3191 5450 non
3221 5395 3278 5449 in
3307 5386 3558 5449 omnibus

1979 5468 2230 5514 auctores
2267 5461 2578 5516 convenire.
2604 5460 2766 5516 FABB.

2051 5528 2140 5582 25.
2186 5527 2436 5604 Undeciin
2476 5531 2662 5588 millia.
2712 5533 2883 5604 Lugd.
2925 5534 3042 5591 Bat.
3089 5545 3216 5590 tert.
3250 5550 3373 5589 curn
3421 5535 3562 5592 Coll.

1981 5601 2220 5674 Gronov.
2252 5607 2308 5674 et
2351 5603 2438 5658 ed.
2475 5608 2637 5674 Aug.,
2670 5621 2737 5661 XL
2776 5601 2965 5660 millia.
3001 5605 3146 5660 Idem
3184 5621 3441 5662 numerus
3476 5609 3563 5661 in-

1983 5672 2202 5749 venitur
2249 5673 2324 5749 iu‘
2352 5672 2624 5749 escerptis
2664 5676 2931 5734 Vincentii
2968 5676 3179 5734 Bellus.
3215 5677 3310 5732 lib.
3343 5694 3417 5748 vr,
3439 5694 3563 5749 cap.

1986 5744 2074 5812 5i,
2107 5741 2325 5814 Speculi
2356 5744 2492 5803 Hist.
