  <div class='ocr_page' id='page_1' title='image "/cluster/home/n/w/nwhite01/storage/ocr_20150623/31/hvd.32044096580543/457.png"; bbox 0 0 4082 6154; ppageno 0'>
   <div class='ocr_carea' id='block_1_1' title="bbox 546 239 653 302">
    <p class='ocr_par' dir='ltr' id='par_1_1' title="bbox 546 239 653 302">
     <span class='ocr_line' id='line_1_1' title="bbox 546 239 653 302; baseline -0.037 0"><span class='ocrx_word' id='word_1_1' title='bbox 546 239 653 302; x_wconf 77' lang='lat'><strong>905</strong></span> 
     </span>
    </p>
   </div>
   <div class='ocr_carea' id='block_1_2' title="bbox 1969 227 2436 292">
    <p class='ocr_par' dir='ltr' id='par_1_2' title="bbox 1969 227 2436 292">
     <span class='ocr_line' id='line_1_2' title="bbox 1969 227 2436 292; baseline -0.004 -2"><span class='ocrx_word' id='word_1_2' title='bbox 1969 227 2173 292; x_wconf 76' lang='lat' dir='ltr'><strong>PALLI</strong></span> <span class='ocrx_word' id='word_1_3' title='bbox 2213 229 2436 290; x_wconf 79' lang='lat' dir='ltr'><strong>OROSII</strong></span> 
     </span>
    </p>
   </div>
   <div class='ocr_carea' id='block_1_3' title="bbox 3735 225 3836 286">
    <p class='ocr_par' dir='ltr' id='par_1_3' title="bbox 3735 225 3836 286">
     <span class='ocr_line' id='line_1_3' title="bbox 3735 225 3836 286; baseline -0.04 1"><span class='ocrx_word' id='word_1_4' title='bbox 3735 225 3836 286; x_wconf 73' lang='grc'><strong>901</strong></span> 
     </span>
    </p>
   </div>
   <div class='ocr_carea' id='block_1_4' title="bbox 545 344 3837 425">
    <p class='ocr_par' dir='ltr' id='par_1_4' title="bbox 545 344 3837 425">
     <span class='ocr_line' id='line_1_4' title="bbox 545 344 3837 425; baseline -0.005 -9"><span class='ocrx_word' id='word_1_5' title='bbox 545 359 616 416; x_wconf 90' lang='lat' dir='ltr'><strong>lia</strong></span> <span class='ocrx_word' id='word_1_6' title='bbox 649 359 938 414; x_wconf 71' lang='lat' dir='ltr'><strong>Pmnorum</strong></span> <span class='ocrx_word' id='word_1_7' title='bbox 981 366 1048 411; x_wconf 90' lang='lat' dir='ltr'><strong>eo</strong></span> <span class='ocrx_word' id='word_1_8' title='bbox 1087 352 1274 425; x_wconf 73' lang='lat' dir='ltr'><strong>priclio</strong></span> <span class='ocrx_word' id='word_1_9' title='bbox 1301 351 1517 408; x_wconf 92' lang='lat' dir='ltr'><strong>occidit.</strong></span> <span class='ocrx_word' id='word_1_10' title='bbox 1547 351 1912 423; x_wconf 91' lang='lat' dir='ltr'><strong>Sempronius</strong></span> <span class='ocrx_word' id='word_1_11' title='bbox 1938 353 2128 407; x_wconf 87' lang='lat' dir='ltr'><strong>consul</strong></span> <span class='ocrx_word' id='word_1_12' title='bbox 2160 356 2213 412; x_wconf 81' lang='grc' dir='ltr'>Α</span> <span class='ocrx_word' id='word_1_13' title='bbox 2238 349 2562 416; x_wconf 78' lang='lat' dir='ltr'><strong>interfectis,</strong></span> <span class='ocrx_word' id='word_1_14' title='bbox 2619 350 2705 404; x_wconf 91' lang='lat' dir='ltr'><strong>cui</strong></span> <span class='ocrx_word' id='word_1_15' title='bbox 2747 349 2815 404; x_wconf 90' lang='lat' dir='ltr'><strong>ad</strong></span> <span class='ocrx_word' id='word_1_16' title='bbox 2865 347 3182 404; x_wconf 81' lang='lat' dir='ltr'><strong>Africanum</strong></span> <span class='ocrx_word' id='word_1_17' title='bbox 3223 346 3379 402; x_wconf 92' lang='lat' dir='ltr'><strong>littus</strong></span> <span class='ocrx_word' id='word_1_18' title='bbox 3423 344 3837 416; x_wconf 71' lang='lat' dir='ltr'><strong>propinquanti,</strong></span> 
     </span>
    </p>
   </div>
   <div class='ocr_carea' id='block_1_5' title="bbox 547 439 3839 518">
    <p class='ocr_par' dir='ltr' id='par_1_5' title="bbox 547 439 3839 518">
     <span class='ocr_line' id='line_1_5' title="bbox 547 439 3839 518; baseline -0.005 -8"><span class='ocrx_word' id='word_1_19' title='bbox 547 469 671 510; x_wconf 90' lang='lat' dir='ltr'><strong>cum</strong></span> <span class='ocrx_word' id='word_1_20' title='bbox 716 450 981 508; x_wconf 74' lang='lat' dir='ltr'><strong>Annibale</strong></span> <span class='ocrx_word' id='word_1_21' title='bbox 1012 463 1340 518; x_wconf 89' lang='lat' dir='ltr'><strong>congressus</strong></span> <span class='ocrx_word' id='word_1_22' title='bbox 1379 458 1434 503; x_wconf 93' lang='lat' dir='ltr'><strong>et</strong></span> <span class='ocrx_word' id='word_1_23' title='bbox 1479 447 1677 515; x_wconf 93' lang='lat' dir='ltr'><strong>victus,</strong></span> <span class='ocrx_word' id='word_1_24' title='bbox 1705 447 1752 482; x_wconf 79' lang='grc'><strong>¹⁶</strong></span> <span class='ocrx_word' id='word_1_25' title='bbox 1785 448 2011 502; x_wconf 81' lang='lat' dir='ltr'><strong>llomam</strong></span> <span class='ocrx_word' id='word_1_26' title='bbox 2057 465 2144 505; x_wconf 88' lang='lat' dir='ltr'><strong>rc-</strong></span> <span class='ocrx_word' id='word_1_27' title='bbox 2241 444 2430 514; x_wconf 89' lang='lat' dir='ltr'><strong>jussus</strong></span> <span class='ocrx_word' id='word_1_28' title='bbox 2466 443 2684 514; x_wconf 86' lang='lat' dir='ltr'><strong>quidam</strong></span> <span class='ocrx_word' id='word_1_29' title='bbox 2722 457 2754 500; x_wconf 93' lang='lat' dir='ltr'><strong>e</strong></span> <span class='ocrx_word' id='word_1_30' title='bbox 2783 443 3018 498; x_wconf 75' lang='lat' dir='ltr'><strong>nauticis</strong></span> <span class='ocrx_word' id='word_1_31' title='bbox 3046 439 3345 497; x_wconf 86' lang='lat' dir='ltr'><strong>ascendere</strong></span> <span class='ocrx_word' id='word_1_32' title='bbox 3376 441 3432 496; x_wconf 90' lang='lat' dir='ltr'><strong>itt</strong></span> <span class='ocrx_word' id='word_1_33' title='bbox 3459 439 3720 494; x_wconf 83' lang='lat' dir='ltr'><strong>arborem</strong></span> <span class='ocrx_word' id='word_1_34' title='bbox 3754 454 3839 493; x_wconf 51' lang='lat' dir='ltr'><strong>na.</strong></span> 
     </span>
    </p>
   </div>
   <div class='ocr_carea' id='block_1_6' title="bbox 545 539 2143 614">
    <p class='ocr_par' dir='ltr' id='par_1_6' title="bbox 545 539 2143 614">
     <span class='ocr_line' id='line_1_6' title="bbox 545 539 2143 614; baseline -0.004 -14"><span class='ocrx_word' id='word_1_35' title='bbox 545 546 702 614; x_wconf 86' lang='lat' dir='ltr'><strong>fugit.</strong></span> <span class='ocrx_word' id='word_1_36' title='bbox 743 544 928 613; x_wconf 87' lang='lat' dir='ltr'><strong>Scipio</strong></span> <span class='ocrx_word' id='word_1_37' title='bbox 965 542 1018 597; x_wconf 90' lang='lat' dir='ltr'><strong>in</strong></span> <span class='ocrx_word' id='word_1_38' title='bbox 1052 540 1233 596; x_wconf 86' lang='lat' dir='ltr'><strong>Africa</strong></span> <span class='ocrx_word' id='word_1_39' title='bbox 1263 541 1305 572; x_wconf 81' lang='grc'><strong>³⁷</strong></span> <span class='ocrx_word' id='word_1_40' title='bbox 1338 555 1627 610; x_wconf 79' lang='lat' dir='ltr'><strong>aggressus</strong></span> <span class='ocrx_word' id='word_1_41' title='bbox 1665 539 1906 610; x_wconf 81' lang='lat' dir='ltr'><strong>Iiybcrna</strong></span> <span class='ocrx_word' id='word_1_42' title='bbox 1943 541 2143 596; x_wconf 65' lang='lat' dir='ltr'><strong>Poeno-</strong></span> 
     </span>
    </p>
   </div>
   <div class='ocr_carea' id='block_1_7' title="bbox 547 631 2145 705">
    <p class='ocr_par' dir='ltr' id='par_1_7' title="bbox 547 631 2145 705">
     <span class='ocr_line' id='line_1_7' title="bbox 547 631 2145 705; baseline -0.006 -11"><span class='ocrx_word' id='word_1_43' title='bbox 547 653 688 704; x_wconf 90' lang='lat' dir='ltr'><strong>rum,</strong></span> <span class='ocrx_word' id='word_1_44' title='bbox 743 644 909 705; x_wconf 85' lang='lat' dir='ltr'><strong>atque</strong></span> <span class='ocrx_word' id='word_1_45' title='bbox 957 633 1063 687; x_wconf 88' lang='lat' dir='ltr'><strong>alia</strong></span> <span class='ocrx_word' id='word_1_46' title='bbox 1109 631 1488 694; x_wconf 87' lang='lat' dir='ltr'><strong>Numidarum,</strong></span> <span class='ocrx_word' id='word_1_47' title='bbox 1535 645 1655 700; x_wconf 69' lang='lat' dir='ltr'><strong>qutc</strong></span> <span class='ocrx_word' id='word_1_48' title='bbox 1717 639 1947 701; x_wconf 90' lang='lat' dir='ltr'><strong>utraque</strong></span> <span class='ocrx_word' id='word_1_49' title='bbox 2001 631 2145 686; x_wconf 90' lang='lat' dir='ltr'><strong>haud</strong></span> 
     </span>
    </p>
   </div>
   <div class='ocr_carea' id='block_1_8' title="bbox 548 722 2146 801">
    <p class='ocr_par' dir='ltr' id='par_1_8' title="bbox 548 722 2146 801">
     <span class='ocr_line' id='line_1_8' title="bbox 548 722 2146 801; baseline -0.005 -15"><span class='ocrx_word' id='word_1_50' title='bbox 548 729 737 801; x_wconf 88' lang='lat' dir='ltr'><strong>procul</strong></span> <span class='ocrx_word' id='word_1_51' title='bbox 761 729 830 784; x_wconf 92' lang='lat' dir='ltr'><strong>ab</strong></span> <span class='ocrx_word' id='word_1_52' title='bbox 859 726 1012 784; x_wconf 85' lang='lat' dir='ltr'><strong>Utica</strong></span> <span class='ocrx_word' id='word_1_53' title='bbox 1046 735 1226 790; x_wconf 90' lang='lat' dir='ltr'><strong>erant,</strong></span> <span class='ocrx_word' id='word_1_54' title='bbox 1255 735 1416 780; x_wconf 91' lang='lat' dir='ltr'><strong>nocte</strong></span> <span class='ocrx_word' id='word_1_55' title='bbox 1445 722 1709 779; x_wconf 81' lang='lat' dir='ltr'><strong>concubia</strong></span> <span class='ocrx_word' id='word_1_56' title='bbox 1742 723 1786 755; x_wconf 76' lang='lat'><strong>‘°</strong></span> <span class='ocrx_word' id='word_1_57' title='bbox 1814 723 1943 778; x_wconf 91' lang='lat' dir='ltr'><strong>fecit</strong></span> <span class='ocrx_word' id='word_1_58' title='bbox 1965 725 2146 779; x_wconf 88' lang='lat' dir='ltr'><strong>incen-</strong></span> 
     </span>
    </p>
   </div>
   <div class='ocr_carea' id='block_1_9' title="bbox 546 815 2144 889">
    <p class='ocr_par' dir='ltr' id='par_1_9' title="bbox 546 815 2144 889">
     <span class='ocr_line' id='line_1_9' title="bbox 546 815 2144 889; baseline -0.005 -11"><span class='ocrx_word' id='word_1_59' title='bbox 546 822 622 878; x_wconf 89' lang='lat' dir='ltr'><strong>di.</strong></span> <span class='ocrx_word' id='word_1_60' title='bbox 648 820 802 877; x_wconf 72' lang='lat' dir='ltr'><strong>Pmni</strong></span> <span class='ocrx_word' id='word_1_61' title='bbox 829 817 1027 889; x_wconf 83' lang='lat' dir='ltr'><strong>trepidi</strong></span> <span class='ocrx_word' id='word_1_62' title='bbox 1051 832 1175 872; x_wconf 93' lang='lat' dir='ltr'><strong>cum</strong></span> <span class='ocrx_word' id='word_1_63' title='bbox 1199 830 1328 870; x_wconf 87' lang='lat' dir='ltr'><strong>casu</strong></span> <span class='ocrx_word' id='word_1_64' title='bbox 1358 816 1622 872; x_wconf 90' lang='lat' dir='ltr'><strong>accidisse</strong></span> <span class='ocrx_word' id='word_1_65' title='bbox 1649 815 1830 888; x_wconf 82' lang='lat' dir='ltr'><strong>ignem</strong></span> <span class='ocrx_word' id='word_1_66' title='bbox 1861 825 2144 887; x_wconf 90' lang='lat' dir='ltr'><strong>putarent,</strong></span> 
     </span>
    </p>
   </div>
   <div class='ocr_carea' id='block_1_10' title="bbox 543 911 2145 981">
    <p class='ocr_par' dir='ltr' id='par_1_10' title="bbox 543 911 2145 981">
     <span class='ocr_line' id='line_1_10' title="bbox 543 911 2145 981; baseline -0.005 -9"><span class='ocrx_word' id='word_1_67' title='bbox 543 917 783 972; x_wconf 90' lang='lat' dir='ltr'><strong>inermes</strong></span> <span class='ocrx_word' id='word_1_68' title='bbox 827 914 894 968; x_wconf 88' lang='lat' dir='ltr'><strong>ad</strong></span> <span class='ocrx_word' id='word_1_69' title='bbox 943 911 1408 981; x_wconf 87' lang='lat' dir='ltr'><strong>exstinguendum</strong></span> <span class='ocrx_word' id='word_1_70' title='bbox 1455 919 1862 966; x_wconf 88' lang='lat' dir='ltr'><strong>concurrerunt</strong></span> <span class='ocrx_word' id='word_1_71' title='bbox 1907 927 1919 963; x_wconf 92' lang='lat'>:</span> <span class='ocrx_word' id='word_1_72' title='bbox 1973 925 2145 980; x_wconf 90' lang='lat' dir='ltr'><strong>quare</strong></span> 
     </span>
    </p>
   </div>
   <div class='ocr_carea' id='block_1_11' title="bbox 547 1002 2152 1076">
    <p class='ocr_par' dir='ltr' id='par_1_11' title="bbox 547 1002 2152 1076">
     <span class='ocr_line' id='line_1_11' title="bbox 547 1002 2152 1076; baseline -0.004 -12"><span class='ocrx_word' id='word_1_73' title='bbox 547 1010 707 1066; x_wconf 82' lang='lat' dir='ltr'><strong>facile</strong></span> <span class='ocrx_word' id='word_1_74' title='bbox 730 1009 796 1062; x_wconf 92' lang='lat' dir='ltr'><strong>ab</strong></span> <span class='ocrx_word' id='word_1_75' title='bbox 825 1005 1052 1061; x_wconf 87' lang='lat' dir='ltr'><strong>armatis</strong></span> <span class='ocrx_word' id='word_1_76' title='bbox 1081 1007 1126 1040; x_wconf 79' lang='grc'><strong>¹⁹</strong></span> <span class='ocrx_word' id='word_1_77' title='bbox 1155 1005 1406 1076; x_wconf 88' lang='lat' dir='ltr'><strong>oppressi</strong></span> <span class='ocrx_word' id='word_1_78' title='bbox 1441 1015 1587 1059; x_wconf 93' lang='lat' dir='ltr'><strong>sunt.</strong></span> <span class='ocrx_word' id='word_1_79' title='bbox 1627 1002 1672 1034; x_wconf 78' lang='grc' dir='ltr'><strong>³ο</strong></span> <span class='ocrx_word' id='word_1_80' title='bbox 1701 1003 1758 1058; x_wconf 86' lang='grc' dir='ltr'><strong>1η</strong></span> <span class='ocrx_word' id='word_1_81' title='bbox 1789 1003 2035 1074; x_wconf 90' lang='lat' dir='ltr'><strong>utrisque</strong></span> <span class='ocrx_word' id='word_1_82' title='bbox 2061 1017 2152 1057; x_wconf 89' lang='lat' dir='ltr'><strong>ca-</strong></span> 
     </span>
    </p>
   </div>
   <div class='ocr_carea' id='block_1_12' title="bbox 547 1091 2147 1170">
    <p class='ocr_par' dir='ltr' id='par_1_12' title="bbox 547 1091 2147 1170">
     <span class='ocr_line' id='line_1_12' title="bbox 547 1091 2147 1170; baseline -0.006 -14"><span class='ocrx_word' id='word_1_83' title='bbox 547 1101 677 1156; x_wconf 86' lang='lat' dir='ltr'><strong>stris</strong></span> <span class='ocrx_word' id='word_1_84' title='bbox 711 1098 870 1170; x_wconf 75' lang='lat'><strong>267</strong></span> <span class='ocrx_word' id='word_1_85' title='bbox 901 1095 1258 1168; x_wconf 81' lang='lat' dir='ltr'><strong>quadraginta</strong></span> <span class='ocrx_word' id='word_1_86' title='bbox 1301 1095 1472 1149; x_wconf 84' lang='lat' dir='ltr'><strong>millia</strong></span> <span class='ocrx_word' id='word_1_87' title='bbox 1507 1094 1789 1149; x_wconf 90' lang='lat' dir='ltr'><strong>hominum</strong></span> <span class='ocrx_word' id='word_1_88' title='bbox 1829 1095 1939 1164; x_wconf 83' lang='lat' dir='ltr'><strong>igni</strong></span> <span class='ocrx_word' id='word_1_89' title='bbox 1969 1091 2147 1148; x_wconf 84' lang='lat' dir='ltr'><strong>ferro-</strong></span> 
     </span>
    </p>
   </div>
   <div class='ocr_carea' id='block_1_13' title="bbox 553 1185 2150 1264">
    <p class='ocr_par' dir='ltr' id='par_1_13' title="bbox 553 1185 2150 1264">
     <span class='ocr_line' id='line_1_13' title="bbox 553 1185 2150 1264; baseline -0.006 -16"><span class='ocrx_word' id='word_1_90' title='bbox 553 1209 661 1264; x_wconf 85' lang='lat' dir='ltr'><strong>que</strong></span> <span class='ocrx_word' id='word_1_91' title='bbox 698 1199 1017 1261; x_wconf 88' lang='lat' dir='ltr'><strong>consumpta</strong></span> <span class='ocrx_word' id='word_1_92' title='bbox 1046 1198 1193 1256; x_wconf 90' lang='lat' dir='ltr'><strong>sunt,</strong></span> <span class='ocrx_word' id='word_1_93' title='bbox 1227 1189 1268 1221; x_wconf 76' lang='lat'><strong><em>”</em></strong></span> <span class='ocrx_word' id='word_1_94' title='bbox 1291 1197 1452 1257; x_wconf 88' lang='lat' dir='ltr'><strong>capta</strong></span> <span class='ocrx_word' id='word_1_95' title='bbox 1481 1187 1722 1258; x_wconf 89' lang='lat' dir='ltr'><strong>quinque</strong></span> <span class='ocrx_word' id='word_1_96' title='bbox 1751 1186 1946 1252; x_wconf 89' lang='lat' dir='ltr'><strong>millia,</strong></span> <span class='ocrx_word' id='word_1_97' title='bbox 1981 1185 2150 1240; x_wconf 89' lang='lat' dir='ltr'><strong>duces</strong></span> 
     </span>
    </p>
   </div>
   <div class='ocr_carea' id='block_1_14' title="bbox 551 1277 2150 1356">
    <p class='ocr_par' dir='ltr' id='par_1_14' title="bbox 551 1277 2150 1356">
     <span class='ocr_line' id='line_1_14' title="bbox 551 1277 2150 1356; baseline -0.006 -15"><span class='ocrx_word' id='word_1_98' title='bbox 551 1285 654 1356; x_wconf 85' lang='lat' dir='ltr'><strong>ipsi</strong></span> <span class='ocrx_word' id='word_1_99' title='bbox 699 1281 1087 1339; x_wconf 88' lang='lat' dir='ltr'><strong>miserabiliter</strong></span> <span class='ocrx_word' id='word_1_100' title='bbox 1126 1280 1389 1345; x_wconf 90' lang='lat' dir='ltr'><strong>ambusti,</strong></span> <span class='ocrx_word' id='word_1_101' title='bbox 1423 1281 1466 1312; x_wconf 82' lang='grc'><strong>³¹</strong></span> <span class='ocrx_word' id='word_1_102' title='bbox 1493 1294 1640 1349; x_wconf 78' lang='lat' dir='ltr'><strong>aegre</strong></span> <span class='ocrx_word' id='word_1_103' title='bbox 1684 1277 2008 1349; x_wconf 81' lang='lat' dir='ltr'><strong>eliugeruut.</strong></span> <span class='ocrx_word' id='word_1_104' title='bbox 2047 1280 2150 1332; x_wconf 88' lang='lat' dir='ltr'><strong>As-</strong></span> 
     </span>
    </p>
   </div>
   <div class='ocr_carea' id='block_1_15' title="bbox 554 1368 2154 1445">
    <p class='ocr_par' dir='ltr' id='par_1_15' title="bbox 554 1368 2154 1445">
     <span class='ocr_line' id='line_1_15' title="bbox 554 1368 2154 1445; baseline -0.006 -12"><span class='ocrx_word' id='word_1_105' title='bbox 554 1377 746 1434; x_wconf 89' lang='lat' dir='ltr'><strong>drubal</strong></span> <span class='ocrx_word' id='word_1_106' title='bbox 773 1378 1073 1445; x_wconf 87' lang='lat' dir='ltr'><strong>imperator</strong></span> <span class='ocrx_word' id='word_1_107' title='bbox 1095 1372 1480 1443; x_wconf 80' lang='lat' dir='ltr'><strong>Carthaginem</strong></span> <span class='ocrx_word' id='word_1_108' title='bbox 1505 1371 1765 1442; x_wconf 81' lang='lat' dir='ltr'><strong>profugus</strong></span> <span class='ocrx_word' id='word_1_109' title='bbox 1794 1371 1965 1424; x_wconf 83' lang='lat' dir='ltr'><strong>venit.</strong></span> <span class='ocrx_word' id='word_1_110' title='bbox 1983 1368 2028 1400; x_wconf 84' lang='grc'>³³</span> <span class='ocrx_word' id='word_1_111' title='bbox 2053 1369 2154 1424; x_wconf 82' lang='lat' dir='ltr'><strong>Ita-</strong></span> 
     </span>
    </p>
   </div>
   <div class='ocr_carea' id='block_1_16' title="bbox 555 1465 2156 1544">
    <p class='ocr_par' dir='ltr' id='par_1_16' title="bbox 555 1465 2156 1544">
     <span class='ocr_line' id='line_1_16' title="bbox 555 1465 2156 1544; baseline -0.007 -16"><span class='ocrx_word' id='word_1_112' title='bbox 555 1487 663 1544; x_wconf 88' lang='lat' dir='ltr'><strong>que</strong></span> <span class='ocrx_word' id='word_1_113' title='bbox 691 1471 910 1543; x_wconf 78' lang='lat' dir='ltr'><strong>Syphax</strong></span> <span class='ocrx_word' id='word_1_114' title='bbox 937 1479 990 1525; x_wconf 93' lang='lat' dir='ltr'><strong>et</strong></span> <span class='ocrx_word' id='word_1_115' title='bbox 1015 1465 1288 1524; x_wconf 83' lang='lat' dir='ltr'><strong>Asdrubal</strong></span> <span class='ocrx_word' id='word_1_116' title='bbox 1334 1481 1458 1521; x_wconf 90' lang='lat' dir='ltr'><strong>mox</strong></span> <span class='ocrx_word' id='word_1_117' title='bbox 1489 1466 1782 1537; x_wconf 88' lang='lat' dir='ltr'><strong>plurimum</strong></span> <span class='ocrx_word' id='word_1_118' title='bbox 1824 1477 2156 1535; x_wconf 80' lang='lat' dir='ltr'><strong>reparavere</strong></span> 
     </span>
    </p>
   </div>
   <div class='ocr_carea' id='block_1_17' title="bbox 554 1557 2152 1632">
    <p class='ocr_par' dir='ltr' id='par_1_17' title="bbox 554 1557 2152 1632">
     <span class='ocr_line' id='line_1_17' title="bbox 554 1557 2152 1632; baseline -0.006 -12"><span class='ocrx_word' id='word_1_119' title='bbox 554 1564 884 1627; x_wconf 80' lang='lat' dir='ltr'><strong>exercitum,</strong></span> <span class='ocrx_word' id='word_1_120' title='bbox 919 1572 1083 1632; x_wconf 89' lang='lat' dir='ltr'><strong>atque</strong></span> <span class='ocrx_word' id='word_1_121' title='bbox 1133 1559 1328 1615; x_wconf 89' lang='lat' dir='ltr'><strong>iterum</strong></span> <span class='ocrx_word' id='word_1_122' title='bbox 1373 1575 1496 1614; x_wconf 94' lang='lat' dir='ltr'><strong>cum</strong></span> <span class='ocrx_word' id='word_1_123' title='bbox 1555 1557 1817 1630; x_wconf 89' lang='lat' dir='ltr'><strong>Scipione</strong></span> <span class='ocrx_word' id='word_1_124' title='bbox 1867 1557 2152 1628; x_wconf 86' lang='lat' dir='ltr'><strong>congressi</strong></span> 
     </span>
    </p>
   </div>
   <div class='ocr_carea' id='block_1_18' title="bbox 557 1646 2156 1726">
    <p class='ocr_par' dir='ltr' id='par_1_18' title="bbox 557 1646 2156 1726">
     <span class='ocr_line' id='line_1_18' title="bbox 557 1646 2156 1726; baseline -0.007 -13"><span class='ocrx_word' id='word_1_125' title='bbox 557 1663 706 1723; x_wconf 84' lang='lat' dir='ltr'><strong>sunt,</strong></span> <span class='ocrx_word' id='word_1_126' title='bbox 731 1655 968 1726; x_wconf 71' lang='lat' dir='ltr'><strong>victique</strong></span> <span class='ocrx_word' id='word_1_127' title='bbox 993 1653 1272 1723; x_wconf 90' lang='lat' dir='ltr'><strong>fugerunt.</strong></span> <span class='ocrx_word' id='word_1_128' title='bbox 1304 1652 1609 1722; x_wconf 88' lang='lat' dir='ltr'><strong>Syphacem</strong></span> <span class='ocrx_word' id='word_1_129' title='bbox 1638 1651 1931 1721; x_wconf 87' lang='lat' dir='ltr'><strong>fugientem</strong></span> <span class='ocrx_word' id='word_1_130' title='bbox 1958 1646 2156 1704; x_wconf 73' lang='lat' dir='ltr'><strong>Liclius</strong></span> 
     </span>
    </p>
   </div>
   <div class='ocr_carea' id='block_1_19' title="bbox 2247 535 3835 608">
    <p class='ocr_par' dir='ltr' id='par_1_19' title="bbox 2247 535 3835 608">
     <span class='ocr_line' id='line_1_19' title="bbox 2247 535 3835 608; baseline -0.004 -16"><span class='ocrx_word' id='word_1_131' title='bbox 2247 537 2349 608; x_wconf 88' lang='lat' dir='ltr'><strong>vis,</strong></span> <span class='ocrx_word' id='word_1_132' title='bbox 2396 547 2557 608; x_wconf 87' lang='lat' dir='ltr'><strong>atque</strong></span> <span class='ocrx_word' id='word_1_133' title='bbox 2594 538 2720 594; x_wconf 88' lang='lat' dir='ltr'><strong>inde</strong></span> <span class='ocrx_word' id='word_1_134' title='bbox 2765 536 3054 607; x_wconf 79' lang='lat' dir='ltr'><strong>speculati,</strong></span> <span class='ocrx_word' id='word_1_135' title='bbox 3088 551 3252 606; x_wconf 91' lang='lat' dir='ltr'><strong>quam</strong></span> <span class='ocrx_word' id='word_1_136' title='bbox 3293 535 3571 605; x_wconf 89' lang='lat' dir='ltr'><strong>regionem</strong></span> <span class='ocrx_word' id='word_1_137' title='bbox 3615 541 3835 598; x_wconf 87' lang='lat' dir='ltr'><strong>teneret,</strong></span> 
     </span>
    </p>
   </div>
   <div class='ocr_carea' id='block_1_20' title="bbox 2248 625 3840 702">
    <p class='ocr_par' dir='ltr' id='par_1_20' title="bbox 2248 625 3840 702">
     <span class='ocr_line' id='line_1_20' title="bbox 2248 625 3840 702; baseline -0.006 -15"><span class='ocrx_word' id='word_1_138' title='bbox 2248 630 2270 662; x_wconf 78' lang='grc'><strong>’⁵</strong></span> <span class='ocrx_word' id='word_1_139' title='bbox 2300 631 2609 702; x_wconf 90' lang='lat' dir='ltr'><strong>sepulcrum</strong></span> <span class='ocrx_word' id='word_1_140' title='bbox 2637 631 2876 686; x_wconf 89' lang='lat' dir='ltr'><strong>dirutum</strong></span> <span class='ocrx_word' id='word_1_141' title='bbox 2905 645 2963 684; x_wconf 93' lang='lat' dir='ltr'><strong>se</strong></span> <span class='ocrx_word' id='word_1_142' title='bbox 2991 629 3338 700; x_wconf 81' lang='lat' dir='ltr'><strong>prospexisse</strong></span> <span class='ocrx_word' id='word_1_143' title='bbox 3358 625 3656 698; x_wconf 85' lang='lat' dir='ltr'><strong>respondit.</strong></span> <span class='ocrx_word' id='word_1_144' title='bbox 3685 627 3840 696; x_wconf 76' lang='lat'><strong>268</strong></span> 
     </span>
    </p>
   </div>
   <div class='ocr_carea' id='block_1_21' title="bbox 2249 718 3840 789">
    <p class='ocr_par' dir='ltr' id='par_1_21' title="bbox 2249 718 3840 789">
     <span class='ocr_line' id='line_1_21' title="bbox 2249 718 3840 789; baseline -0.005 -10"><span class='ocrx_word' id='word_1_145' title='bbox 2249 724 2608 780; x_wconf 86' lang='lat' dir='ltr'><strong>Abominatus</strong></span> <span class='ocrx_word' id='word_1_146' title='bbox 2645 725 2850 779; x_wconf 91' lang='lat' dir='ltr'><strong>dictum</strong></span> <span class='ocrx_word' id='word_1_147' title='bbox 2893 721 3152 789; x_wconf 80' lang='lat' dir='ltr'><strong>Annibal,</strong></span> <span class='ocrx_word' id='word_1_148' title='bbox 3197 721 3416 776; x_wconf 83' lang='lat' dir='ltr'><strong>deflexa</strong></span> <span class='ocrx_word' id='word_1_149' title='bbox 3455 734 3618 774; x_wconf 87' lang='lat' dir='ltr'><strong>cursu</strong></span> <span class='ocrx_word' id='word_1_150' title='bbox 3649 719 3717 772; x_wconf 92' lang='lat' dir='ltr'><strong>ad</strong></span> <span class='ocrx_word' id='word_1_151' title='bbox 3751 718 3840 772; x_wconf 87' lang='lat' dir='ltr'><strong>Lc-</strong></span> 
     </span>
    </p>
   </div>
   <div class='ocr_carea' id='block_1_22' title="bbox 2249 809 3838 888">
    <p class='ocr_par' dir='ltr' id='par_1_22' title="bbox 2249 809 3838 888">
     <span class='ocr_line' id='line_1_22' title="bbox 2249 809 3838 888; baseline -0.005 -18"><span class='ocrx_word' id='word_1_152' title='bbox 2249 817 2382 888; x_wconf 91' lang='lat' dir='ltr'><strong>ptim</strong></span> <span class='ocrx_word' id='word_1_153' title='bbox 2409 815 2666 886; x_wconf 88' lang='lat' dir='ltr'><strong>oppidum</strong></span> <span class='ocrx_word' id='word_1_154' title='bbox 2689 814 2875 885; x_wconf 90' lang='lat' dir='ltr'><strong>copias</strong></span> <span class='ocrx_word' id='word_1_155' title='bbox 2898 813 3170 884; x_wconf 77' lang='lat' dir='ltr'><strong>exposuit.</strong></span> <span class='ocrx_word' id='word_1_156' title='bbox 3198 814 3219 844; x_wconf 82' lang='grc'><strong><em>⁵</em></strong></span> <span class='ocrx_word' id='word_1_157' title='bbox 3241 812 3341 880; x_wconf 86' lang='lat' dir='ltr'><strong>Qui</strong></span> <span class='ocrx_word' id='word_1_158' title='bbox 3367 810 3627 868; x_wconf 91' lang='lat' dir='ltr'><strong>continuo</strong></span> <span class='ocrx_word' id='word_1_159' title='bbox 3649 809 3838 865; x_wconf 89' lang='lat' dir='ltr'><strong>refecta</strong></span> 
     </span>
    </p>
   </div>
   <div class='ocr_carea' id='block_1_23' title="bbox 2250 902 3842 977">
    <p class='ocr_par' dir='ltr' id='par_1_23' title="bbox 2250 902 3842 977">
     <span class='ocr_line' id='line_1_23' title="bbox 2250 902 3842 977; baseline -0.004 -14"><span class='ocrx_word' id='word_1_160' title='bbox 2250 907 2616 973; x_wconf 87' lang='lat' dir='ltr'><strong>multitudine,</strong></span> <span class='ocrx_word' id='word_1_161' title='bbox 2661 908 2682 938; x_wconf 81' lang='lat'><strong>‘</strong></span> <span class='ocrx_word' id='word_1_162' title='bbox 2725 906 3107 977; x_wconf 87' lang='lat' dir='ltr'><strong>Carthaginem</strong></span> <span class='ocrx_word' id='word_1_163' title='bbox 3151 907 3335 973; x_wconf 90' lang='lat' dir='ltr'><strong>venit,</strong></span> <span class='ocrx_word' id='word_1_164' title='bbox 3381 902 3584 959; x_wconf 84' lang='lat' dir='ltr'><strong>deinde</strong></span> <span class='ocrx_word' id='word_1_165' title='bbox 3620 903 3640 934; x_wconf 82' lang='grc'><strong>⁷</strong></span> <span class='ocrx_word' id='word_1_166' title='bbox 3683 903 3842 958; x_wconf 90' lang='lat' dir='ltr'><strong>collo-</strong></span> 
     </span>
    </p>
   </div>
   <div class='ocr_carea' id='block_1_24' title="bbox 2250 997 3842 1072">
    <p class='ocr_par' dir='ltr' id='par_1_24' title="bbox 2250 997 3842 1072">
     <span class='ocr_line' id='line_1_24' title="bbox 2250 997 3842 1072; baseline -0.003 -16"><span class='ocrx_word' id='word_1_167' title='bbox 2250 1001 2435 1072; x_wconf 89' lang='lat' dir='ltr'><strong>quium</strong></span> <span class='ocrx_word' id='word_1_168' title='bbox 2468 1001 2741 1072; x_wconf 86' lang='lat' dir='ltr'><strong>Scipionis</strong></span> <span class='ocrx_word' id='word_1_169' title='bbox 2771 1002 2943 1072; x_wconf 90' lang='lat' dir='ltr'><strong>petiit.</strong></span> <span class='ocrx_word' id='word_1_170' title='bbox 2972 1002 2994 1032; x_wconf 84' lang='grc'>⁸</span> <span class='ocrx_word' id='word_1_171' title='bbox 3023 1000 3124 1056; x_wconf 89' lang='lat' dir='ltr'><strong>Ubi</strong></span> <span class='ocrx_word' id='word_1_172' title='bbox 3153 1014 3275 1055; x_wconf 89' lang='lat' dir='ltr'><strong>cum</strong></span> <span class='ocrx_word' id='word_1_173' title='bbox 3304 1015 3363 1054; x_wconf 87' lang='lat' dir='ltr'><strong>se</strong></span> <span class='ocrx_word' id='word_1_174' title='bbox 3389 998 3480 1053; x_wconf 93' lang='lat' dir='ltr'><strong>diu</strong></span> <span class='ocrx_word' id='word_1_175' title='bbox 3511 997 3730 1053; x_wconf 85' lang='lat' dir='ltr'><strong>attoniti</strong></span> <span class='ocrx_word' id='word_1_176' title='bbox 3757 997 3842 1051; x_wconf 85' lang='lat' dir='ltr'><strong>ad-</strong></span> 
     </span>
    </p>
   </div>
   <div class='ocr_carea' id='block_1_25' title="bbox 2253 1091 3839 1160">
    <p class='ocr_par' dir='ltr' id='par_1_25' title="bbox 2253 1091 3839 1160">
     <span class='ocr_line' id='line_1_25' title="bbox 2253 1091 3839 1160; baseline -0.004 -13"><span class='ocrx_word' id='word_1_177' title='bbox 2253 1093 2542 1149; x_wconf 88' lang='lat' dir='ltr'><strong>miratione</strong></span> <span class='ocrx_word' id='word_1_178' title='bbox 2565 1103 2752 1148; x_wconf 92' lang='lat' dir='ltr'><strong>mutua</strong></span> <span class='ocrx_word' id='word_1_179' title='bbox 2777 1093 2884 1147; x_wconf 92' lang='lat' dir='ltr'><strong>duo</strong></span> <span class='ocrx_word' id='word_1_180' title='bbox 2906 1091 3198 1148; x_wconf 82' lang='lat' dir='ltr'><strong>clarissimi</strong></span> <span class='ocrx_word' id='word_1_181' title='bbox 3217 1092 3386 1148; x_wconf 88' lang='lat' dir='ltr'><strong>duces</strong></span> <span class='ocrx_word' id='word_1_182' title='bbox 3406 1094 3426 1124; x_wconf 75' lang='grc' dir='ltr'>θ</span> <span class='ocrx_word' id='word_1_183' title='bbox 3450 1092 3839 1160; x_wconf 76' lang='lat' dir='ltr'><strong>suSpexissent,</strong></span> 
     </span>
    </p>
   </div>
   <div class='ocr_carea' id='block_1_26' title="bbox 2255 1181 3844 1255">
    <p class='ocr_par' dir='ltr' id='par_1_26' title="bbox 2255 1181 3844 1255">
     <span class='ocr_line' id='line_1_26' title="bbox 2255 1181 3844 1255; baseline -0.001 -17"><span class='ocrx_word' id='word_1_184' title='bbox 2255 1185 2297 1217; x_wconf 89' lang='grc'><strong>¹⁰</strong></span> <span class='ocrx_word' id='word_1_185' title='bbox 2321 1185 2520 1240; x_wconf 90' lang='lat' dir='ltr'><strong>infecto</strong></span> <span class='ocrx_word' id='word_1_186' title='bbox 2545 1184 2691 1255; x_wconf 87' lang='lat' dir='ltr'><strong>pacis</strong></span> <span class='ocrx_word' id='word_1_187' title='bbox 2715 1187 2934 1254; x_wconf 91' lang='lat' dir='ltr'><strong>negotio</strong></span> <span class='ocrx_word' id='word_1_188' title='bbox 2959 1184 3199 1254; x_wconf 70' lang='lat' dir='ltr'><strong>pratlium</strong></span> <span class='ocrx_word' id='word_1_189' title='bbox 3222 1193 3535 1239; x_wconf 88' lang='lat' dir='ltr'><strong>consertum</strong></span> <span class='ocrx_word' id='word_1_190' title='bbox 3560 1191 3646 1238; x_wconf 90' lang='lat' dir='ltr'><strong>est</strong></span> <span class='ocrx_word' id='word_1_191' title='bbox 3673 1201 3687 1238; x_wconf 91' lang='lat'>:</span> <span class='ocrx_word' id='word_1_192' title='bbox 3713 1181 3844 1253; x_wconf 88' lang='lat' dir='ltr'><strong>quod</strong></span> 
     </span>
    </p>
   </div>
   <div class='ocr_carea' id='block_1_27' title="bbox 2253 1276 3847 1348">
    <p class='ocr_par' dir='ltr' id='par_1_27' title="bbox 2253 1276 3847 1348">
     <span class='ocr_line' id='line_1_27' title="bbox 2253 1276 3847 1348; baseline -0.002 -16"><span class='ocrx_word' id='word_1_193' title='bbox 2253 1278 2346 1332; x_wconf 91' lang='lat' dir='ltr'><strong>ditt</strong></span> <span class='ocrx_word' id='word_1_194' title='bbox 2370 1277 2582 1347; x_wconf 89' lang='lat' dir='ltr'><strong>magnis</strong></span> <span class='ocrx_word' id='word_1_195' title='bbox 2603 1278 2804 1332; x_wconf 91' lang='lat' dir='ltr'><strong>ducum</strong></span> <span class='ocrx_word' id='word_1_196' title='bbox 2829 1277 3039 1332; x_wconf 89' lang='lat' dir='ltr'><strong>artibus</strong></span> <span class='ocrx_word' id='word_1_197' title='bbox 3062 1276 3408 1347; x_wconf 90' lang='lat' dir='ltr'><strong>dispositum,</strong></span> <span class='ocrx_word' id='word_1_198' title='bbox 3433 1276 3645 1348; x_wconf 86' lang='lat' dir='ltr'><strong>magnis</strong></span> <span class='ocrx_word' id='word_1_199' title='bbox 3671 1276 3847 1347; x_wconf 88' lang='lat' dir='ltr'><strong>copia-</strong></span> 
     </span>
    </p>
   </div>
   <div class='ocr_carea' id='block_1_28' title="bbox 2257 1369 3849 1440">
    <p class='ocr_par' dir='ltr' id='par_1_28' title="bbox 2257 1369 3849 1440">
     <span class='ocr_line' id='line_1_28' title="bbox 2257 1369 3849 1440; baseline -0.001 -15"><span class='ocrx_word' id='word_1_200' title='bbox 2257 1385 2377 1425; x_wconf 91' lang='lat' dir='ltr'><strong>rum</strong></span> <span class='ocrx_word' id='word_1_201' title='bbox 2418 1369 2656 1426; x_wconf 86' lang='lat' dir='ltr'><strong>molibus</strong></span> <span class='ocrx_word' id='word_1_202' title='bbox 2692 1377 2930 1439; x_wconf 88' lang='lat' dir='ltr'><strong>gestum,</strong></span> <span class='ocrx_word' id='word_1_203' title='bbox 2967 1370 3177 1440; x_wconf 83' lang='lat' dir='ltr'><strong>magnis</strong></span> <span class='ocrx_word' id='word_1_204' title='bbox 3221 1371 3452 1425; x_wconf 92' lang='lat' dir='ltr'><strong>militum</strong></span> <span class='ocrx_word' id='word_1_205' title='bbox 3493 1371 3702 1426; x_wconf 86' lang='lat' dir='ltr'><strong>viribus</strong></span> <span class='ocrx_word' id='word_1_206' title='bbox 3729 1385 3849 1425; x_wconf 86' lang='lat' dir='ltr'><strong>con-</strong></span> 
     </span>
    </p>
   </div>
   <div class='ocr_carea' id='block_1_29' title="bbox 2256 1463 3848 1534">
    <p class='ocr_par' dir='ltr' id='par_1_29' title="bbox 2256 1463 3848 1534">
     <span class='ocr_line' id='line_1_29' title="bbox 2256 1463 3848 1534; baseline 0 -16"><span class='ocrx_word' id='word_1_207' title='bbox 2256 1475 2608 1530; x_wconf 89' lang='lat' dir='ltr'><strong>summatum,</strong></span> <span class='ocrx_word' id='word_1_208' title='bbox 2645 1463 2906 1519; x_wconf 83' lang='lat' dir='ltr'><strong>Romanis</strong></span> <span class='ocrx_word' id='word_1_209' title='bbox 2953 1464 3237 1519; x_wconf 88' lang='lat' dir='ltr'><strong>victoriam</strong></span> <span class='ocrx_word' id='word_1_210' title='bbox 3277 1465 3532 1520; x_wconf 83' lang='lat' dir='ltr'><strong>contulit.</strong></span> <span class='ocrx_word' id='word_1_211' title='bbox 3571 1463 3848 1534; x_wconf 78' lang='lat' dir='ltr'><strong>Octoginta</strong></span> 
     </span>
    </p>
   </div>
   <div class='ocr_carea' id='block_1_30' title="bbox 2257 1555 3852 1630">
    <p class='ocr_par' dir='ltr' id='par_1_30' title="bbox 2257 1555 3852 1630">
     <span class='ocr_line' id='line_1_30' title="bbox 2257 1555 3852 1630; baseline 0 -18"><span class='ocrx_word' id='word_1_212' title='bbox 2257 1558 2330 1612; x_wconf 90' lang='lat' dir='ltr'><strong>ibi</strong></span> <span class='ocrx_word' id='word_1_213' title='bbox 2369 1558 2644 1630; x_wconf 88' lang='lat' dir='ltr'><strong>elephanti</strong></span> <span class='ocrx_word' id='word_1_214' title='bbox 2685 1558 2771 1613; x_wconf 85' lang='lat' dir='ltr'><strong>vel</strong></span> <span class='ocrx_word' id='word_1_215' title='bbox 2811 1557 2954 1628; x_wconf 89' lang='lat' dir='ltr'><strong>capti</strong></span> <span class='ocrx_word' id='word_1_216' title='bbox 3000 1559 3084 1614; x_wconf 86' lang='lat' dir='ltr'><strong>vel</strong></span> <span class='ocrx_word' id='word_1_217' title='bbox 3123 1558 3292 1614; x_wconf 91' lang='lat' dir='ltr'><strong>occisi</strong></span> <span class='ocrx_word' id='word_1_218' title='bbox 3327 1566 3475 1624; x_wconf 92' lang='lat' dir='ltr'><strong>sunt,</strong></span> <span class='ocrx_word' id='word_1_219' title='bbox 3507 1559 3548 1590; x_wconf 83' lang='lat'>“</span> <span class='ocrx_word' id='word_1_220' title='bbox 3577 1555 3852 1628; x_wconf 84' lang='lat' dir='ltr'><strong>Carthagi-</strong></span> 
     </span>
    </p>
   </div>
   <div class='ocr_carea' id='block_1_31' title="bbox 2260 1651 3852 1723">
    <p class='ocr_par' dir='ltr' id='par_1_31' title="bbox 2260 1651 3852 1723">
     <span class='ocr_line' id='line_1_31' title="bbox 2260 1651 3852 1723; baseline -0.001 -16"><span class='ocrx_word' id='word_1_221' title='bbox 2260 1651 2533 1708; x_wconf 88' lang='lat' dir='ltr'><strong>niensium</strong></span> <span class='ocrx_word' id='word_1_222' title='bbox 2558 1653 2843 1709; x_wconf 88' lang='lat' dir='ltr'><strong>interfecta</strong></span> <span class='ocrx_word' id='word_1_223' title='bbox 2872 1661 2995 1708; x_wconf 90' lang='lat' dir='ltr'><strong>sunt</strong></span> <span class='ocrx_word' id='word_1_224' title='bbox 3019 1651 3211 1722; x_wconf 87' lang='lat' dir='ltr'><strong>viginti</strong></span> <span class='ocrx_word' id='word_1_225' title='bbox 3235 1651 3400 1706; x_wconf 87' lang='lat' dir='ltr'><strong>millia</strong></span> <span class='ocrx_word' id='word_1_226' title='bbox 3420 1651 3730 1723; x_wconf 87' lang='lat' dir='ltr'><strong>quingenti,</strong></span> <span class='ocrx_word' id='word_1_227' title='bbox 3750 1651 3852 1706; x_wconf 78' lang='lat' dir='ltr'><strong>An-</strong></span> 
     </span>
    </p>
   </div>
   <div class='ocr_carea' id='block_1_32' title="bbox 558 1742 3849 1816">
    <p class='ocr_par' dir='ltr' id='par_1_32' title="bbox 558 1742 3849 1816">
     <span class='ocr_line' id='line_1_32' title="bbox 558 1742 3849 1816; baseline -0.003 -12"><span class='ocrx_word' id='word_1_228' title='bbox 558 1761 614 1807; x_wconf 90' lang='lat' dir='ltr'><strong>et</strong></span> <span class='ocrx_word' id='word_1_229' title='bbox 664 1749 990 1805; x_wconf 83' lang='lat' dir='ltr'><strong>Massauissa</strong></span> <span class='ocrx_word' id='word_1_230' title='bbox 1031 1753 1320 1815; x_wconf 88' lang='lat' dir='ltr'><strong>ceperunt,</strong></span> <span class='ocrx_word' id='word_1_231' title='bbox 1365 1753 1567 1798; x_wconf 82' lang='lat' dir='ltr'><strong>ca-tera</strong></span> <span class='ocrx_word' id='word_1_232' title='bbox 1617 1743 1908 1797; x_wconf 88' lang='lat' dir='ltr'><strong>multitudo</strong></span> <span class='ocrx_word' id='word_1_233' title='bbox 1943 1742 2148 1796; x_wconf 82' lang='lat' dir='ltr'><strong>Cirtam</strong></span> <span class='ocrx_word' id='word_1_234' title='bbox 2184 1754 2229 1813; x_wconf 74' lang='grc' dir='ltr'><strong>Β</strong></span> <span class='ocrx_word' id='word_1_235' title='bbox 2259 1745 2407 1800; x_wconf 90' lang='lat' dir='ltr'><strong>nibal</strong></span> <span class='ocrx_word' id='word_1_236' title='bbox 2448 1746 2629 1800; x_wconf 89' lang='lat' dir='ltr'><strong>omnia</strong></span> <span class='ocrx_word' id='word_1_237' title='bbox 2661 1755 2718 1802; x_wconf 90' lang='lat' dir='ltr'><strong>et</strong></span> <span class='ocrx_word' id='word_1_238' title='bbox 2753 1755 2879 1801; x_wconf 88' lang='lat' dir='ltr'><strong>ante</strong></span> <span class='ocrx_word' id='word_1_239' title='bbox 2911 1745 3157 1816; x_wconf 69' lang='lat' dir='ltr'><strong>praelium</strong></span> <span class='ocrx_word' id='word_1_240' title='bbox 3191 1753 3248 1800; x_wconf 89' lang='lat' dir='ltr'><strong>et</strong></span> <span class='ocrx_word' id='word_1_241' title='bbox 3276 1745 3328 1799; x_wconf 93' lang='lat' dir='ltr'><strong>in</strong></span> <span class='ocrx_word' id='word_1_242' title='bbox 3362 1744 3555 1815; x_wconf 65' lang='lat' dir='ltr'><strong>prailio</strong></span> <span class='ocrx_word' id='word_1_243' title='bbox 3579 1753 3849 1814; x_wconf 76' lang='lat' dir='ltr'><strong>expertus,</strong></span> 
     </span>
    </p>
   </div>
   <div class='ocr_carea' id='block_1_33' title="bbox 561 1833 2154 1912">
    <p class='ocr_par' dir='ltr' id='par_1_33' title="bbox 561 1833 2154 1912">
     <span class='ocr_line' id='line_1_33' title="bbox 561 1833 2154 1912; baseline -0.008 -13"><span class='ocrx_word' id='word_1_244' title='bbox 561 1843 606 1876; x_wconf 73' lang='lat'><strong>“</strong></span> <span class='ocrx_word' id='word_1_245' title='bbox 633 1840 899 1912; x_wconf 87' lang='lat' dir='ltr'><strong>confugit,</strong></span> <span class='ocrx_word' id='word_1_246' title='bbox 934 1853 1096 1908; x_wconf 90' lang='lat' dir='ltr'><strong>quam</strong></span> <span class='ocrx_word' id='word_1_247' title='bbox 1143 1837 1465 1892; x_wconf 83' lang='lat' dir='ltr'><strong>Massanissa</strong></span> <span class='ocrx_word' id='word_1_248' title='bbox 1509 1843 1875 1906; x_wconf 82' lang='lat' dir='ltr'><strong>Oppugnatam</strong></span> <span class='ocrx_word' id='word_1_249' title='bbox 1914 1833 1967 1889; x_wconf 91' lang='lat' dir='ltr'><strong>in</strong></span> <span class='ocrx_word' id='word_1_250' title='bbox 2008 1833 2154 1889; x_wconf 85' lang='lat' dir='ltr'><strong>dedi-</strong></span> 
     </span>
    </p>
   </div>
   <div class='ocr_carea' id='block_1_34' title="bbox 563 1925 2154 2000">
    <p class='ocr_par' dir='ltr' id='par_1_34' title="bbox 563 1925 2154 2000">
     <span class='ocr_line' id='line_1_34' title="bbox 563 1925 2154 2000; baseline -0.005 -12"><span class='ocrx_word' id='word_1_251' title='bbox 563 1933 769 1988; x_wconf 88' lang='lat' dir='ltr'><strong>tionem</strong></span> <span class='ocrx_word' id='word_1_252' title='bbox 802 1930 1034 1998; x_wconf 88' lang='lat' dir='ltr'><strong>recepit,</strong></span> <span class='ocrx_word' id='word_1_253' title='bbox 1068 1927 1376 2000; x_wconf 89' lang='lat' dir='ltr'><strong>Syphacem</strong></span> <span class='ocrx_word' id='word_1_254' title='bbox 1407 1929 1453 1961; x_wconf 79' lang='grc'><strong>³⁸</strong></span> <span class='ocrx_word' id='word_1_255' title='bbox 1476 1926 1540 1981; x_wconf 90' lang='lat' dir='ltr'><strong>ad</strong></span> <span class='ocrx_word' id='word_1_256' title='bbox 1587 1926 1900 1997; x_wconf 78' lang='lat' dir='ltr'><strong>Scipionem</strong></span> <span class='ocrx_word' id='word_1_257' title='bbox 1941 1925 2154 1981; x_wconf 89' lang='lat' dir='ltr'><strong>catenis</strong></span> 
     </span>
    </p>
   </div>
   <div class='ocr_carea' id='block_1_35' title="bbox 558 2017 2156 2090">
    <p class='ocr_par' dir='ltr' id='par_1_35' title="bbox 558 2017 2156 2090">
     <span class='ocr_line' id='line_1_35' title="bbox 558 2017 2156 2090; baseline -0.007 -12"><span class='ocrx_word' id='word_1_258' title='bbox 558 2025 796 2079; x_wconf 92' lang='lat' dir='ltr'><strong>vinctum</strong></span> <span class='ocrx_word' id='word_1_259' title='bbox 825 2021 1068 2085; x_wconf 87' lang='lat' dir='ltr'><strong>deduxit,</strong></span> <span class='ocrx_word' id='word_1_260' title='bbox 1111 2034 1270 2090; x_wconf 90' lang='lat' dir='ltr'><strong>quem</strong></span> <span class='ocrx_word' id='word_1_261' title='bbox 1313 2018 1496 2088; x_wconf 89' lang='lat' dir='ltr'><strong>Scipio</strong></span> <span class='ocrx_word' id='word_1_262' title='bbox 1526 2032 1648 2072; x_wconf 91' lang='lat' dir='ltr'><strong>cunt</strong></span> <span class='ocrx_word' id='word_1_263' title='bbox 1679 2017 1997 2087; x_wconf 88' lang='lat' dir='ltr'><strong>ingentibus</strong></span> <span class='ocrx_word' id='word_1_264' title='bbox 2033 2029 2156 2085; x_wconf 87' lang='lat' dir='ltr'><strong>spo-</strong></span> 
     </span>
    </p>
   </div>
   <div class='ocr_carea' id='block_1_36' title="bbox 560 2106 2154 2186">
    <p class='ocr_par' dir='ltr' id='par_1_36' title="bbox 560 2106 2154 2186">
     <span class='ocr_line' id='line_1_36' title="bbox 560 2106 2154 2186; baseline -0.005 -15"><span class='ocrx_word' id='word_1_265' title='bbox 560 2117 675 2183; x_wconf 86' lang='lat' dir='ltr'><strong>liis,</strong></span> <span class='ocrx_word' id='word_1_266' title='bbox 709 2114 1068 2186; x_wconf 82' lang='lat' dir='ltr'><strong>plurimisque</strong></span> <span class='ocrx_word' id='word_1_267' title='bbox 1105 2111 1338 2182; x_wconf 84' lang='lat' dir='ltr'><strong>captivis</strong></span> <span class='ocrx_word' id='word_1_268' title='bbox 1383 2109 1428 2142; x_wconf 88' lang='grc'>³⁶</span> <span class='ocrx_word' id='word_1_269' title='bbox 1473 2110 1702 2166; x_wconf 81' lang='lat' dir='ltr'><strong>Romam</strong></span> <span class='ocrx_word' id='word_1_270' title='bbox 1745 2106 2154 2180; x_wconf 88' lang='lat' dir='ltr'><strong>perducendum</strong></span> 
     </span>
    </p>
   </div>
   <div class='ocr_carea' id='block_1_37' title="bbox 561 2208 1178 2269">
    <p class='ocr_par' dir='ltr' id='par_1_37' title="bbox 561 2208 1178 2269">
     <span class='ocr_line' id='line_1_37' title="bbox 561 2208 1178 2269; baseline -0.011 0"><span class='ocrx_word' id='word_1_271' title='bbox 561 2211 728 2269; x_wconf 82' lang='lat' dir='ltr'><strong>La-lio</strong></span> <span class='ocrx_word' id='word_1_272' title='bbox 757 2208 1003 2267; x_wconf 89' lang='lat' dir='ltr'><strong>tradidit.</strong></span> <span class='ocrx_word' id='word_1_273' title='bbox 1171 2240 1178 2247; x_wconf 87' lang='lat'><strong>-</strong></span> 
     </span>
    </p>
   </div>
   <div class='ocr_carea' id='block_1_38' title="bbox 1151 2301 1568 2360">
    <p class='ocr_par' dir='ltr' id='par_1_38' title="bbox 1151 2301 1568 2360">
     <span class='ocr_line' id='line_1_38' title="bbox 1151 2301 1568 2360; baseline 0.002 -2"><span class='ocrx_word' id='word_1_274' title='bbox 1151 2301 1384 2360; x_wconf 83' lang='lat' dir='ltr'><strong>CAPUT</strong></span> <span class='ocrx_word' id='word_1_275' title='bbox 1422 2301 1568 2359; x_wconf 81' lang='lat' dir='ltr'><strong>XIX.</strong></span> 
     </span>
    </p>
   </div>
   <div class='ocr_carea' id='block_1_39' title="bbox 564 2414 2162 2489">
    <p class='ocr_par' dir='ltr' id='par_1_39' title="bbox 564 2414 2162 2489">
     <span class='ocr_line' id='line_1_39' title="bbox 564 2414 2162 2489; baseline -0.003 -14"><span class='ocrx_word' id='word_1_276' title='bbox 564 2419 870 2475; x_wconf 76' lang='lat' dir='ltr'><strong>Annibalem</strong></span> <span class='ocrx_word' id='word_1_277' title='bbox 907 2417 961 2472; x_wconf 90' lang='lat' dir='ltr'><strong>in</strong></span> <span class='ocrx_word' id='word_1_278' title='bbox 1001 2416 1234 2489; x_wconf 81' lang='lat' dir='ltr'><strong>Africam</strong></span> <span class='ocrx_word' id='word_1_279' title='bbox 1273 2425 1593 2489; x_wconf 64' lang='lat' dir='ltr'><strong>revocatum,</strong></span> <span class='ocrx_word' id='word_1_280' title='bbox 1616 2431 1647 2466; x_wconf 92' lang='lat' dir='ltr'><strong>a</strong></span> <span class='ocrx_word' id='word_1_281' title='bbox 1680 2414 1923 2489; x_wconf 77' lang='lat' dir='ltr'><strong>Scipione</strong></span> <span class='ocrx_word' id='word_1_282' title='bbox 1948 2432 2162 2487; x_wconf 84' lang='lat' dir='ltr'><strong>supera-</strong></span> 
     </span>
    </p>
   </div>
   <div class='ocr_carea' id='block_1_40' title="bbox 638 2485 2160 2560">
    <p class='ocr_par' dir='ltr' id='par_1_40' title="bbox 638 2485 2160 2560">
     <span class='ocr_line' id='line_1_40' title="bbox 638 2485 2160 2560; baseline -0.003 -14"><span class='ocrx_word' id='word_1_283' title='bbox 638 2501 766 2551; x_wconf 87' lang='lat' dir='ltr'><strong>tum.</strong></span> <span class='ocrx_word' id='word_1_284' title='bbox 793 2485 1127 2560; x_wconf 69' lang='lat' dir='ltr'><strong>fugatumque</strong></span> <span class='ocrx_word' id='word_1_285' title='bbox 1148 2489 1306 2558; x_wconf 86' lang='lat' dir='ltr'><strong>fuisse</strong></span> <span class='ocrx_word' id='word_1_286' title='bbox 1333 2503 1350 2541; x_wconf 91' lang='lat'><strong><em>:</em></strong></span> <span class='ocrx_word' id='word_1_287' title='bbox 1378 2497 1426 2541; x_wconf 91' lang='lat' dir='ltr'><strong>et</strong></span> <span class='ocrx_word' id='word_1_288' title='bbox 1446 2485 1955 2556; x_wconf 84' lang='lat' dir='ltr'><strong>Carthaginiensibus</strong></span> <span class='ocrx_word' id='word_1_289' title='bbox 1982 2485 2160 2555; x_wconf 81' lang='lat' dir='ltr'><strong>pacem</strong></span> 
     </span>
    </p>
   </div>
   <div class='ocr_carea' id='block_1_41' title="bbox 635 2559 1256 2618">
    <p class='ocr_par' dir='ltr' id='par_1_41' title="bbox 635 2559 1256 2618">
     <span class='ocr_line' id='line_1_41' title="bbox 635 2559 1256 2618; baseline -0.011 0"><span class='ocrx_word' id='word_1_290' title='bbox 635 2559 948 2618; x_wconf 76' lang='lat' dir='ltr'><strong>concessisse</strong></span> <span class='ocrx_word' id='word_1_291' title='bbox 977 2559 1256 2614; x_wconf 86' lang='lat' dir='ltr'><strong>Romanos.</strong></span> 
     </span>
    </p>
   </div>
   <div class='ocr_carea' id='block_1_42' title="bbox 635 2671 2162 2742">
    <p class='ocr_par' dir='ltr' id='par_1_42' title="bbox 635 2671 2162 2742">
     <span class='ocr_line' id='line_1_42' title="bbox 635 2671 2162 2742; baseline -0.003 -10"><span class='ocrx_word' id='word_1_292' title='bbox 635 2676 869 2732; x_wconf 83' lang='lat' dir='ltr'><strong>Annibal</strong></span> <span class='ocrx_word' id='word_1_293' title='bbox 893 2674 1069 2732; x_wconf 85' lang='lat' dir='ltr'><strong>redire</strong></span> <span class='ocrx_word' id='word_1_294' title='bbox 1096 2675 1148 2728; x_wconf 92' lang='lat' dir='ltr'><strong>in</strong></span> <span class='ocrx_word' id='word_1_295' title='bbox 1177 2671 1413 2729; x_wconf 84' lang='lat' dir='ltr'><strong>Africam</strong></span> <span class='ocrx_word' id='word_1_296' title='bbox 1437 2673 1644 2742; x_wconf 81' lang='lat' dir='ltr'><strong>jussus,</strong></span> <span class='ocrx_word' id='word_1_297' title='bbox 1677 2681 1734 2727; x_wconf 93' lang='lat' dir='ltr'><strong>ut</strong></span> <span class='ocrx_word' id='word_1_298' title='bbox 1757 2672 1912 2728; x_wconf 86' lang='lat' dir='ltr'><strong>fessis</strong></span> <span class='ocrx_word' id='word_1_299' title='bbox 1935 2672 2162 2728; x_wconf 84' lang='lat' dir='ltr'><strong>Cartha-</strong></span> 
     </span>
    </p>
   </div>
   <div class='ocr_carea' id='block_1_43' title="bbox 565 2763 2162 2843">
    <p class='ocr_par' dir='ltr' id='par_1_43' title="bbox 565 2763 2162 2843">
     <span class='ocr_line' id='line_1_43' title="bbox 565 2763 2162 2843; baseline -0.004 -17"><span class='ocrx_word' id='word_1_300' title='bbox 565 2769 902 2843; x_wconf 87' lang='lat' dir='ltr'><strong>giniensibus</strong></span> <span class='ocrx_word' id='word_1_301' title='bbox 933 2765 1266 2835; x_wconf 84' lang='lat' dir='ltr'><strong>subveniret,</strong></span> <span class='ocrx_word' id='word_1_302' title='bbox 1293 2767 1310 2797; x_wconf 71' lang='grc' dir='ltr'>ί</span> <span class='ocrx_word' id='word_1_303' title='bbox 1338 2765 1476 2821; x_wconf 85' lang='lat' dir='ltr'><strong>flens</strong></span> <span class='ocrx_word' id='word_1_304' title='bbox 1503 2765 1722 2836; x_wconf 89' lang='lat' dir='ltr'><strong>reliquit</strong></span> <span class='ocrx_word' id='word_1_305' title='bbox 1747 2763 1978 2833; x_wconf 84' lang='lat' dir='ltr'><strong>italiam,</strong></span> <span class='ocrx_word' id='word_1_306' title='bbox 2000 2767 2020 2796; x_wconf 77' lang='lat'><strong>’</strong></span> <span class='ocrx_word' id='word_1_307' title='bbox 2045 2782 2162 2819; x_wconf 85' lang='lat' dir='ltr'><strong>om-</strong></span> 
     </span>
    </p>
   </div>
   <div class='ocr_carea' id='block_1_44' title="bbox 562 2856 2156 2932">
    <p class='ocr_par' dir='ltr' id='par_1_44' title="bbox 562 2856 2156 2932">
     <span class='ocr_line' id='line_1_44' title="bbox 562 2856 2156 2932; baseline -0.006 -13"><span class='ocrx_word' id='word_1_308' title='bbox 562 2864 722 2920; x_wconf 86' lang='lat' dir='ltr'><strong>nibus</strong></span> <span class='ocrx_word' id='word_1_309' title='bbox 757 2860 924 2917; x_wconf 87' lang='lat' dir='ltr'><strong>ltalici</strong></span> <span class='ocrx_word' id='word_1_310' title='bbox 960 2859 1179 2931; x_wconf 87' lang='lat' dir='ltr'><strong>generis</strong></span> <span class='ocrx_word' id='word_1_311' title='bbox 1214 2857 1503 2925; x_wconf 91' lang='lat' dir='ltr'><strong>militibus,</strong></span> <span class='ocrx_word' id='word_1_312' title='bbox 1527 2857 1561 2932; x_wconf 55' lang='lat' dir='ltr'><strong><em>ﬁ</em></strong></span> <span class='ocrx_word' id='word_1_313' title='bbox 1599 2857 1692 2928; x_wconf 86' lang='lat' dir='ltr'><strong>qui</strong></span> <span class='ocrx_word' id='word_1_314' title='bbox 1731 2859 1888 2928; x_wconf 90' lang='lat' dir='ltr'><strong>sequi</strong></span> <span class='ocrx_word' id='word_1_315' title='bbox 1931 2856 2156 2925; x_wconf 91' lang='lat' dir='ltr'><strong>nollent,</strong></span> 
     </span>
    </p>
   </div>
   <div class='ocr_carea' id='block_1_45' title="bbox 2257 1835 3850 1909">
    <p class='ocr_par' dir='ltr' id='par_1_45' title="bbox 2257 1835 3850 1909">
     <span class='ocr_line' id='line_1_45' title="bbox 2257 1835 3850 1909; baseline -0.003 -15"><span class='ocrx_word' id='word_1_316' title='bbox 2257 1853 2378 1894; x_wconf 88' lang='lat' dir='ltr'><strong>cum</strong></span> <span class='ocrx_word' id='word_1_317' title='bbox 2405 1838 2614 1908; x_wconf 82' lang='lat' dir='ltr'><strong>paucis,</strong></span> <span class='ocrx_word' id='word_1_318' title='bbox 2646 1837 2748 1893; x_wconf 87' lang='lat' dir='ltr'><strong>hoc</strong></span> <span class='ocrx_word' id='word_1_319' title='bbox 2775 1847 2881 1904; x_wconf 90' lang='lat' dir='ltr'><strong>est,</strong></span> <span class='ocrx_word' id='word_1_320' title='bbox 2913 1839 2999 1893; x_wconf 84' lang='lat' dir='ltr'><strong>vix</strong></span> <span class='ocrx_word' id='word_1_321' title='bbox 3024 1846 3260 1909; x_wconf 88' lang='lat' dir='ltr'><strong>quatuor</strong></span> <span class='ocrx_word' id='word_1_322' title='bbox 3283 1835 3583 1907; x_wconf 86' lang='lat' dir='ltr'><strong>equitibus,</strong></span> <span class='ocrx_word' id='word_1_323' title='bbox 3609 1836 3758 1892; x_wconf 92' lang='lat' dir='ltr'><strong>inter</strong></span> <span class='ocrx_word' id='word_1_324' title='bbox 3777 1845 3850 1891; x_wconf 85' lang='lat' dir='ltr'><strong>tn-</strong></span> 
     </span>
    </p>
   </div>
   <div class='ocr_carea' id='block_1_46' title="bbox 2259 1928 3849 2002">
    <p class='ocr_par' dir='ltr' id='par_1_46' title="bbox 2259 1928 3849 2002">
     <span class='ocr_line' id='line_1_46' title="bbox 2259 1928 3849 2002; baseline -0.003 -16"><span class='ocrx_word' id='word_1_325' title='bbox 2259 1931 2486 1986; x_wconf 88' lang='lat' dir='ltr'><strong>multunt</strong></span> <span class='ocrx_word' id='word_1_326' title='bbox 2507 1931 2749 2002; x_wconf 90' lang='lat' dir='ltr'><strong>elapsus,</strong></span> <span class='ocrx_word' id='word_1_327' title='bbox 2777 1931 3130 1986; x_wconf 87' lang='lat' dir='ltr'><strong>Adrumctum</strong></span> <span class='ocrx_word' id='word_1_328' title='bbox 3150 1929 3411 2000; x_wconf 90' lang='lat' dir='ltr'><strong>confugit.</strong></span> <span class='ocrx_word' id='word_1_329' title='bbox 3426 1928 3627 1984; x_wconf 89' lang='lat' dir='ltr'><strong>Postea</strong></span> <span class='ocrx_word' id='word_1_330' title='bbox 3640 1928 3849 1984; x_wconf 82' lang='lat' dir='ltr'><strong>Cartha-</strong></span> 
     </span>
    </p>
   </div>
   <div class='ocr_carea' id='block_1_47' title="bbox 2257 2024 3850 2096">
    <p class='ocr_par' dir='ltr' id='par_1_47' title="bbox 2257 2024 3850 2096">
     <span class='ocr_line' id='line_1_47' title="bbox 2257 2024 3850 2096; baseline -0.001 -16"><span class='ocrx_word' id='word_1_331' title='bbox 2257 2026 2434 2096; x_wconf 86' lang='lat' dir='ltr'><strong>ginem</strong></span> <span class='ocrx_word' id='word_1_332' title='bbox 2465 2033 2590 2096; x_wconf 90' lang='lat' dir='ltr'><strong>post</strong></span> <span class='ocrx_word' id='word_1_333' title='bbox 2617 2039 2710 2081; x_wconf 91' lang='lat' dir='ltr'><strong>sex</strong></span> <span class='ocrx_word' id='word_1_334' title='bbox 2749 2035 2804 2080; x_wconf 91' lang='lat' dir='ltr'><strong>et</strong></span> <span class='ocrx_word' id='word_1_335' title='bbox 2837 2025 3056 2096; x_wconf 88' lang='lat' dir='ltr'><strong>triginta</strong></span> <span class='ocrx_word' id='word_1_336' title='bbox 3089 2038 3285 2092; x_wconf 87' lang='lat' dir='ltr'><strong>annos,</strong></span> <span class='ocrx_word' id='word_1_337' title='bbox 3315 2039 3477 2095; x_wconf 90' lang='lat' dir='ltr'><strong>quam</strong></span> <span class='ocrx_word' id='word_1_338' title='bbox 3512 2024 3639 2079; x_wconf 88' lang='lat' dir='ltr'><strong>inde</strong></span> <span class='ocrx_word' id='word_1_339' title='bbox 3667 2024 3707 2054; x_wconf 84' lang='lat'><strong>&quot;</strong></span> <span class='ocrx_word' id='word_1_340' title='bbox 3737 2038 3850 2093; x_wconf 81' lang='lat' dir='ltr'><strong>par-</strong></span> 
     </span>
    </p>
   </div>
   <div class='ocr_carea' id='block_1_48' title="bbox 2258 2117 3851 2189">
    <p class='ocr_par' dir='ltr' id='par_1_48' title="bbox 2258 2117 3851 2189">
     <span class='ocr_line' id='line_1_48' title="bbox 2258 2117 3851 2189; baseline 0.003 -19"><span class='ocrx_word' id='word_1_341' title='bbox 2258 2133 2359 2173; x_wconf 93' lang='lat' dir='ltr'><strong>vus</strong></span> <span class='ocrx_word' id='word_1_342' title='bbox 2397 2134 2520 2174; x_wconf 89' lang='lat' dir='ltr'><strong>cum</strong></span> <span class='ocrx_word' id='word_1_343' title='bbox 2568 2129 2718 2189; x_wconf 88' lang='lat' dir='ltr'><strong>patre</strong></span> <span class='ocrx_word' id='word_1_344' title='bbox 2745 2119 2976 2184; x_wconf 81' lang='lat' dir='ltr'><strong>exierat,</strong></span> <span class='ocrx_word' id='word_1_345' title='bbox 3006 2119 3158 2175; x_wconf 86' lang='lat' dir='ltr'><strong>venit</strong></span> <span class='ocrx_word' id='word_1_346' title='bbox 3187 2137 3202 2174; x_wconf 93' lang='lat'><strong>:</strong></span> <span class='ocrx_word' id='word_1_347' title='bbox 3232 2118 3278 2151; x_wconf 80' lang='lat'>“</span> <span class='ocrx_word' id='word_1_348' title='bbox 3308 2117 3745 2188; x_wconf 86' lang='lat' dir='ltr'><strong>consultantique</strong></span> <span class='ocrx_word' id='word_1_349' title='bbox 3770 2133 3851 2173; x_wconf 86' lang='lat' dir='ltr'><strong>sc-</strong></span> 
     </span>
    </p>
   </div>
   <div class='ocr_carea' id='block_1_49' title="bbox 2259 2210 3847 2281">
    <p class='ocr_par' dir='ltr' id='par_1_49' title="bbox 2259 2210 3847 2281">
     <span class='ocr_line' id='line_1_49' title="bbox 2259 2210 3847 2281; baseline -0.001 -15"><span class='ocrx_word' id='word_1_350' title='bbox 2259 2210 2431 2277; x_wconf 88' lang='lat' dir='ltr'><strong>natui,</strong></span> <span class='ocrx_word' id='word_1_351' title='bbox 2474 2211 2674 2265; x_wconf 93' lang='lat' dir='ltr'><strong>nullam</strong></span> <span class='ocrx_word' id='word_1_352' title='bbox 2713 2225 2836 2266; x_wconf 87' lang='lat' dir='ltr'><strong>esse</strong></span> <span class='ocrx_word' id='word_1_353' title='bbox 2881 2210 3155 2266; x_wconf 85' lang='lat' dir='ltr'><strong>residuam</strong></span> <span class='ocrx_word' id='word_1_354' title='bbox 3197 2225 3373 2281; x_wconf 89' lang='lat' dir='ltr'><strong>spem,</strong></span> <span class='ocrx_word' id='word_1_355' title='bbox 3407 2211 3508 2265; x_wconf 90' lang='lat' dir='ltr'><strong>nisi</strong></span> <span class='ocrx_word' id='word_1_356' title='bbox 3542 2210 3595 2265; x_wconf 93' lang='lat' dir='ltr'><strong>in</strong></span> <span class='ocrx_word' id='word_1_357' title='bbox 3628 2210 3847 2280; x_wconf 64' lang='lat' dir='ltr'><strong>petenda</strong></span> 
     </span>
    </p>
   </div>
   <div class='ocr_carea' id='block_1_50' title="bbox 2263 2303 3848 2376">
    <p class='ocr_par' dir='ltr' id='par_1_50' title="bbox 2263 2303 3848 2376">
     <span class='ocr_line' id='line_1_50' title="bbox 2263 2303 3848 2376; baseline 0.002 -19"><span class='ocrx_word' id='word_1_358' title='bbox 2263 2319 2418 2376; x_wconf 89' lang='lat' dir='ltr'><strong>pace,</strong></span> <span class='ocrx_word' id='word_1_359' title='bbox 2450 2304 2738 2373; x_wconf 87' lang='lat' dir='ltr'><strong>persuasit.</strong></span> <span class='ocrx_word' id='word_1_360' title='bbox 2761 2303 2861 2359; x_wconf 88' lang='lat' dir='ltr'><strong>Cn.</strong></span> <span class='ocrx_word' id='word_1_361' title='bbox 2889 2304 3142 2361; x_wconf 89' lang='lat' dir='ltr'><strong>Cornelio</strong></span> <span class='ocrx_word' id='word_1_362' title='bbox 3166 2304 3422 2374; x_wconf 89' lang='lat' dir='ltr'><strong>Lentulo,</strong></span> <span class='ocrx_word' id='word_1_363' title='bbox 3448 2305 3512 2360; x_wconf 88' lang='lat' dir='ltr'><strong>P.</strong></span> <span class='ocrx_word' id='word_1_364' title='bbox 3542 2304 3688 2362; x_wconf 66' lang='lat' dir='ltr'><strong>IElio</strong></span> <span class='ocrx_word' id='word_1_365' title='bbox 3713 2306 3848 2361; x_wconf 70' lang='lat' dir='ltr'><strong>[’on</strong></span> 
     </span>
    </p>
   </div>
   <div class='ocr_carea' id='block_1_51' title="bbox 2265 2394 3848 2469">
    <p class='ocr_par' dir='ltr' id='par_1_51' title="bbox 2265 2394 3848 2469">
     <span class='ocr_line' id='line_1_51' title="bbox 2265 2394 3848 2469; baseline 0.002 -18"><span class='ocrx_word' id='word_1_366' title='bbox 2265 2397 2604 2463; x_wconf 86' lang='lat' dir='ltr'><strong>consulibus,</strong></span> <span class='ocrx_word' id='word_1_367' title='bbox 2629 2394 3169 2468; x_wconf 76' lang='lat' dir='ltr'><strong>Carthaginiensibus</strong></span> <span class='ocrx_word' id='word_1_368' title='bbox 3192 2414 3293 2468; x_wconf 89' lang='lat' dir='ltr'><strong>pax</strong></span> <span class='ocrx_word' id='word_1_369' title='bbox 3317 2413 3413 2469; x_wconf 88' lang='lat' dir='ltr'><strong>per</strong></span> <span class='ocrx_word' id='word_1_370' title='bbox 3432 2397 3738 2469; x_wconf 90' lang='lat' dir='ltr'><strong>Scipionem</strong></span> <span class='ocrx_word' id='word_1_371' title='bbox 3759 2415 3848 2454; x_wconf 88' lang='lat' dir='ltr'><strong>vo-</strong></span> 
     </span>
    </p>
   </div>
   <div class='ocr_carea' id='block_1_52' title="bbox 2263 2488 3845 2562">
    <p class='ocr_par' dir='ltr' id='par_1_52' title="bbox 2263 2488 3845 2562">
     <span class='ocr_line' id='line_1_52' title="bbox 2263 2488 3845 2562; baseline 0.002 -18"><span class='ocrx_word' id='word_1_372' title='bbox 2263 2488 2468 2545; x_wconf 88' lang='lat' dir='ltr'><strong>luntate</strong></span> <span class='ocrx_word' id='word_1_373' title='bbox 2498 2499 2718 2544; x_wconf 90' lang='lat' dir='ltr'><strong>senatus</strong></span> <span class='ocrx_word' id='word_1_374' title='bbox 2749 2490 3042 2562; x_wconf 90' lang='lat' dir='ltr'><strong>populique</strong></span> <span class='ocrx_word' id='word_1_375' title='bbox 3069 2505 3327 2547; x_wconf 90' lang='lat' dir='ltr'><strong>concessa</strong></span> <span class='ocrx_word' id='word_1_376' title='bbox 3354 2501 3460 2546; x_wconf 92' lang='lat' dir='ltr'><strong>cst.</strong></span> <span class='ocrx_word' id='word_1_377' title='bbox 3484 2491 3658 2548; x_wconf 83' lang='lat' dir='ltr'><strong>Naves</strong></span> <span class='ocrx_word' id='word_1_378' title='bbox 3680 2501 3845 2547; x_wconf 88' lang='lat' dir='ltr'><strong>tamen</strong></span> 
     </span>
    </p>
   </div>
   <div class='ocr_carea' id='block_1_53' title="bbox 2265 2581 3847 2656">
    <p class='ocr_par' dir='ltr' id='par_1_53' title="bbox 2265 2581 3847 2656">
     <span class='ocr_line' id='line_1_53' title="bbox 2265 2581 3847 2656; baseline 0.003 -20"><span class='ocrx_word' id='word_1_379' title='bbox 2265 2581 2388 2654; x_wconf 91' lang='lat' dir='ltr'><strong>plus</strong></span> <span class='ocrx_word' id='word_1_380' title='bbox 2427 2596 2584 2650; x_wconf 89' lang='lat' dir='ltr'><strong>quam</strong></span> <span class='ocrx_word' id='word_1_381' title='bbox 2629 2583 2933 2654; x_wconf 70' lang='lat' dir='ltr'><strong>quingenta:</strong></span> <span class='ocrx_word' id='word_1_382' title='bbox 2977 2583 3029 2638; x_wconf 92' lang='lat' dir='ltr'><strong>in</strong></span> <span class='ocrx_word' id='word_1_383' title='bbox 3079 2584 3246 2640; x_wconf 90' lang='lat' dir='ltr'><strong>altum</strong></span> <span class='ocrx_word' id='word_1_384' title='bbox 3291 2585 3596 2656; x_wconf 61' lang='lat' dir='ltr'><strong>productas,</strong></span> <span class='ocrx_word' id='word_1_385' title='bbox 3638 2586 3689 2641; x_wconf 93' lang='lat' dir='ltr'><strong>in</strong></span> <span class='ocrx_word' id='word_1_386' title='bbox 3729 2601 3847 2642; x_wconf 86' lang='lat' dir='ltr'><strong>con-</strong></span> 
     </span>
    </p>
   </div>
   <div class='ocr_carea' id='block_1_54' title="bbox 2264 2673 3846 2748">
    <p class='ocr_par' dir='ltr' id='par_1_54' title="bbox 2264 2673 3846 2748">
     <span class='ocr_line' id='line_1_54' title="bbox 2264 2673 3846 2748; baseline 0.003 -20"><span class='ocrx_word' id='word_1_387' title='bbox 2264 2681 2449 2743; x_wconf 75' lang='lat' dir='ltr'><strong>Spectu</strong></span> <span class='ocrx_word' id='word_1_388' title='bbox 2477 2673 2713 2729; x_wconf 91' lang='lat' dir='ltr'><strong>civitatis</strong></span> <span class='ocrx_word' id='word_1_389' title='bbox 2740 2674 2975 2729; x_wconf 87' lang='lat' dir='ltr'><strong>incensae</strong></span> <span class='ocrx_word' id='word_1_390' title='bbox 2998 2685 3142 2730; x_wconf 91' lang='lat' dir='ltr'><strong>sunt.</strong></span> <span class='ocrx_word' id='word_1_391' title='bbox 3167 2675 3350 2744; x_wconf 87' lang='lat' dir='ltr'><strong>Scipio</strong></span> <span class='ocrx_word' id='word_1_392' title='bbox 3369 2676 3483 2746; x_wconf 83' lang='lat' dir='ltr'><strong>jam</strong></span> <span class='ocrx_word' id='word_1_393' title='bbox 3511 2688 3634 2731; x_wconf 87' lang='lat' dir='ltr'><strong>tunc</strong></span> <span class='ocrx_word' id='word_1_394' title='bbox 3655 2691 3846 2748; x_wconf 82' lang='lat' dir='ltr'><strong>cogno-</strong></span> 
     </span>
    </p>
   </div>
   <div class='ocr_carea' id='block_1_55' title="bbox 2265 2762 3842 2837">
    <p class='ocr_par' dir='ltr' id='par_1_55' title="bbox 2265 2762 3842 2837">
     <span class='ocr_line' id='line_1_55' title="bbox 2265 2762 3842 2837; baseline 0.002 -18"><span class='ocrx_word' id='word_1_395' title='bbox 2265 2773 2448 2819; x_wconf 89' lang='lat' dir='ltr'><strong>mento</strong></span> <span class='ocrx_word' id='word_1_396' title='bbox 2485 2762 2793 2833; x_wconf 85' lang='lat' dir='ltr'><strong>Africanus,</strong></span> <span class='ocrx_word' id='word_1_397' title='bbox 2837 2764 3176 2836; x_wconf 87' lang='lat' dir='ltr'><strong>triumphans</strong></span> <span class='ocrx_word' id='word_1_398' title='bbox 3217 2765 3414 2821; x_wconf 85' lang='lat' dir='ltr'><strong>Urbem</strong></span> <span class='ocrx_word' id='word_1_399' title='bbox 3451 2767 3722 2837; x_wconf 68' lang='lat' dir='ltr'><strong>ingressus</strong></span> <span class='ocrx_word' id='word_1_400' title='bbox 3749 2777 3842 2835; x_wconf 83' lang='lat' dir='ltr'><strong>est,</strong></span> 
     </span>
    </p>
   </div>
   <div class='ocr_carea' id='block_1_56' title="bbox 2264 2854 3846 2929">
    <p class='ocr_par' dir='ltr' id='par_1_56' title="bbox 2264 2854 3846 2929">
     <span class='ocr_line' id='line_1_56' title="bbox 2264 2854 3846 2929; baseline 0.003 -21"><span class='ocrx_word' id='word_1_401' title='bbox 2264 2870 2424 2926; x_wconf 91' lang='lat' dir='ltr'><strong>quem</strong></span> <span class='ocrx_word' id='word_1_402' title='bbox 2457 2854 2500 2887; x_wconf 74' lang='lat'><strong>&quot;</strong></span> <span class='ocrx_word' id='word_1_403' title='bbox 2530 2855 2844 2926; x_wconf 89' lang='lat' dir='ltr'><strong>Terentius,</strong></span> <span class='ocrx_word' id='word_1_404' title='bbox 2874 2856 2966 2929; x_wconf 91' lang='lat' dir='ltr'><strong>qui</strong></span> <span class='ocrx_word' id='word_1_405' title='bbox 2996 2867 3180 2929; x_wconf 87' lang='lat' dir='ltr'><strong>postea</strong></span> <span class='ocrx_word' id='word_1_406' title='bbox 3209 2859 3473 2928; x_wconf 91' lang='lat' dir='ltr'><strong>comicus,</strong></span> <span class='ocrx_word' id='word_1_407' title='bbox 3498 2874 3564 2914; x_wconf 87' lang='lat' dir='ltr'><strong>ex</strong></span> <span class='ocrx_word' id='word_1_408' title='bbox 3591 2858 3846 2914; x_wconf 86' lang='lat' dir='ltr'><strong>nobilibus</strong></span> 
     </span>
    </p>
   </div>
   <div class='ocr_carea' id='block_1_57' title="bbox 1827 2976 2580 3050">
    <p class='ocr_par' dir='ltr' id='par_1_57' title="bbox 1827 2976 2580 3050">
     <span class='ocr_line' id='line_1_57' title="bbox 1827 2976 2580 3050; baseline 0.001 -3"><span class='ocrx_word' id='word_1_409' title='bbox 1827 2976 2309 3049; x_wconf 61' lang='lat' dir='ltr'><strong>‘ttavuncanpt</strong></span> <span class='ocrx_word' id='word_1_410' title='bbox 2347 2992 2580 3050; x_wconf 66' lang='lat' dir='ltr'><strong>NOT/E.</strong></span> 
     </span>
    </p>
   </div>
   <div class='ocr_carea' id='block_1_58' title="bbox 634 3103 3847 3183">
    <p class='ocr_par' dir='ltr' id='par_1_58' title="bbox 634 3103 3847 3183">
     <span class='ocr_line' id='line_1_58' title="bbox 634 3103 3847 3183; baseline 0 -15"><span class='ocrx_word' id='word_1_411' title='bbox 634 3111 727 3168; x_wconf 73' lang='lat'><strong>26.</strong></span> <span class='ocrx_word' id='word_1_412' title='bbox 763 3111 981 3167; x_wconf 81' lang='lat' dir='ltr'><strong>Romam</strong></span> <span class='ocrx_word' id='word_1_413' title='bbox 1014 3107 1228 3183; x_wconf 80' lang='lat' dir='ltr'><strong>refugit.</strong></span> <span class='ocrx_word' id='word_1_414' title='bbox 1264 3107 1322 3183; x_wconf 85' lang='lat' dir='ltr'><strong>P_.</strong></span> <span class='ocrx_word' id='word_1_415' title='bbox 1351 3104 1734 3183; x_wconf 83' lang='lat' dir='ltr'><strong>Sempronium</strong></span> <span class='ocrx_word' id='word_1_416' title='bbox 1777 3105 1846 3160; x_wconf 91' lang='lat' dir='ltr'><strong>ab</strong></span> <span class='ocrx_word' id='word_1_417' title='bbox 1885 3103 2152 3183; x_wconf 72' lang='lat' dir='ltr'><strong>Annibale</strong></span> <span class='ocrx_word' id='word_1_418' title='bbox 2185 3104 2231 3166; x_wconf 75' lang='grc' dir='ltr'>Ο</span> <span class='ocrx_word' id='word_1_419' title='bbox 2281 3180 2300 3183; x_wconf 73' lang='lat'><strong><em>_</em></strong></span> <span class='ocrx_word' id='word_1_420' title='bbox 2334 3105 2886 3183; x_wconf 24' lang='lat' dir='ltr'><strong>2.‘_(_)tunibus_1talic_i</strong></span> <span class='ocrx_word' id='word_1_421' title='bbox 2913 3109 3133 3183; x_wconf 79' lang='lat' dir='ltr'><strong>generis.</strong></span> <span class='ocrx_word' id='word_1_422' title='bbox 3168 3109 3277 3183; x_wconf 70' lang='lat' dir='ltr'><strong>l_lac</strong></span> <span class='ocrx_word' id='word_1_423' title='bbox 3315 3109 3384 3167; x_wconf 91' lang='lat' dir='ltr'><strong>de</strong></span> <span class='ocrx_word' id='word_1_424' title='bbox 3413 3126 3476 3168; x_wconf 88' lang='lat' dir='ltr'><strong>re</strong></span> <span class='ocrx_word' id='word_1_425' title='bbox 3501 3112 3771 3183; x_wconf 88' lang='lat' dir='ltr'><strong>Appianus</strong></span> <span class='ocrx_word' id='word_1_426' title='bbox 3797 3112 3847 3168; x_wconf 90' lang='lat' dir='ltr'><strong>in</strong></span> 
     </span>
    </p>
   </div>
   <div class='ocr_carea' id='block_1_59' title="bbox 563 3177 2160 3248">
    <p class='ocr_par' dir='ltr' id='par_1_59' title="bbox 563 3177 2160 3248">
     <span class='ocr_line' id='line_1_59' title="bbox 563 3177 2160 3248; baseline -0.005 -10"><span class='ocrx_word' id='word_1_427' title='bbox 563 3185 767 3240; x_wconf 91' lang='lat' dir='ltr'><strong>victum</strong></span> <span class='ocrx_word' id='word_1_428' title='bbox 813 3184 868 3236; x_wconf 93' lang='lat' dir='ltr'><strong>in</strong></span> <span class='ocrx_word' id='word_1_429' title='bbox 909 3196 1043 3248; x_wconf 84' lang='lat' dir='ltr'><strong>agro</strong></span> <span class='ocrx_word' id='word_1_430' title='bbox 1076 3177 1460 3248; x_wconf 76' lang='lat' dir='ltr'><strong>Crotoniensi,</strong></span> <span class='ocrx_word' id='word_1_431' title='bbox 1489 3179 1541 3233; x_wconf 87' lang='lat' dir='ltr'><strong>iit</strong></span> <span class='ocrx_word' id='word_1_432' title='bbox 1593 3186 1769 3248; x_wconf 84' lang='lat' dir='ltr'><strong>castra</strong></span> <span class='ocrx_word' id='word_1_433' title='bbox 1811 3177 2058 3244; x_wconf 84' lang='lat' dir='ltr'><strong>rediisse,</strong></span> <span class='ocrx_word' id='word_1_434' title='bbox 2097 3191 2160 3230; x_wconf 88' lang='lat' dir='ltr'><strong>ac</strong></span> 
     </span>
    </p>
   </div>
   <div class='ocr_carea' id='block_1_60' title="bbox 562 3195 2158 3322">
    <p class='ocr_par' dir='ltr' id='par_1_60' title="bbox 562 3195 2158 3322">
     <span class='ocr_line' id='line_1_60' title="bbox 563 3195 2158 3248; baseline -0.005 -10"><span class='ocrx_word' id='word_1_435' title='bbox 563 3195 767 3240; x_wconf 87' lang='lat' dir='ltr'><strong>victum</strong></span> <span class='ocrx_word' id='word_1_436' title='bbox 814 3199 868 3236; x_wconf 94' lang='lat' dir='ltr'><strong>tn</strong></span> <span class='ocrx_word' id='word_1_437' title='bbox 909 3196 1043 3248; x_wconf 77' lang='lat' dir='ltr'><strong>agro</strong></span> <span class='ocrx_word' id='word_1_438' title='bbox 1092 3195 1348 3234; x_wconf 68' lang='grc' dir='ltr'>υιόιοιιιθ</span> <span class='ocrx_word' id='word_1_439' title='bbox 1388 3195 1460 3246; x_wconf 84' lang='lat' dir='ltr'><strong>SI,</strong></span> <span class='ocrx_word' id='word_1_440' title='bbox 1489 3195 1541 3233; x_wconf 93' lang='grc' dir='ltr'><strong>ιιι</strong></span> <span class='ocrx_word' id='word_1_441' title='bbox 1593 3195 1769 3231; x_wconf 79' lang='lat' dir='ltr'><strong>caSIra</strong></span> <span class='ocrx_word' id='word_1_442' title='bbox 1811 3195 2058 3244; x_wconf 76' lang='lat' dir='ltr'><strong>rcuttsse,</strong></span> <span class='ocrx_word' id='word_1_443' title='bbox 2097 3195 2158 3230; x_wconf 86' lang='lat' dir='ltr'><strong>ac</strong></span> 
     </span>
     <span class='ocr_line' id='line_1_61' title="bbox 562 3195 2158 3322; baseline -0.004 -12"><span class='ocrx_word' id='word_1_444' title='bbox 562 3253 784 3322; x_wconf 87' lang='lat' dir='ltr'><strong>deinde,</strong></span> <span class='ocrx_word' id='word_1_445' title='bbox 812 3252 1078 3310; x_wconf 90' lang='lat' dir='ltr'><strong>accersito</strong></span> <span class='ocrx_word' id='word_1_446' title='bbox 1103 3251 1312 3306; x_wconf 89' lang='lat' dir='ltr'><strong>Licinio</strong></span> <span class='ocrx_word' id='word_1_447' title='bbox 1342 3195 1560 3322; x_wconf 52' lang='lat' dir='ltr'><strong>Crasso,</strong></span> <span class='ocrx_word' id='word_1_448' title='bbox 1595 3247 1824 3322; x_wconf 88' lang='lat' dir='ltr'><strong>fc_liciter</strong></span> <span class='ocrx_word' id='word_1_449' title='bbox 1845 3248 2158 3317; x_wconf 90' lang='lat' dir='ltr'><strong>dimicasse,</strong></span> 
     </span>
    </p>
   </div>
   <div class='ocr_carea' id='block_1_61' title="bbox 573 3318 1795 3382">
    <p class='ocr_par' dir='ltr' id='par_1_61' title="bbox 573 3318 1795 3382">
     <span class='ocr_line' id='line_1_62' title="bbox 573 3318 1795 3382; baseline -0.008 0"><span class='ocrx_word' id='word_1_450' title='bbox 573 3318 917 3382; x_wconf 43' lang='lat' dir='ltr'><strong>Livius&#39;libro</strong></span> <span class='ocrx_word' id='word_1_451' title='bbox 947 3337 1088 3377; x_wconf 90' lang='lat' dir='ltr'><strong>nouo</strong></span> <span class='ocrx_word' id='word_1_452' title='bbox 1110 3333 1358 3375; x_wconf 71' lang='lat' dir='ltr'><strong>extremo</strong></span> <span class='ocrx_word' id='word_1_453' title='bbox 1381 3320 1587 3374; x_wconf 84' lang='lat' dir='ltr'><strong>scribit.</strong></span> <span class='ocrx_word' id='word_1_454' title='bbox 1624 3318 1795 3374; x_wconf 75' lang='lat' dir='ltr'><strong>FABR.</strong></span> 
     </span>
    </p>
   </div>
   <div class='ocr_carea' id='block_1_62' title="bbox 640 3389 2161 3464">
    <p class='ocr_par' dir='ltr' id='par_1_62' title="bbox 640 3389 2161 3464">
     <span class='ocr_line' id='line_1_63' title="bbox 640 3389 2161 3464; baseline -0.007 -12"><span class='ocrx_word' id='word_1_455' title='bbox 640 3397 734 3452; x_wconf 71' lang='grc'><strong>27.</strong></span> <span class='ocrx_word' id='word_1_456' title='bbox 763 3392 1298 3464; x_wconf 55' lang='grc' dir='ltr'><strong>Αῃρνεεριιυινὺενιια</strong></span> <span class='ocrx_word' id='word_1_457' title='bbox 1321 3390 1625 3464; x_wconf 55' lang='lat' dir='ltr'><strong>Poenorum.</strong></span> <span class='ocrx_word' id='word_1_458' title='bbox 1656 3389 2034 3464; x_wconf 64' lang='lat' dir='ltr'><strong>llatc_|t_istoria</strong></span> <span class='ocrx_word' id='word_1_459' title='bbox 2065 3405 2161 3464; x_wconf 77' lang='lat' dir='ltr'><strong>ex-</strong></span> 
     </span>
    </p>
   </div>
   <div class='ocr_carea' id='block_1_63' title="bbox 564 3461 2164 3534">
    <p class='ocr_par' dir='ltr' id='par_1_63' title="bbox 564 3461 2164 3534">
     <span class='ocr_line' id='line_1_64' title="bbox 564 3461 2164 3534; baseline -0.005 -12"><span class='ocrx_word' id='word_1_460' title='bbox 564 3468 747 3522; x_wconf 87' lang='lat' dir='ltr'><strong>statin</strong></span> <span class='ocrx_word' id='word_1_461' title='bbox 786 3461 990 3534; x_wconf 64' lang='lat' dir='ltr'><strong>l‘tilybii</strong></span> <span class='ocrx_word' id='word_1_462' title='bbox 1026 3461 1362 3534; x_wconf 70' lang='lat' dir='ltr'><strong>Friigmentis</strong></span> <span class='ocrx_word' id='word_1_463' title='bbox 1392 3463 1488 3534; x_wconf 69' lang='lat' dir='ltr'><strong>lili.</strong></span> <span class='ocrx_word' id='word_1_464' title='bbox 1522 3478 1630 3530; x_wconf 80' lang='lat' dir='ltr'><strong>xiv,</strong></span> <span class='ocrx_word' id='word_1_465' title='bbox 1662 3461 1803 3534; x_wconf 51' lang='lat' dir='ltr'><strong>apud</strong></span> <span class='ocrx_word' id='word_1_466' title='bbox 1830 3461 2039 3515; x_wconf 90' lang='lat' dir='ltr'><strong>Livium</strong></span> <span class='ocrx_word' id='word_1_467' title='bbox 2063 3461 2164 3515; x_wconf 88' lang='lat' dir='ltr'><strong>itii-</strong></span> 
     </span>
    </p>
   </div>
   <div class='ocr_carea' id='block_1_64' title="bbox 577 3532 1873 3603">
    <p class='ocr_par' dir='ltr' id='par_1_64' title="bbox 577 3532 1873 3603">
     <span class='ocr_line' id='line_1_65' title="bbox 577 3532 1873 3603; baseline -0.005 -10"><span class='ocrx_word' id='word_1_468' title='bbox 577 3542 651 3594; x_wconf 82' lang='lat' dir='ltr'><strong>lio</strong></span> <span class='ocrx_word' id='word_1_469' title='bbox 678 3537 771 3591; x_wconf 91' lang='lat' dir='ltr'><strong>lib.</strong></span> <span class='ocrx_word' id='word_1_470' title='bbox 812 3532 942 3590; x_wconf 62' lang='lat' dir='ltr'><strong>xxx.</strong></span> <span class='ocrx_word' id='word_1_471' title='bbox 973 3533 1344 3600; x_wconf 82' lang='lat' dir='ltr'><strong>elAppiattttm</strong></span> <span class='ocrx_word' id='word_1_472' title='bbox 1379 3535 1430 3587; x_wconf 91' lang='lat' dir='ltr'><strong>in</strong></span> <span class='ocrx_word' id='word_1_473' title='bbox 1457 3533 1677 3603; x_wconf 84' lang='lat' dir='ltr'><strong>Lybicu.</strong></span> <span class='ocrx_word' id='word_1_474' title='bbox 1708 3532 1873 3586; x_wconf 77' lang='lat' dir='ltr'><strong>FABll.</strong></span> 
     </span>
    </p>
   </div>
   <div class='ocr_carea' id='block_1_65' title="bbox 645 3603 2164 3664">
    <p class='ocr_par' dir='ltr' id='par_1_65' title="bbox 645 3603 2164 3664">
     <span class='ocr_line' id='line_1_66' title="bbox 645 3603 2164 3664; baseline -0.003 0"><span class='ocrx_word' id='word_1_475' title='bbox 645 3610 735 3664; x_wconf 74' lang='lat'><strong>28.</strong></span> <span class='ocrx_word' id='word_1_476' title='bbox 761 3603 908 3661; x_wconf 81' lang='lat' dir='ltr'><strong>Fecit</strong></span> <span class='ocrx_word' id='word_1_477' title='bbox 946 3606 1174 3660; x_wconf 85' lang='lat' dir='ltr'><strong>incendi.</strong></span> <span class='ocrx_word' id='word_1_478' title='bbox 1201 3604 1374 3664; x_wconf 77' lang='lat' dir='ltr'><strong>Lugd.</strong></span> <span class='ocrx_word' id='word_1_479' title='bbox 1409 3605 1549 3660; x_wconf 88' lang='lat' dir='ltr'><strong>Batt.</strong></span> <span class='ocrx_word' id='word_1_480' title='bbox 1584 3611 1694 3659; x_wconf 90' lang='lat' dir='ltr'><strong>tres</strong></span> <span class='ocrx_word' id='word_1_481' title='bbox 1723 3619 1845 3658; x_wconf 92' lang='lat' dir='ltr'><strong>cum</strong></span> <span class='ocrx_word' id='word_1_482' title='bbox 1880 3603 2164 3659; x_wconf 84' lang='lat' dir='ltr'><strong>Vincentio</strong></span> 
     </span>
    </p>
   </div>
   <div class='ocr_carea' id='block_1_66' title="bbox 573 3677 1367 3742">
    <p class='ocr_par' dir='ltr' id='par_1_66' title="bbox 573 3677 1367 3742">
     <span class='ocr_line' id='line_1_67' title="bbox 573 3677 1367 3742; baseline -0.008 -6"><span class='ocrx_word' id='word_1_483' title='bbox 573 3689 626 3736; x_wconf 89' lang='lat' dir='ltr'><strong>ct</strong></span> <span class='ocrx_word' id='word_1_484' title='bbox 655 3680 790 3735; x_wconf 83' lang='lat' dir='ltr'><strong>Coll.</strong></span> <span class='ocrx_word' id='word_1_485' title='bbox 824 3677 1092 3742; x_wconf 82' lang='lat' dir='ltr'><strong>Gronov.,</strong></span> <span class='ocrx_word' id='word_1_486' title='bbox 1116 3677 1367 3730; x_wconf 80' lang='lat' dir='ltr'><strong>incendit.</strong></span> 
     </span>
    </p>
   </div>
   <div class='ocr_carea' id='block_1_67' title="bbox 641 3746 2164 3820">
    <p class='ocr_par' dir='ltr' id='par_1_67' title="bbox 641 3746 2164 3820">
     <span class='ocr_line' id='line_1_68' title="bbox 641 3746 2164 3820; baseline -0.005 -13"><span class='ocrx_word' id='word_1_487' title='bbox 641 3753 732 3807; x_wconf 74' lang='lat'><strong>29.</strong></span> <span class='ocrx_word' id='word_1_488' title='bbox 774 3747 1022 3820; x_wconf 82' lang='lat' dir='ltr'><strong>Oppressi</strong></span> <span class='ocrx_word' id='word_1_489' title='bbox 1058 3757 1196 3820; x_wconf 64' lang='lat' dir='ltr'><strong>sunt.</strong></span> <span class='ocrx_word' id='word_1_490' title='bbox 1227 3746 1324 3802; x_wconf 86' lang='lat' dir='ltr'><strong>Ed.</strong></span> <span class='ocrx_word' id='word_1_491' title='bbox 1361 3750 1610 3820; x_wconf 47' lang='lat' dir='ltr'><strong>August&quot;</strong></span> <span class='ocrx_word' id='word_1_492' title='bbox 1642 3747 1872 3820; x_wconf 76' lang='lat' dir='ltr'><strong>superati</strong></span> <span class='ocrx_word' id='word_1_493' title='bbox 1916 3755 2038 3801; x_wconf 84' lang='lat' dir='ltr'><strong>sunt</strong></span> <span class='ocrx_word' id='word_1_494' title='bbox 2089 3747 2164 3800; x_wconf 79' lang='lat' dir='ltr'><strong>vel</strong></span> 
     </span>
    </p>
   </div>
   <div class='ocr_carea' id='block_1_68' title="bbox 569 3816 2163 3894">
    <p class='ocr_par' dir='ltr' id='par_1_68' title="bbox 569 3816 2163 3894">
     <span class='ocr_line' id='line_1_69' title="bbox 569 3816 2163 3894; baseline -0.006 -15"><span class='ocrx_word' id='word_1_495' title='bbox 569 3816 832 3894; x_wconf 59' lang='lat' dir='ltr'><strong>oppressi.</strong></span> <span class='ocrx_word' id='word_1_496' title='bbox 863 3820 1017 3894; x_wconf 82' lang='lat' dir='ltr'><strong>Quod</strong></span> <span class='ocrx_word' id='word_1_497' title='bbox 1057 3827 1114 3872; x_wconf 90' lang='lat' dir='ltr'><strong>ct</strong></span> <span class='ocrx_word' id='word_1_498' title='bbox 1149 3818 1368 3873; x_wconf 73' lang='lat' dir='ltr'><strong>Veneta:</strong></span> <span class='ocrx_word' id='word_1_499' title='bbox 1403 3818 1529 3894; x_wconf 67' lang='lat' dir='ltr'><strong>etld.</strong></span> <span class='ocrx_word' id='word_1_500' title='bbox 1569 3816 1958 3894; x_wconf 72' lang='lat' dir='ltr'><strong>lia_licnt,_duas</strong></span> <span class='ocrx_word' id='word_1_501' title='bbox 1998 3833 2163 3894; x_wconf 81' lang='lat' dir='ltr'><strong>copit-</strong></span> 
     </span>
    </p>
   </div>
   <div class='ocr_carea' id='block_1_69' title="bbox 571 3887 2166 3961">
    <p class='ocr_par' dir='ltr' id='par_1_69' title="bbox 571 3887 2166 3961">
     <span class='ocr_line' id='line_1_70' title="bbox 571 3887 2166 3961; baseline -0.004 -11"><span class='ocrx_word' id='word_1_502' title='bbox 571 3887 748 3950; x_wconf 80' lang='lat' dir='ltr'><strong>lautcs</strong></span> <span class='ocrx_word' id='word_1_503' title='bbox 797 3893 1095 3958; x_wconf 88' lang='lat' dir='ltr'><strong>lectiones,</strong></span> <span class='ocrx_word' id='word_1_504' title='bbox 1147 3898 1205 3943; x_wconf 87' lang='lat' dir='ltr'><strong>ut</strong></span> <span class='ocrx_word' id='word_1_505' title='bbox 1249 3905 1392 3961; x_wconf 71' lang='lat' dir='ltr'><strong>smpc</strong></span> <span class='ocrx_word' id='word_1_506' title='bbox 1443 3890 1495 3944; x_wconf 93' lang='lat' dir='ltr'><strong>in</strong></span> <span class='ocrx_word' id='word_1_507' title='bbox 1539 3889 1665 3944; x_wconf 90' lang='lat' dir='ltr'><strong>cdd.</strong></span> <span class='ocrx_word' id='word_1_508' title='bbox 1701 3887 1941 3958; x_wconf 89' lang='lat' dir='ltr'><strong>antiquis</strong></span> <span class='ocrx_word' id='word_1_509' title='bbox 1981 3891 2166 3944; x_wconf 80' lang='lat' dir='ltr'><strong>videre</strong></span> 
     </span>
    </p>
   </div>
   <div class='ocr_carea' id='block_1_70' title="bbox 571 3966 722 4020">
    <p class='ocr_par' dir='ltr' id='par_1_70' title="bbox 571 3966 722 4020">
     <span class='ocr_line' id='line_1_71' title="bbox 571 3966 722 4020; baseline 0 0"><span class='ocrx_word' id='word_1_510' title='bbox 571 3966 694 4020; x_wconf 88' lang='lat' dir='ltr'><strong>licet</strong></span> <span class='ocrx_word' id='word_1_511' title='bbox 707 4005 722 4020; x_wconf 95' lang='lat'><strong>.</strong></span> 
     </span>
    </p>
   </div>
   <div class='ocr_carea' id='block_1_71' title="bbox 645 4029 2164 4100">
    <p class='ocr_par' dir='ltr' id='par_1_71' title="bbox 645 4029 2164 4100">
     <span class='ocr_line' id='line_1_72' title="bbox 645 4029 2164 4100; baseline -0.003 -11"><span class='ocrx_word' id='word_1_512' title='bbox 645 4037 734 4091; x_wconf 79' lang='lat'><strong>50.</strong></span> <span class='ocrx_word' id='word_1_513' title='bbox 767 4031 833 4086; x_wconf 83' lang='lat' dir='ltr'><strong>In</strong></span> <span class='ocrx_word' id='word_1_514' title='bbox 869 4033 1097 4100; x_wconf 84' lang='lat' dir='ltr'><strong>utrisque</strong></span> <span class='ocrx_word' id='word_1_515' title='bbox 1139 4033 1324 4084; x_wconf 85' lang='lat' dir='ltr'><strong>castris</strong></span> <span class='ocrx_word' id='word_1_516' title='bbox 1367 4047 1434 4086; x_wconf 77' lang='lat' dir='ltr'><strong>tit.</strong></span> <span class='ocrx_word' id='word_1_517' title='bbox 1473 4030 1659 4085; x_wconf 83' lang='lat' dir='ltr'><strong>millia.</strong></span> <span class='ocrx_word' id='word_1_518' title='bbox 1696 4029 1847 4100; x_wconf 79' lang='lat' dir='ltr'><strong>Hunc</strong></span> <span class='ocrx_word' id='word_1_519' title='bbox 1879 4046 2164 4085; x_wconf 88' lang='lat' dir='ltr'><strong>numerum</strong></span> 
     </span>
    </p>
   </div>
   <div class='ocr_carea' id='block_1_72' title="bbox 573 4099 2169 4176">
    <p class='ocr_par' dir='ltr' id='par_1_72' title="bbox 573 4099 2169 4176">
     <span class='ocr_line' id='line_1_73' title="bbox 573 4099 2169 4176; baseline -0.002 -15"><span class='ocrx_word' id='word_1_520' title='bbox 573 4106 690 4161; x_wconf 83' lang='lat' dir='ltr'><strong>edit</strong></span> <span class='ocrx_word' id='word_1_521' title='bbox 736 4103 926 4176; x_wconf 78' lang='lat' dir='ltr'><strong>Livius</strong></span> <span class='ocrx_word' id='word_1_522' title='bbox 959 4119 972 4157; x_wconf 92' lang='lat'><strong>:</strong></span> <span class='ocrx_word' id='word_1_523' title='bbox 1005 4099 1282 4176; x_wconf 82' lang='lat' dir='ltr'><strong>Appianus</strong></span> <span class='ocrx_word' id='word_1_524' title='bbox 1315 4103 1387 4156; x_wconf 86' lang='lat' dir='ltr'><strong>ita</strong></span> <span class='ocrx_word' id='word_1_525' title='bbox 1423 4102 1733 4176; x_wconf 65' lang='lat' dir='ltr'><strong>:‘Am’liavov</strong></span> <span class='ocrx_word' id='word_1_526' title='bbox 1759 4099 1823 4176; x_wconf 70' lang='lat' dir='ltr'><strong>6i</strong></span> <span class='ocrx_word' id='word_1_527' title='bbox 1842 4109 1943 4155; x_wconf 81' lang='grc' dir='ltr'><strong>τῶν</strong></span> <span class='ocrx_word' id='word_1_528' title='bbox 1969 4103 2169 4176; x_wconf 73' lang='grc' dir='ltr'><strong>ἐχθρῶν</strong></span> 
     </span>
    </p>
   </div>
   <div class='ocr_carea' id='block_1_73' title="bbox 571 4173 2168 4250">
    <p class='ocr_par' dir='ltr' id='par_1_73' title="bbox 571 4173 2168 4250">
     <span class='ocr_line' id='line_1_74' title="bbox 571 4173 2168 4250; baseline -0.003 -16"><span class='ocrx_word' id='word_1_529' title='bbox 571 4179 722 4250; x_wconf 75' lang='grc' dir='ltr'>ὀλίγῳ</span> <span class='ocrx_word' id='word_1_530' title='bbox 749 4173 946 4235; x_wconf 77' lang='grc' dir='ltr'><strong>δέοντες</strong></span> <span class='ocrx_word' id='word_1_531' title='bbox 969 4175 1270 4250; x_wconf 52' lang='grc' dir='ltr'><strong>τρισμύριοι</strong></span> <span class='ocrx_word' id='word_1_532' title='bbox 1299 4215 1316 4250; x_wconf 85' lang='lat'><strong>_,</strong></span> <span class='ocrx_word' id='word_1_533' title='bbox 1344 4177 1426 4228; x_wconf 78' lang='grc' dir='ltr'><strong>καὶ</strong></span> <span class='ocrx_word' id='word_1_534' title='bbox 1453 4173 1776 4244; x_wconf 81' lang='grc' dir='ltr'><strong>αἰχμάλωτοι</strong></span> <span class='ocrx_word' id='word_1_535' title='bbox 1800 4175 2027 4250; x_wconf 26' lang='grc' dir='ltr'><strong>-ἕγένρντο</strong></span> <span class='ocrx_word' id='word_1_536' title='bbox 2052 4173 2168 4250; x_wconf 64' lang='grc' dir='ltr'><strong>διᾳ-</strong></span> 
     </span>
    </p>
   </div>
   <div class='ocr_carea' id='block_1_74' title="bbox 577 4245 2167 4322">
    <p class='ocr_par' dir='ltr' id='par_1_74' title="bbox 577 4245 2167 4322">
     <span class='ocr_line' id='line_1_75' title="bbox 577 4245 2167 4322; baseline -0.003 -18"><span class='ocrx_word' id='word_1_537' title='bbox 577 4245 739 4322; x_wconf 59' lang='grc' dir='ltr'>χίλιρι</span> <span class='ocrx_word' id='word_1_538' title='bbox 768 4250 855 4301; x_wconf 78' lang='grc' dir='ltr'><strong>καὶ</strong></span> <span class='ocrx_word' id='word_1_539' title='bbox 879 4245 1229 4322; x_wconf 63' lang='grc' dir='ltr'><strong>τετρὰκόσιρι,</strong></span> <span class='ocrx_word' id='word_1_540' title='bbox 1261 4245 1309 4298; x_wconf 83' lang='lat' dir='ltr'><strong>id</strong></span> <span class='ocrx_word' id='word_1_541' title='bbox 1335 4255 1444 4322; x_wconf 53' lang='lat' dir='ltr'><strong>est,</strong></span> <span class='ocrx_word' id='word_1_542' title='bbox 1468 4261 1603 4297; x_wconf 77' lang='lat' dir='ltr'><strong>ca&#39;sa</strong></span> <span class='ocrx_word' id='word_1_543' title='bbox 1632 4255 1761 4322; x_wconf 47' lang='lat' dir='ltr'><strong>sunt</strong></span> <span class='ocrx_word' id='word_1_544' title='bbox 1789 4247 2014 4298; x_wconf 84' lang='lat' dir='ltr'><strong>hostium</strong></span> <span class='ocrx_word' id='word_1_545' title='bbox 2052 4249 2167 4300; x_wconf 83' lang='lat' dir='ltr'><strong>mil-</strong></span> 
     </span>
    </p>
   </div>
   <div class='ocr_carea' id='block_1_75' title="bbox 578 4314 1888 4388">
    <p class='ocr_par' dir='ltr' id='par_1_75' title="bbox 578 4314 1888 4388">
     <span class='ocr_line' id='line_1_76' title="bbox 578 4314 1888 4388; baseline -0.004 -13"><span class='ocrx_word' id='word_1_546' title='bbox 578 4314 652 4375; x_wconf 77' lang='lat' dir='ltr'><strong>lia</strong></span> <span class='ocrx_word' id='word_1_547' title='bbox 679 4321 786 4388; x_wconf 82' lang='lat' dir='ltr'><strong>fere</strong></span> <span class='ocrx_word' id='word_1_548' title='bbox 818 4333 922 4371; x_wconf 83' lang='lat' dir='ltr'><strong>xxx</strong></span> <span class='ocrx_word' id='word_1_549' title='bbox 957 4314 1108 4384; x_wconf 83' lang='lat' dir='ltr'><strong>c&#39;apta</strong></span> <span class='ocrx_word' id='word_1_550' title='bbox 1142 4317 1246 4368; x_wconf 82' lang='lat' dir='ltr'><strong>duo</strong></span> <span class='ocrx_word' id='word_1_551' title='bbox 1279 4316 1441 4370; x_wconf 79' lang='lat' dir='ltr'><strong>millia</strong></span> <span class='ocrx_word' id='word_1_552' title='bbox 1462 4323 1515 4388; x_wconf 76' lang='lat' dir='ltr'><strong>et</strong></span> <span class='ocrx_word' id='word_1_553' title='bbox 1539 4331 1687 4388; x_wconf 84' lang='lat' dir='ltr'><strong>cccc.</strong></span> <span class='ocrx_word' id='word_1_554' title='bbox 1722 4314 1888 4370; x_wconf 78' lang='lat' dir='ltr'><strong>FABR.</strong></span> 
     </span>
    </p>
   </div>
   <div class='ocr_carea' id='block_1_76' title="bbox 645 4387 2168 4460">
    <p class='ocr_par' dir='ltr' id='par_1_76' title="bbox 645 4387 2168 4460">
     <span class='ocr_line' id='line_1_77' title="bbox 645 4387 2168 4460; baseline -0.003 -13"><span class='ocrx_word' id='word_1_555' title='bbox 645 4387 735 4447; x_wconf 82' lang='grc'><strong>51.</strong></span> <span class='ocrx_word' id='word_1_556' title='bbox 770 4388 937 4460; x_wconf 84' lang='lat' dir='ltr'><strong>Capta</strong></span> <span class='ocrx_word' id='word_1_557' title='bbox 973 4389 1195 4460; x_wconf 78' lang='lat' dir='ltr'><strong>quinque</strong></span> <span class='ocrx_word' id='word_1_558' title='bbox 1235 4387 1424 4440; x_wconf 80' lang='lat' dir='ltr'><strong>millia.</strong></span> <span class='ocrx_word' id='word_1_559' title='bbox 1458 4387 1684 4460; x_wconf 78' lang='lat' dir='ltr'><strong>Propius</strong></span> <span class='ocrx_word' id='word_1_560' title='bbox 1713 4389 1776 4460; x_wconf 83' lang='lat' dir='ltr'><strong>ad</strong></span> <span class='ocrx_word' id='word_1_561' title='bbox 1804 4387 2032 4460; x_wconf 84' lang='lat' dir='ltr'><strong>Appiani</strong></span> <span class='ocrx_word' id='word_1_562' title='bbox 2067 4405 2168 4443; x_wconf 88' lang='lat' dir='ltr'><strong>nu-</strong></span> 
     </span>
    </p>
   </div>
   <div class='ocr_carea' id='block_1_77' title="bbox 577 4457 2192 4529">
    <p class='ocr_par' dir='ltr' id='par_1_77' title="bbox 577 4457 2192 4529">
     <span class='ocr_line' id='line_1_78' title="bbox 577 4457 2192 4529; baseline -0.005 -11"><span class='ocrx_word' id='word_1_563' title='bbox 577 4477 786 4518; x_wconf 91' lang='lat' dir='ltr'><strong>merum</strong></span> <span class='ocrx_word' id='word_1_564' title='bbox 833 4457 938 4513; x_wconf 79' lang='lat' dir='ltr'><strong>duo</strong></span> <span class='ocrx_word' id='word_1_565' title='bbox 986 4457 1149 4512; x_wconf 78' lang='lat' dir='ltr'><strong>millia</strong></span> <span class='ocrx_word' id='word_1_566' title='bbox 1195 4472 1348 4529; x_wconf 78' lang='lat' dir='ltr'><strong>capia</strong></span> <span class='ocrx_word' id='word_1_567' title='bbox 1401 4458 1565 4512; x_wconf 88' lang='lat' dir='ltr'><strong>fuisse</strong></span> <span class='ocrx_word' id='word_1_568' title='bbox 1614 4458 1802 4513; x_wconf 88' lang='lat' dir='ltr'><strong>scribit</strong></span> <span class='ocrx_word' id='word_1_569' title='bbox 1841 4459 2012 4528; x_wconf 86' lang='lat' dir='ltr'><strong>Lugd.</strong></span> <span class='ocrx_word' id='word_1_570' title='bbox 2051 4460 2192 4514; x_wconf 82' lang='lat' dir='ltr'><strong>Bat..</strong></span> 
     </span>
    </p>
   </div>
   <div class='ocr_carea' id='block_1_78' title="bbox 576 4541 754 4604">
    <p class='ocr_par' dir='ltr' id='par_1_78' title="bbox 576 4541 754 4604">
     <span class='ocr_line' id='line_1_79' title="bbox 576 4541 754 4604; baseline -0.006 -21"><span class='ocrx_word' id='word_1_571' title='bbox 576 4541 754 4604; x_wconf 71' lang='lat' dir='ltr'><strong>qttat&#39;t.</strong></span> 
     </span>
    </p>
   </div>
   <div class='ocr_carea' id='block_1_79' title="bbox 649 4599 2172 4675">
    <p class='ocr_par' dir='ltr' id='par_1_79' title="bbox 649 4599 2172 4675">
     <span class='ocr_line' id='line_1_80' title="bbox 649 4599 2172 4675; baseline -0.001 -17"><span class='ocrx_word' id='word_1_572' title='bbox 649 4606 740 4658; x_wconf 71' lang='lat'><strong>52.</strong></span> <span class='ocrx_word' id='word_1_573' title='bbox 784 4601 950 4673; x_wconf 65' lang='lat' dir='ltr'><strong>.Egre</strong></span> <span class='ocrx_word' id='word_1_574' title='bbox 993 4599 1299 4670; x_wconf 78' lang='lat' dir='ltr'><strong>cﬂ&#39;ugerunt.</strong></span> <span class='ocrx_word' id='word_1_575' title='bbox 1349 4599 1496 4655; x_wconf 75' lang='lat' dir='ltr'><strong>Flor.</strong></span> <span class='ocrx_word' id='word_1_576' title='bbox 1520 4614 1626 4670; x_wconf 87' lang='lat' dir='ltr'><strong>pr.,</strong></span> <span class='ocrx_word' id='word_1_577' title='bbox 1652 4617 1786 4675; x_wconf 74' lang='lat' dir='ltr'><strong>(egre</strong></span> <span class='ocrx_word' id='word_1_578' title='bbox 1815 4606 2172 4674; x_wconf 77' lang='lat' dir='ltr'><strong>aufugerunt;</strong></span> 
     </span>
    </p>
   </div>
   <div class='ocr_carea' id='block_1_80' title="bbox 581 4676 1311 4744">
    <p class='ocr_par' dir='ltr' id='par_1_80' title="bbox 581 4676 1311 4744">
     <span class='ocr_line' id='line_1_81' title="bbox 581 4676 1311 4744; baseline -0.007 -14"><span class='ocrx_word' id='word_1_579' title='bbox 581 4679 800 4744; x_wconf 69' lang='lat' dir='ltr'><strong>tertius,</strong></span> <span class='ocrx_word' id='word_1_580' title='bbox 828 4690 964 4744; x_wconf 76' lang='lat' dir='ltr'><strong>(egre</strong></span> <span class='ocrx_word' id='word_1_581' title='bbox 990 4676 1311 4744; x_wconf 85' lang='lat' dir='ltr'><strong>refugerunt.</strong></span> 
     </span>
    </p>
   </div>
   <div class='ocr_carea' id='block_1_81' title="bbox 647 4742 2171 4815">
    <p class='ocr_par' dir='ltr' id='par_1_81' title="bbox 647 4742 2171 4815">
     <span class='ocr_line' id='line_1_82' title="bbox 647 4742 2171 4815; baseline 0.001 -16"><span class='ocrx_word' id='word_1_582' title='bbox 647 4748 736 4803; x_wconf 70' lang='lat'><strong>35.</strong></span> <span class='ocrx_word' id='word_1_583' title='bbox 772 4742 957 4815; x_wconf 76' lang='lat' dir='ltr'><strong>Itaque</strong></span> <span class='ocrx_word' id='word_1_584' title='bbox 987 4743 1204 4814; x_wconf 80' lang='lat' dir='ltr'><strong>Syphax</strong></span> <span class='ocrx_word' id='word_1_585' title='bbox 1232 4752 1277 4796; x_wconf 88' lang='lat' dir='ltr'><strong>et</strong></span> <span class='ocrx_word' id='word_1_586' title='bbox 1309 4742 1749 4815; x_wconf 37' lang='lat' dir='ltr'><strong>AsdrubalLIImC</strong></span> <span class='ocrx_word' id='word_1_587' title='bbox 1775 4745 1956 4799; x_wconf 91' lang='lat' dir='ltr'><strong>omnia</strong></span> <span class='ocrx_word' id='word_1_588' title='bbox 1988 4743 2171 4800; x_wconf 87' lang='lat' dir='ltr'><strong>Livius</strong></span> 
     </span>
    </p>
   </div>
   <div class='ocr_carea' id='block_1_82' title="bbox 578 4812 1735 4887">
    <p class='ocr_par' dir='ltr' id='par_1_82' title="bbox 578 4812 1735 4887">
     <span class='ocr_line' id='line_1_83' title="bbox 578 4812 1735 4887; baseline -0.011 -13"><span class='ocrx_word' id='word_1_589' title='bbox 578 4828 634 4874; x_wconf 93' lang='lat' dir='ltr'><strong>ct</strong></span> <span class='ocrx_word' id='word_1_590' title='bbox 660 4812 939 4887; x_wconf 82' lang='lat' dir='ltr'><strong>Appianus</strong></span> <span class='ocrx_word' id='word_1_591' title='bbox 967 4812 1211 4887; x_wconf 56' lang='lat' dir='ltr'><strong>co&#39;piqse,</strong></span> <span class='ocrx_word' id='word_1_592' title='bbox 1237 4828 1372 4882; x_wconf 80' lang='lat' dir='ltr'><strong>quos</strong></span> <span class='ocrx_word' id='word_1_593' title='bbox 1402 4815 1539 4883; x_wconf 87' lang='lat' dir='ltr'><strong>lege.</strong></span> <span class='ocrx_word' id='word_1_594' title='bbox 1570 4812 1735 4868; x_wconf 55' lang='lat' dir='ltr'><strong>Finit,</strong></span> 
     </span>
    </p>
   </div>
   <div class='ocr_carea' id='block_1_83' title="bbox 649 4885 2171 4958">
    <p class='ocr_par' dir='ltr' id='par_1_83' title="bbox 649 4885 2171 4958">
     <span class='ocr_line' id='line_1_84' title="bbox 649 4885 2171 4958; baseline -0.002 -14"><span class='ocrx_word' id='word_1_595' title='bbox 649 4885 1048 4958; x_wconf 49' lang='lat' dir='ltr'><strong>MJlIonfugit.</strong></span> <span class='ocrx_word' id='word_1_596' title='bbox 1096 4885 1196 4940; x_wconf 85' lang='lat' dir='ltr'><strong>Ed.</strong></span> <span class='ocrx_word' id='word_1_597' title='bbox 1247 4889 1419 4958; x_wconf 75' lang='lat' dir='ltr'><strong>A_ttg.,</strong></span> <span class='ocrx_word' id='word_1_598' title='bbox 1478 4886 1726 4958; x_wconf 78' lang='lat' dir='ltr'><strong>profugit.</strong></span> <span class='ocrx_word' id='word_1_599' title='bbox 1771 4885 1920 4940; x_wconf 87' lang='lat' dir='ltr'><strong>Meus</strong></span> <span class='ocrx_word' id='word_1_600' title='bbox 1961 4887 2171 4954; x_wconf 78' lang='lat' dir='ltr'><strong>codex,</strong></span> 
     </span>
    </p>
   </div>
   <div class='ocr_carea' id='block_1_84' title="bbox 578 4956 2174 5030">
    <p class='ocr_par' dir='ltr' id='par_1_84' title="bbox 578 4956 2174 5030">
     <span class='ocr_line' id='line_1_85' title="bbox 578 4956 2174 5030; baseline 0.001 -19"><span class='ocrx_word' id='word_1_601' title='bbox 578 4960 732 5030; x_wconf 84' lang='lat' dir='ltr'><strong>fugit.</strong></span> <span class='ocrx_word' id='word_1_602' title='bbox 789 4959 912 5012; x_wconf 87' lang='lat' dir='ltr'><strong>Mox</strong></span> <span class='ocrx_word' id='word_1_603' title='bbox 951 4956 1195 5013; x_wconf 72' lang='lat' dir='ltr'><strong>l’erizou.</strong></span> <span class='ocrx_word' id='word_1_604' title='bbox 1221 4997 1237 5025; x_wconf 92' lang='lat'><strong>,</strong></span> <span class='ocrx_word' id='word_1_605' title='bbox 1265 4956 1327 5026; x_wconf 85' lang='lat' dir='ltr'><strong>_in</strong></span> <span class='ocrx_word' id='word_1_606' title='bbox 1375 4956 1687 5010; x_wconf 78' lang='lat' dir='ltr'><strong>deditionem</strong></span> <span class='ocrx_word' id='word_1_607' title='bbox 1725 4959 1910 5029; x_wconf 86' lang='lat' dir='ltr'><strong>accipit</strong></span> <span class='ocrx_word' id='word_1_608' title='bbox 1951 4973 2048 5028; x_wconf 90' lang='lat' dir='ltr'><strong>pro</strong></span> <span class='ocrx_word' id='word_1_609' title='bbox 2089 4976 2174 5012; x_wconf 89' lang='lat' dir='ltr'><strong>re-</strong></span> 
     </span>
    </p>
   </div>
   <div class='ocr_carea' id='block_1_85' title="bbox 579 5030 730 5082">
    <p class='ocr_par' dir='ltr' id='par_1_85' title="bbox 579 5030 730 5082">
     <span class='ocr_line' id='line_1_86' title="bbox 579 5030 730 5082; baseline 0 0"><span class='ocrx_word' id='word_1_610' title='bbox 579 5030 730 5082; x_wconf 82' lang='lat' dir='ltr'><strong>emit.</strong></span> 
     </span>
    </p>
   </div>
   <div class='ocr_carea' id='block_1_86' title="bbox 637 5047 2175 5168">
    <p class='ocr_par' dir='ltr' id='par_1_86' title="bbox 637 5047 2175 5168">
     <span class='ocr_line' id='line_1_87' title="bbox 637 5047 2175 5168; baseline -0.001 -14"><span class='ocrx_word' id='word_1_611' title='bbox 784 5098 864 5152; x_wconf 79' lang='lat' dir='ltr'><strong>Ad</strong></span> <span class='ocrx_word' id='word_1_612' title='bbox 900 5099 1220 5168; x_wconf 80' lang='lat' dir='ltr'><strong>Scipionem,</strong></span> <span class='ocrx_word' id='word_1_613' title='bbox 1259 5107 1365 5153; x_wconf 92' lang='lat' dir='ltr'><strong>etc.</strong></span> <span class='ocrx_word' id='word_1_614' title='bbox 1411 5097 1726 5154; x_wconf 85' lang='lat' dir='ltr'><strong>Vincentius</strong></span> <span class='ocrx_word' id='word_1_615' title='bbox 1754 5099 2026 5156; x_wconf 88' lang='lat' dir='ltr'><strong>Bellovac.</strong></span> <span class='ocrx_word' id='word_1_616' title='bbox 2062 5115 2175 5155; x_wconf 86' lang='lat' dir='ltr'><strong>tua-</strong></span> 
     </span>
    </p>
   </div>
   <div class='ocr_carea' id='block_1_87' title="bbox 581 5169 2176 5240">
    <p class='ocr_par' dir='ltr' id='par_1_87' title="bbox 581 5169 2176 5240">
     <span class='ocr_line' id='line_1_88' title="bbox 581 5169 2176 5240; baseline 0.001 -16"><span class='ocrx_word' id='word_1_617' title='bbox 581 5170 694 5225; x_wconf 86' lang='lat' dir='ltr'><strong>vult</strong></span> <span class='ocrx_word' id='word_1_618' title='bbox 736 5169 1054 5240; x_wconf 81' lang='lat' dir='ltr'><strong>Syphacem,</strong></span> <span class='ocrx_word' id='word_1_619' title='bbox 1091 5171 1285 5225; x_wconf 79' lang='lat' dir='ltr'><strong>catenis</strong></span> <span class='ocrx_word' id='word_1_620' title='bbox 1324 5171 1584 5238; x_wconf 85' lang='lat' dir='ltr'><strong>vinctum,</strong></span> <span class='ocrx_word' id='word_1_621' title='bbox 1625 5172 1696 5225; x_wconf 87' lang='lat' dir='ltr'><strong>ad</strong></span> <span class='ocrx_word' id='word_1_622' title='bbox 1739 5171 2039 5238; x_wconf 84' lang='lat' dir='ltr'><strong>Scipionem</strong></span> <span class='ocrx_word' id='word_1_623' title='bbox 2080 5172 2176 5226; x_wconf 85' lang='lat' dir='ltr'><strong>ad-</strong></span> 
     </span>
    </p>
   </div>
   <div class='ocr_carea' id='block_1_88' title="bbox 581 5243 753 5297">
    <p class='ocr_par' dir='ltr' id='par_1_88' title="bbox 581 5243 753 5297">
     <span class='ocr_line' id='line_1_89' title="bbox 581 5243 753 5297; baseline -0.006 -1"><span class='ocrx_word' id='word_1_624' title='bbox 581 5243 753 5297; x_wconf 82' lang='lat' dir='ltr'><strong>duxit.</strong></span> 
     </span>
    </p>
   </div>
   <div class='ocr_carea' id='block_1_89' title="bbox 649 5311 2174 5379">
    <p class='ocr_par' dir='ltr' id='par_1_89' title="bbox 649 5311 2174 5379">
     <span class='ocr_line' id='line_1_90' title="bbox 649 5311 2174 5379; baseline -0.001 -10"><span class='ocrx_word' id='word_1_625' title='bbox 649 5313 738 5369; x_wconf 73' lang='lat'><strong>56.</strong></span> <span class='ocrx_word' id='word_1_626' title='bbox 784 5311 1023 5367; x_wconf 81' lang='lat' dir='ltr'><strong>Romam.</strong></span> <span class='ocrx_word' id='word_1_627' title='bbox 1069 5314 1236 5368; x_wconf 85' lang='lat' dir='ltr'><strong>Abest</strong></span> <span class='ocrx_word' id='word_1_628' title='bbox 1269 5313 1336 5367; x_wconf 90' lang='lat' dir='ltr'><strong>ab</strong></span> <span class='ocrx_word' id='word_1_629' title='bbox 1361 5321 1486 5367; x_wconf 86' lang='lat' dir='ltr'><strong>octo</strong></span> <span class='ocrx_word' id='word_1_630' title='bbox 1531 5328 1688 5379; x_wconf 88' lang='lat' dir='ltr'><strong>mss.,</strong></span> <span class='ocrx_word' id='word_1_631' title='bbox 1723 5314 1975 5371; x_wconf 86' lang='lat' dir='ltr'><strong>videlicet</strong></span> <span class='ocrx_word' id='word_1_632' title='bbox 2001 5313 2174 5369; x_wconf 91' lang='lat' dir='ltr'><strong>tribus</strong></span> 
     </span>
    </p>
   </div>
   <div class='ocr_carea' id='block_1_90' title="bbox 584 5383 2176 5452">
    <p class='ocr_par' dir='ltr' id='par_1_90' title="bbox 584 5383 2176 5452">
     <span class='ocr_line' id='line_1_91' title="bbox 584 5383 2176 5452; baseline -0.001 -12"><span class='ocrx_word' id='word_1_633' title='bbox 584 5385 875 5450; x_wconf 84' lang='lat' dir='ltr'><strong>Florentt.,</strong></span> <span class='ocrx_word' id='word_1_634' title='bbox 906 5384 1078 5438; x_wconf 86' lang='lat' dir='ltr'><strong>tribus</strong></span> <span class='ocrx_word' id='word_1_635' title='bbox 1108 5383 1276 5452; x_wconf 86' lang='lat' dir='ltr'><strong>Lugd.</strong></span> <span class='ocrx_word' id='word_1_636' title='bbox 1309 5384 1474 5450; x_wconf 87' lang='lat' dir='ltr'><strong>Batt.,</strong></span> <span class='ocrx_word' id='word_1_637' title='bbox 1509 5386 1626 5440; x_wconf 83' lang='lat' dir='ltr'><strong>Meo</strong></span> <span class='ocrx_word' id='word_1_638' title='bbox 1652 5398 1706 5440; x_wconf 89' lang='lat' dir='ltr'><strong>et</strong></span> <span class='ocrx_word' id='word_1_639' title='bbox 1735 5386 2005 5450; x_wconf 81' lang='lat' dir='ltr'><strong>Perizou.,</strong></span> <span class='ocrx_word' id='word_1_640' title='bbox 2040 5396 2176 5440; x_wconf 91' lang='lat' dir='ltr'><strong>utet</strong></span> 
     </span>
    </p>
   </div>
   <div class='ocr_carea' id='block_1_91' title="bbox 581 5452 2172 5583">
    <p class='ocr_par' dir='ltr' id='par_1_91' title="bbox 581 5452 2172 5583">
     <span class='ocr_line' id='line_1_92' title="bbox 581 5452 2172 5583; baseline -0.001 -72"><span class='ocrx_word' id='word_1_641' title='bbox 581 5471 612 5511; x_wconf 87' lang='lat' dir='ltr'><strong>a</strong></span> <span class='ocrx_word' id='word_1_642' title='bbox 655 5454 936 5583; x_wconf 53' lang='lat' dir='ltr'><strong>Virtscientio</strong></span> <span class='ocrx_word' id='word_1_643' title='bbox 972 5452 1345 5512; x_wconf 88' lang='lat' dir='ltr'><strong>Bellovaceusi</strong></span> <span class='ocrx_word' id='word_1_644' title='bbox 1385 5455 1438 5509; x_wconf 90' lang='lat' dir='ltr'><strong>in</strong></span> <span class='ocrx_word' id='word_1_645' title='bbox 1474 5456 1710 5525; x_wconf 91' lang='lat' dir='ltr'><strong>Speculo</strong></span> <span class='ocrx_word' id='word_1_646' title='bbox 1738 5457 1940 5512; x_wconf 90' lang='lat' dir='ltr'><strong>llistor.</strong></span> <span class='ocrx_word' id='word_1_647' title='bbox 1969 5457 2065 5511; x_wconf 91' lang='lat' dir='ltr'><strong>lib.</strong></span> <span class='ocrx_word' id='word_1_648' title='bbox 2097 5472 2172 5522; x_wconf 91' lang='lat' dir='ltr'><strong>vt,</strong></span> 
     </span>
     <span class='ocr_line' id='line_1_93' title="bbox 583 5543 822 5583; baseline 0 -1"><span class='ocrx_word' id='word_1_649' title='bbox 583 5543 702 5583; x_wconf 87' lang='lat' dir='ltr'><strong>can.</strong></span> <span class='ocrx_word' id='word_1_650' title='bbox 808 5570 822 5582; x_wconf 99' lang='lat'><strong>.</strong></span> 
     </span>
    </p>
   </div>
   <div class='ocr_carea' id='block_1_92' title="bbox 583 5529 822 5583">
    <p class='ocr_par' dir='ltr' id='par_1_92' title="bbox 583 5529 822 5583">
     <span class='ocr_line' id='line_1_94' title="bbox 583 5529 822 5583; baseline 0.004 -1"><span class='ocrx_word' id='word_1_651' title='bbox 583 5543 702 5583; x_wconf 87' lang='lat' dir='ltr'><strong>can.</strong></span> <span class='ocrx_word' id='word_1_652' title='bbox 730 5529 822 5583; x_wconf 86' lang='grc'><strong>51.</strong></span> 
     </span>
    </p>
   </div>
   <div class='ocr_carea' id='block_1_93' title="bbox 649 5543 2176 5664">
    <p class='ocr_par' dir='ltr' id='par_1_93' title="bbox 649 5543 2176 5664">
     <span class='ocr_line' id='line_1_95' title="bbox 649 5543 2176 5664; baseline 0 -10"><span class='ocrx_word' id='word_1_653' title='bbox 649 5543 792 5654; x_wconf 45' lang='lat'><strong>23.3.1</strong></span> <span class='ocrx_word' id='word_1_654' title='bbox 808 5570 968 5654; x_wconf 47' lang='lat' dir='ltr'><strong>.Xlx.</strong></span> <span class='ocrx_word' id='word_1_655' title='bbox 1008 5628 1079 5639; x_wconf 90' lang='lat'><strong><em>—</em></strong></span> <span class='ocrx_word' id='word_1_656' title='bbox 1117 5597 1168 5652; x_wconf 94' lang='grc'><strong>1.</strong></span> <span class='ocrx_word' id='word_1_657' title='bbox 1215 5594 1379 5651; x_wconf 85' lang='lat' dir='ltr'><strong>Flens</strong></span> <span class='ocrx_word' id='word_1_658' title='bbox 1419 5597 1624 5664; x_wconf 81' lang='lat' dir='ltr'><strong>reliquit</strong></span> <span class='ocrx_word' id='word_1_659' title='bbox 1661 5594 1897 5651; x_wconf 85' lang='lat' dir='ltr'><strong>Italiam.</strong></span> <span class='ocrx_word' id='word_1_660' title='bbox 1938 5598 2029 5654; x_wconf 89' lang='lat' dir='ltr'><strong>Sic</strong></span> <span class='ocrx_word' id='word_1_661' title='bbox 2071 5595 2176 5654; x_wconf 81' lang='lat' dir='ltr'><strong>Eu-</strong></span> 
     </span>
    </p>
   </div>
   <div class='ocr_carea' id='block_1_94' title="bbox 578 5667 2172 5800">
    <p class='ocr_par' dir='ltr' id='par_1_94' title="bbox 578 5667 2172 5800">
     <span class='ocr_line' id='line_1_96' title="bbox 578 5667 2172 5800; baseline 0.003 -77"><span class='ocrx_word' id='word_1_662' title='bbox 578 5672 788 5800; x_wconf 44' lang='lat' dir='ltr'><strong>;‘ropius</strong></span> <span class='ocrx_word' id='word_1_663' title='bbox 835 5689 850 5730; x_wconf 89' lang='lat'><strong>:</strong></span> <span class='ocrx_word' id='word_1_664' title='bbox 898 5669 1083 5730; x_wconf 82' lang='lat' dir='ltr'><strong>Livius</strong></span> <span class='ocrx_word' id='word_1_665' title='bbox 1127 5683 1249 5728; x_wconf 89' lang='lat' dir='ltr'><strong>ettm</strong></span> <span class='ocrx_word' id='word_1_666' title='bbox 1293 5667 1379 5723; x_wconf 78' lang='lat' dir='ltr'><strong>vix</strong></span> <span class='ocrx_word' id='word_1_667' title='bbox 1427 5667 1672 5742; x_wconf 73' lang='lat' dir='ltr'><strong>lacrymis</strong></span> <span class='ocrx_word' id='word_1_668' title='bbox 1719 5677 2027 5743; x_wconf 79' lang='lat' dir='ltr'><strong>temperasse</strong></span> <span class='ocrx_word' id='word_1_669' title='bbox 2073 5671 2172 5729; x_wconf 87' lang='lat' dir='ltr'><strong>ait.</strong></span> 
     </span>
     <span class='ocr_line' id='line_1_97' title="bbox 625 5755 746 5800; baseline 0.025 -3"><span class='ocrx_word' id='word_1_670' title='bbox 625 5755 746 5800; x_wconf 75' lang='lat' dir='ltr'><strong>tum.</strong></span> 
     </span>
    </p>
   </div>
   <div class='ocr_carea' id='block_1_95' title="bbox 625 5755 746 5802">
    <p class='ocr_par' dir='ltr' id='par_1_95' title="bbox 625 5755 746 5802">
     <span class='ocr_line' id='line_1_98' title="bbox 625 5755 746 5802; baseline 0.041 -5"><span class='ocrx_word' id='word_1_671' title='bbox 625 5755 746 5802; x_wconf 66' lang='lat' dir='ltr'><strong>ABR.</strong></span> 
     </span>
    </p>
   </div>
   <div class='ocr_carea' id='block_1_96' title="bbox 2273 3169 3343 3237">
    <p class='ocr_par' dir='ltr' id='par_1_96' title="bbox 2273 3169 3343 3237">
     <span class='ocr_line' id='line_1_99' title="bbox 2273 3169 3343 3237; baseline 0.003 -3"><span class='ocrx_word' id='word_1_672' title='bbox 2273 3180 2379 3235; x_wconf 85' lang='lat' dir='ltr'><strong>liue</strong></span> <span class='ocrx_word' id='word_1_673' title='bbox 2404 3178 2524 3232; x_wconf 91' lang='lat' dir='ltr'><strong>libri</strong></span> <span class='ocrx_word' id='word_1_674' title='bbox 2550 3177 2618 3234; x_wconf 87' lang='lat' dir='ltr'><strong>de</strong></span> <span class='ocrx_word' id='word_1_675' title='bbox 2645 3179 2805 3234; x_wconf 84' lang='lat' dir='ltr'><strong>rebus</strong></span> <span class='ocrx_word' id='word_1_676' title='bbox 2836 3169 3141 3236; x_wconf 78' lang='lat' dir='ltr'><strong>Annibalis.</strong></span> <span class='ocrx_word' id='word_1_677' title='bbox 3175 3181 3343 3237; x_wconf 60' lang='grc' dir='ltr'><strong>ἢθη.</strong></span> 
     </span>
    </p>
   </div>
   <div class='ocr_carea' id='block_1_97' title="bbox 2337 3250 3848 3325">
    <p class='ocr_par' dir='ltr' id='par_1_97' title="bbox 2337 3250 3848 3325">
     <span class='ocr_line' id='line_1_100' title="bbox 2337 3250 3848 3325; baseline 0.003 -19"><span class='ocrx_word' id='word_1_678' title='bbox 2337 3250 2392 3308; x_wconf 75' lang='lat'><strong>5.</strong></span> <span class='ocrx_word' id='word_1_679' title='bbox 2437 3250 2538 3315; x_wconf 80' lang='lat' dir='ltr'><strong>Qui</strong></span> <span class='ocrx_word' id='word_1_680' title='bbox 2567 3251 2716 3325; x_wconf 77' lang='lat' dir='ltr'><strong>sequi</strong></span> <span class='ocrx_word' id='word_1_681' title='bbox 2759 3250 2978 3325; x_wconf 78' lang='lat' dir='ltr'><strong>nollent.</strong></span> <span class='ocrx_word' id='word_1_682' title='bbox 3011 3253 3283 3318; x_wconf 87' lang='lat' dir='ltr'><strong>Perizon.,</strong></span> <span class='ocrx_word' id='word_1_683' title='bbox 3314 3255 3408 3322; x_wconf 83' lang='lat' dir='ltr'><strong>qui</strong></span> <span class='ocrx_word' id='word_1_684' title='bbox 3433 3271 3551 3309; x_wconf 81' lang='lat' dir='ltr'><strong>cum</strong></span> <span class='ocrx_word' id='word_1_685' title='bbox 3579 3257 3719 3325; x_wconf 76' lang='lat' dir='ltr'><strong>sequi</strong></span> <span class='ocrx_word' id='word_1_686' title='bbox 3742 3258 3848 3310; x_wconf 86' lang='lat' dir='ltr'><strong>nol-</strong></span> 
     </span>
    </p>
   </div>
   <div class='ocr_carea' id='block_1_98' title="bbox 2265 3321 3848 3405">
    <p class='ocr_par' dir='ltr' id='par_1_98' title="bbox 2265 3321 3848 3405">
     <span class='ocr_line' id='line_1_101' title="bbox 2265 3321 3848 3405; baseline 0.002 -28"><span class='ocrx_word' id='word_1_687' title='bbox 2265 3324 2418 3405; x_wconf 41' lang='lat' dir='ltr'><strong>lent,.</strong></span> <span class='ocrx_word' id='word_1_688' title='bbox 2439 3321 2582 3389; x_wconf 88' lang='lat' dir='ltr'><strong>quod</strong></span> <span class='ocrx_word' id='word_1_689' title='bbox 2610 3330 2674 3405; x_wconf 76' lang='lat' dir='ltr'><strong>et</strong></span> <span class='ocrx_word' id='word_1_690' title='bbox 2711 3322 2852 3393; x_wconf 89' lang='lat' dir='ltr'><strong>apud</strong></span> <span class='ocrx_word' id='word_1_691' title='bbox 2889 3323 3137 3380; x_wconf 84' lang='lat' dir='ltr'><strong>Vincent.</strong></span> <span class='ocrx_word' id='word_1_692' title='bbox 3172 3321 3380 3381; x_wconf 79' lang='lat' dir='ltr'><strong>Bellov.</strong></span> <span class='ocrx_word' id='word_1_693' title='bbox 3413 3325 3558 3382; x_wconf 86' lang='lat' dir='ltr'><strong>idem</strong></span> <span class='ocrx_word' id='word_1_694' title='bbox 3591 3321 3732 3396; x_wconf 81' lang='lat' dir='ltr'><strong>mox,</strong></span> <span class='ocrx_word' id='word_1_695' title='bbox 3758 3346 3848 3396; x_wconf 55' lang='lat' dir='ltr'><strong>ap-</strong></span> 
     </span>
    </p>
   </div>
   <div class='ocr_carea' id='block_1_99' title="bbox 2267 3404 2660 3462">
    <p class='ocr_par' dir='ltr' id='par_1_99' title="bbox 2267 3404 2660 3462">
     <span class='ocr_line' id='line_1_102' title="bbox 2267 3404 2660 3462; baseline -0.005 -14"><span class='ocrx_word' id='word_1_696' title='bbox 2267 3404 2660 3462; x_wconf 80' lang='lat' dir='ltr'><strong>prapmquantt.</strong></span> 
     </span>
    </p>
   </div>
   <div class='ocr_carea' id='block_1_100' title="bbox 2337 3464 3848 3538">
    <p class='ocr_par' dir='ltr' id='par_1_100' title="bbox 2337 3464 3848 3538">
     <span class='ocr_line' id='line_1_103' title="bbox 2337 3464 3848 3538; baseline 0.003 -20"><span class='ocrx_word' id='word_1_697' title='bbox 2337 3465 2394 3518; x_wconf 74' lang='grc'><strong>4.</strong></span> <span class='ocrx_word' id='word_1_698' title='bbox 2431 3464 2739 3534; x_wconf 83' lang='lat' dir='ltr'><strong>Sepulcrum</strong></span> <span class='ocrx_word' id='word_1_699' title='bbox 2764 3465 2994 3520; x_wconf 87' lang='lat' dir='ltr'><strong>dirutum</strong></span> <span class='ocrx_word' id='word_1_700' title='bbox 3025 3483 3078 3520; x_wconf 78' lang='lat' dir='ltr'><strong>se</strong></span> <span class='ocrx_word' id='word_1_701' title='bbox 3108 3469 3451 3538; x_wconf 83' lang='lat' dir='ltr'><strong>prospexisse.</strong></span> <span class='ocrx_word' id='word_1_702' title='bbox 3482 3467 3664 3524; x_wconf 85' lang='lat' dir='ltr'><strong>Livius</strong></span> <span class='ocrx_word' id='word_1_703' title='bbox 3689 3489 3702 3525; x_wconf 91' lang='lat'>:</span> <span class='ocrx_word' id='word_1_704' title='bbox 3726 3470 3848 3523; x_wconf 75' lang='lat' dir='ltr'><strong>(Iunt</strong></span> 
     </span>
    </p>
   </div>
   <div class='ocr_carea' id='block_1_101' title="bbox 2267 3535 3851 3610">
    <p class='ocr_par' dir='ltr' id='par_1_101' title="bbox 2267 3535 3851 3610">
     <span class='ocr_line' id='line_1_104' title="bbox 2267 3535 3851 3610; baseline 0.004 -22"><span class='ocrx_word' id='word_1_705' title='bbox 2267 3535 2478 3590; x_wconf 75' lang='lat' dir='ltr'><strong>dixisset</strong></span> <span class='ocrx_word' id='word_1_706' title='bbox 2506 3538 2803 3610; x_wconf 80' lang='lat' dir='ltr'><strong>sepulcrum</strong></span> <span class='ocrx_word' id='word_1_707' title='bbox 2825 3538 3057 3591; x_wconf 85' lang='lat' dir='ltr'><strong>dirutum</strong></span> <span class='ocrx_word' id='word_1_708' title='bbox 3081 3535 3291 3610; x_wconf 64' lang='lat' dir='ltr'><strong>proran</strong></span> <span class='ocrx_word' id='word_1_709' title='bbox 3313 3552 3565 3609; x_wconf 84' lang='lat' dir='ltr'><strong>spectare,</strong></span> <span class='ocrx_word' id='word_1_710' title='bbox 3597 3543 3851 3595; x_wconf 79' lang='lat' dir='ltr'><strong>abomina-</strong></span> 
     </span>
    </p>
   </div>
   <div class='ocr_carea' id='block_1_102' title="bbox 2269 3609 3850 3682">
    <p class='ocr_par' dir='ltr' id='par_1_102' title="bbox 2269 3609 3850 3682">
     <span class='ocr_line' id='line_1_105' title="bbox 2269 3609 3850 3682; baseline 0.004 -23"><span class='ocrx_word' id='word_1_711' title='bbox 2269 3617 2372 3682; x_wconf 83' lang='lat' dir='ltr'><strong>tus.</strong></span> <span class='ocrx_word' id='word_1_712' title='bbox 2412 3609 2709 3682; x_wconf 49' lang='lat' dir='ltr'><strong>prmia-vehi</strong></span> <span class='ocrx_word' id='word_1_713' title='bbox 2739 3611 2893 3682; x_wconf 67' lang='lat' dir='ltr'><strong>jttsso</strong></span> <span class='ocrx_word' id='word_1_714' title='bbox 2932 3609 3291 3682; x_wconf 76' lang='lat' dir='ltr'><strong>gubernatore,</strong></span> <span class='ocrx_word' id='word_1_715' title='bbox 3324 3615 3394 3663; x_wconf 83' lang='lat' dir='ltr'><strong>ad</strong></span> <span class='ocrx_word' id='word_1_716' title='bbox 3434 3611 3630 3680; x_wconf 84' lang='lat' dir='ltr'><strong>Leptim</strong></span> <span class='ocrx_word' id='word_1_717' title='bbox 3657 3615 3850 3682; x_wconf 77' lang='lat' dir='ltr'><strong>appulit</strong></span> 
     </span>
    </p>
   </div>
   <div class='ocr_carea' id='block_1_103' title="bbox 2267 3677 3610 3752">
    <p class='ocr_par' dir='ltr' id='par_1_103' title="bbox 2267 3677 3610 3752">
     <span class='ocr_line' id='line_1_106' title="bbox 2267 3677 3610 3752; baseline 0.007 -23"><span class='ocrx_word' id='word_1_718' title='bbox 2267 3677 2701 3752; x_wconf 72' lang='lat' dir='ltr'><strong>classem._FABtt.</strong></span> <span class='ocrx_word' id='word_1_719' title='bbox 2733 3677 2804 3719; x_wconf 66' lang='grc' dir='ltr'><strong>ἐ-</strong></span> <span class='ocrx_word' id='word_1_720' title='bbox 2833 3677 3080 3736; x_wconf 72' lang='lat' dir='ltr'><strong>Vincettt.</strong></span> <span class='ocrx_word' id='word_1_721' title='bbox 3113 3677 3610 3752; x_wconf 81' lang='lat' dir='ltr'><strong>Bell.,prospicere.</strong></span> 
     </span>
    </p>
   </div>
   <div class='ocr_carea' id='block_1_104' title="bbox 2343 3749 3852 3818">
    <p class='ocr_par' dir='ltr' id='par_1_104' title="bbox 2343 3749 3852 3818">
     <span class='ocr_line' id='line_1_107' title="bbox 2343 3749 3852 3818; baseline 0.005 -15"><span class='ocrx_word' id='word_1_722' title='bbox 2343 3753 2394 3803; x_wconf 87' lang='lat'><strong>5.</strong></span> <span class='ocrx_word' id='word_1_723' title='bbox 2428 3749 2530 3814; x_wconf 81' lang='lat' dir='ltr'><strong>Qui</strong></span> <span class='ocrx_word' id='word_1_724' title='bbox 2558 3751 2821 3804; x_wconf 90' lang='lat' dir='ltr'><strong>continuo.</strong></span> <span class='ocrx_word' id='word_1_725' title='bbox 2853 3751 2944 3806; x_wconf 92' lang='lat' dir='ltr'><strong>Sic</strong></span> <span class='ocrx_word' id='word_1_726' title='bbox 2972 3767 3104 3808; x_wconf 89' lang='lat' dir='ltr'><strong>mss.</strong></span> <span class='ocrx_word' id='word_1_727' title='bbox 3136 3749 3350 3818; x_wconf 80' lang='lat' dir='ltr'><strong>omnes,</strong></span> <span class='ocrx_word' id='word_1_728' title='bbox 3384 3749 3443 3808; x_wconf 79' lang='lat' dir='ltr'><strong>ut</strong></span> <span class='ocrx_word' id='word_1_729' title='bbox 3470 3765 3524 3810; x_wconf 87' lang='lat' dir='ltr'><strong>et</strong></span> <span class='ocrx_word' id='word_1_730' title='bbox 3551 3755 3852 3811; x_wconf 84' lang='lat' dir='ltr'><strong>Vincentius</strong></span> 
     </span>
    </p>
   </div>
   <div class='ocr_carea' id='block_1_105' title="bbox 2270 3819 3850 3890">
    <p class='ocr_par' dir='ltr' id='par_1_105' title="bbox 2270 3819 3850 3890">
     <span class='ocr_line' id='line_1_108' title="bbox 2270 3819 3850 3890; baseline 0.004 -17"><span class='ocrx_word' id='word_1_731' title='bbox 2270 3819 2503 3887; x_wconf 85' lang='lat' dir='ltr'><strong>Bellov.,</strong></span> <span class='ocrx_word' id='word_1_732' title='bbox 2550 3831 2606 3875; x_wconf 92' lang='lat' dir='ltr'><strong>ut</strong></span> <span class='ocrx_word' id='word_1_733' title='bbox 2643 3821 2709 3875; x_wconf 92' lang='lat' dir='ltr'><strong>ad</strong></span> <span class='ocrx_word' id='word_1_734' title='bbox 2755 3821 3083 3878; x_wconf 88' lang='lat' dir='ltr'><strong>Anttihalcm</strong></span> <span class='ocrx_word' id='word_1_735' title='bbox 3117 3824 3404 3886; x_wconf 87' lang='lat' dir='ltr'><strong>referatur.</strong></span> <span class='ocrx_word' id='word_1_736' title='bbox 3436 3842 3543 3882; x_wconf 90' lang='lat' dir='ltr'><strong>non</strong></span> <span class='ocrx_word' id='word_1_737' title='bbox 3572 3829 3681 3890; x_wconf 86' lang='lat' dir='ltr'><strong>ubi,</strong></span> <span class='ocrx_word' id='word_1_738' title='bbox 3710 3840 3766 3881; x_wconf 93' lang='lat' dir='ltr'><strong>ut</strong></span> <span class='ocrx_word' id='word_1_739' title='bbox 3791 3830 3850 3880; x_wconf 83' lang='lat' dir='ltr'><strong>sd</strong></span> 
     </span>
    </p>
   </div>
   <div class='ocr_carea' id='block_1_106' title="bbox 2272 3891 3850 3962">
    <p class='ocr_par' dir='ltr' id='par_1_106' title="bbox 2272 3891 3850 3962">
     <span class='ocr_line' id='line_1_109' title="bbox 2272 3891 3850 3962; baseline 0.003 -17"><span class='ocrx_word' id='word_1_740' title='bbox 2272 3891 2464 3959; x_wconf 89' lang='lat' dir='ltr'><strong>Leptin</strong></span> <span class='ocrx_word' id='word_1_741' title='bbox 2489 3932 2505 3958; x_wconf 93' lang='lat'><strong>,</strong></span> <span class='ocrx_word' id='word_1_742' title='bbox 2535 3893 2676 3962; x_wconf 89' lang='lat' dir='ltr'><strong>quod</strong></span> <span class='ocrx_word' id='word_1_743' title='bbox 2709 3893 2834 3947; x_wconf 88' lang='lat' dir='ltr'><strong>edd.</strong></span> <span class='ocrx_word' id='word_1_744' title='bbox 2867 3898 3264 3962; x_wconf 82' lang='lat' dir='ltr'><strong>cxcogitarunt.</strong></span> <span class='ocrx_word' id='word_1_745' title='bbox 3295 3899 3428 3952; x_wconf 88' lang='lat' dir='ltr'><strong>Cum</strong></span> <span class='ocrx_word' id='word_1_746' title='bbox 3459 3914 3590 3954; x_wconf 92' lang='lat' dir='ltr'><strong>mss.</strong></span> <span class='ocrx_word' id='word_1_747' title='bbox 3622 3902 3743 3953; x_wconf 86' lang='lat' dir='ltr'><strong>facit</strong></span> <span class='ocrx_word' id='word_1_748' title='bbox 3767 3899 3850 3953; x_wconf 87' lang='lat' dir='ltr'><strong>ed.</strong></span> 
     </span>
    </p>
   </div>
   <div class='ocr_carea' id='block_1_107' title="bbox 2276 3965 3855 4037">
    <p class='ocr_par' dir='ltr' id='par_1_107' title="bbox 2276 3965 3855 4037">
     <span class='ocr_line' id='line_1_110' title="bbox 2276 3965 3855 4037; baseline 0.005 -21"><span class='ocrx_word' id='word_1_749' title='bbox 2276 3966 2497 4031; x_wconf 84' lang='lat' dir='ltr'><strong>August.</strong></span> <span class='ocrx_word' id='word_1_750' title='bbox 2541 3965 2744 4020; x_wconf 82' lang='lat' dir='ltr'><strong>codicis</strong></span> <span class='ocrx_word' id='word_1_751' title='bbox 2782 3965 2869 4019; x_wconf 86' lang='lat' dir='ltr'><strong>sui</strong></span> <span class='ocrx_word' id='word_1_752' title='bbox 2912 3966 3169 4036; x_wconf 85' lang='lat' dir='ltr'><strong>religiose</strong></span> <span class='ocrx_word' id='word_1_753' title='bbox 3206 3981 3429 4037; x_wconf 88' lang='lat' dir='ltr'><strong>semper</strong></span> <span class='ocrx_word' id='word_1_754' title='bbox 3465 3985 3690 4026; x_wconf 85' lang='lat' dir='ltr'><strong>servans</strong></span> <span class='ocrx_word' id='word_1_755' title='bbox 3726 3972 3855 4025; x_wconf 88' lang='lat' dir='ltr'><strong>scri-</strong></span> 
     </span>
    </p>
   </div>
   <div class='ocr_carea' id='block_1_108' title="bbox 2272 4045 2509 4103">
    <p class='ocr_par' dir='ltr' id='par_1_108' title="bbox 2272 4045 2509 4103">
     <span class='ocr_line' id='line_1_111' title="bbox 2272 4045 2509 4103; baseline 0.013 -18"><span class='ocrx_word' id='word_1_756' title='bbox 2272 4045 2509 4103; x_wconf 82' lang='lat' dir='ltr'><strong>pturam.</strong></span> 
     </span>
    </p>
   </div>
   <div class='ocr_carea' id='block_1_109' title="bbox 2344 4105 3856 4179">
    <p class='ocr_par' dir='ltr' id='par_1_109' title="bbox 2344 4105 3856 4179">
     <span class='ocr_line' id='line_1_112' title="bbox 2344 4105 3856 4179; baseline 0.006 -20"><span class='ocrx_word' id='word_1_757' title='bbox 2344 4105 2396 4160; x_wconf 86' lang='lat'><strong>6.</strong></span> <span class='ocrx_word' id='word_1_758' title='bbox 2431 4107 2793 4179; x_wconf 79' lang='lat' dir='ltr'><strong>Carthaginem</strong></span> <span class='ocrx_word' id='word_1_759' title='bbox 2822 4109 2976 4163; x_wconf 80' lang='lat' dir='ltr'><strong>venit.</strong></span> <span class='ocrx_word' id='word_1_760' title='bbox 3012 4107 3129 4163; x_wconf 91' lang='lat' dir='ltr'><strong>Non</strong></span> <span class='ocrx_word' id='word_1_761' title='bbox 3157 4109 3223 4163; x_wconf 91' lang='lat' dir='ltr'><strong>ad</strong></span> <span class='ocrx_word' id='word_1_762' title='bbox 3257 4109 3458 4166; x_wconf 91' lang='lat' dir='ltr'><strong>Urbem</strong></span> <span class='ocrx_word' id='word_1_763' title='bbox 3483 4113 3730 4179; x_wconf 87' lang='lat' dir='ltr'><strong>accessit,</strong></span> <span class='ocrx_word' id='word_1_764' title='bbox 3765 4112 3856 4168; x_wconf 85' lang='lat' dir='ltr'><strong>sed</strong></span> 
     </span>
    </p>
   </div>
   <div class='ocr_carea' id='block_1_110' title="bbox 2271 4175 3860 4251">
    <p class='ocr_par' dir='ltr' id='par_1_110' title="bbox 2271 4175 3860 4251">
     <span class='ocr_line' id='line_1_113' title="bbox 2271 4175 3860 4251; baseline 0.005 -21"><span class='ocrx_word' id='word_1_765' title='bbox 2271 4175 2514 4251; x_wconf 67' lang='lat' dir='ltr'><strong>Zamam,</strong></span> <span class='ocrx_word' id='word_1_766' title='bbox 2549 4175 2671 4249; x_wconf 70' lang='lat' dir='ltr'><strong>qua:</strong></span> <span class='ocrx_word' id='word_1_767' title='bbox 2705 4178 2808 4234; x_wconf 90' lang='lat' dir='ltr'><strong>iter</strong></span> <span class='ocrx_word' id='word_1_768' title='bbox 2841 4179 3051 4233; x_wconf 85' lang='lat' dir='ltr'><strong>dierum</strong></span> <span class='ocrx_word' id='word_1_769' title='bbox 3091 4181 3328 4251; x_wconf 89' lang='lat' dir='ltr'><strong>quinque</strong></span> <span class='ocrx_word' id='word_1_770' title='bbox 3366 4183 3524 4239; x_wconf 89' lang='lat' dir='ltr'><strong>abest</strong></span> <span class='ocrx_word' id='word_1_771' title='bbox 3566 4200 3593 4239; x_wconf 90' lang='lat' dir='ltr'><strong>a</strong></span> <span class='ocrx_word' id='word_1_772' title='bbox 3633 4175 3860 4240; x_wconf 76' lang='lat' dir='ltr'><strong>Cartha-</strong></span> 
     </span>
    </p>
   </div>
   <div class='ocr_carea' id='block_1_111' title="bbox 2273 4247 3858 4326">
    <p class='ocr_par' dir='ltr' id='par_1_111' title="bbox 2273 4247 3858 4326">
     <span class='ocr_line' id='line_1_114' title="bbox 2273 4247 3858 4326; baseline 0.006 -26"><span class='ocrx_word' id='word_1_773' title='bbox 2273 4247 2426 4326; x_wconf 78' lang='lat' dir='ltr'><strong>giae,</strong></span> <span class='ocrx_word' id='word_1_774' title='bbox 2457 4247 2639 4326; x_wconf 82' lang='lat' dir='ltr'><strong>Livius</strong></span> <span class='ocrx_word' id='word_1_775' title='bbox 2679 4251 2817 4326; x_wconf 62' lang='lat' dir='ltr'><strong>libro</strong></span> <span class='ocrx_word' id='word_1_776' title='bbox 2844 4266 2972 4320; x_wconf 79' lang='lat' dir='ltr'><strong>xxx,</strong></span> <span class='ocrx_word' id='word_1_777' title='bbox 3016 4247 3206 4322; x_wconf 81' lang='lat' dir='ltr'><strong>Polyb.</strong></span> <span class='ocrx_word' id='word_1_778' title='bbox 3243 4247 3332 4308; x_wconf 73' lang='lat' dir='ltr'><strong>xv.</strong></span> <span class='ocrx_word' id='word_1_779' title='bbox 3370 4255 3470 4310; x_wconf 60' lang='lat' dir='ltr'><strong>Ulli</strong></span> <span class='ocrx_word' id='word_1_780' title='bbox 3499 4255 3568 4312; x_wconf 92' lang='lat' dir='ltr'><strong>de</strong></span> <span class='ocrx_word' id='word_1_781' title='bbox 3591 4256 3858 4326; x_wconf 87' lang='lat' dir='ltr'><strong>colloquio</strong></span> 
     </span>
    </p>
   </div>
   <div class='ocr_carea' id='block_1_112' title="bbox 2275 4319 2881 4387">
    <p class='ocr_par' dir='ltr' id='par_1_112' title="bbox 2275 4319 2881 4387">
     <span class='ocr_line' id='line_1_115' title="bbox 2275 4319 2881 4387; baseline 0.003 -14"><span class='ocrx_word' id='word_1_782' title='bbox 2275 4319 2474 4374; x_wconf 87' lang='lat' dir='ltr'><strong>ducunt</strong></span> <span class='ocrx_word' id='word_1_783' title='bbox 2505 4322 2676 4387; x_wconf 89' lang='lat' dir='ltr'><strong>plura.</strong></span> <span class='ocrx_word' id='word_1_784' title='bbox 2714 4320 2881 4377; x_wconf 75' lang='lat' dir='ltr'><strong>FABll.</strong></span> 
     </span>
    </p>
   </div>
   <div class='ocr_carea' id='block_1_113' title="bbox 2347 4390 3863 4464">
    <p class='ocr_par' dir='ltr' id='par_1_113' title="bbox 2347 4390 3863 4464">
     <span class='ocr_line' id='line_1_116' title="bbox 2347 4390 3863 4464; baseline 0.005 -19"><span class='ocrx_word' id='word_1_785' title='bbox 2347 4392 2408 4464; x_wconf 71' lang='lat'><strong>7.</strong></span> <span class='ocrx_word' id='word_1_786' title='bbox 2435 4390 2759 4464; x_wconf 83' lang='lat' dir='ltr'><strong>Colloquium</strong></span> <span class='ocrx_word' id='word_1_787' title='bbox 2801 4393 3063 4464; x_wconf 79' lang='lat' dir='ltr'><strong>Scipionis</strong></span> <span class='ocrx_word' id='word_1_788' title='bbox 3109 4396 3276 4461; x_wconf 86' lang='lat' dir='ltr'><strong>petiit.</strong></span> <span class='ocrx_word' id='word_1_789' title='bbox 3309 4396 3400 4452; x_wconf 90' lang='lat' dir='ltr'><strong>Sic</strong></span> <span class='ocrx_word' id='word_1_790' title='bbox 3431 4411 3564 4451; x_wconf 90' lang='lat' dir='ltr'><strong>mss.</strong></span> <span class='ocrx_word' id='word_1_791' title='bbox 3596 4397 3701 4454; x_wconf 88' lang='lat' dir='ltr'><strong>Sed</strong></span> <span class='ocrx_word' id='word_1_792' title='bbox 3733 4397 3863 4452; x_wconf 81' lang='lat' dir='ltr'><strong>editi</strong></span> 
     </span>
    </p>
   </div>
   <div class='ocr_carea' id='block_1_114' title="bbox 2277 4461 3864 4539">
    <p class='ocr_par' dir='ltr' id='par_1_114' title="bbox 2277 4461 3864 4539">
     <span class='ocr_line' id='line_1_117' title="bbox 2277 4461 3864 4539; baseline 0.006 -25"><span class='ocrx_word' id='word_1_793' title='bbox 2277 4461 2553 4539; x_wconf 78' lang='lat' dir='ltr'><strong>plerique,</strong></span> <span class='ocrx_word' id='word_1_794' title='bbox 2599 4463 2866 4539; x_wconf 74' lang='lat' dir='ltr'><strong>Scipionis</strong></span> <span class='ocrx_word' id='word_1_795' title='bbox 2895 4461 3214 4539; x_wconf 70' lang='lat' dir='ltr'><strong>colloquium</strong></span> <span class='ocrx_word' id='word_1_796' title='bbox 3257 4469 3422 4538; x_wconf 75' lang='lat' dir='ltr'><strong>petiit.</strong></span> <span class='ocrx_word' id='word_1_797' title='bbox 3469 4472 3690 4539; x_wconf 83' lang='lat' dir='ltr'><strong>August.</strong></span> <span class='ocrx_word' id='word_1_798' title='bbox 3733 4485 3864 4524; x_wconf 70' lang='lat' dir='ltr'><strong>vero</strong></span> 
     </span>
    </p>
   </div>
   <div class='ocr_carea' id='block_1_115' title="bbox 2203 4533 3863 4606">
    <p class='ocr_par' dir='ltr' id='par_1_115' title="bbox 2203 4533 3863 4606">
     <span class='ocr_line' id='line_1_118' title="bbox 2203 4533 3863 4606; baseline 0.004 -20"><span class='ocrx_word' id='word_1_799' title='bbox 2203 4542 2253 4602; x_wconf 79' lang='grc' dir='ltr'>ι)</span> <span class='ocrx_word' id='word_1_800' title='bbox 2279 4533 2523 4606; x_wconf 41' lang='grc' dir='ltr'><strong>δοιΙτιηιιά</strong></span> <span class='ocrx_word' id='word_1_801' title='bbox 2559 4533 2868 4604; x_wconf 86' lang='lat' dir='ltr'><strong>colloquium</strong></span> <span class='ocrx_word' id='word_1_802' title='bbox 2908 4533 3172 4606; x_wconf 81' lang='lat' dir='ltr'><strong>Scipionis</strong></span> <span class='ocrx_word' id='word_1_803' title='bbox 3199 4533 3354 4591; x_wconf 77' lang='lat' dir='ltr'><strong>venit.</strong></span> <span class='ocrx_word' id='word_1_804' title='bbox 3391 4539 3492 4594; x_wconf 82' lang='lat' dir='ltr'><strong>Ubi</strong></span> <span class='ocrx_word' id='word_1_805' title='bbox 3519 4533 3634 4594; x_wconf 62' lang='lat' dir='ltr'><strong>cum</strong></span> <span class='ocrx_word' id='word_1_806' title='bbox 3666 4556 3718 4594; x_wconf 90' lang='lat' dir='ltr'><strong>se</strong></span> <span class='ocrx_word' id='word_1_807' title='bbox 3750 4543 3863 4606; x_wconf 76' lang='lat' dir='ltr'><strong>diu,</strong></span> 
     </span>
    </p>
   </div>
   <div class='ocr_carea' id='block_1_116' title="bbox 2278 4603 3516 4680">
    <p class='ocr_par' dir='ltr' id='par_1_116' title="bbox 2278 4603 3516 4680">
     <span class='ocr_line' id='line_1_119' title="bbox 2278 4603 3516 4680; baseline 0.006 -22"><span class='ocrx_word' id='word_1_808' title='bbox 2278 4613 2384 4680; x_wconf 43' lang='lat' dir='ltr'><strong>etc:</strong></span> <span class='ocrx_word' id='word_1_809' title='bbox 2421 4603 2950 4680; x_wconf 34' lang='lat' dir='ltr'><strong>Propetiit&#39;quatuor</strong></span> <span class='ocrx_word' id='word_1_810' title='bbox 2975 4603 3105 4662; x_wconf 86' lang='lat' dir='ltr'><strong>mss.</strong></span> <span class='ocrx_word' id='word_1_811' title='bbox 3137 4611 3262 4680; x_wconf 86' lang='lat' dir='ltr'><strong>petit</strong></span> <span class='ocrx_word' id='word_1_812' title='bbox 3293 4611 3516 4665; x_wconf 88' lang='lat' dir='ltr'><strong>habent.</strong></span> 
     </span>
    </p>
   </div>
   <div class='ocr_carea' id='block_1_117' title="bbox 2347 4673 3866 4750">
    <p class='ocr_par' dir='ltr' id='par_1_117' title="bbox 2347 4673 3866 4750">
     <span class='ocr_line' id='line_1_120' title="bbox 2347 4673 3866 4750; baseline 0.007 -24"><span class='ocrx_word' id='word_1_813' title='bbox 2347 4675 2401 4750; x_wconf 69' lang='grc' dir='ltr'><strong>β.</strong></span> <span class='ocrx_word' id='word_1_814' title='bbox 2432 4673 2531 4729; x_wconf 83' lang='lat' dir='ltr'><strong>Ubi</strong></span> <span class='ocrx_word' id='word_1_815' title='bbox 2551 4673 2664 4750; x_wconf 69' lang='lat' dir='ltr'><strong>cum</strong></span> <span class='ocrx_word' id='word_1_816' title='bbox 2689 4694 2741 4732; x_wconf 89' lang='lat' dir='ltr'><strong>se</strong></span> <span class='ocrx_word' id='word_1_817' title='bbox 2763 4679 2874 4731; x_wconf 84' lang='lat' dir='ltr'><strong>diu.</strong></span> <span class='ocrx_word' id='word_1_818' title='bbox 2901 4678 3024 4732; x_wconf 57' lang='lat' dir='ltr'><strong>llaec</strong></span> <span class='ocrx_word' id='word_1_819' title='bbox 3045 4673 3178 4734; x_wconf 76' lang='lat' dir='ltr'><strong>mss.</strong></span> <span class='ocrx_word' id='word_1_820' title='bbox 3207 4681 3367 4736; x_wconf 88' lang='lat' dir='ltr'><strong>lectio</strong></span> <span class='ocrx_word' id='word_1_821' title='bbox 3387 4691 3492 4738; x_wconf 89' lang='lat' dir='ltr'><strong>est.</strong></span> <span class='ocrx_word' id='word_1_822' title='bbox 3516 4681 3681 4738; x_wconf 88' lang='lat' dir='ltr'><strong>Editt.</strong></span> <span class='ocrx_word' id='word_1_823' title='bbox 3705 4693 3866 4750; x_wconf 84' lang='lat' dir='ltr'><strong>vett.,</strong></span> 
     </span>
    </p>
   </div>
   <div class='ocr_carea' id='block_1_118' title="bbox 2278 4744 2852 4815">
    <p class='ocr_par' dir='ltr' id='par_1_118' title="bbox 2278 4744 2852 4815">
     <span class='ocr_line' id='line_1_121' title="bbox 2278 4744 2852 4815; baseline 0.01 -18"><span class='ocrx_word' id='word_1_824' title='bbox 2278 4744 2362 4798; x_wconf 85' lang='lat' dir='ltr'><strong>lbi</strong></span> <span class='ocrx_word' id='word_1_825' title='bbox 2385 4761 2500 4798; x_wconf 89' lang='lat' dir='ltr'><strong>cum</strong></span> <span class='ocrx_word' id='word_1_826' title='bbox 2526 4746 2616 4800; x_wconf 84' lang='lat' dir='ltr'><strong>diu</strong></span> <span class='ocrx_word' id='word_1_827' title='bbox 2643 4765 2716 4815; x_wconf 86' lang='lat' dir='ltr'><strong>se,</strong></span> <span class='ocrx_word' id='word_1_828' title='bbox 2746 4757 2852 4804; x_wconf 92' lang='lat' dir='ltr'><strong>etc.</strong></span> 
     </span>
    </p>
   </div>
   <div class='ocr_carea' id='block_1_119' title="bbox 2348 4817 3736 4892">
    <p class='ocr_par' dir='ltr' id='par_1_119' title="bbox 2348 4817 3736 4892">
     <span class='ocr_line' id='line_1_122' title="bbox 2348 4817 3736 4892; baseline 0.009 -24"><span class='ocrx_word' id='word_1_829' title='bbox 2348 4817 2403 4892; x_wconf 66' lang='grc' dir='ltr'><strong>ξ).</strong></span> <span class='ocrx_word' id='word_1_830' title='bbox 2432 4817 2815 4892; x_wconf 77' lang='lat' dir='ltr'><strong>suspexissent.</strong></span> <span class='ocrx_word' id='word_1_831' title='bbox 2851 4820 3014 4889; x_wconf 87' lang='lat' dir='ltr'><strong>Lugd.</strong></span> <span class='ocrx_word' id='word_1_832' title='bbox 3047 4822 3165 4877; x_wconf 80' lang='lat' dir='ltr'><strong>Bal.</strong></span> <span class='ocrx_word' id='word_1_833' title='bbox 3194 4837 3303 4892; x_wconf 90' lang='lat' dir='ltr'><strong>pr.,</strong></span> <span class='ocrx_word' id='word_1_834' title='bbox 3331 4827 3736 4892; x_wconf 80' lang='lat' dir='ltr'><strong>conspexissent.</strong></span> 
     </span>
    </p>
   </div>
   <div class='ocr_carea' id='block_1_120' title="bbox 2349 4887 3868 4960">
    <p class='ocr_par' dir='ltr' id='par_1_120' title="bbox 2349 4887 3868 4960">
     <span class='ocr_line' id='line_1_123' title="bbox 2349 4887 3868 4960; baseline 0.008 -18"><span class='ocrx_word' id='word_1_835' title='bbox 2349 4889 2436 4942; x_wconf 83' lang='grc' dir='ltr'><strong>ιο.</strong></span> <span class='ocrx_word' id='word_1_836' title='bbox 2473 4887 2694 4959; x_wconf 84' lang='lat' dir='ltr'><strong>Infecta.</strong></span> <span class='ocrx_word' id='word_1_837' title='bbox 2740 4890 2908 4960; x_wconf 89' lang='lat' dir='ltr'><strong>Lugd.</strong></span> <span class='ocrx_word' id='word_1_838' title='bbox 2936 4887 3058 4946; x_wconf 76' lang='lat' dir='ltr'><strong>Bal.</strong></span> <span class='ocrx_word' id='word_1_839' title='bbox 3104 4887 3234 4948; x_wconf 82' lang='lat' dir='ltr'><strong>teri.</strong></span> <span class='ocrx_word' id='word_1_840' title='bbox 3277 4910 3400 4951; x_wconf 90' lang='lat' dir='ltr'><strong>cum</strong></span> <span class='ocrx_word' id='word_1_841' title='bbox 3431 4887 3566 4950; x_wconf 84' lang='lat' dir='ltr'><strong>Coll.</strong></span> <span class='ocrx_word' id='word_1_842' title='bbox 3599 4897 3868 4958; x_wconf 56' lang='lat' dir='ltr'><strong>Gronov“</strong></span> 
     </span>
    </p>
   </div>
   <div class='ocr_carea' id='block_1_121' title="bbox 2278 4960 3874 5038">
    <p class='ocr_par' dir='ltr' id='par_1_121' title="bbox 2278 4960 3874 5038">
     <span class='ocr_line' id='line_1_124' title="bbox 2278 4960 3874 5038; baseline 0.007 -26"><span class='ocrx_word' id='word_1_843' title='bbox 2278 4960 2550 5038; x_wconf 60' lang='lat' dir='ltr'><strong>interfecto</strong></span> <span class='ocrx_word' id='word_1_844' title='bbox 2574 4963 2713 5038; x_wconf 70' lang='lat' dir='ltr'><strong>pacis</strong></span> <span class='ocrx_word' id='word_1_845' title='bbox 2741 4965 2964 5034; x_wconf 87' lang='lat' dir='ltr'><strong>negotio.</strong></span> <span class='ocrx_word' id='word_1_846' title='bbox 2990 4962 3166 5018; x_wconf 78' lang='lat' dir='ltr'><strong>Malim</strong></span> <span class='ocrx_word' id='word_1_847' title='bbox 3196 4967 3492 5038; x_wconf 88' lang='lat' dir='ltr'><strong>vulgatum.</strong></span> <span class='ocrx_word' id='word_1_848' title='bbox 3521 4967 3648 5022; x_wconf 85' lang='lat' dir='ltr'><strong>Dein</strong></span> <span class='ocrx_word' id='word_1_849' title='bbox 3674 4978 3758 5023; x_wconf 85' lang='lat' dir='ltr'><strong>est</strong></span> <span class='ocrx_word' id='word_1_850' title='bbox 3781 4970 3874 5023; x_wconf 87' lang='lat' dir='ltr'><strong>dc-</strong></span> 
     </span>
    </p>
   </div>
   <div class='ocr_carea' id='block_1_122' title="bbox 2280 5031 2814 5102">
    <p class='ocr_par' dir='ltr' id='par_1_122' title="bbox 2280 5031 2814 5102">
     <span class='ocr_line' id='line_1_125' title="bbox 2280 5031 2814 5102; baseline 0.002 -16"><span class='ocrx_word' id='word_1_851' title='bbox 2280 5031 2353 5086; x_wconf 86' lang='lat' dir='ltr'><strong>let</strong></span> <span class='ocrx_word' id='word_1_852' title='bbox 2377 5031 2548 5102; x_wconf 79' lang='lat' dir='ltr'><strong>Lugd.</strong></span> <span class='ocrx_word' id='word_1_853' title='bbox 2576 5031 2694 5102; x_wconf 87' lang='lat' dir='ltr'><strong>Bal.</strong></span> <span class='ocrx_word' id='word_1_854' title='bbox 2730 5031 2814 5102; x_wconf 73' lang='lat' dir='ltr'><strong>pr.</strong></span> 
     </span>
    </p>
   </div>
   <div class='ocr_carea' id='block_1_123' title="bbox 2351 5101 3876 5180">
    <p class='ocr_par' dir='ltr' id='par_1_123' title="bbox 2351 5101 3876 5180">
     <span class='ocr_line' id='line_1_126' title="bbox 2351 5101 3876 5180; baseline 0.007 -24"><span class='ocrx_word' id='word_1_855' title='bbox 2351 5103 2438 5156; x_wconf 89' lang='grc'><strong>11.</strong></span> <span class='ocrx_word' id='word_1_856' title='bbox 2476 5101 2984 5180; x_wconf 66' lang='lat' dir='ltr'><strong>Carthaginiensium</strong></span> <span class='ocrx_word' id='word_1_857' title='bbox 3020 5107 3198 5180; x_wconf 88' lang='lat' dir='ltr'><strong>interf.</strong></span> <span class='ocrx_word' id='word_1_858' title='bbox 3243 5124 3311 5180; x_wconf 77' lang='lat' dir='ltr'><strong>xx</strong></span> <span class='ocrx_word' id='word_1_859' title='bbox 3353 5109 3518 5163; x_wconf 86' lang='lat' dir='ltr'><strong>millia</strong></span> <span class='ocrx_word' id='word_1_860' title='bbox 3553 5125 3606 5163; x_wconf 74' lang='grc' dir='ltr'>ιι.</span> <span class='ocrx_word' id='word_1_861' title='bbox 3639 5108 3735 5165; x_wconf 85' lang='lat' dir='ltr'><strong>Sic</strong></span> <span class='ocrx_word' id='word_1_862' title='bbox 3767 5113 3876 5180; x_wconf 80' lang='lat' dir='ltr'><strong>Ap-</strong></span> 
     </span>
    </p>
   </div>
   <div class='ocr_carea' id='block_1_124' title="bbox 2278 5173 3874 5256">
    <p class='ocr_par' dir='ltr' id='par_1_124' title="bbox 2278 5173 3874 5256">
     <span class='ocr_line' id='line_1_127' title="bbox 2278 5173 3874 5256; baseline 0.006 -30"><span class='ocrx_word' id='word_1_863' title='bbox 2278 5173 2470 5256; x_wconf 69' lang='lat' dir='ltr'><strong>pianus</strong></span> <span class='ocrx_word' id='word_1_864' title='bbox 2495 5215 2509 5238; x_wconf 92' lang='lat'><strong>,</strong></span> <span class='ocrx_word' id='word_1_865' title='bbox 2547 5173 2814 5256; x_wconf 44' lang='grc' dir='ltr'><strong>Ἀ’πέβαγρν</strong></span> <span class='ocrx_word' id='word_1_866' title='bbox 2849 5185 2949 5234; x_wconf 82' lang='grc' dir='ltr'><strong>τῶν</strong></span> <span class='ocrx_word' id='word_1_867' title='bbox 2974 5173 3236 5256; x_wconf 45' lang='grc' dir='ltr'><strong>’πολεμίων</strong></span> <span class='ocrx_word' id='word_1_868' title='bbox 3269 5179 3531 5256; x_wconf 38' lang='grc' dir='ltr'><strong>ᾆ-ισμύριρι</strong></span> <span class='ocrx_word' id='word_1_869' title='bbox 3566 5184 3651 5256; x_wconf 63' lang='lat' dir='ltr'><strong>steti</strong></span> <span class='ocrx_word' id='word_1_870' title='bbox 3676 5173 3874 5238; x_wconf 72' lang='grc' dir='ltr'><strong>πεντᾶ-</strong></span> 
     </span>
    </p>
   </div>
   <div class='ocr_carea' id='block_1_125' title="bbox 2276 5245 3878 5316">
    <p class='ocr_par' dir='ltr' id='par_1_125' title="bbox 2276 5245 3878 5316">
     <span class='ocr_line' id='line_1_128' title="bbox 2276 5245 3878 5316; baseline 0.006 -18"><span class='ocrx_word' id='word_1_871' title='bbox 2276 5246 2545 5316; x_wconf 80' lang='grc' dir='ltr'><strong>κισχίλωι.</strong></span> <span class='ocrx_word' id='word_1_872' title='bbox 2589 5245 2842 5316; x_wconf 81' lang='lat' dir='ltr'><strong>Polybius</strong></span> <span class='ocrx_word' id='word_1_873' title='bbox 2877 5257 2931 5302; x_wconf 93' lang='lat' dir='ltr'><strong>ct</strong></span> <span class='ocrx_word' id='word_1_874' title='bbox 2972 5245 3156 5304; x_wconf 85' lang='lat' dir='ltr'><strong>Livius</strong></span> <span class='ocrx_word' id='word_1_875' title='bbox 3181 5245 3878 5314; x_wconf 73' lang='lat' dir='ltr'><strong>scribtint&#39;Carthaginien-</strong></span> 
     </span>
    </p>
   </div>
   <div class='ocr_carea' id='block_1_126' title="bbox 2277 5318 3881 5392">
    <p class='ocr_par' dir='ltr' id='par_1_126' title="bbox 2277 5318 3881 5392">
     <span class='ocr_line' id='line_1_129' title="bbox 2277 5318 3881 5392; baseline 0.006 -24"><span class='ocrx_word' id='word_1_876' title='bbox 2277 5318 2414 5392; x_wconf 84' lang='lat' dir='ltr'><strong>sitim</strong></span> <span class='ocrx_word' id='word_1_877' title='bbox 2455 5331 2592 5370; x_wconf 66' lang='lat' dir='ltr'><strong>caesa</strong></span> <span class='ocrx_word' id='word_1_878' title='bbox 2633 5319 3013 5392; x_wconf 15' lang='lat' dir='ltr'><strong>supraimillia</strong></span> <span class='ocrx_word' id='word_1_879' title='bbox 3047 5323 3257 5391; x_wconf 75' lang='lat' dir='ltr'><strong>viginti.</strong></span> <span class='ocrx_word' id='word_1_880' title='bbox 3303 5322 3380 5375; x_wconf 90' lang='lat' dir='ltr'><strong>De</strong></span> <span class='ocrx_word' id='word_1_881' title='bbox 3424 5321 3708 5376; x_wconf 82' lang='lat' dir='ltr'><strong>Annibalis</strong></span> <span class='ocrx_word' id='word_1_882' title='bbox 3755 5324 3881 5392; x_wconf 76' lang='lat' dir='ltr'><strong>fuga</strong></span> 
     </span>
    </p>
   </div>
   <div class='ocr_carea' id='block_1_127' title="bbox 2276 5386 3884 5464">
    <p class='ocr_par' dir='ltr' id='par_1_127' title="bbox 2276 5386 3884 5464">
     <span class='ocr_line' id='line_1_130' title="bbox 2276 5386 3884 5464; baseline 0.006 -25"><span class='ocrx_word' id='word_1_883' title='bbox 2276 5386 2495 5464; x_wconf 74' lang='lat' dir='ltr'><strong>eosdem</strong></span> <span class='ocrx_word' id='word_1_884' title='bbox 2528 5386 2780 5464; x_wconf 55' lang='lat' dir='ltr'><strong>auctores</strong></span> <span class='ocrx_word' id='word_1_885' title='bbox 2806 5391 2944 5460; x_wconf 86' lang='lat' dir='ltr'><strong>lege,</strong></span> <span class='ocrx_word' id='word_1_886' title='bbox 2973 5386 3198 5447; x_wconf 63' lang='lat' dir='ltr'><strong>sicut&#39;et</strong></span> <span class='ocrx_word' id='word_1_887' title='bbox 3225 5392 3294 5448; x_wconf 92' lang='lat' dir='ltr'><strong>de</strong></span> <span class='ocrx_word' id='word_1_888' title='bbox 3325 5405 3458 5463; x_wconf 67' lang='lat' dir='ltr'><strong>pace</strong></span> <span class='ocrx_word' id='word_1_889' title='bbox 3484 5394 3712 5464; x_wconf 86' lang='lat' dir='ltr'><strong>ejusque</strong></span> <span class='ocrx_word' id='word_1_890' title='bbox 3744 5386 3884 5450; x_wconf 74' lang='lat' dir='ltr'><strong>coii-</strong></span> 
     </span>
    </p>
   </div>
   <div class='ocr_carea' id='block_1_128' title="bbox 2277 5454 2794 5514">
    <p class='ocr_par' dir='ltr' id='par_1_128' title="bbox 2277 5454 2794 5514">
     <span class='ocr_line' id='line_1_131' title="bbox 2277 5454 2794 5514; baseline 0.008 -4"><span class='ocrx_word' id='word_1_891' title='bbox 2277 5454 2596 5512; x_wconf 78' lang='lat' dir='ltr'><strong>ditioaihus.</strong></span> <span class='ocrx_word' id='word_1_892' title='bbox 2627 5457 2794 5514; x_wconf 77' lang='lat' dir='ltr'><strong>FABR.</strong></span> 
     </span>
    </p>
   </div>
   <div class='ocr_carea' id='block_1_129' title="bbox 2351 5528 3460 5606">
    <p class='ocr_par' dir='ltr' id='par_1_129' title="bbox 2351 5528 3460 5606">
     <span class='ocr_line' id='line_1_132' title="bbox 2351 5528 3460 5606; baseline 0.007 -25"><span class='ocrx_word' id='word_1_893' title='bbox 2472 5528 2692 5606; x_wconf 63' lang='lat' dir='ltr'><strong>Parvus.</strong></span> <span class='ocrx_word' id='word_1_894' title='bbox 2722 5531 2856 5606; x_wconf 85' lang='lat' dir='ltr'><strong>Cod.</strong></span> <span class='ocrx_word' id='word_1_895' title='bbox 2886 5531 3158 5600; x_wconf 82' lang='lat' dir='ltr'><strong>Perizon.,</strong></span> <span class='ocrx_word' id='word_1_896' title='bbox 3190 5535 3460 5606; x_wconf 78' lang='lat' dir='ltr'><strong>paruulus.</strong></span> 
     </span>
    </p>
   </div>
   <div class='ocr_carea' id='block_1_130' title="bbox 2352 5599 3892 5672">
    <p class='ocr_par' dir='ltr' id='par_1_130' title="bbox 2352 5599 3892 5672">
     <span class='ocr_line' id='line_1_133' title="bbox 2352 5599 3892 5672; baseline 0.005 -18"><span class='ocrx_word' id='word_1_897' title='bbox 2352 5601 2438 5656; x_wconf 78' lang='lat' dir='ltr'><strong>l3.</strong></span> <span class='ocrx_word' id='word_1_898' title='bbox 2473 5599 2901 5672; x_wconf 86' lang='lat' dir='ltr'><strong>Consultantique</strong></span> <span class='ocrx_word' id='word_1_899' title='bbox 2945 5599 3164 5659; x_wconf 84' lang='lat' dir='ltr'><strong>senatui.</strong></span> <span class='ocrx_word' id='word_1_900' title='bbox 3191 5599 3378 5660; x_wconf 82' lang='lat' dir='ltr'><strong>Codex</strong></span> <span class='ocrx_word' id='word_1_901' title='bbox 3413 5619 3568 5662; x_wconf 86' lang='lat' dir='ltr'><strong>meus</strong></span> <span class='ocrx_word' id='word_1_902' title='bbox 3594 5606 3892 5662; x_wconf 80' lang='lat' dir='ltr'><strong>consulen-</strong></span> 
     </span>
    </p>
   </div>
   <div class='ocr_carea' id='block_1_131' title="bbox 2277 5672 3652 5745">
    <p class='ocr_par' dir='ltr' id='par_1_131' title="bbox 2277 5672 3652 5745">
     <span class='ocr_line' id='line_1_134' title="bbox 2277 5672 3652 5745; baseline 0.007 -19"><span class='ocrx_word' id='word_1_903' title='bbox 2277 5672 2416 5745; x_wconf 78' lang='lat' dir='ltr'><strong>tique</strong></span> <span class='ocrx_word' id='word_1_904' title='bbox 2440 5674 2660 5745; x_wconf 67' lang='lat' dir='ltr'><strong>senatui,</strong></span> <span class='ocrx_word' id='word_1_905' title='bbox 2690 5673 2834 5742; x_wconf 89' lang='lat' dir='ltr'><strong>quod</strong></span> <span class='ocrx_word' id='word_1_906' title='bbox 2863 5685 2917 5729; x_wconf 88' lang='lat' dir='ltr'><strong>et</strong></span> <span class='ocrx_word' id='word_1_907' title='bbox 2947 5675 2997 5728; x_wconf 90' lang='lat' dir='ltr'><strong>itt</strong></span> <span class='ocrx_word' id='word_1_908' title='bbox 3027 5677 3163 5730; x_wconf 92' lang='lat' dir='ltr'><strong>edit.</strong></span> <span class='ocrx_word' id='word_1_909' title='bbox 3193 5678 3420 5745; x_wconf 90' lang='lat' dir='ltr'><strong>August.</strong></span> <span class='ocrx_word' id='word_1_910' title='bbox 3453 5679 3652 5735; x_wconf 87' lang='lat' dir='ltr'><strong>inveni.</strong></span> 
     </span>
    </p>
   </div>
   <div class='ocr_carea' id='block_1_132' title="bbox 2355 5741 3898 5826">
    <p class='ocr_par' dir='ltr' id='par_1_132' title="bbox 2355 5741 3898 5826">
     <span class='ocr_line' id='line_1_135' title="bbox 2355 5741 3898 5826; baseline 0.005 -24"><span class='ocrx_word' id='word_1_911' title='bbox 2355 5742 2447 5802; x_wconf 70' lang='lat' dir='ltr'><strong>ﬂ.</strong></span> <span class='ocrx_word' id='word_1_912' title='bbox 2488 5741 2778 5816; x_wconf 79' lang='lat' dir='ltr'><strong>Terentius,</strong></span> <span class='ocrx_word' id='word_1_913' title='bbox 2815 5745 2904 5818; x_wconf 84' lang='lat' dir='ltr'><strong>qui</strong></span> <span class='ocrx_word' id='word_1_914' title='bbox 2945 5754 3122 5819; x_wconf 86' lang='lat' dir='ltr'><strong>postea</strong></span> <span class='ocrx_word' id='word_1_915' title='bbox 3165 5741 3410 5826; x_wconf 69' lang='lat' dir='ltr'><strong>comicus,</strong></span> <span class='ocrx_word' id='word_1_916' title='bbox 3452 5747 3610 5820; x_wconf 84' lang='lat' dir='ltr'><strong>Quod</strong></span> <span class='ocrx_word' id='word_1_917' title='bbox 3650 5749 3898 5811; x_wconf 85' lang='lat' dir='ltr'><strong>Orosius</strong></span> 
     </span>
    </p>
   </div>
  </div>
