4088 6170
256 264 363 329 905

1337 268 1815 333 HISTORIARUM
1854 269 2058 335 LIBER
2092 271 2182 335 IV.
2213 275 2367 336 CAP.
2398 276 2519 336 XX.

3461 288 3567 348 906

256 380 785 455 Carthaginiensium
824 380 988 457 269
1025 382 1257 455 captivis
1296 383 1536 458 pileatus
1565 387 1743 459 (quod
1782 389 1865 445 in-
1889 391 1937 453 Α
1966 405 2094 462 pum
2124 406 2307 461 regem
2340 398 2537 447 etcum
2564 404 2631 447 eo
2657 389 2918 458 Thracas,
2948 389 3295 464 Macedones,
3324 392 3564 469 Illyrios,

260 475 424 533 dulta:
451 474 557 530 sibi
592 474 861 531 libertatis
890 474 1106 547 insigne
1131 475 1254 550 fuit)
1282 477 1705 550 triumphantem
1735 489 1858 553 post

254 583 472 626 currum
504 573 728 625 SCCUlllS
756 575 860 624 εει.

836 663 1068 723 CAPUT
1106 664 1226 723 XX.

253 777 333 835 Dc
381 779 514 834 bello
567 777 944 846 Macedonico,
974 781 1029 835 in
1058 797 1161 851 quo
1191 796 1308 836 cum
1336 781 1495 838 variis
1520 798 1583 837 ac
1633 782 1856 839 diversis

322 850 575 923 Romani,
601 852 860 923 prwcipue
881 850 1127 907 adversus
1146 852 1457 909 Macedones
1473 863 1520 910 et
1542 854 1853 911 Antiochum

323 921 497 994 Syria:
522 921 696 996 regem
712 964 727 991 ,
751 921 893 979 carie
914 934 1297 995 pugnaverunt.

321 1047 340 1079 ί
369 1037 529 1095 Anno
557 1038 627 1094 ab
652 1037 801 1096 Urbe
827 1038 1045 1096 condita
1090 1056 1255 1097 rtvat
1274 1086 1289 1111 ,
1340 1040 1545 1099 bellum
1588 1041 1851 1100 Punicum

244 1131 549 1187 secundum
582 1130 791 1188 finitum
820 1141 939 1201 est,
988 1132 1135 1206 quod
1177 1141 1389 1207 gestum
1443 1144 1526 1192 est
1572 1137 1731 1192 annis
1768 1152 1857 1193 se-

245 1223 576 1294 ptemdecim
626 1243 638 1280 :
688 1224 776 1280 cui
822 1224 1230 1283 Macedonicum
1280 1229 1543 1284 continuo
1592 1229 1855 1285 successit

242 1316 264 1346 ²
290 1316 438 1387 quod
460 1316 748 1385 Quinctius
766 1315 1104 1374 Flamininus
1127 1333 1244 1375 eos.
1268 1321 1509 1387 sortitus,
1536 1329 1660 1392 post
1682 1321 1852 1376 multa

239 1418 300 1465 et
332 1411 497 1484 27o
536 1412 860 1484 gravissima
886 1412 1106 1484 praelia,
1146 1413 1347 1485 quibus
1380 1410 1699 1470 Macedones
1728 1412 1855 1471 victi

236 1513 373 1559 sunt
396 1547 412 1573 ,
438 1518 627 1575 pacem
651 1503 905 1576 Philippo
922 1504 1093 1560 dedit.
1122 1504 1331 1562 Deinde
1356 1518 1479 1561 cum
1511 1504 1855 1563 Laccdzcmo-

236 1594 351 1651 niis
380 1596 675 1668 pugnavit,
715 1597 862 1651 victo
886 1594 1094 1653 Nabide
1137 1596 1276 1653 duce
1316 1597 1589 1669 ipsorum,
1624 1600 1855 1657 nobilis-

232 1686 412 1745 simos
456 1688 682 1745 obsides
726 1688 1062 1744 Demetrium
1112 1688 1347 1761 Philippi
1400 1689 1570 1745 filium
1601 1700 1658 1746 et
1686 1689 1707 1723 ³
1736 1690 1842 1746 Ar-

1959 484 2267 555 multasque
2310 491 2577 555 praeterea
2626 492 2850 555 gentes,
2896 500 3017 556 qua:
3049 486 3070 517 ⁸
3122 486 3175 541 ἰιι
3221 488 3481 544 auxilium
3512 491 3566 547 ei

1956 588 2255 647 venerant,
2310 578 2455 635 bello
2498 578 2949 650 subegit.‘Victi
3000 581 3322 639 Macedones
3374 593 3560 640 castra

1957 669 2287 740 amiserunt,
2343 680 2467 726 octo
2511 669 2681 726 millia
2740 670 2979 728 hostium
3031 672 3051 704 ⁷
3105 688 3172 729 eo
3226 674 3315 732 die
3372 691 3512 733 carsa
3543 718 3561 744 ,

1958 761 1981 792 ⁸
2029 761 2271 834 quinque
2317 763 2486 819 millia
2539 771 2695 835 capta
2739 762 2999 835 Polybius
3050 766 3259 821 scribit.
3311 767 3566 826 Valerius

1956 852 2091 910 dicit
2144 854 2498 927 quadraginta
2548 855 2717 911 millia
2773 857 3063 912 trucidata.
3123 855 3383 916 Claudius
3427 876 3564 917 vero

1958 945 2181 1017 triginta
2203 947 2313 1003 duo
2343 947 2514 1004 millia
2541 946 2831 1004 interfecta
2868 962 3282 1006 commemorat.
3309 951 3418 1008 Sed
3450 953 3566 1009 lucc

1956 1038 2191 1095 varietas
2204 1039 2531 1111 scriptorum
2556 1039 2741 1112 utique
2764 1039 2973 1097 fallacia
2988 1050 3091 1097 est.
3118 1042 3366 1098 Fallacia:
3379 1054 3565 1100 autem

1957 1145 2119 1189 causa
2151 1132 2395 1203 profecto
2426 1133 2666 1189 adulatio
2707 1142 2814 1202 est,
2848 1134 2974 1190 dum
3002 1135 3224 1191 victoris
3252 1137 3444 1192 laudes
3474 1151 3565 1192 ac-

1957 1225 2239 1283 cumulare
2260 1266 2277 1294 ,
2301 1225 2671 1296 virtutemque
2696 1227 2889 1297 patriae
2909 1226 3173 1284 extollere
3202 1228 3290 1284 vel
3318 1242 3560 1299 praesen-

1956 1318 2105 1374 tibus
2134 1319 2221 1375 vel
2253 1320 2487 1390 posteris
2507 1318 2728 1375 student
2754 1337 2766 1373 :
2798 1320 3033 1390 alioquin
3058 1320 3106 1376 si
3137 1321 3421 1391 inquisitos
3452 1336 3561 1377 non

1957 1410 2151 1467 fuisset
2172 1428 2433 1469 numerus
2457 1454 2474 1481 ,
2507 1427 2607 1469 nec
2652 1413 3072 1485 qualiscumque
3112 1414 3301 1471 fuisset
3331 1430 3560 1486 expres-

1956 1515 2070 1558 sus.
2101 1503 2259 1571 Quod
2285 1503 2331 1559 si
2360 1503 2661 1575 gloriosum
2694 1512 2777 1560 est
2810 1503 2934 1559 duci
2966 1512 3023 1560 et
3050 1505 3262 1575 patriae,
3291 1506 3561 1576 plurimos

1958 1594 2199 1651 hostium
2230 1596 2551 1666 peremisse,
2594 1604 2802 1667 quanto
2830 1596 3004 1667 magis
3033 1596 3216 1652 laetum
3257 1601 3473 1667 patria},
3506 1607 3564 1654 et

1954 1688 2080 1745 duci
2112 1690 2328 1746 beatum
2364 1699 2548 1762 potest
2593 1690 2790 1758 videri,
2845 1706 3069 1747 suorum
3108 1691 3194 1747 vel
3242 1691 3421 1748 nullos
3469 1692 3560 1749 vel

233 1794 463 1836 mettem
492 1778 716 1836 Nabidis
740 1779 907 1836 lilium
931 1825 946 1850 ,
980 1788 1108 1836 ante
1153 1794 1372 1836 currum
1402 1780 1583 1839 duxit.
1614 1781 1846 1839 Romani
1877 1791 1926 1855 Β
1954 1783 2311 1851 paucissimos
2346 1783 2676 1854 perdidisse.
2732 1784 2808 1838 Ita
2840 1783 3172 1840 lucidissime
3198 1793 3380 1854 patet,
3412 1785 3561 1854 quod

221 1873 471 1944 captivi,
525 1873 620 1945 qui
688 1872 792 1930 sub
857 1872 1125 1930 Annibale
1163 1888 1264 1944 per
1318 1873 1587 1931 Graeciam
1633 1876 1841 1932 venditi

218 1965 483 2033 fuerant,
518 1964 758 2023 universi
787 1965 1034 2036 recepti,
1090 1965 1359 2036 capitibus
1387 1966 1526 2022 rasis
1547 1966 1620 2023 ob
1651 1966 1838 2023 deter-

219 2071 351 2114 sam
386 2057 742 2123 servitutem,
790 2072 1009 2113 currum
1051 2056 1435 2127 triumphantis
1461 2058 1635 2114 secuti
1687 2069 1837 2115 sunt.

222 2149 246 2183 ⁸
277 2150 496 2207 Eodem
523 2159 775 2222 tempore
798 2149 1084 2221 lnsubres,
1112 2151 1231 2207 Boii
1261 2161 1422 2223 atque
1469 2152 1785 2210 Caznomani
1819 2197 1835 2223 ,

217 2244 527 2303 contractis
577 2245 629 2300 in
656 2258 822 2300 unum
853 2244 1090 2312 viribus,
1141 2244 1417 2301 Amilcare
1455 2245 1623 2303 Poeno
1661 2245 1836 2317 duce,

218 2338 319 2407 qui
354 2338 408 2392 in
434 2336 587 2392 Italia
634 2347 1005 2405 remanserat,
1037 2338 1365 2394 Cremonam
1396 2337 1841 2411 Placentiamque

219 2438 551 2497 vastantes,
574 2427 900 2485 difficillimo
926 2429 1076 2486 bello
1103 2445 1133 2485 a
1166 2430 1226 2486 L.
1272 2429 1441 2487 Furio
1471 2440 1704 2502 prmtore
1749 2446 1844 2487 su-

218 2522 406 2594 perati
428 2531 577 2579 sunt.
610 2520 809 2580 Postea
835 2521 1177 2580 Flamininus
1202 2524 1536 2594 proconsule
1561 2565 1578 2592 ,
1631 2524 1841 2597 Philip-

1945 1875 2103 1947 271
2136 1874 2301 1931 simili
2346 1874 2681 1945 impudentia
2723 1874 3044 1942 mentiendi,
3096 1891 3203 1945 qua
3246 1877 3557 1932 occisorum

1944 1968 2183 2024 hostium
2210 1982 2442 2025 numero
2469 1966 2746 2039 adjicitur,
2771 1968 3048 2023 sociorum
3073 1982 3290 2039 quoque
3315 1970 3554 2024 amisso-

1944 2077 2064 2117 rum
2096 2061 2300 2118 damna
2342 2062 2695 2128 minuuntur,
2726 2061 2812 2117 vel
2857 2058 3022 2117 etiam
3067 2063 3293 2117 omnino
3321 2063 3561 2119 reticen-

1945 2165 2054 2211 tur.
2086 2159 2108 2191 ³
2141 2155 2314 2227 igitur
2335 2154 2700 2225 Sempronius
2730 2153 3035 2210 Tuditanus
3080 2155 3137 2209 in
3163 2154 3426 2225 Hispania
3475 2155 3558 2210 ci-

1945 2250 2178 2319 teriore,
2230 2249 2380 2305 bello
2410 2263 2728 2319 oppressus,
2773 2263 2895 2302 cum
2936 2247 3099 2302 omni
3151 2249 3394 2303 exercitu
3439 2248 3553 2303 lto-

1947 2357 2113 2398 mano
2142 2341 2469 2398 interfectus
2509 2350 2633 2396 est:
2668 2339 2713 2372 ¹⁰
2744 2338 2934 2394 consul
2967 2339 3258 2394 Marcellus
3297 2339 3354 2393 in
3388 2340 3549 2394 Etru-

1943 2436 2027 2491 ria
2075 2450 2103 2489 a
2148 2434 2297 2491 Boiis
2344 2446 2667 2504 oppressus,
2715 2446 2965 2503 magnam
3012 2440 3223 2501 partem
3274 2432 3551 2487 exercitus

1949 2526 2211 2599 perdidit,
2238 2526 2327 2584 cui
2365 2535 2557 2600 postea
2591 2525 2796 2583 Furius
2825 2525 2969 2582 alter
2996 2524 3185 2580 consul
3227 2524 3433 2580 auxilio
3461 2537 3553 2580 ac-

1520 2680 1974 2741 HAVERCAMPI
2011 2684 2247 2743 ΝΟΤΔΕ.

221 2799 320 2856 hic
363 2796 433 2873 de
476 2795 716 2854 Terentio
751 2799 973 2873 comico,
994 2798 1058 2873 id
1090 2799 1277 2856 Livius
1294 2800 1447 2873 libro
1477 2800 1757 2873 trigesimo
1780 2813 1835 2861 et

218 2871 513 2944 trigesimo
549 2879 741 2926 octavo
762 2872 851 2944 _de
895 2872 961 2941 Q.
992 2870 1233 2928 Terentio
1266 2870 1835 2941 tCullcone,'settatore

221 2942 511 3014 Ro‘tnano,
550 2942 938 3014 quemgScipio
980 2944 1120 2999 inter
1158 2944 1403 3014 captivos
1447 2948 1669 3014 recepit,
1701 2948 1835 3002 scri-

217 3027 385 3141 ptum
416 3012 660 3083 reliquit.
704 3011 1014 3070 FcneStella
1056 3011 1273 3086 quoque
1304 3031 1400 3071 eos
1430 3011 1708 3080 refutavit,
1744 3019 1834 3087 qui

264 3085 527 3141 eremium
576 3098 792 3141 cantum
846 3100 912 3141 ex
969 3085 1147 3141 Africa
1216 3085 1442 3141 Romam
1512 3087 1832 3141 nerductum

264 3085 527 3141 erertlium
576 3098 792 3152 captum
846 3100 912 3141 ex
969 3085 1147 3141 Africa
1189 3085 1442 3142 ’Itotnam
1512 3085 1832 3155 perductum

220 3155 790 3227 scripseranttFasa.
815 3185 887 3196 —
909 3156 1087 3222 Unde,
1117 3156 1466 3227 quantumvis
1497 3157 1549 3212 in
1579 3159 1833 3215 omnibus

220 3225 390 3292 mss.,
422 3225 885 3299 utiet_\_linc.entio
915 3225 1252 3299 Bellovﬁlib.
1284 3244 1361 3296 vt,
1396 3242 1518 3299 cap.
1550 3228 1642 3295 52,
1678 3231 1829 3285 inve-

219 3280 440 3364 hit—tiu},
474 3280 1027 3368 Pighins'ad'AftJ—Q
1046 3280 1121 3355 ἐξ
1143 3280 1270 3368 snt,
1300 3280 1445 3354 (an;
1463 3280 1517 3357 it
1543 3280 1738 3355 sint;
1772 3280 1826 3369 ᾖ.
1859 3280 1905 3346 C

219 3370 360 3443 2H,
390 3368 659 3443 impudens
684 3369 938 3443 glossema
967 3380 1148 3443 vocat,
1177 3370 1511 3426 librariorum
1538 3368 1830 3443 ignorantia

218 3439 504 3496 innectunt.
544 3439 754 3496 Vellem
795 3443 958 3499 sane!
1003 3442 1108 3499 Sed
1151 3456 1368 3508 vereor,
1400 3458 1468 3497 ne
1499 3439 1659 3497 niinis
1689 3445 1830 3499 esci-

222 3519 411 3568 tanter
449 3520 505 3566 et
534 3520 894 3582 pr0peranter
924 3512 1133 3568 Livium
1164 3512 1355 3581 legerit
1378 3511 1621 3569 Orosius.
1651 3513 1828 3571 Orosii

224 3586 375 3639 enim
399 3582 600 3655 stylutn
620 3583 836 3655 sapiunt
857 3583 975 3649 illa.
995 3584 1087 3655 qui
1110 3591 1289 3655 postea
1310 3585 1559 3645 comicus.
1585 3593 1645 3640 ut
1664 3600 1827 3655 supra

221 3671 350 3726 cap.
379 3654 468 3719 16,
483 3654 559 3727 de
580 3654 857 3727 S_cipione,
879 3656 969 3727 qui
990 3654 1168 3724 postea
1188 3654 1494 3727 Africanus.
1518 3654 1827 3715 CredidiSse

222 3724 459 3797 videtur,
482 3724 545 3781 P.
585 3724 925 3797 Terentium,
959 3736 1146 3797 postea
1173 3724 1495 3796 scriptorem
1528 3727 1820 3796 comicum,

220 3812 287 3855 ex
316 3796 614 3863 nobilibus,
642 3796 729 3851 vel
757 3803 817 3851 ut
839 3796 1083 3866 quazdam
1110 3796 1235 3852 edd.
1266 3797 1487 3862 habent,
1516 3812 1580 3853 ex
1607 3799 1824 3853 nobiliso

220 3869 369 3924 simis
396 3866 920 3938 Carthaginiensium
942 3867 1111 3925 fuisse
1123 3868 1441 3939 captivis,et
1459 3869 1675 3939 quidem
1700 3879 1827 3926 ante

225 3938 598 4008 triumphum,
646 3938 909 3996 servitute
944 3950 1256 4009 exemptum
1296 3949 1352 3993 et
1378 3938 1628 3995 libertate
1655 3939 1823 3995 dona-

221 4019 364 4075 tum.
388 4021 549 4081 atque
569 4009 694 4066 ideo
714 4010 981 4081 Scipionis
1004 4010 1366 4067 benefactoris
1387 4026 1604 4066 currum
1631 4011 1825 4065 trium-

1928 3869 2170 3926 Gronov.
2208 3871 2220 3925 l

1945 2804 2254 2876 Philippum
2287 2804 2341 2861 in
2370 2803 2618 2863 faucibus
2646 2804 2792 2877 Epiri
2825 2819 3087 2877 prospere
3110 2807 3366 2876 pugnavit
3401 2826 3415 2863 :
3447 2823 3546 2865 an-

1945 2892 2139 2951 noque
2176 2879 2485 2951 insequenti
2540 2879 2697 2951 victo
2730 2878 2778 2951 ei
2810 2893 2999 2947 pacem
3051 2878 3230 2943 dedit,
3284 2879 3543 2951 Polybius

1942 2948 2083 3004 libro
2108 2947 2329 3005 decimo
2350 2949 2613 3017 septimo,
2640 2948 2823 3003 Livius
2849 2964 3002 3002 xxxii
3025 2961 3080 3004 et
3107 2965 3296 3010 xxxm.
3327 2947 3543 3008 Plutar-

1942 3018 2078 3074 chus
2132 3021 2186 3074 in
2239 3018 2566 3075 Flaminino.
2610 3018 2849 3085 Quinctii
2878 3033 3176 3089 cognomen
3209 3020 3540 3078 Flamininus

1942 3089 1997 3144 in
2025 3089 2263 3145 Cornelii
2303 3090 2587 3145 Gualtlteri
2630 3089 2773 3144 libro
2815 3099 2966 3143 recte
3012 3090 3298 3157 scribitur,
3329 3106 3450 3145 cum
3487 3096 3541 3147 in

1941 3160 2097 3221 aliis.
2131 3171 2180 3215 et
2213 3160 2374 3230 vulgo
2405 3162 2608 3230 passim
2648 3160 2791 3214 male
2847 3159 3158 3215 scribatur:
3209 3161 3284 3215 De
3327 3160 3541 3218 Nabide

1935 3241 2140 3358 ξιι-ίυιρι⁸
2166 3230 2377 3286 Livium
2406 3240 2461 3286 et
2503 3231 2885 3296 Plutarchum,
2934 3230 3231 3285 Pausanias
3279 3231 3417 3289 libro
3438 3248 3493 3289 tv
3519 3279 3533 3305 ,

1972 3303 2180 3357 ustinns
2211 3302 2493 3358 trigesimo
2523 3311 2579 3358 et
2608 3300 2889 3358 trigesimo
2919 3300 3116 3358 primo.
3147 3302 3315 3358 Fann.

1972 3303 2180 3357 ustinns
2211 3302 2493 3369 trigesimo
2523 3311 2579 3358 et
2608 3300 2889 3369 trigesimo
2919 3300 3116 3369 primo.
3147 3302 3315 3358 Fann.

2004 3376 2057 3430 5.
2091 3374 2383 3428 Arntenem.
2409 3372 2458 3428 Is
2480 3373 2623 3445 apud,
2646 3371 2925 3445 Romanos
2949 3370 3171 3445 inltalia
3196 3375 3342 3430 diem
3372 3376 3530 3435 obiit.

1932 3443 2240 3501 Demetrius
2269 3453 2457 3516 postea
2491 3443 2631 3516 patri
2658 3444 2908 3516 Philippo
2940 3443 3039 3499 fuit
3062 3445 3329 3501 redditus.

1999 3518 2057 3573 4.
2085 3514 2291 3588 Εοάεηξ
2315 3524 2542 3588 tempore
2571 3514 2835 3570 Insubres.
2869 3515 2995 3569 llarc
3023 3531 3112 3571 res
3137 3526 3325 3588 contra
3348 3518 3533 3577 Gallos

1929 3601 1970 3661 a_
1985 3587 2047 3661 L.
2077 3587 2245 3661 Furio
2265 3585 2621 3661 Purpit_reo_ne
2649 3594 2883 3656 pra‘tore
2908 3596 3175 3661 gesta__est_
3193 3587 3254 3643 P.
3288 3588 3532 3661 Sulpicio

1931 3658 2097 3714 Galba
2116 3699 2133 3725 ,
2178 3656 2242 3714 C.
2269 3657 2491 3729 Aurelio
2518 3656 2677 3712 Cotta
2707 3671 2848 3713 coss.
2878 3672 3021 3712 anno
3047 3656 3211 3713 Urbis
3239 3656 3403 3728 »ιιιιξ
3436 3662 3527 3716 Li-

1930 3730 2053 3785 vius
2078 3729 2220 3783 libro
2249 3726 2377 3782 xxx.
2403 3726 2567 3783 FABR.
2996 3752 2999 3757 »

2000 3801 2053 3855 5.
2079 3797 2147 3852 In
2172 3798 2431 3853 auxilium
2456 3800 2522 3851 ci.
2564 3797 2700 3853 Tres
2749 3812 2815 3853 ex
2845 3797 3019 3868 Lugd.
3064 3797 3209 3852 Batt.
3233 3813 3354 3854 cum
3383 3800 3521 3858 Coll.

2000 3885 2170 3920 'nnov.
2208 3871 2423 3920 leuant.
2449 3870 2536 3920 aui
2564 3869 2617 3920 in
2640 3868 2840 3920 auxilio
2864 3869 2977 3920 eius
2998 3878 3258 3920 venerant.

1998 3885 2170 3926 'onov.
2208 3871 2423 3995 legunt,
2449 3870 2536 3940 qui
2564 3869 2617 3922 in
2640 3869 2840 3923 auxilio
2864 3869 2977 3940 ejus
2998 3878 3258 3923 venerant.

1998 3943 2052 3997 6.
2093 3939 2226 3995 Victi
2282 3940 2585 4013 locationes.
2620 3939 2878 4013 Praeliutn
2907 3940 3210 4013 intelligit,
3249 3956 3358 4013 quo
3387 3942 3520 3999 Phi-

1925 4011 2105 4082 lippus
2120 4054 2134 4074 .
2160 4028 2275 4083 rex,
2302 4009 2656 4083 Macedonum
2676 4052 2692 4077 ,
2710 4011 2819 4083 _adr
2840 4009 3282 4083 Cynoscephalas
3297 4055 3310 4077 ,
3344 4016 3521 4072 victus

222 4082 443 4153 phalem
480 4092 726 4154 secutum
768 4081 955 4154 luisse.
998 4081 1160 4154 Nam,
1203 4082 1274 4146 si,
1319 4092 1376 4137 ut
1404 4085 1697 4153 glossema,
1729 4084 1820 4137 illa
1923 4081 2009 4139 est
2032 4100 2059 4137 a
2084 4082 2149 4138 T.
2179 4082 2446 4154 Quinctio.
2472 4082 2629 4154 Quod
2658 4099 2687 4154 a
2709 4081 2863 4137 Livio
2886 4081 3207 4151 'expositnm
3237 4083 3336 4137 fuit
3360 4086 3518 4143 initio

226 4152 437 4208 tantum
486 4152 885 4224 tollantus,gq‘ui
922 4164 1099 4224 posiea
1138 4152 1385 4218 comicus,
1416 4152 1709 4224 ’retnanrnt
1745 4164 1823 4208 ta-

223 4240 375 4289 men,
399 4238 518 4294 quae
538 4224 679 4279 male
701 4221 1000 4294 cohierent.
1026 4225 1217 4291 verba,
1240 4240 1305 4278 ex
1326 4223 1579 4279 nobilibus
1599 4221 1820 4279 Carllm-

1922 4155 2045 4210 libri
2078 4170 2284 4219 χχχιιι,
2314 4153 2409 4210 sed
2461 4168 2585 4207 eum
2620 4152 2691 4208 ibi
2719 4169 2830 4208 non
2858 4154 2977 4208 sine
3016 4154 3224 4221 jacmra
3272 4154 3517 4212 historia:

1922 4225 2292 4293 interciderit,
2326 4226 2377 4295 in
2401 4224 2613 4295 Polybii
2645 4223 2958 4294 fragmentis
2997 4225 3135 4278 libro
3184 4225 3398 4283 decimo
3426 4243 3519 4283 se-

223 4293 539 4379 Qinicnsium
576 4295 810 4379 captivis:
964 4294 1250 4379 Terentius
1292 4295 1481 4378 Culleo
1521 4298 1700 4379 cuitu,
1733 4297 1821 4351 cui
1922 4299 2093 4379 ptimo
2114 4293 2675 4379 singulariben'e‘ficio
2700 4293 3077 4379 conservatum
3102 4295 3338 4379 cs_t.‘_Ubi
3369 4299 3516 4366 quod

222 4365 315 4423 illa
342 4366 597 4432 felicitas,
622 4365 763 4436 apud
789 4365 1002 4422 Livium
1025 4376 1080 4422 et
1103 4366 1259 4432 alios,
1283 4368 1576 4435 contigisse
1597 4367 1818 4435 dicitur,

1920 4364 1948 4439 Et
1978 4364 2484 4439 Polyhio‘scriptum
2515 4364 2739 4439 Orosius
2780 4364 2989 4439 refert,
3031 4367 3109 4420 sic
3151 4366 3345 4439 legitur
3372 4364 3518 4432 ,ἡτῶν

222 4454 335 4493 non
368 4447 548 4508 potest
575 4436 681 4509 dici
710 4436 877 4509 fuisse
902 4452 965 4493 ex
996 4438 1267 4509 nobilibus
1293 4436 1818 4509 Carthaginiensium

1943 4440 1975 4493 ii
2014 4436 2312 4496 Μάκεδόνων
2351 4437 2596 4509 ᾁίιτξθᾳνον
2627 4438 2725 4509 μὲν
2767 4438 2813 4491 oi
2854 4439 3042 4499 πάντες
3092 4439 3164 4496 εἰς
3206 4438 3515 4509 ὀκτακισχί-

224 4510 475 4580 captivis,
507 4508 629 4575 quia
658 4508 758 4563 fuit
783 4523 849 4564 ex
871 4508 1099 4580 captivis
1131 4510 1492 4563 Romanorum
1514 4509 1659 4580 apud
1691 4508 1820 4564 Car-

1920 4509 2057 4585 ?ttouc
2091 4512 2331 4585 ,ζωγρείᾳ
2355 4506 2399 4563 δ’
2427 4506 2653 4562 ἕάλωσαν
2681 4508 2768 4560 οὐκ
2797 4508 3033 4585 ilict-too;
3062 4506 3512 4585 «caraxtoxilio—w.

223 4577 615 4651 thaginienses,
645 4582 721 4634 sic
761 4581 905 4634 enim
942 4577 1172 4633 Romani
1198 4580 1386 4651 captivi
1416 4581 1467 4634 in
1498 4577 1704 4635 Cra-cia
1729 4596 1821 4635 oc-
1919 4577 2351 4651 ldemitutiiertis
2367 4591 2632 4651 caesorum
2662 4584 2747 4631 est
2765 4577 2917 4651 apud
2939 4577 3317 4633 Plutarchum.
3334 4577 3511 4651 Fann.

223 4647 455 4707 currunt
496 4665 615 4724 cap.
657 4664 809 4721 sequ.
846 4652 1116 4724 Praeterea
1146 4647 1272 4706 tunc
1303 4650 1441 4706 foret
1467 4652 1812 4724 scribendum
1840 4663 1896 4724 ι)
1925 4652 2043 4724 ὼῚ.
2067 4649 2149 4704 Εο
2178 4650 2263 4703 die
2300 4665 2454 4724 (κιιεαζ
2485 4647 2577 4724 Sic
2618 4648 3050 4724 mss.__meliores
3096 4663 3195 4703 sex
3215 4689 3230 4716 ,
3254 4650 3514 4724 videlicet

222 4731 463 4794 recepta,
492 4722 599 4795 vel,
627 4730 685 4775 ut
706 4736 825 4791 cap.
850 4736 1031 4795 sequ!
1057 4723 1291 4789 detersa,
1318 4737 1425 4795 non
1451 4737 1579 4775 vero
1600 4722 1815 4795 indulta:

224 4790 500 4861 libertatis,
532 4790 783 4848 Romano
815 4790 959 4849 enim
999 4793 1274 4848 Romanus
1307 4790 1608 4847 libertatem
1637 4791 1820 4849 indul-

260 4880 358 4921 ere
393 4879 500 4920 nou
539 4872 771 4933 poterat,
810 4879 932 4935 qua:
965 4864 1269 4935 illireodetn
1303 4864 1427 4934 jure
1464 4864 1725 4935 quosihi,
1758 4873 1818 4919 ut

277 4949 497 5002 omano,
526 4934 890 5005 competehat,
919 4936 1013 4993 sed
1057 4934 1223 4990 herus
1264 4934 1727 5005 servoindulgere
1756 4935 1819 4989 lio

222 5006 492 5063 bertatem
522 5004 683 5073 solet,
717 5014 773 5062 et
795 5007 875 5063 sic
900 5006 1269 5064 manumissus
1299 5005 1395 5062 fuit
1429 5004 1493 5061 P.
1523 5004 1817 5061 Terentius

220 5078 344 5148 ille,
376 5078 469 5148 qui
496 5087 679 5148 postea
709 5078 972 5135 comicus.

346 5147 432 5205 ac.
462 5147 585 5204 XX.
632 5178 706 5190 —
736 5149 788 5204 1.
841 5149 990 5205 Anno
1036 5148 1099 5205 ab
1152 5147 1291 5205 Urbe
1313 5147 1521 5203 condita
1548 5164 1725 5204 υιιιί.
1757 5147 1816 5204 in

222 5219 408 5276 Fastis
454 5218 773 5291 Capitolinis
831 5219 921 5277 hic
971 5236 1145 5277 annus
1185 5229 1269 5291 est
1310 5221 1393 5291 ab
1427 5218 1572 5275 Urbe
1602 5220 1821 5275 condita

1922 4721 2188 4777 Florentt.
2221 4728 2368 4792 tres,
2420 4718 2705 4792 Perizon.,
2758 4717 2913 4792 Meus
2940 4728 3010 4792 et
3047 4734 3184 4792 unus
3228 4735 3299 4776 ex
3334 4720 3508 4792 Lugd.

1922 4793 2062 4849 Batt.
2092 4791 2418 4862 astipulante
2442 4788 2584 4862 Coll.
2618 4789 2855 4862 Gronov.
2892 4787 3034 4855 Alii,
3089 4790 3284 4844 eodem.

1995 4864 2048 4920 8.
2080 4861 2314 4933 Quinque
2337 4861 2513 4933 millia
2526 4871 2703 4933 capta.
2735 4861 3003 4916 Numerus
3029 4875 3292 4917 cursorum
3326 4862 3378 4919 in
3407 4864 3511 4919 tri-

1920 4936 2023 4991 bus
2051 4948 2183 4989 mss.
2230 4932 2625 4989 recentioribus
2655 4948 2831 4986 novem
2855 4972 2870 4995 ,
2915 4939 3200 5002 captorum
3254 4951 3347 4989 sex
3388 4936 3513 4992 mil-

1922 5005 2405 5078 libusrdelinitur,
2453 5002 2553 5078 sed
2605 5013 2796 5078 contra
2848 5002 3152 5075 Polybium.
3205 5003 3357 5076 Mox,
3408 5022 3509 5078 pro

1920 5077 2129 5132 victoris
2154 5118 2169 5143 ,
2200 5075 2323 5131 cod.
2349 5074 2589 5131 Perizon.
2616 5115 2630 5140 ,
2655 5075 2926 5129 victorum.

1998 5148 2055 5228 9.
2096 5145 2671 5228 Igi_lur_Sentpror_t_ius.
2704 5144 2767 5227 Ο..
2814 5146 3168 5228 Sempronius
3208 5146 3509 5228 Tuditanus

1926 5217 2154 5290 printer,
2180 5218 2235 5290 in
2257 5218 2518 5290 citeriore
2541 5217 2792 5290 llispania
2815 5217 3016 5290 praelia
3032 5220 3230 5290 victus,
3263 5235 3328 5274 ex
3356 5222 3513 5290 gravi

224 5307 358 5347 nui.
412 5288 621 5363 Bellum
679 5300 859 5348 autem
912 5294 1145 5363 primum
1191 5290 1622 5363 Macedonicum,
1677 5290 1821 5362 quod
1923 5288 2151 5363 vulnere
2196 5289 2344 5363 haud
2374 5291 2448 5363 ita
2498 5288 2827 5363 multo_p_ost
2867 5288 3182 5363 exspiravit,
3215 5288 3511 5363 Liviu's_li-

225 5364 337 5418 hoc
364 5377 509 5419 anno
539 5362 765 5418 Romani
807 5358 1198 5435 susceperunt,
1248 5363 1411 5435 etiam
1463 5358 1824 5435 Philippicunt
1925 5362 2027 5435 bro
2047 5376 2245 5435 sunt.
2293 5361 2572 5435 Appianus
2600 5360 2653 5413 itt
2681 5359 2988 5430 llispanicis
3013 5360 3380 5431 Sempronium
3401 5358 3512 5413 Tu-

225 5449 446 5517 a.rege.,
478 5436 695 5504 quicum
727 5444 940 5506 gestum
971 5432 1085 5501 est,
1117 5432 1458 5516 nominatur,
1506 5433 1573 5488 de
1596 5449 1702 5504 quo
1732 5432 1824 5488 Li—

226 5520 357 5587 vius
395 5506 492 5587 ltb.
533 5516 745 5587 χιιι-εει
789 5505 1082 5578 deinceps,
1131 5505 1327 5562 Florus
1367 5504 1461 5560 ιιι».
1511 5519 1550 5560 ιι
1588 5519 1707 5574 cap.
1755 5506 1821 5572 7,

230 5576 530 5644 Eutropius
560 5592 632 5631 tv.
665 5576 832 5633 Fann.

304 5646 362 5701 2.
397 5648 551 5714 Quod
582 5648 856 5715 Quinctius
903 5647 1256 5705 Flamininus.
1304 5645 1369 5702 Τ.
1430 5646 1724 5715 Quinctius.
1757 5644 1821 5701 Τ.

229 5715 309 5773 F.
348 5717 410 5774 L.
440 5718 514 5776 N.
548 5716 885 5775 Flamininus
916 5735 1029 5777 cos.
1077 5720 1129 5775 in
1158 5718 1337 5775 Fastis
1384 5718 1702 5789 Capitolinis
1740 5718 1824 5772 in-

231 5788 452 5849 venitur
473 5805 616 5850 anno
637 5806 760 5850 nev.
792 5791 844 5849 is
887 5795 1110 5848 sortitus
1138 5788 1506 5850 Macedoniam
1556 5789 1824 5852 adversus

639 5886 916 5959 ΡΑτιιοι..
954 5887 1200 5956 XXXI.

1925 5433 2184 5503 dertinunt
2212 5429 2466 5503 appellat.
2504 5429 2670 5503 Fami.

2000 5504 2088 5559 l0.
2130 5500 2330 5557 Consul
2370 5500 2673 5556 Marcellus.
2720 5500 2788 5556 M.
2840 5501 3099 5559 Claudius
3130 5500 3421 5557 Marcellus
3459 5507 3517 5554 et

1929 5574 1993 5631 L.
2021 5573 2219 5629 Furius
2251 5575 2538 5644 Purpureo
2570 5574 2821 5629 consules
2846 5575 3064 5629 fuerunt
3087 5586 3229 5626 anno
3256 5571 3513 5644 navium

1931 5661 2105 5718 coque
2133 5640 2452 5718 magistratu
2496 5660 2614 5704 rem
2652 5645 2706 5704 itt
2738 5644 2955 5705 Etruria
2985 5653 3293 5715 gesserunt,
3325 5640 3512 5702 Livius

1930 5716 2032 5778 lib.‘
2057 5716 2245 5776 sunt.
2281 5716 2446 5776 Fara.

2935 5878 3017 5947 29
