4082 6154
257 211 362 275 ωθ

1304 211 1781 272 HlSTOBlABUM
1820 212 2026 270 LIBER
2064 214 2150 270 ιν.
2197 215 2354 272 CAP.
2395 215 2516 273 XX.

3452 225 3560 285 910

255 328 480 398 quidem
509 325 852 397 superfuisse
879 332 1120 392 constat,
1150 331 1208 381 ut
1235 326 1662 382 internecionem
1684 326 1857 397 ipsam
1886 331 1939 392 Α
1967 341 2088 398 qua:
2114 337 2241 384 ante
2273 344 2378 385 non
2412 330 2608 400 luerat,
2638 340 2866 401 repente
2899 331 3037 389 mari
3067 332 3209 390 edita
3237 348 3359 392 cum
3388 339 3560 396 mira-

256 421 445 477 Romae
469 421 843 477 Massilienses
890 420 1146 476 nuntiare
1167 421 1498 476 curaverint.
1529 420 1577 452 ³³
1635 421 1858 477 Fulvius

259 516 452 573 consul
474 516 549 571 .de
599 514 812 572 Grzncia
868 514 919 571 in
952 515 1388 586 Gallogrieciam,
1435 532 1555 586 quae
1603 532 1747 572 nunc
1775 525 1860 570 est

227 611 494 678 'Galatia,
528 619 892 676 transvectus,
918 608 984 664 ad
1007 607 1297 680 Olympum
1328 618 1568 665 montem
1586 609 1858 679 pervenit,

259 701 324 757 ad
356 717 518 772 quem
553 701 792 757 universi
833 699 1155 772 Gallograrei
1205 716 1327 756 cum
1357 701 1682 772 eonjugihus
1712 713 1763 757 et
1796 701 1861 756 li-

263 797 409 852 heris
440 795 828 866 confugerant,
858 795 1041 865 ibique
1065 794 1480 851 acerbissimum
1515 795 1718 852 bellum
1738 813 1862 867 ges-

256 888 349 957 sit,
383 902 620 958 namque
652 887 720 943 de
748 888 1120 956 superioribus
1153 887 1290 944 locis
1314 890 1550 960 sagittis,
1573 887 1618 920 ³δ
1639 891 1860 960 grandi-

256 979 357 1035 bus
383 980 557 1046 saxis,
607 979 930 1048 eaeterisque
980 978 1099 1035 telis
1128 977 1357 1034 Romani
1397 978 1638 1050 graviter
1660 981 1707 1013 ³⁵
1734 996 1861 1038 con-

256 1077 391 1144 triti,
425 1075 641 1132 tandem
659 1090 830 1148 usque
853 1077 919 1132 ad
950 1093 1305 1149 congressum
1326 1078 1564 1135 hostium
1595 1096 1857 1152 perrupe-

254 1178 406 1236 runt,
464 1169 818 1240 quadraginta
874 1170 1042 1226 millia
1086 1171 1544 1242 Gallogr.r.corum
1575 1189 1642 1230 eo
1673 1175 1860 1245 praelio

256 1261 546 1317 interfecta
602 1264 940 1318 referuntur.
975 1263 1022 1295 ³⁸
1073 1264 1307 1320 Marcius
1359 1267 1547 1322 consul
1594 1265 1857 1324 adversus

254 1353 484 1426 Ligures
513 1353 814 1424 profectus,
850 1365 1274 1428 superatusque,
1309 1367 1547 1427 quatuor
1566 1358 1733 1414 millia
1756 1359 1861 1414 mi-

254 1446 412 1514 litum
459 1445 756 1504 amisit:et
793 1449 898 1504 nisi
945 1449 1144 1517 victus,
1198 1451 1452 1508 celeriter
1483 1453 1775 1524 refugisset
1803 1457 1855 1510 in

1967 419 2088 476 culo
2115 421 2355 477 omnium
2379 467 2392 491 ,
2445 439 2615 494 usque
2648 423 2714 478 ad
2744 439 2891 480 nunc
2920 431 3126 481 manet.
3153 424 3198 456 ’⁵³
3241 425 3306 493 Q.
3340 427 3558 488 Fulvius

1963 514 2189 574 Flaccus
2219 524 2440 588 pra-tor,
2487 518 2538 572 in
2571 515 2825 574 citeriore
2851 518 3111 588 Hispania
3151 520 3391 576 maxime
3421 538 3560 591 pra:-

1959 609 2035 666 lio
2076 609 2121 640 '*'*
2155 610 2338 680 viginti
2394 609 2496 664 tria
2554 611 2720 665 millia
2775 610 3058 666 hominum
3115 610 3272 680 fudit,
3331 626 3563 684 quatuor

1962 703 2135 759 millia
2166 706 2332 774 cepit.
2367 704 2413 735 ἰδ
2443 703 2528 758 Ti.
2577 703 2934 774 Sempronius
2965 706 3248 760 Gracchus
3280 707 3330 761 in
3367 707 3560 778 llispa-

1961 797 2052 852 nia
2107 797 2367 852 ulteriore
2420 795 2466 827 ⁸⁸
2522 805 2739 851 centum
2797 798 3036 868 quinque
3089 797 3286 869 oppida
3333 811 3560 855 vacuata

1961 897 2325 960 quassataque
2374 888 2552 956 bellis,
2604 888 2671 942 ad
2726 888 3057 946 deditionem
3111 891 3311 960 coegit.
3358 891 3558 947 Eadem

1962 991 2154 1038 testate
2199 983 2364 1038 etiam
2417 981 2478 1036 L.
2532 983 2843 1038 Postumius
2894 983 2945 1038 in
2997 984 3256 1040 citeriore
3299 985 3559 1055 Hispania

1963 1076 2323 1147 quadraginta
2345 1076 2514 1131 millia
2538 1075 2778 1132 hostium
2803 1076 2945 1132 bello
2973 1078 3264 1134 interfecit.
3281 1079 3561 1135 Gracchus

1962 1177 2166 1240 praeter
2192 1169 2394 1226 ibidem
2412 1171 2608 1226 iterum
2627 1170 2856 1227 ducenta
2882 1171 3077 1242 oppida
3094 1172 3137 1204 ⁸⁷
3155 1188 3219 1227 es
3234 1175 3489 1244 pugnavit
3505 1183 3560 1229 et

1962 1263 2124 1334 275
2154 1261 2318 1332 cepit.
2356 1262 2402 1295 ⁸⁸
2431 1261 2637 1333 Lepido
2681 1272 2735 1320 et
2792 1263 2967 1320 Mucio
3008 1266 3348 1333 consulibus,
3382 1266 3426 1301 ‘9
3457 1267 3560 1324 Ba-

1960 1362 2265 1409 sternarum
2315 1369 2447 1425 gens
2499 1355 2862 1424 ferocissima,
2905 1368 3128 1413 auctore
3183 1357 3386 1414 Perseo
3436 1359 3561 1415 Phi-

1962 1448 2089 1520 lippi
2125 1448 2262 1518 lilio,
2297 1450 2599 1519 praedarum
2632 1465 2730 1520 spe
2777 1451 3092 1518 sollicitata,
3148 1460 3202 1507 et
3242 1452 3561 1508 transeundi

254 1551 458 1607 castra,
493 1541 742 1597 eamdem
772 1542 1173 1598 internecionis
1194 1544 1426 1609 cladem,
1460 1561 1618 1616 quam
1642 1545 1860 1602 Bzebius
1958 1542 2081 1598 lstri
2101 1543 2339 1599 [luminis
2368 1542 2646 1608 facultate,
2697 1544 2740 1575 ⁵ο
2770 1544 2889 1602 sine
2914 1545 3020 1600 ulla
3049 1558 3223 1614 pugna
3256 1545 3339 1600 vel
3379 1545 3560 1615 aliquo

253 1633 457 1688 dudum
489 1633 557 1689 ab
589 1633 796 1690 eisdem
851 1634 1098 1690 hostibus
1151 1649 1460 1706 acceperat,
1516 1638 1854 1707 pertulisset.

1961 1636 2118 1692 hoste
2147 1637 2326 1694 deleta
2363 1646 2467 1694 est.
2518 1637 2651 1693 Nam
2705 1646 2832 1694 tunc
2861 1637 3000 1694 forte
3045 1637 3342 1706 Danubius,
3387 1641 3477 1710 qui
3507 1650 3564 1696 et

260 1726 337 1782 Μ.
372 1725 594 1781 Claudio
627 1726 906 1794 Marcello,
933 1728 1000 1795 Ω.
1029 1726 1198 1783 Fabio
1231 1727 1482 1784 Labeone
1511 1731 1851 1798 consulibus,
1886 1730 1933 1790 B
1961 1727 2119 1800 lstcr,
2150 1744 2334 1784 crassa
2388 1731 2560 1801 glacie
2614 1742 3004 1800 supchIratus,
3050 1732 3356 1801 pedeStrem
3408 1734 3566 1790 facile

255 1818 540 1891 Philippus
572 1834 694 1888 rex,
728 1819 771 1850 ³⁷
801 1820 892 1891 qui
940 1815 1154 1892 legatos
1189 1823 1370 1893 populi
1411 1821 1576 1894 274
1621 1822 1855 1879 Romani

256 1911 630 1979 interfecerat,
655 1921 879 1984 propter
902 1914 1163 1971 Demetrii
1193 1915 1238 1948 ³⁸
1259 1914 1354 1970 lilii
1391 1917 1497 1984 sui,
1528 1931 1687 1988 quem
1710 1916 1858 1988 lega-

256 2017 370 2063 tum
404 2008 651 2076 miserat,
690 2009 1183 2066 verecundissimas
1211 2025 1409 2086 preces
1431 2052 1448 2078 ,
1488 2012 1701 2068 veniam
1746 2027 1862 2068 me-

259 2100 368 2156 ruit
395 2117 411 2156 :
442 2100 807 2172 cumdemque
827 2102 1096 2158 continuo
1127 2105 1276 2161 velut
1311 2103 1574 2162 Romanis
1599 2105 1856 2177 amicum,

257 2191 454 2262 suique
496 2193 857 2263 proditorem,
889 2193 1058 2251 fratre
1089 2210 1306 2266 quoque
1339 2197 1512 2266 ipsius
1541 2199 1608 2252 ad
1632 2197 1865 2267 parrici-

257 2283 410 2340 dium
453 2283 623 2354 patris
670 2285 952 2353 ministro,
998 2286 1133 2342 nihil
1183 2288 1253 2344 de
1309 2297 1543 2359 utroque
1594 2289 1857 2345 miserum

259 2377 407 2434 male
464 2379 857 2448 suspicantem,
911 2394 1126 2436 veneno
1165 2381 1396 2436 necavit.
1456 2381 1663 2436 Eodem
1715 2396 1860 2435 anno

260 2470 453 2540 Scipio
495 2469 783 2527 Africanus
811 2470 880 2527 ab
933 2472 1141 2543 ingrata
1186 2471 1289 2527 sibi
1331 2471 1477 2528 Urbe
1506 2471 1550 2506 ⁸⁸
1577 2469 1668 2528 diu
1701 2486 1863 2528 exsu-

260 2563 408 2631 lans,
427 2563 473 2595 ⁸ο
497 2563 638 2635 apud
661 2563 943 2620 Liternum
966 2565 1223 2635 oppidum
1243 2565 1434 2621 morbo
1463 2565 1646 2637 periit.
1668 2566 1861 2622 lisdem

256 2657 428 2714 etiam
452 2657 642 2713 diebus
664 2658 895 2712 Annibal
924 2657 1066 2729 apud
1097 2658 1339 2713 Prusiam
1367 2657 1631 2730 Bithynia:
1654 2673 1862 2728 regem,

259 2765 392 2804 cum
418 2764 446 2802 a
471 2750 734 2806 Romanis
768 2760 1177 2822 reposceretur,
1217 2765 1428 2806 veneno
1459 2765 1580 2807 sese
1624 2750 1862 2805 necavit.

257 2844 307 2876 “
346 2843 744 2916 Philopoemen,
778 2845 884 2899 dux
907 2843 1260 2909 Achivorum,
1286 2861 1317 2901 a
1345 2843 1632 2901 Messeniis
1653 2855 1865 2913 captus,

257 2938 588 3009 occisusque
633 2947 736 2994 est.
785 2938 842 2993 In
890 2937 1072 2994 Sicilia
1117 2948 1246 2994 tunc
1280 2937 1325 2970 “
1374 2937 1603 2994 Vulcani
1660 2935 1865 3004 insula,

1966 1821 2254 1876 transitum
2284 1820 2611 1892 patiebatur.
2645 1821 2831 1892 Itaque
2859 1837 2981 1876 cum
3033 1823 3332 1894 improvide
3368 1832 3480 1879 toto
3509 1836 3564 1880 et

1964 1915 2204 1970 maxime
2231 1913 2390 1970 simul
2439 1915 2655 1986 agmine
2703 1915 3095 1970 inaestimabilis
3150 1916 3428 1972 hominum
3481 1919 3566 1974 vel

1964 2020 2226 2078 equorum
2258 2007 2547 2062 multitudo
2571 2007 2852 2075 transiret,
2882 2007 3206 2064 enormitate
3235 2009 3492 2080 ponderis
3512 2018 3570 2064 et

1965 2099 2326 2154 concussione
2354 2098 2717 2169 gradientium
2743 2113 3082 2169 concrepans
3113 2101 3257 2171 gelu,
3279 2111 3330 2156 et
3360 2101 3564 2171 glacia-

1965 2191 2033 2246 lis
2087 2201 2267 2247 crusta
2315 2191 2571 2261 dissiluit,
2603 2191 3022 2262 universumque
3045 2208 3260 2262 agmen,
3289 2194 3433 2263 quod
3474 2194 3570 2251 diu

1965 2284 2320 2352 sustinuerat,
2355 2283 2548 2340 mediis
2571 2283 2874 2355 gurgitibus
2900 2284 3040 2340 victa
3073 2284 3286 2341 tandem
3336 2296 3391 2341 et
3418 2301 3570 2343 com-

1966 2377 2171 2431 minuta
2198 2377 2441 2431 destituit
2461 2395 2473 2427 -.
2497 2386 2658 2448 atque
2685 2377 2876 2432 eadem
2908 2391 3096 2434 rursus
3119 2376 3438 2450 fragmentis
3465 2381 3566 2436 im-

1968 2467 2312 2538 pedientibus
2363 2469 2708 2539 superducta,
2741 2470 3056 2526 submersit.
3098 2471 3262 2528 Pauci
3309 2487 3374 2528 ex
3417 2476 3567 2530 omni

1966 2562 2169 2633 pepulo
2195 2577 2292 2633 per
2322 2570 2605 2632 utramque
2633 2561 2803 2634 ripam
2821 2607 2836 2632 ,
2864 2563 2951 2618 vix
2981 2563 3212 2619 concisis
3244 2565 3570 2632 visceribus,

1970 2665 2280 2712 evaserunt.
2337 2654 2400 2710 P.
2444 2653 2653 2709 Licinio
2703 2655 2895 2710 Crasso
2926 2653 3071 2711 etC.
3112 2655 3299 2711 Cassio
3326 2656 3571 2728 Longino

1935 2743 1939 2748 ’
1969 2749 2347 2806 causulibus“
2380 2747 2786 2803 Macedonicum
2839 2747 3041 2802 bellum
3079 2755 3289 2820 gestum
3316 2759 3422 2818 est,
3462 2767 3575 2808 mc—

1970 2843 2075 2896 rito
2105 2843 2246 2896 inter
2282 2841 2513 2897 maxima
2545 2840 2687 2895 bella
2725 2841 3088 2896 referendum.
3127 2839 3260 2895 Nam
3290 2841 3343 2896 in
3374 2843 3576 2898 auxilio

1974 2937 2345 2991 ltomanorum
2391 2943 2500 2991 tota
2531 2934 2762 3005 primum
2813 2933 2987 3004 Italia,
3021 2934 3217 2992 deinde
3241 2935 3572 2997 Ptolenucus

1563 3054 2019 3112 llAVERCAMPI
2057 3055 2288 3113 NOTAE.

343 3173 434 3230 35.
466 3171 689 3244 Fulvius
714 3189 820 3228 cos.
858 3174 922 3227 de
946 3171 1174 3228 Graecia.
1205 3175 1363 3228 Anno
1391 3172 1458 3244 ab
1479 3171 1625 3228 Urbe
1649 3172 1869 3228 condita
1899 3172 1945 3236 C
1975 3171 2152 3244 bitur,
2171 3185 2294 3225 cum
2327 3168 2576 3244 ipsedux
2597 3168 2953 3244 Philomzmen
2976 3182 3033 3229 et
3046 3171 3294 3230 Messenii
3317 3175 3571 3238 dicantur

261 3262 456 3308 nLvtv,
515 3245 586 3300 M.
649 3243 872 3299 Fulvius
920 3245 1169 3300 Nobilior
1220 3243 1409 3299 consul
1449 3244 1550 3298 fuit
1589 3258 1712 3298 cum
1765 3244 1864 3299 Cn.

265 3317 476 3373 Manlio
503 3315 761 3371 Vulsnne.
794 3320 968 3386 Atque
991 3316 1059 3370 ab
1090 3317 1212 3378 hoc,
1248 3329 1355 3369 non
1381 3331 1408 3369 a
1442 3314 1634 3370 Fulvio
1667 3315 1868 3370 bellum

267 3386 330 3443 in
357 3387 710 3457 Gallograecia
740 3397 953 3456 gestum
987 3387 1170 3441 scribit
1191 3386 1377 3442 Livius
1412 3401 1640 3457 xxxvut.
1674 3386 1869 3441 Florus

269 3460 370 3514 lib.
407 3473 444 3512 tt
473 3455 708 3531 capuli,
738 3455 1015 3531 Appianus
1043 3459 1093 3511 iu
1123 3457 1368 3531 Syriaca.
1405 3458 1480 3512 De
1522 3455 1869 3531 Gallogrwcia

269 3531 486 3593 Livius,
515 3527 568 3584 et
593 3527 842 3584 Justinus
875 3529 968 3585 lib.
1004 3545 1128 3584 xxv.
1155 3529 1322 3584 Fann.

346 3602 439 3656 54.
470 3599 771 3655 Grandibus
817 3601 982 3656 saxis.
1035 3600 1110 3655 lta
1147 3615 1278 3655 mss.
1310 3599 1486 3656 deleta
1517 3599 1709 3671 c0pula
1741 3615 1867 3670 que,

268 3688 439 3746 quam
462 3673 595 3746 editi
623 3675 842 3746 quidam
875 3674 1190 3746 admittum.

351 3745 445 3800 ⁸55.
479 3741 722 3798 Contriti.
757 3743 1062 3814 LugdBat.
1093 3751 1272 3814 quart.
1304 3752 1359 3797 et
1384 3743 1473 3798 ed.
1508 3741 1868 3814 Aug._attriti,

270 3830 402 3886 qua:
435 3816 596 3869 valiO
624 3812 856 3884 quoque
880 3812 1157 3869 invenitur
1200 3814 1341 3884 apud
1378 3815 1627 3886 Vincent.
1659 3812 1869 3867 Bellov.

277 3883 380 3942 lib.
412 3901 486 3951 γι,
520 3901 639 3956 cap.
669 3885 761 3951 58,
784 3888 871 3956 qui
903 3885 1102 3956 deinde
1132 3887 1208 3940 sic
1239 3883 1435 3956 pergit,
1474 3883 1705 3948 tandem,
1735 3893 1869 3951 etc.,

273 3955 669 4028 perrumpentes
697 3973 762 4012 λι.
789 3955 958 4012 millia
980 3955 1424 4028 Gallogra’cornm
1453 3956 1774 4025 interfecisse
1791 3971 1874 4008 re-

299 4037 545 4084 'erunlur.

274 4031 716 4154 Ῑαὲἒξυὶίανσὶιω
746 4099 930 4170 consul
957 4098 1200 4154 adversus
1228 4097 1350 4170 Lig.
1379 4098 1444 4165 Q.
1479 4097 1716 4154 Marcius
1745 4095 1875 4150 Phi-

277 4171 470 4240 lippus
496 4171 685 4226 consul
717 4185 838 4226 cum
869 4169 966 4239 Sp.
996 4169 1484 4227 PostumioAlbiuo
1513 4184 1658 4224 anno
1686 4183 1872 4223 anvu

277 4244 561 4313 profectus
584 4242 844 4297 adversus
872 4242 1097 4310 Ligures
1120 4257 1370 4313 magnam
1401 4241 1613 4297 cladem
1639 4241 1870 4310 accepit.

277 4314 473 4370 Livius
505 4312 640 4367 libro
661 4329 846 4367 χχχιι.
880 4313 1045 4368 ΕΛΒιι.

357 4386 450 4439 57.
490 4383 594 4449 Qui
636 4385 832 4456 legatos
856 4386 1060 4456 populi
1093 4381 1317 4456 Romani
1350 4385 1717 4456 interfecerat.
1751 4381 1875 4456 Phi-

278 4456 469 4526 lippus
497 4471 601 4509 non
636 4455 1085 4526 legatosRomam
1113 4455 1407 4526 interfecit,
1440 4457 1533 4509 sed
1556 4455 1869 4519 Maronitas,

279 4525 486 4598 quibus
518 4525 822 4582 libertatem
848 4526 1239 4598 restituendam
1276 4525 1513 4598 Senatus
1560 4533 1869 4598 censuerat,

1974 3241 2064 3312 qui
2097 3241 2250 3300 illum
2281 3243 2526 3310 ceperint
2556 3242 2697 3312 apud
2715 3241 2997 3299 Iustinum
3027 3244 3123 3301 lib.
3155 3261 3333 3313 xxxu,
3363 3264 3484 3320 cap.
3511 3253 3566 3309 l.

2045 3311 2138 3368 42.
2180 3310 2402 3367 Vulcani
2443 3314 2640 3378 insula,
2663 3323 2771 3371 etc.
2803 3315 2860 3370 lu
2887 3315 2978 3370 ed.
3006 3319 3146 3378 Aug.
3181 3318 3395 3378 legitur.
3435 3321 3566 3378 Vul-

2045 3331 2138 3368 ez.
2185 3331 2402 3367 vutcam
2443 3331 2640 3378 insula,
2663 3331 2771 3371 etc.
2803 3331 2860 3370 tu
2887 3331 2978 3370 ea.
3006 3331 3146 3386 aug.
3181 3331 3395 3386 tegitur,
3437 3331 3570 3378 Vul-

1975 3386 2126 3458 cania
2156 3382 2352 3458 insula,
2381 3403 2436 3456 q.
2467 3401 2523 3440 a.
2547 3401 2601 3439 n.
2632 3386 2675 3457 f,
2705 3395 2912 3458 repente
2929 3388 3066 3441 mari
3089 3389 3234 3444 edita
3257 3407 3372 3445 cum
3402 3394 3572 3449 admi-

1977 3456 2464 3533 ratione_omniu_m,
2497 3464 2605 3533 e_t_c.
2633 3456 2743 3512 Pro
2765 3456 2824 3533 in
2846 3460 2978 3533 mari
3005 3459 3149 3530 quod
3178 3461 3234 3515 in
3274 3460 3430 3533 Vulg.
3461 3467 3566 3530 est,

1976 3525 2150 3598 Lugd.
2181 3526 2323 3582 Batt.
2359 3527 2490 3594 duo,
2519 3528 2670 3584 Meus
2691 3537 2748 3582 et
2769 3525 3051 3598 Perizoni,
3077 3533 3249 3598 mari,
3291 3545 3350 3587 ut
3378 3525 3432 3589 Et
3459 3525 3572 3592 tres

1977 3596 2308 3724 Edut'tégltinl,
2339 3611 2503 3669 atque
2525 3599 2650 3654 edd.
2682 3599 2928 3655 Venetae.
2954 3596 3136 3670 Itaque
3158 3596 3295 3672 ejeci
3343 3606 3396 3658 in
3424 3608 3569 3676 quod

2047 3685 2116 3722 un
2219 3709 2232 3721 .

1974 3679 2232 3722 abundat.

2045 3737 2136 3793 45.
2172 3739 2237 3803 ρ.
2263 3737 2486 3794 Fulvius
2516 3739 2763 3795 Flaccus.
2784 3741 2882 3795 llic
2904 3739 3087 3795 Bmhio
3100 3750 3154 3795 et
3173 3741 3395 3799 Emilio
3419 3758 3566 3802 coss.

1976 3820 2179 3882 praetor
2206 3813 2455 3882 gsortitus
2511 3811 2822 3882 Hispaniam
2874 3813 3186 3867 citeriorem
3229 3828 3376 3868 anno
3425 3817 3572 3871 insc-

1975 3881 2166 3950 qncnti
2193 3880 2495 3937 Celtiberos
2540 3880 2690 3950 vicit,
2727 3881 2910 3938 Livius
2943 3883 3040 3937 lib.
3086 3899 3175 3938 ιι..
3208 3885 3487 3951 Appianus
3513 3889 3567 3943 in

1979 3953 2285 4024 lliSpanicis
2316 3967 2432 4008 rem
2468 3963 2674 4024 gestam
2706 3953 2895 4009 scribit
2925 3971 2952 4006 a
2985 3953 3176 4009 Fulvio
3207 3956 3489 4024 Consule,
3519 3962 3569 4015 si

1977 4027 2138 4078 modo
2165 4023 2425 4079 Beraldus
2457 4023 2605 4080 recte
2633 4025 2813 4091 vertit,
2851 4039 2973 4079 nam
2993 4024 3246 4081 Grzecum
3277 4023 3481 4084 librum
3499 4031 3570 4088 ab

1979 4095 2212 4165 llenrico
2243 4095 2525 4165 Stephano
2550 4095 2754 4150 editmn
2789 4096 3026 4151 nondum
3051 4097 3181 4152 vidi.
3218 4097 3384 4155 Fann.

2046 4167 2138 4220 44.
2173 4164 2370 4237 Υἱρίηή
2397 4167 2495 4221 tria
2525 4166 2714 4237 millia.
2746 4166 2909 4236 Aug.,
2955 4184 3123 4223 xxxut
3159 4168 3346 4224 millia.

2049 4237 2140 4292 45.
2172 4235 2258 4290 Ti.
2293 4237 2634 4303 Sempronius
2677 4235 2968 4292 Gracchus.
2998 4239 3273 4294 Gracchus
3288 4238 3482 4295 Fulvio
3514 4242 3571 4299 in

1977 4306 2237 4432 Ηίερῖῗηίξι
2267 4310 2553 4376 successit,
2582 4318 2807 4364 auctore
2824 4309 3090 4379 Appiano.
3110 4309 3246 4366 Vide
3263 4310 3570 4379 Epitomam

1977 4394 2086 4432 XLI.
2161 4394 2282 4432 ABR.

1976 4394 2086 4434 XLI.
2118 4394 2282 4433 I‘ABB.

2048 4447 2142 4504 46.
2163 4450 2380 4503 Centum
2408 4449 2628 4520 quinque
2653 4449 2867 4520 oppida.
2900 4449 3037 4521 Edd.
3067 4458 3199 4505 vett.
3241 4451 3428 4521 plures
3451 4467 3572 4506 cen-

1982 4531 2086 4575 tum
2114 4521 2510 4591 quinquaginta.
2549 4523 2666 4575 Duo
2694 4537 2758 4575 cx
2789 4536 2920 4576 mss.
2956 4520 3130 4592 Lugd.
3165 4520 3306 4578 Bait.
3340 4531 3573 4578 centum-

279 4573 1259 4666 s;.'.'a;.m'.;;mensarius;tu.
1278 4573 1876 4652 suasissent
1905 4573 1956 4635 D
1979 4573 2503 4666 ...μέιιαρίηιαυαυομ

283 4671 582 4724 interfecto
631 4669 770 4724 idem
805 4661 928 4725 libr.
977 4684 1068 4734 xL,
1115 4677 1170 4723 et
1199 4667 1527 4723 Plutarchus
1571 4668 1626 4722 in
1657 4666 1879 4723 AEmilio
1993 4661 2000 4663 “
2054 4663 2147 4737 47.
2201 4663 2539 4735 Expugnavit
2599 4671 2650 4717 et
2711 4661 2870 4734 cepit.
2918 4662 3102 4730 Meus,
3156 4665 3474 4737 oppugnavit
3527 4675 3575 4721 et

282 4739 750 4866 Pamdgiilinsui.
788 4799 850 4866 in
887 4809 1059 4882 Lugd.
1106 4809 1248 4865 Batt.
1281 4809 1494 4865 duobus
1523 4809 1622 4878 filii
1670 4816 1881 4866 tantum
2184 4762 2384 4882 Lepido
2405 4815 2451 4860 et
2473 4804 2652 4882 Mucio
2696 4820 2828 4882 coss.
2860 4806 2932 4882 Μ.
2965 4804 3217 4862 IEmilius
3249 4807 3486 4882 Lepidus
3515 4817 3582 4882 et

281 4883 512 4952 κείω...
971 4875 996 4882 ⁷
1085 4951 1092 4952 7
1523 4875 1540 4952 ί
1740 4951 1747 4952 7
1797 4951 1804 4952 γ
1986 4877 2048 4933 Ρ.
2079 4879 2282 4952 Mucius
2302 4875 2562 4952 Scaevola
2576 4877 2828 4933 consules
2873 4880 3090 4935 luerunt
3142 4892 3289 4935 anno
3329 4875 3406 4934 ξι»
3433 4878 3582 4938 Urbe

364 4947 458 5008 39.
494 4953 595 5008 Diu
626 4954 890 5009 exsulans.
928 4951 1195 5009 Exsulare
1227 4965 1417 5009 vocem
1463 4951 1700 5023 priorem
1731 4951 1886 5022 jubet
1985 4948 2491 5023 conditanuxvm.
2521 4947 2687 5005 FABR.

281 5025 393 5096 οὐ.
420 5026 642 5096 August.
673 5095 682 5096 7
971 5095 981 5096 7
1081 5094 1087 5096 _
1120 5093 1134 5096 7
1165 5093 1174 5096 7
1290 5095 1297 5096 7
1464 5018 1478 5023 ⁷
1541 5095 1551 5096 7
1677 5093 1693 5096 7
1719 5018 1747 5096 ξ
1775 5093 1784 5096 _
2016 5091 2030 5096 _
2060 5020 2153 5075 49.
2185 5019 2563 5096 {internarum
2603 5035 2751 5096 gens;
2777 5018 2927 5096 Hanc
2952 5027 3167 5092 gentem
3197 5021 3441 5093 aliasque
3461 5024 3586 5080 nni-

364 5095 461 5150 40.
497 5089 1042 5168 ᾸρκάιξιενηιιηιᾸκ
1063 5093 1300 5168 Africani
1332 5093 1883 5168 mortelegeLivium
1993 5091 2153 5168 rimas
2201 5091 2367 5168 Istro,
2397 5095 2518 5168 jam
2547 5089 2674 5168 ante
2717 5089 3201 5168 Persei___iempora
3258 5089 3410 5168 pater
3465 5096 3584 5165 ejus

289 5169 427 5223 libr.
457 5160 647 5222 xxxix.
699 5166 802 5224 Ubi
852 5168 1016 5223 etiam
1049 5166 1330 5222 Annibalis
1380 5177 1434 5222 et
1466 5160 1887 5236 Philopoemenis
1993 5163 2285 5236 Philippus
2301 5161 2370 5236 ad
2395 5162 2533 5217 bella
2550 5160 2800 5236 _Romana
2830 5160 3435 5236 sollicitaverat.'Vide,
3462 5160 3585 5236 qua:

291 5239 578 5316 interitum
603 5239 818 5316 s_c_ri_bit,
849 5237 1311 5316 quemadmodum
1323 5232 1657 5316 Plutarchus
1662 5239 1740 5316 __in
1765 5235 1886 5291 Fla-
1987 5234 2062 5316 de
2086 5234 2150 5288 iis
2171 5232 2498 5316 scripsimus
2547 5233 2600 5288 in
2646 5234 2827 5303 Opere
2879 5233 3069 5305 Majori
3098 5235 3152 5291 in
3179 5235 3297 5291 Vita
3327 5232 3583 5306 Philippi,

287 5307 512 5367 minino
529 5319 584 5365 et
612 5304 1036 5379 Philopoemene,
1071 5309 1266 5364 JuSIiu.
1301 5310 1424 5365 libr.
1456 5324 1624 5363 xxxu.
1662 5307 1862 5379 Fauna
1996 5304 2252 5379 Demetrii
2287 5304 2402 5379 lilii.

370 5382 466 5434 M.
500 5373 932 5452 Philopaenicnes,
992 5373 1115 5452 Dua:
1163 5381 1495 5445 Achivorum,
1549 5397 1581 5432 a
1633 5378 1890 5452 llessanis
2193 5376 2318 5452 Sine
2339 5375 2663 5452 ullapugna.
2687 5373 2927 5452 Longob.
2958 5393 3040 5446 pr.
3068 5378 3366 5452 sinealiqua
3388 5391 3588 5452 pugna.

287 5445 808 5522 captus-occisusque
835 5445 932 5507 est.
969 5452 1036 5506 In
1068 5451 1253 5507 Sicilia
1283 5463 1427 5506 tunc.
1462 5451 1709 5506 Demiror
1747 5450 1886 5504 Mar-
2067 5445 3184 5522 5_l._dlacedonicuiit_belluai1_Secundum
3230 5445 3430 5501 bellum
3465 5445 3590 5500 lla-

291 5517 636 5580 cuiluranum
671 5517 758 5579 hic
790 5539 898 5578 non
930 5525 1131 5578 vidisse
1180 5524 1402 5587 vitium,
1437 5523 1655 5593 quando
1704 5524 1888 5575 turba-
1993 5518 2300 5593 cedonicnm
2327 5520 2573 5593 cvponitg
2599 5517 2785 5593 Livius
2837 5518 2977 5593 libro
3007 5535 3096 5593 xu
3150 5529 3204 5593 et
3233 5528 3465 5593 (tuamor
3503 5533 3592 5593 se-

289 5595 513 5650 tissimc
543 5597 689 5649 hunc
719 5596 897 5650 locum
924 5596 1039 5650 istis
1070 5585 1509 5650 distinctionibus
1553 5593 1785 5648 ediderit
1815 5609 1830 5644 :
1863 5607 1896 5644 τι
2003 5590 2312 5660 quentibus.
2371 5585 2446 5645 De
2476 5589 2667 5646 eodem
2715 5589 2988 5644 Plutarch.
3019 5591 3083 5660 in
3135 5585 3359 5660 Emilio
3399 5586 3591 5660 Paulo,

299 5665 564 5736 Messauis
613 5675 825 5736 captus,
887 5667 1189 5736 occisusque
1232 5676 1306 5720 est
1361 5667 1416 5720 i-n
1466 5666 1671 5736 Sicilia.
1719 5663 1894 5736 LAU‘l'.
2005 5656 2199 5736 Florus
2229 5661 2324 5715 lib.
2353 5675 2392 5716 ιι
2423 5675 2548 5736 cap:
2573 5663 2668 5736 l2,
2699 5660 2988 5736 Eutropius
3016 5659 3156 5736 libro
3186 5671 3258 5713 tv.
3287 5656 3364 5716 De
3381 5658 3596 5718 auxiliis

299 5766 376 5780 --
410 5727 700 5808 Perperam
731 5727 942 5810 quoque
968 5727 1382 5807 Pltitoptcmenes
1410 5735 1740 5796 ctMessanis
1765 5735 1901 5791 scri-
2007 5734 2291 5804 utriusque
2311 5727 2506 5804 partis,
2524 5731 2710 5791 Livius
2739 5727 3019 5788 librfxut.
3051 5727 3217 5797 Fuit.
