4082 6154
505 257 606 318 9H

1909 249 2114 309 PAULI
2150 246 2381 308 OROSII

3703 230 3811 289 9I2

501 344 601 433 rex
637 369 875 443 Egypti,
924 376 981 426 et
1031 368 1353 427 Ariarathes
1401 369 1783 442 Cappadocize,
1830 368 2188 430 EumenesA
2283 364 2536 443 Nasicam
2560 358 3164 443 theatri'tediﬁeatianem
3199 352 3546 441 dissuasisse;
3586 352 3810 411 Galbam

503 471 672 538 Asiae,
703 478 758 525 et
795 468 1116 524 Massanissa
1154 466 1422 523 Numidiae
1468 466 1708 523 luerunt.
1755 465 2015 522 Perseum
2056 473 2113 521 et

502 566 829 623 Macedonas
870 566 1046 622 secuti
1076 573 1202 621 sunt
1236 564 1477 621 Thraces
1499 580 1621 620 cum
1657 577 1785 633 rcge
1828 561 2023 632 Cotye,
2056 568 2112 613 ct

501 658 898 715 universicum
940 673 1071 729 rege
1101 656 1297 714 Gentio
1327 657 1513 730 Illyrii.
1572 657 1761 727 Itaque
1801 650 2108 709 advenienti

503 748 703 805 Crasso
754 747 967 804 consuli
1007 748 1240 803 Perseus
1284 747 1566 803 occurrit:
1617 747 1661 778 ⁸³
1712 744 2113 813 commissoque

504 841 721 913 prcclio,
755 839 1139 896 miserabiliter
1182 840 1308 895 victi
1337 838 1525 910 fugere
1570 837 1823 893 Romani.
1853 833 2111 906 Sequenti

502 946 686 1005 pugna
728 948 869 1003 pene
900 933 1017 1003 pari
1060 931 1215 987 clade
1258 932 1430 1003 partis
1469 930 1749 1001 utriusque
1796 929 1850 984 in
1881 928 2112 984 hiberna

505 1026 811 1082 discessum
865 1033 969 1081 est.
1031 1023 1242 1081 Deinde
1296 1025 1531 1080 Perseus
1582 1021 1870 1095 proﬂigato
1925 1019 2113 1075 multis

498 1119 708 1191 prteliis
731 1118 977 1175 exercitu
1016 1117 1264 1173 Romano
1315 1117 1372 1172 in
1403 1116 1677 1189 Illyricum
1720 1124 2112 1185 transgressus,

504 1210 554 1243 ⁸⁸
585 1211 883 1269 Sulcanum
912 1208 1171 1281 oppidum
1222 1208 1512 1265 defensum
1544 1222 1574 1263 a
1611 1206 1878 1278 praesidiis
1912 1205 2113 1259 Roma-

502 1303 591 1358 nis
621 1302 667 1334 ’δ
698 1300 986 1374 pugnando
1013 1301 1179 1373 276
1202 1302 1377 1371 cepit:
1409 1301 1503 1355 ubi
1540 1314 1791 1371 magnam
1837 1296 2117 1352 Romano-

502 1409 627 1450 rum
655 1391 1037 1464 prresidiorum
1067 1391 1468 1447 multitudinem
1499 1390 1694 1461 partim
1725 1387 1958 1454 occidit,
1990 1400 2117 1457 par-

499 1486 599 1541 tim
624 1486 725 1542 sub
740 1498 943 1541 corona
962 1483 1231 1540 vendidit:
1254 1484 1447 1555 partim
1469 1497 1653 1539 secum
1678 1483 1730 1536 in
1745 1479 2116 1536 Macedoniam

504 1579 679 1635 duxit.
730 1578 931 1634 Postea
980 1591 1105 1633 cum
1152 1592 1218 1633 eo
1263 1577 1326 1632 L.
1372 1575 1623 1633 Almilius
1676 1573 1877 1629 Paulus
1923 1569 2116 1627 consul

509 1671 808 1739 dimicavit,
842 1679 897 1726 et
924 1670 1073 1726 vicit.
1123 1670 1169 1701 ⁸⁵
1200 1668 1332 1724 Nam
1357 1668 1548 1740 viginti
1598 1667 1762 1722 millia
1793 1663 2034 1736 peditum
2060 1663 2115 1717 in

2283 451 2473 510 parum
2500 433 2713 489 honeste
2739 430 3005 487 Lusitanis
3031 430 3361 501 imposuisse.

2287 576 2304 606 ¹
2334 573 2491 630 Anno
2521 571 2586 629 ab
2618 571 2764 629 Urbe
2794 568 3012 626 condita
3044 582 3130 634 oc,
3154 566 3220 623 L.
3254 564 3466 623 Licinio
3500 563 3729 623 Lucullo
3758 573 3812 622 et

2215 670 2281 726 A.
2312 668 2588 724 Postumio
2618 664 2818 723 Albino
2843 662 3181 731 consulibus,
3212 676 3336 717 cum
3368 675 3562 716 omnes
3614 660 3814 715 Roma-

2215 776 2314 819 nos
2345 762 2535 833 ingens
2591 757 2989 815 Celtiberorum
3036 767 3219 813 metus
3268 755 3582 821 invasisset,
3641 762 3699 809 et
3743 768 3814 809 ex

2215 853 2470 910 omnibus
2500 866 2609 909 non
2632 859 2799 921 esset,
2829 849 2924 921 qui
2961 849 3041 906 ire
3071 848 3126 904 in
3183 848 3497 920 Hispaniam
3541 846 3627 902 vel
3656 846 3816 902 miles

2212 948 2302 1004 vel
2332 947 2541 1019 legatus
2572 946 2822 1013 auderet,
2862 945 2883 976 ¹
2910 942 2971 1000 P.
3022 941 3231 1014 Scipio,
3277 941 3370 1011 qui
3416 948 3609 1012 postea
3664 938 3815 996 Afri-

2215 1053 2386 1094 canus
2412 1047 2496 1095 est
2525 1037 2727 1104 dictus,
2762 1034 2908 1091 ultro
2959 1048 3081 1090 sese
3141 1033 3497 1089 militaturum
3534 1031 3590 1087 in
3620 1030 3817 1101 Hispa-

2215 1130 2363 1187 niam
2418 1129 2654 1197 obtulit,
2706 1142 2831 1184 cum
2888 1136 3069 1183 tamen
3119 1125 3172 1181 in
3226 1123 3597 1181 Macedoniam
3667 1132 3816 1180 sorte

2218 1224 2377 1297 277
2440 1224 2553 1294 jam
2616 1221 2902 1293 deputatus
2958 1228 3125 1276 esset.
3186 1216 3374 1290 Itaque
3428 1217 3707 1290 prolectus
3761 1216 3816 1271 in

2218 1316 2531 1386 Hispaniam
2576 1330 2800 1385 magnas
2853 1322 3066 1384 strages
3109 1312 3352 1384 gentium
3391 1308 3587 1377 dedit,
3614 1308 3816 1378 saepius

2220 1408 2244 1440 ³
2263 1407 2427 1465 etiam
2455 1406 2644 1463 militis
2665 1420 2826 1478 quam
2847 1404 3003 1461 ducis
3024 1418 3155 1462 usus
3183 1400 3387 1459 ofﬁcio.
3406 1400 3429 1433 ⁸
3445 1399 3583 1458 Nam
3611 1409 3669 1457 et
3693 1400 3822 1457 bar-

2218 1502 2413 1558 barum
2445 1509 2835 1572 provocantem
2860 1500 3215 1572 singulariter
3242 1511 3569 1569 congressus
3594 1494 3814 1552 occidit.

2224 1594 2245 1625 ⁵
2274 1593 2395 1650 Ser.
2418 1601 2600 1649 autem
2624 1592 2799 1649 Galba
2820 1600 3045 1663 praetor,
3062 1605 3090 1644 a
3115 1587 3387 1647 Lusitanis
3410 1602 3608 1659 magno
3630 1587 3819 1657 prazlio

2223 1689 2398 1745 victus
2429 1697 2513 1745 est
2542 1704 2556 1742 :
2592 1687 2958 1757 universeque
2985 1684 3233 1742 exercitu
3264 1682 3469 1740 amisso
3497 1722 3511 1749 ,
3547 1682 3667 1752 ipse
3694 1695 3817 1736 cum

502 1782 572 1824 eo
612 1766 753 1823 bello
800 1764 1097 1821 interfecit.
1146 1764 1262 1820 Rex
1294 1778 1418 1819 cum
1475 1762 1719 1833 equitatu
1766 1758 2108 1852 subterfugit,
2141 1790 2190 1851 Β
2219 1780 2404 1852 paucis
2440 1780 2532 1835 νὴ
2565 1778 2786 1850 elapsus
2831 1778 3024 1835 evasit.
3076 1778 3098 1808 ο
3147 1775 3355 1832 Eodem
3397 1785 3647 1846 tempore
3685 1788 3817 1829 πη,

503 1858 604 1915 sed
630 1858 897 1914 continuo
938 1865 1130 1927 captus
1177 1866 1340 1927 atque
1386 1856 1440 1910 in
1497 1853 1774 1923 triumpho
1805 1869 1928 1908 cum
1989 1851 2114 1906 ﬁliis

503 1961 632 2006 ante
680 1963 903 2005 currum
933 1960 1089 2003 actus
1138 1956 1222 2003 est
1255 1964 1269 2001 :
1303 1957 1358 2002 et
1407 1955 1531 2017 post
1573 1945 1620 1978 ⁸⁸
1650 1943 1794 2015 apud
1833 1942 2027 1999 Albam
2060 1942 2116 1998 in

502 2040 752 2098 custodia
775 2040 996 2097 deiecit.
1022 2038 1196 2095 Filius
1217 2042 1335 2110 ejus
1355 2038 1543 2110 junior
1569 2037 1830 2093 fabricam
1860 2034 2115 2090 aerariam

501 2135 575 2190 ob
606 2131 947 2189 tolerandam
995 2132 1233 2203 inopiam
1264 2128 1457 2186 Romae
1512 2126 1724 2194 didicit,
1762 2125 1947 2196 ibique
1986 2139 2118 2179 con-

511 2236 761 2298 sumptus
786 2235 891 2283 est.
917 2225 1154 2282 Plurima
1182 2233 1448 2295 prmterea
1481 2231 1536 2279 et
1564 2221 1700 2277 satis
1728 2219 1966 2276 diversis
1992 2233 2118 2288 pro-

504 2324 763 2380 ventibus
790 2322 928 2378 bella
957 2322 1250 2376 multarum
1281 2320 1484 2391 ubique
1513 2318 1757 2391 gentium
1787 2326 1938 2389 gesta
1962 2325 2112 2388 sunt,

504 2430 628 2487 qua:
654 2414 938 2471 brevitatis
962 2428 1125 2471 causa
1155 2413 1501 2485 praetermisi.

1090 2526 1323 2584 CAPUT
1361 2527 1510 2583 XXI;

505 2620 807 2693 Scipionem
841 2620 1149 2693 Africanum
1180 2618 1495 2691 Hispaniam
1518 2628 1787 2689 vastasse;
1815 2618 2116 2692 Scipionem

1608 2476 1641 2483 .4

2218 1888 2373 1930 seres
2403 1872 2677 1929 theatrum
2720 1870 2998 1943 lapideum
3042 1870 3099 1925 in
3126 1868 3275 1925 Urbe
3303 1868 3549 1925 construi
3588 1880 3823 1923 censue-

2219 1972 2385 2023 runt:
2412 1964 2557 2037 quod
2585 1979 2654 2021 ne
2683 1970 2809 2019 tunc
2840 1962 3017 2030 Ileret,
3047 1961 3235 2033 Scipio
3263 1960 3458 2018 Nasica
3493 1957 3819 2032 gravissima

2220 2060 2466 2117 oratione
2499 2057 2716 2115 obStitit
2743 2101 2758 2127 ,
2804 2056 3030 2123 dicens,
3078 2056 3516 2113 inimicissimum
3550 2055 3659 2111 hoc
3701 2054 3821 2110 fore

2222 2150 2472 2208 bellatori
2498 2150 2701 2222 populo
2731 2149 2799 2205 ad
2832 2148 3178 2205 nutriendam
3206 2147 3492 2217 desidiam,
3512 2148 3534 2180 ⁷
3556 2147 3821 2204 lascivia-

2224 2261 2330 2318 que
2360 2254 2729 2302 commentum
2763 2262 2777 2300 :
2810 2243 3058 2315 adeoque
3083 2243 3253 2299 movit
3278 2250 3525 2299 senatum
3552 2282 3569 2309 ,
3623 2248 3681 2296 ut
3708 2254 3817 2295 non

2224 2341 2402 2396 solum
2435 2336 2592 2395 vendi
2625 2335 2808 2392 omnia
2833 2336 3045 2392 theatro
3073 2341 3387 2406 comparata
3414 2334 3673 2406 jusserit,
3715 2330 3816 2388 sed

2223 2432 2389 2490 etiam
2420 2429 2679 2487 subsellia
2717 2429 2859 2485 ludis
2886 2427 3012 2499 poni
3041 2427 3408 2500 prohibuerit.
3449 2426 3817 2495 Quamobrem

2222 2525 2522 2595 intelligant
2566 2524 2736 2578 nostri
2780 2521 3021 2594 (quibus
3069 2520 3330 2594 quidquid
3381 2531 3535 2577 extra
3574 2518 3821 2574 oblecta-

2222 2627 2467 2676 mentum
2497 2615 2741 2675 libidinis
2760 2617 3023 2688 occurrit,
3050 2615 3279 2674 oﬂ'ensio
3302 2614 3436 2688 est),
3468 2622 3693 2688 propter
3712 2611 3820 2669 hoc

1792 2818 2246 2879 IIAVERCAMPI
2284 2817 2512 2878 ΝΟΤᾹΞ.

580 2988 677 3051 5‘2.
706 2986 1090 3057 Commissaque
1109 2980 1311 3054 prtelio,
1344 2980 1707 3057 miserabiliter
1735 2982 1875 3057 victi.
1904 2983 1981 3057 De
2009 2983 2113 3040 hoc

509 3064 703 3135 prmlio
730 3061 913 3135 Livius
943 3053 1073 3135 libr.
1104 3053 1241 3135 xm;
1273 3064 1329 3135 ε)
1354 3053 1715 3135 Plutarch-ﬁn
1746 3054 2110 3135 Apollhleﬁmr

506 3127 617 3194 ita:
649 3134 862 3218 ξιόπλιοε
906 3133 1124 3218 Anigros
1150 3127 1349 3218 151:0:er
1367 3199 1379 3215 1
1396 3129 1687 3218 στρατηγὸς
1711 3166 1733 3216 θ’
1758 3128 2114 3218 ήτξηθεὶςκρπὸ

508 3208 753 3285 ῌιρσέως-
764 3209 857 3261 τοῦ
870 3199 1175 3285 μειξεξόνων
1189 3198 1439 3285 putealia;
1465 3197 1770 3285 ἱππομαχίᾳ
1779 3241 1792 3255 .
1805 3197 2116 3285 ἑιςχιλίους

516 3268 845 3336 ὄκῗτακοσίους
860 3273 1105 3338 ἀπέϐαλε,
1120 3268 1240 3330 τοῦς
1252 3272 1341 3341 μέν
1362 3268 1639 3332 «satiatae,
1656 3268 1779 3330 fab;
1791 3268 1856 3341 δὲ
1877 3268 2114 3341 a15qu,

513 3350 571 3403 id
599 3357 703 3411 est,
731 3344 797 3399 P.
830 3343 1061 3396 Licinius
1081 3338 1519 3411 cos.iinperator,
1540 3342 1703 3411 uictus
1723 3355 1757 3391 a
1779 3338 1970 3411 Perseo
1998 3338 2118 3392 Ma-

2223 2982 2557 3067 IIispanicis,
2583 2989 2639 3039 et
2660 2989 2850 3067 auctor
2869 2980 2938 3038 de
2959 2979 3106 3067 Viris
3119 2978 3461 3067 .Illustribus.
3482 2975 3816 3067 Inplipitouta

2223 3051 2448 3110 Liviana
2468 3054 2631 3121 vulgo
2655 3054 2818 3121 male,
2851 3062 3018 3121 capta:
3044 3054 3187 3108 urbis
3211 3095 3227 3121 ,
3266 3061 3321 3107 et
3348 3052 3401 3108 in
3430 3051 3661 3107 vetustis
3680 3091 3699 3120 ,
3730 3052 3815 3104 in-

2226 3136 2463 3197 tercepta:
2494 3126 2687 3197 legitur
2709 3166 2725 3192 ,
2756 3140 2878 3197 pro,
2911 3123 3424 3197 IntereatitetFAun.

2299 3191 2371 3252 5f
2396 3196 2516 3253 Ser.
2548 3191 2720 3252 autem
2750 3191 2937 3251 Galba.
2972 3195 3069 3251 IIic
3094 3206 3178 3251 est
3218 3194 3339 3251 Scr.
3379 3191 3586 3264 Sulpic.
3617 3192 3811 3264 Galba,

2225 3268 2295 3324 de
2315 3284 2422 3339 quo
2444 3268 2676 3338 Appian.
2702 3275 2759 3323 et
2777 3267 3144 3339 Suetoniusiu
3167 3265 3359 3339 Galba.
3387 3263 3600 3339 Sergius
3620 3263 3810 3329 Galba,

2228 3334 2587 3409 pro-Senius,
2620 3339 2706 3394 hic
2730 3347 2892 3394 antea
2922 3334 3508 3409 mendoseilegcbatur'.
3532 3334 3701 3409 Fasti.

518 3406 772 3473 cedonnm
789 3429 929 3483 rege,
959 3411 1063 3483 duo
1095 3406 1414 3483 millianccc
1442 3410 1641 3477 amisit,
1669 3425 1891 3480 quorum
1912 3410 2005 3464 alii
2033 3425 2115 3464 ce-
2143 3408 2189 3474 C
2230 3406 2244 3409 ’
2290 3411 2344 3466 6.
2389 3411 2589 3465 Eodem
2618 3419 2849 3483 tempore
2879 3423 3135 3464 censores.
3183 3406 3403 3464 De'hac
3432 3422 3494 3463 re
3532 3406 3651 3477 lege
3682 3407 3811 3478 Epi-

516 3489 776 3550 ciderunt,
799 3479 891 3538 alii
910 3482 1051 3552 capti
1069 3489 1206 3535 sunt.
1230 3479 1397 3552 FABII.

590 3560 680 3613 5'5.
698 3551 986 3624 Sulcanum
1006 3552 1276 3624 oppidum.
1310 3551 1621 3624 Sulcanum,
1648 3560 1733 3607 est
1761 3552 1813 3607 in
1835 3551 2119 3609 Gualtheri

524 3629 693 3693 libro,
726 3625 910 3681 Livius
937 3621 1083 3678 libro
1127 3636 1258 3677 XLIII
1305 3621 1500 3693 scribit
1554 3621 1814 3678 Uscanam
1855 3639 1886 3678 a
1913 3624 2118 3679 Perseo

518 3692 757 3771 captam,
790 3696 974 3771 ibique
1002 3693 1335 3771 prtesidiumn
1362 3692 1664 3771 Romanum
1700 3694 1753 3771 in
1785 3694 1932 3771 illius
1962 3703 2120 3771 pote-

515 3763 715 3827 sta'tem
742 3763 976 3823 venisse.
1007 3763 1171 3820 Fam.
1197 3793 1269 3805 —
1298 3763 1601 3836 Sulcamum
1630 3765 1824 3836 legitur
1852 3766 1904 3820 in
1934 3763 2110 3821 tribus

519 3841 725 3904 Florr.;
757 3839 812 3894 in
834 3838 955 3893 Meo
980 3843 1038 3892 et
1066 3836 1278 3891 duobus
1306 3834 1477 3905 Lugd.
1511 3834 2042 3902 Batt.,’Sulcanium.

593 3913 683 3967 54,
709 3907 1118 3980 Pugnarecepit.
1134 3905 1251 3961 Non
1273 3906 1434 3980 dubia
1457 3907 1772 3980 conjectura
1788 3921 1861 3980 es
1884 3922 2119 3980 pugnare

520 3982 695 4052 capit,
725 3975 870 4049 quod
897 3977 951 4031 in
972 3975 1162 4052 Colon.
1193 3986 1250 4052 _et
1275 3975 1492 4052 Veneto
1517 3988 1656 4052 erat,
1702 3975 1986 4052 Fabricius
2011 3993 2115 4048 po-

520 4044 1044 4118 suera’tfpugnando
1072 4046 1244 4118 cepit.
1275 4044 1451 4118 Laur.
1472 4047 1639 4118 ς-Εκ
1668 4061 1799 4101 mss.
1831 4048 1911 4118 sic
1959 4044 2118 4118 re'po-

521 4120 632 4176 suit
658 4114 965 4187 Fabricius,
986 4115 1041 4169 iu
1070 4114 1352 4187 illisgenim
1381 4115 1579 4187 legitur
1597 4116 1899 4187 pugnando.

599 4190 690 4247 55.
724 4186 865 4242 Nam
889 4187 1085 4260 uiginta
1131 4183 1788 4260 milliapetlitum.'Casa,
1817 4188 1995 4260 inquit
2019 4188 2116 4246 Li-

520 4262 643 4317 vius
667 4260 796 4315 libr.
827 4256 972 4321 xciv,
1002 4256 1071 4311 ad
1099 4272 1172 4311 xx
1200 4256 1369 4309 millia
1401 4256 1667 4311 hominum
1713 4268 1854 4315 sunt.
1892 4256 2121 4315 Plutar-

520 4334 678 4399 chus,
698 4332 928 4405 λέγοντας
950 4330 1083 4404 ὑπὲρ
1112 4327 1421 4405 δισμτᾳρίους
1445 4329 1897 4405 πενταῃσχιλζρους
1926 4332 2122 4390 anno“.

520 4398 814 4473 vetv,cwia
841 4398 1137 4473 referuniur
1163 4398 1335 4452 millia
1358 4398 1741 4473 _x_xv_amptius.
1786 4400 1950 4473 ΕΔΜ.

594 4468 686 4531 56.
716 4472 869 4543 Apud
896 4468 1081 4544 Albam
1105 4471 1160 4523 in
1177 4468 1442 4544 custodia.
1469 4468 1700 4544 Perseus
1718 4472 2119 4544 primumapud

519 4544 718 4601 Albam
744 4540 798 4599 in
828 4542 1133 4599 custodiam
1160 4540 1341 4607 datus,
1366 4551 1552 4611 postea
1583 4540 1788 4597 Emilii
1819 4542 1970 4597 Pauli
1988 4540 2118 4599 sen-

521 4617 693 4671 teutia
722 4623 1006 4684 exemptus
1045 4627 1076 4668 e
1101 4626 1345 4676 carcere.
1364 4627 1485 4667 cum
1517 4612 1709 4668 decem
1750 4628 1926 4668 annos
1954 4616 2119 4670 mise-

518 4701 639 4741 ram
681 4688 847 4740 vitam
872 4686 1094 4754 egisset,
1151 4695 1396 4739 mortuus
1442 4684 1563 4749 fuit,
1616 4693 1843 4739 auctore
1879 4684 2120 4741 Diodoro

521 4756 711 4813 Siculo
732 4757 872 4811 libro
897 4770 1054 4809 χχχι.
1070 4754 1310 4809 Velleius
1330 4754 1803 4825 scribitPerseum
1823 4755 2118 4825 quadrien-

2220 3489 2419 3537 tomam
2447 3497 2633 3537 mm.
2683 3481 2852 3537 FABII.

2289 3555 2343 3608 7.
2411 3552 2762 3624 Lasciviwque
2807 3562 3185 3624 commentum._
3225 3549 3306 3605 Ita

2221 3623 2501 3679 Fabricius
2530 3667 2545 3691 ,
2599 3619 2819 3679 secutus
2859 3633 2991 3680 vett.
3023 3622 3281 3693 quasdem
3319 3619 3487 3686 ed’d.;
3535 3619 3634 3675 sed
3672 3635 3804 3676 mss.

2221 3694 2518 3751 Florentini
2543 3710 2728 3750 omnes
2759 3739 2774 3762 ,
2825 3703 2884 3749 ut
2920 3705 2977 3751 et
3001 3694 3173 3764 Lugd.
3205 3693 3345 3748 Batt.
3374 3701 3500 3764 tert.
3530 3700 3591 3747 et
3615 3702 3796 3762 quart.

2219 3767 2418 3836 quibus
2467 3766 2735 3821 accedunt
2764 3760 2925 3821 Meus
2968 3775 3023 3822 et
3074 3760 3323 3820 Perizon.
3352 3807 3368 3836 ,
3418 3760 3807 3836 Lasciviamque

2218 3833 2587 3892 commentum.
2616 3837 2735 3906 Quo
2762 3851 2925 3892 sensu
2951 3837 3094 3892 dixit
3112 3833 3604 3906 Nasicarthe‘atrum
3627 3833 3809 3906 inimi-

2219 3908 2496 3964 cissimum
2540 3904 2662 3964 esse
2687 3917 3050 3963 commentum
3080 3906 3147 3962 ad
3177 3904 3520 3961 uutrieudam
3545 3904 3806 3961 desidiam

2220 3978 2634 4050 lasciviamque.
2661 3978 2798 4033 Edd.
2825 3980 3012 4048 primae
3038 3990 3092 4034 et
3116 3982 3568 4050 Augustanacum
3585 3975 3806 4050 Venetis

2220 4050 2347 4105 huic
2402 4046 2623 4105 lecti—uni
2673 4046 2887 4120 quoque
2934 4046 3539 4120 astipulantur._Aliam
3571 4047 3807 4120 insuper

2220 4065 2347 4105 IIUIC
2402 4065 2623 4105 ιθοιιυηι
2714 4065 2887 4118 uoque
2934 4065 3316 4120 aSleUIaIIllﬂ'.
3359 4065 3539 4101 Aliam
3583 4065 3807 4117 Insuper

2220 4120 2531 4190 suppeditat
2556 4065 2724 4190 Lugd.
2756 4120 2899 4175 Batt.
2931 4135 3014 4191 pr.
3047 4119 3299 4176 videlicet
3325 4118 3489 4183 hanc,
3513 4116 3581 4191 ad
3607 4118 3809 4172 denun-

2220 4188 2452 4245 tiandam
2480 4188 2756 4260 desidiam,
2790 4188 3113 4260 lasciuiazque
3138 4197 3509 4245 commentum.
3539 4188 3673 4255 Quae.
3701 4204 3809 4245 nec

2222 4262 2338 4331 ipsa
2382 4278 2583 4318 venere
2628 4277 2726 4317 sua
2776 4272 2948 4318 caret.
2996 4260 3289 4318 Theatrum
3328 4260 3581 4331 lascivia:
3632 4260 3809 4316 veluti

2220 4333 3001 4419 commentum“consideravit
3045 4347 3261 4419 quoque
3311 4330 3680 4386 Tertullianus
3736 4332 3812 4414 de

2220 4404 2551 4472 Spectaculis
2581 4404 2720 4458 libro
2749 4419 2870 4473 cap.
2903 4405 2969 4459 I0
2993 4422 3007 4458 :
3041 4404 3286 4459 Censores
3313 4418 3450 4473 stepe
3479 4405 3811 4456 renascentia

2221 4476 2445 4529 maxime
2468 4476 2667 4528 theatra
2685 4475 3038 4541 destruebant,
3065 4474 3293 4528 moribus
3315 4473 3660 4539 consulentes,
3680 4489 3817 4541 quo-

2221 4562 2338 4616 rum
2363 4547 2556 4600 scilicet
2582 4547 2871 4616 periculum
2902 4547 3078 4616 ingens
3112 4546 3178 4600 de
3209 4544 3424 4616 lascivia
3449 4543 3816 4616 providebant.

2222 4615 2493 4672 Desidiam
2530 4614 2726 4672 aIIerre
2756 4614 3004 4673 bellatori
3047 4617 3245 4685 pupqu
3283 4615 3476 4670 sedere
3510 4615 3563 4685 in
3589 4614 3817 4685 theatro

2222 4688 2427 4742 nutavit
2455 4702 2673 4759 quoque
2707 4687 2822 4743 Val.
2848 4687 2987 4759 Ma}.
3016 4684 3078 4754 tt,
3104 4687 3194 4752 IV,
3218 4687 3289 4742 2:
3313 4688 3477 4757 Atque
3499 4684 3630 4740 adeo
3652 4689 3721 4759 s_._
3744 4684 3816 4743 C.

2223 4770 2429 4830 cautum
2458 4766 2533 4813 est
2556 4757 2666 4824 {ne
2685 4760 2803 4829 quis
2828 4760 2889 4830 in,
2912 4757 3049 4814 Urbe
3068 4800 3083 4827 ,
3111 4759 3387 4830 propiusre
3416 4772 3614 4830 passus
3628 4757 3818 4824 mille,

3362 3548 3583 3620 quidem
3616 3548 3809 3620 edidit

515 4807 835 4898 55155.13.
850 4807 1023 4898 iam
1043 4807 1313 4898 custodia
1328 4807 1488 4898 sum
1507 4807 2116 4898 deiecissetsi;
2141 4807 2197 4868 Β
2217 4807 2476 4884 salignis
2488 4807 3045 4898 segesticam;
3068 4807 3236 4884 ita;
3248 4807 3717 4897 iiscausam;
3729 4807 3820 4883 ’ἰιὶ

517 4897 601 4953 De
628 4897 832 4961 Gentii,
863 4897 1172 4967 Illyriorum
1202 4896 1369 4967 regis,
1390 4895 1807 4967 ipsius_Persei,
1838 4896 2114 4967 ﬁliorum-

517 4982 625 5037 que
645 4967 760 5034 ejus
790 4964 953 5037 atque
992 4964 1285 5037 universa
1314 4964 1509 5037 domus
1557 4964 1700 5034 fato,
1760 4966 1878 5037 lege
1935 4966 2114 5024 Vitam

515 5036 727 5162 gersei,
778 5038 835 5093 in
866 5035 1133 5093 extremo
1162 5035 1414 5091 Historiae
1459 5045 1663 5092 nostra:
1713 5035 1904 5108 regum
1934 5036 2117 5096 Mace-

559 5121 719 5162 onue.
2020 5129 2026 5135 ·

559 5121 719 5163 οηιω.
2020 5129 2026 5135 ·

590 5175 721 5233 CAP.
741 5175 888 5233 XXI.
918 5205 990 5219 -—-
1007 5179 1060 5233 I.
1094 5177 1243 5233 Anno
1265 5176 1328 5232 ab
1354 5176 1490 5233 Urbe
1519 5179 1726 5234 condita
1745 5194 1831 5236 oc.
1863 5179 2000 5236 Aliis
2025 5181 2115 5237 hic

513 5257 804 5324 annusest
827 5247 1164 5324 ncu._0rosii
1192 5250 1369 5305 locum
1394 5248 1539 5307 hunc
1565 5251 1837 5307 Diaconus
1859 5249 2115 5324 Eutropii

513 5319 757 5376 historice
777 5319 1029 5375 inseruit.
1078 5318 1246 5376 Fsan.

582 5391 641 5448 2.
674 5390 743 5446 Ρ.
775 5389 974 5461 Scipio.
1000 5388 1107 5462 _I_)e_
1133 5391 1233 5445 hac
1276 5391 1546 5462 Scipionis
1594 5391 1876 5450 ιιΕωίιίεηί
1914 5394 2109 5451 militia

506 5462 633 5535 lege
659 5459 1273 5535 Epitom'amLivianam
1298 5459 1441 5535 libro
1464 5478 1653 5518 XLVIII.
1686 5465 1851 5521 Fara.

583 5531 639 5591 3.
682 5534 857 5606 Etiam
885 5531 1089 5606 militis.
1125 5531 1259 5606 Edd.
1286 5532 1536 5606 quaedam
1561 5543 1719 5603 vett.,
1753 5546 1859 5589 tam
1892 5535 2099 5606 militis,

506 5613 641 5673 etc.,
676 5605 774 5676 sed
800 5602 1102 5676 elegantius
1124 5602 1415 5658 omittitur.

677 5674 821 5746 Nam
855 5674 904 5730 et
942 5676 1228 5730 barbarum
1256 5683 1641 5746 provocantem.
1691 5676 1803 5733 Hoc
1851 5677 1907 5733 in
1950 5677 2097 5735 obsi-

501 5744 668 5805 dione
701 5745 1001 5807 Intercatiw
1031 5745 1217 5825 oppidi
1247 5744 1454 5807 factum
1493 5746 1684 5808 scribit
1722 5750 2002 5825 Appianus
2037 5750 2093 5811 iu

2219 4900 2413 4973 scilicet
2460 4900 2753 4973 remissioni
2794 4904 3085 4955 animorum
3114 4904 3319 4973 juncta
3358 4898 3558 4973 st_andi_
3579 4899 3820 4973 uiriliter:

2256 4972 2428 5042 ropria
2451 4969 2703 5025 Romana:
2738 4973 2908 5042 gentis
2945 4982 3065 5027 nota
3098 4968 3246 5042 esset.
3292 4970 3368 5042 De
3395 4970 3513 5042 hoc
3526 4968 3818 5042 Scipionis

2267 5038 2425 5097 asicae
2464 5042 2606 5096 Iacto
2632 5038 2865 5113 egerunt
2900 5052 3181 5113 praeterea
3204 5041 3442 5098 Velleius
3482 5038 3819 5113 Patet-culus

2217 5113 2313 5167 lib.
2338 5128 2375 5176 ι,
2407 5126 2527 5182 cap.
2563 5113 2631 5168 I5
2653 5110 2931 5183 {Appian}
2963 5113 3097 5170 Bell.
3125 5112 3246 5183 Civ.
3277 5112 3437 5183 lib._r,
3472 5124 3525 5180 p.
3550 5110 3679 5183 567,
3715 5110 3820 5168 Li-

2217 5184 2339 5238 vius
2367 5181 2514 5254 Epit.
2546 5181 2761 5254 ιιγιιιί
2785 5181 2843 5241 et
2874 5185 3051 5241 Orosii
3070 5182 3339 5254 Magister
3364 5181 3705 5252 Augustinus
3738 5184 3818 5239 de

2217 5253 2443 5310 Civitate
2466 5254 2589 5322 Dei,
2616 5253 2712 5312 lib.
2732 5269 2775 5320 ι,
2802 5269 2923 5326 cap.
2953 5256 2986 5312 6
3012 5274 3024 5308 :
3056 5253 3251 5310 Nasica
3274 5254 3511 5326 pontifex
3535 5254 3817 5309 suasimus

2217 5340 2422 5380 caveam
2451 5326 2638 5379 theatri
2665 5324 2901 5380 senatum
2939 5335 3231 5381 construere
3270 5324 3562 5379 molientem
3588 5339 3816 5393 compe-

2210 5397 2343 5450 scuit
2367 5436 2384 5463 ,
2432 5398 2822 5467 persuasitque,
2873 5415 2937 5452 ne
2970 5396 3209 5453 Graecam
3255 5395 3517 5467 luxuriam
3565 5395 3817 5467 uirilibus

2209 5468 2395 5537 patriae
2434 5467 2662 5538 moribus
2699 5465 2999 5538 paterentur
3036 5468 3323 5536 obrepere;
3362 5475 3413 5522 et
3456 5465 3511 5519 id
3547 5465 3698 5538 egit,
3749 5476 3813 5520 ut

2205 5534 2412 5593 senatus
2437 5534 2720 5610 subsellia,
2753 5540 2941 5610 quibus
2969 5540 3037 5593 ad
3070 5534 3255 5593 horam
3289 5538 3541 5609 congestis
3567 5534 3812 5610 inludo-

2202 5624 2322 5688 runt
2342 5609 2641 5688 spectaculo
2661 5606 2777 5688 jant
2807 5611 2930 5668 olim
2959 5611 3036 5669 uti
3062 5611 3246 5668 Civitas
3267 5606 3488 5688 caperet
3507 5650 3523 5680 ,
3552 5606 3807 5685 deinceps

2198 5680 2493 5755 prohiberet
2519 5680 2735 5758 apponi.
3057 5754 3075 5758 Δ
3176 5725 3201 5731 ..
3252 5726 3255 5729 .
