4088 6170
315 286 428 344 915

316 402 462 473 quod
493 415 555 460 se
596 401 931 461 inﬁrmiores
956 417 1080 463 esse
1107 403 1357 462 hostibus
1383 406 1497 462 suis
1527 406 1629 477 ipsi
1672 406 1917 463 sentiunt
1940 410 1996 470 Α

315 506 372 552 et
413 496 656 555 fatentur
682 537 699 566 ,
754 496 966 554 theatra
995 498 1322 565 incusanda,
1352 514 1460 555 non
1491 508 1734 571 tempora
1768 519 1781 556 :
1813 515 1917 557 nec

315 588 807 659 blasphemandum
835 590 1005 647 Deum
1036 606 1249 658 verum,
1282 594 1374 662 qui
1401 606 1571 662 usque
1590 591 1658 647 ad
1681 606 1825 648 nunc
1852 605 1915 649 ea

317 680 594 752 prohibet,
627 680 730 737 sed
759 682 1151 738 abominandos
1174 682 1310 738 deos
1335 682 1419 741 vel
1449 682 1730 740 daemones
1759 698 1908 754 suos,

314 773 405 844 qni
426 773 527 827 ista
549 772 843 843 petierunt,
871 773 1143 844 profundo
1165 773 1382 848 quidem
1406 776 1539 831 satis
1561 776 1916 848 malignitatis

314 877 430 918 sua:
453 875 798 934 argumento,
832 865 939 921 tale
965 866 1294 922 sacriﬁcium
1322 867 1653 940 ﬂagitantes,
1676 884 1784 939 quo
1806 883 1914 925 non

312 956 483 1028 278
512 956 686 1028 magis
718 957 841 1014 fuso
867 972 1065 1015 cruore
1101 959 1367 1030 pecudum
1389 1001 1405 1027 ,
1437 976 1599 1031 quam
1632 961 1916 1033 proﬂigata

311 1051 516 1106 virtute
532 1048 815 1106 hominum
842 1060 1217 1121 pascerentur.
1236 1052 1372 1109 Nam
1396 1054 1586 1124 utique
1609 1061 1737 1110 tunc
1763 1055 1786 1087 ⁸
1808 1069 1914 1111 nec

315 1142 525 1211 hostes,
556 1158 660 1199 nec
690 1141 883 1211 fames,
913 1159 1016 1200 nec
1039 1144 1239 1214 morbi,
1272 1160 1375 1201 nec
1395 1145 1637 1217 prodigia
1660 1145 1909 1213 deerant,

313 1235 483 1292 immo
512 1244 642 1292 tunc
668 1236 900 1307 plurima
930 1246 1109 1309 erant,
1136 1238 1233 1294 sed
1267 1238 1480 1295 theatra
1510 1254 1617 1294 non
1646 1250 1827 1309 erant,
1857 1241 1912 1296 in

310 1327 533 1397 quibus,
562 1328 706 1399 quod
738 1327 1060 1386 incredibile
1086 1330 1236 1387 dictu
1267 1339 1375 1400 est,
1407 1332 1474 1387 ad
1496 1347 1647 1388 aram
1680 1332 1912 1389 luxuriae

308 1419 615 1474 ’virtutum
668 1418 903 1476 victima:
951 1420 1314 1477 trucidantur.
1366 1421 1911 1493 Carthaginiensibus

308 1510 604 1582 aliquando
638 1512 811 1567 visum
843 1521 959 1573 est.
991 1513 1244 1570 homines
1270 1514 1554 1572 immolare
1579 1557 1595 1582 ,
1641 1515 1739 1573 sed
1769 1516 1911 1573 male

307 1611 641 1675 praesumpta
666 1605 952 1675 persuasio
983 1605 1139 1662 brevi
1165 1606 1531 1677 praetermissa
1571 1616 1696 1674 est,
1733 1622 1763 1662 a
1800 1607 1907 1664 lio-

1346 288 1827 349 IIISTOBIABUM
1867 289 2075 350 LIBER
2114 291 2204 350 IV.
2245 290 2402 351 CAP.
2445 292 2610 351 XXII.

3517 303 3627 362 9H

2495 410 2660 482 2³19
2695 407 2926 469 CAPUT
2965 410 3138 470 XXII.

2017 520 2099 577 De
2123 522 2276 577 tertio
2305 522 2439 577 bello
2469 521 2694 580 Punico;
2718 523 2971 583 Consules
3000 530 3069 584 ad
3094 528 3372 586 delendam
3401 530 3623 588 Cartha-

2088 594 2264 672 ginem
2312 598 2612 664 profectos,
2662 600 2870 669 fugatos
2914 601 3097 672 fuisse.
3143 600 3366 659 Interim
3407 604 3473 659 de
3515 607 3621 660 situ

2090 665 2342 738 ejusdem.

2088 780 2248 838 Anno
2269 783 2338 840 ab
2359 784 2506 841 Urbe
2527 786 2740 843 condita
2764 802 2892 854 non,
2916 788 2982 844 L.
3006 788 3309 846 Censorino
3329 797 3385 846 et
3406 789 3477 845 M.
3508 790 3621 848 Ma-

2017 873 2152 930 nilio
2180 876 2518 945 consulibus,
2543 879 2560 909 ¹
2587 880 2805 935 tertium
2833 880 3096 936 Punicum
3132 881 3336 938 bellum
3366 893 3619 940 exortum

2015 976 2121 1025 est.
2151 968 2313 1040 Igitur
2339 984 2463 1025 cum
2493 981 2715 1027 senatus
2742 972 3029 1030 delendam
3070 975 3453 1047 Carthaginem
3483 991 3619 1032 cen-

2014 1062 2234 1131 suisset,
2260 1063 2492 1136 proleeti
2522 1065 2575 1121 in
2604 1065 2841 1124 Africam
2869 1069 3160 1138 consules,
3188 1081 3244 1126 et
3276 1069 3461 1143 Scipio
3488 1077 3619 1128 tunc

2016 1156 2268 1212 tribunus
2298 1156 2551 1225 militum,
2590 1174 2761 1230 prope
2802 1160 3014 1217 Uticam
3050 1164 3072 1194 ¹
3105 1163 3330 1233 majoris
3376 1162 3619 1222 Africani

2013 1257 2194 1304 castra
2250 1257 2559 1307 tenuerunt.
2609 1251 2687 1307 Ibi
2735 1250 3281 1326 Carthaginiensibus
3331 1258 3613 1327 evocatis,

2008 1340 2286 1413 jussisque
2326 1353 2387 1400 ut
2420 1359 2571 1401 arma
2603 1356 2659 1402 et
2684 1362 2852 1404 navos
2883 1348 3186 1419 traderent,
3222 1365 3325 1406 nec
3363 1352 3611 1414 moratis.

2014 1442 2161 1491 tanta
2190 1436 2273 1492 vis
2298 1453 2575 1494 armorum
2606 1450 2834 1512 repente
2875 1442 3075 1499 tradita
3101 1454 3207 1510 est,
3229 1453 3290 1500 ut
3315 1444 3477 1502 facile
3499 1454 3613 1502 tota

2012 1543 2082 1584 ex
2109 1529 2194 1583 his
2223 1529 2402 1585 Africa
2437 1532 2709 1599 potuisset
2734 1536 2958 1589 armari.
2988 1534 3097 1591 Sed
3127 1536 3615 1608 Carthaginienses

2012 1631 2297 1691 postquam
2339 1638 2489 1681 arma
2534 1625 2905 1695 tradiderunt,
2948 1638 3004 1683 et
3031 1628 3225 1684 relicta
3252 1630 3388 1687 urbe
3413 1630 3434 1663 ⁸
3460 1646 3617 1687 recc-

308 1697 487 1753 manis
515 1711 647 1754 vero
676 1708 928 1755 exactum
956 1708 1063 1765 est,
1090 1710 1151 1755 ut
1175 1702 1506 1772 semetipsos
1530 1702 1573 1733 ¹⁰
1610 1702 1906 1772 perditioni
2010 1713 2142 1767 dere
2173 1714 2365 1782 procul
2405 1730 2435 1769 a
2465 1716 2605 1770 mari
2635 1716 2658 1747 κ
2686 1717 2877 1774 decem
2921 1720 3162 1775 millibus
3191 1736 3444 1791 passuum
3472 1722 3615 1792 jmsi

313 1790 720 1861 impenderent.
744 1792 785 1825 ¹¹
810 1791 1033 1849 Factum
1057 1805 1163 1860 est,
1189 1792 1268 1860 ﬁt,
1296 1802 1535 1862 amatur,
1561 1805 1615 1851 et
1636 1796 1897 1852 clamatur

2008 1813 2170 1872 sunt,
2221 1806 2465 1863 dolorem
2510 1808 2577 1863 ad
2620 1809 3055 1881 desperationem
3104 1790 3486 1884 contulerunt,
3518 1823 3614 1871 aut

304 1897 362 1940 ut
397 1886 532 1942 fiat:
563 1886 654 1957 qui
688 1901 785 1958 pro
816 1887 1100 1943 mactanda
1124 1890 1307 1960 gregis
1327 1888 1414 1944 sui
1435 1889 1645 1959 pecude
1676 1890 1907 1947 fortasse
2008 1896 2285 1955 defensuri
2332 1900 2634 1966 civitatem,
2674 1914 2769 1959 aut
2797 1918 2919 1960 eum
2951 1907 3066 1976 ipsa
3110 1924 3211 1979 per
3244 1910 3416 1980 ipsam
3456 1925 3614 1980 sepe-

300 1978 718 2035 oﬂ‘enderentur
746 2021 761 2047 ,
813 1995 911 2051 pro
941 1980 1323 2036 interlicienda
1354 1980 1536 2041 cordis
1576 1982 1659 2036 sui
1702 1983 1903 2039 virtute

297 2070 594 2127 laetantur:
627 2070 757 2142 quin
789 2072 968 2142 potius
995 2070 1204 2127 Nasica:
1229 2072 1590 2141 erubescant,
1623 2074 1714 2145 qui
1742 2073 1903 2131 Chri-

300 2161 496 2219 stianis
559 2162 999 2234 exprobrandam
1048 2171 1243 2234 putant
1290 2181 1305 2218 :
1355 2173 1411 2221 et
1456 2179 1564 2221 non
1634 2166 1795 2223 nobis
1829 2167 1899 2223 de

303 2253 553 2310 hostibus
577 2295 592 2320 ,
632 2268 772 2325 quos
814 2270 1034 2326 semper
1076 2256 1383 2312 habuerunt
1409 2296 1426 2325 ,
1461 2259 1504 2289 "
1534 2257 1630 2314 sed
1664 2258 1785 2325 illi,
1830 2259 1899 2316 de

300 2346 551 2413 theatro,
604 2346 751 2417 quod
785 2346 975 2402 haberi
1021 2348 1420 2419 prohibuerat,
1465 2360 1893 2420 conquerantur.

307 2438 350 2469 ¹³
398 2438 573 2509 Igitur
607 2438 663 2494 in
707 2437 969 2510 Hispania
999 2439 1121 2495 Ser.
1166 2439 1338 2496 Galba
1372 2451 1572 2511 prtetor
1609 2442 1899 2497 Lusitanos

307 2532 446 2588 citra
468 2532 676 2604 Tagum
702 2531 907 2589 ﬂumen
939 2533 1246 2589 habitantes
1265 2575 1281 2601 ,
1325 2548 1448 2589 cum
1476 2535 1813 2592 voluntarios
1842 2538 1899 2593 iu

298 2626 629 2683 deditionem
654 2627 975 2699 recepisset,
996 2642 1093 2698 per
1112 2627 1292 2683 scelus
1314 2627 1616 2683 interfecit:
1634 2630 1898 2687 simulans

299 2720 445 2774 enim
476 2718 544 2775 de
568 2719 874 2775 commodis
900 2734 1088 2775 eorum
1118 2735 1180 2776 se
1207 2731 1455 2775 acturum
1482 2719 1623 2788 fore,
1657 2722 1898 2778 circurn-

296 2810 494 2883 positis
522 2810 790 2868 militibus
826 2821 1058 2868 cunctos
1093 2812 1332 2869 inermes
1373 2812 1726 2885 incautosque
1771 2830 1899 2885 pro-

295 2902 494 2958 stravit
520 2918 534 2956 :
563 2916 685 2975 quas
712 2916 801 2958 res
830 2912 1020 2974 postea
1048 2902 1316 2959 universas
1352 2902 1631 2974 Hispaniae
1659 2914 1886 2976 propter

294 2994 667 3054 Romanorum
696 2995 1003 3070 perﬁdiam,
1028 3010 1193 3056 causa
1225 2995 1447 3054 maximi
1479 2997 1741 3054 tumultus
1771 2996 1893 3054 fuit.

2009 1993 2176 2049 liendi
2202 2010 2218 2050 :
2249 1993 2524 2065 ducesque
2569 1996 2673 2051 sibi
2720 1997 2861 2053 duos
2896 2000 3225 2056 Asdrubalcs
3255 2012 3604 2059 creaverunt.

2009 2085 2031 2115 ⁸
2064 2086 2227 2140 Arma
2254 2086 2488 2153 primum
2531 2085 2710 2143 facere
2734 2090 3006 2160 aggressi,
3040 2092 3164 2146 aeris
3209 2092 3450 2164 ferrique
3477 2096 3603 2149 ino-

2006 2177 2175 2248 piam,
2208 2179 2324 2233 auri
2370 2179 2693 2249 argentique
2735 2182 2975 2236 mctallis
3019 2183 3431 2253 suppleverunt.
3465 2184 3610 2242 Con-

2004 2270 2154 2324 sules
2182 2284 2504 2340 oppugnare
2534 2270 2915 2343 Carthaginem
2947 2281 3213 2340 statuunt,
3236 2276 3258 2305 ⁶
3282 2276 3439 2346 cuius
3466 2277 3607 2333 situs

2000 2357 2175 2414 fuisse
2207 2358 2514 2430 hujusmodi
2558 2360 2758 2416 dicitur
2787 2378 2801 2416 :
2835 2364 2855 2394 "
2888 2363 3088 2432 Viginti
3133 2364 3304 2419 millia
3348 2381 3606 2436 passuum

2001 2467 2160 2507 muro
2205 2453 2484 2524 amplexa,
2534 2461 2651 2508 tota
2703 2470 2839 2523 pene
2884 2458 3049 2528 280
3093 2458 3229 2513 mari
3261 2459 3603 2529 cingebatur,

2000 2544 2206 2615 absque
2251 2544 2515 2613 faucibus,
2545 2560 2667 2616 quae
2698 2547 2875 2603 tribus
2904 2549 3146 2603 millibus
3184 2565 3439 2621 passuum
3472 2568 3601 2623 ape-

1999 2638 2301 2694 riebantur.
2353 2637 2401 2693 Is
2454 2639 2609 2695 locus
2657 2655 2873 2696 murum
2933 2643 3153 2713 triginta
3212 2644 3379 2714 pedes
3430 2644 3602 2702 latum

2002 2727 2213 2795 habuit,
2253 2743 2392 2784 saxo
2441 2730 2728 2801 quadrato,
2783 2733 2835 2787 in
2888 2733 3234 2790 altitudinem
3286 2737 3602 2794 cubitorum

1998 2820 2379 2891 quadraginta.
2412 2821 2548 2891 Arx,
2575 2824 2661 2879 cui
2693 2824 2876 2896 Byrsa:
2904 2840 3103 2881 nomen
3134 2837 3273 2894 erat,
3304 2830 3465 2900 paulo
3486 2845 3603 2884 am-

1997 2912 2142 2981 plius
2193 2927 2354 2983 quam
2403 2913 2511 2969 duo
2561 2916 2730 2971 millia
2783 2932 3041 2987 passuum
3092 2920 3332 2976 tenebat.
3377 2922 3453 2977 Ex
3496 2938 3603 2978 una

1998 3010 2153 3072 parte
2182 3016 2368 3060 murus
2389 3005 2697 3063 communis
2719 3014 2839 3063 erat
2859 3007 3014 3065 urbis
3040 3018 3096 3064 et
3115 3009 3299 3082 Byrsa)
3324 3011 3603 3070 inminens

1565 3174 2013 3233 IIAVERCAMPI
2049 3178 2276 3236 NOTIE.

366 3315 425 3370 8.
466 3311 578 3369 Nec
607 3313 797 3369 hostes.
824 3312 962 3369 Cod.
986 3312 1266 3383 ,Longob.,
1296 3327 1389 3367 nec
1408 3312 1595 3368 hostis.

364 3387 420 3442 9.
471 3384 737 3441 Virtutum
778 3384 1017 3457 rictimte.
1070 3382 1207 3440 Edd.
1259 3384 1562 3457 AuguStan.
1592 3424 1608 3450 ,
1664 3382 1894 3439 Virtutes

293 3457 564 3514 hominum
588 3457 806 3512 victima:
845 3456 1201 3511 trucidantur.

368 3528 462 3585 10.
502 3525 796 3584 Perditioni
824 3528 1182 3600 inpenderant.
1213 3525 1379 3583 Addit
1399 3527 1627 3599 August.
1658 3527 1720 3582 ob
1748 3525 1895 3583 thea-

295 3610 455 3656 lrunu

368 3671 459 3726 Η.
502 3667 725 3725 Factum
770 3678 885 3736 est,
928 3670 1029 3738 ﬁt,
1074 3678 1318 3733 atnatur,
1356 3676 1466 3726 etc.
1518 3666 1769 3725 Difﬁcilis
1809 3675 1896 3724 est

295 3741 486 3809 locus,
518 3756 680 3810 quem
709 3742 801 3796 vix
828 3741 960 3797 satis
1000 3742 1157 3810 capio
1184 3781 1201 3809 ,
1243 3739 1389 3811 quod
1435 3740 1577 3795 idem
1622 3755 1744 3795 cum
1770 3780 1787 3807 ,
1836 3747 1896 3794 ut

300 3821 455 3881 puto,
486 3812 879 3882 interpretibus
896 3812 1176 3876 acciderit,
1203 3812 1350 3866 sicco
1374 3812 1511 3881 pede
1534 3811 1887 3882 transierunt.

300 3880 587 3939 Editiones
615 3880 834 3938 veteres
873 3898 1097 3946 omnes,
1144 3880 1718 3952 excepta'Angustana
1747 3922 1761 3944 ,
1795 3880 1894 3935 ha-

299 3956 456 4020 bent,
486 3952 709 4009 Factum
736 3969 846 4008 esse
874 3955 950 4009 sic
976 3957 1227 4022 fatentur,
1258 3963 1307 4007 et
1335 3953 1565 4007 clamant
1595 3963 1650 4006 ut
1676 3954 1790 4019 ﬁat.
1822 3952 1895 4005 Et

301 4027 385 4108 sic
418 4025 869 4108 quoqnedegitur
910 4026 964 4079 in
1001 4025 1152 4108 Flor.
1200 4024 1383 4108 tertio,
1435 4024 1618 4108 [Neque
1664 4024 1890 4108 multum

299 4097 411 4151 abit
436 4092 567 4152 inde
599 4092 971 4167 UltrQlegens,
1005 4093 1227 4149 Factum
1254 4094 1281 4148 ἑ
1310 4094 1454 4166 (sic)
1486 4092 1677 4165 fatetur
1702 4102 1763 4167 et
1783 4092 1893 4148 cla-

301 4177 472 4221 matur
496 4178 553 4222 ut
582 4167 696 4237 ﬁat.
731 4164 904 4237 Lugd.
938 4168 1081 4221 Ball.
1108 4181 1215 4235 pr.,
1249 4174 1372 4220 tert.
1401 4164 1456 4221 et
1482 4164 1709 4235 quartus
1742 4164 1889 4236 (nam

298 4235 733 4309 secundusilegit
760 4279 792 4309 ,_
825 4235 1048 4309 Factum
1093 4246 1169 4290 est
1193 4278 1211 4309 ,_
1252 4236 1444 4309 fatetur
1473 4248 1522 4309 et
1552 4235 1807 4289 clamatur
1836 4244 1892 4289 ut

301 4309 446 4379 ﬁat),
481 4325 591 4379 una
608 4306 731 4365 critn
756 4307 895 4363 Coll.
924 4308 1165 4379 Gronov.
1199 4306 1339 4362 hanc
1369 4307 1661 4379 lectionem
1690 4320 1892 4379 suppe-

301 4377 480 4434 ditant
505 4420 519 4445 ,
549 4377 777 4433 Factum
802 4389 876 4434 est
898 4423 912 4447 ,
941 4381 1014 4433 sic
1042 4378 1248 4431 canitur
1268 4421 1283 4447 ,
1322 4389 1369 4431 et
1392 4378 1665 4439 clamatur,
1695 4386 1748 4430 ut
1773 4378 1889 4446 ﬁat.

303 4450 502 4521 Verum
536 4450 660 4506 cod.
685 4450 930 4521 Longob.
968 4447 1258 4521 sive_Flor.
1303 4464 1409 4518 pr.,
1438 4458 1498 4504 ut
1524 4452 1577 4506 et
1605 4448 1758 4502 Flor.
1800 4462 1889 4503 se-

301 4520 513 4576 cundus
539 4522 699 4592 plane
726 4516 1010 4588 scribunt,
1057 4518 1280 4574 Factum
1303 4516 1377 4574 est
1404 4560 1418 4585 ,
1459 4521 1558 4590 ﬁt,
1606 4528 1823 4592 amatur
1840 4527 1892 4573 et

299 4589 556 4647 e'amatur
583 4602 638 4647 ut
665 4592 762 4662 ﬁat
789 4636 804 4662 ,
856 4593 955 4646 nisi
984 4592 1127 4662 quod
1157 4598 1361 4646 amatus
1409 4589 1480 4646 sit
1527 4593 1579 4646 in
1624 4589 1889 4646 secundo.

302 4662 460 4718 Unde
491 4671 638 4733 patet
665 4663 971 4718 Fabricium
1000 4663 1287 4718 lectionem
1315 4678 1468 4717 suam
1499 4676 1725 4733 exitnss.
1757 4662 1889 4715 hau-

298 4736 461 4789 sisse.
496 4732 685 4789 Codex
728 4748 882 4790 meus
926 4743 982 4788 et
1016 4734 1266 4788 Pcrizou.
1316 4742 1478 4803 atque
1524 4732 1613 4787 ed.
1659 4734 1885 4802 August.

299 4806 545 4860 omnium
572 4805 807 4875 optima,
848 4814 907 4859 ut
942 4819 1090 4875 sa‘pe
1116 4846 1131 4868 ,
1162 4818 1283 4859 cum
1312 4803 1644 4875 Florentinis
1671 4804 1889 4875 conspi-

299 4882 460 4943 rant,
512 4885 567 4931 et
594 4873 845 4932 eamdem
893 4875 981 4929 hic
1018 4873 1279 4929 exhibent
1323 4874 1637 4930 lectionem.
1681 4873 1887 4928 Sensus

296 4946 589 5002 verborum
618 4946 707 5002 hic
734 4961 857 5004 esse
887 4946 1122 5001 videtur.
1157 4946 1363 5001 Sedere
1403 4944 1458 4999 in
1494 4944 1704 5000 theatro
1730 4954 1784 4999 et
1812 4945 1885 4999 ibi

296 5016 615 5084 persedere,
650 5017 794 5073 sicut
816 5017 948 5071 olim
973 5028 1051 5071 est
1080 5017 1280 5071 factum
1304 5018 1382 5071 sic
1402 5030 1617 5087 quoque
1640 5029 1780 5069 nunc
1802 5014 1882 5069 lit.

295 5088 500 5144 Amant
544 5089 729 5145 miseri
770 5088 909 5144 hanc
934 5088 1152 5143 virtutis
1179 5088 1355 5142 labem
1384 5126 1401 5154 ,
1454 5095 1618 5156 atque
1647 5087 1885 5141 assiduis

295 5159 625 5230 clamoribus
646 5158 971 5230 efﬂagitant,
998 5166 1056 5212 ut
1081 5159 1170 5212 liat
1197 5160 1417 5225 iterum,
1446 5158 1505 5230 id
1526 5166 1885 5230 estgspectare

298 5229 457 5301 Indos
480 5231 583 5286 sibi
614 5228 814 5301 saepius
843 5232 1023 5285 liceat.
1071 5230 1244 5284 Taxat
1281 5236 1463 5301 autem
1495 5229 1588 5301 hic
1601 5228 1883 5301 insaniam

296 5300 383 5380 sui
417 5302 678 5380 temporis
697 5298 1389 5380 circa_theatrales_.ludos,
1424 5298 1886 5380 non‘dissimilem

292 5370 622 5429 circensium
652 5372 902 5436 vanitati,
934 5374 1002 5427 de
1028 5386 1133 5442 qna
1161 5370 1252 5426 lib.
1283 5386 1302 5424 ι
1323 5412 1339 5439 ,
1368 5386 1491 5440 cap.
1522 5371 1589 5435 6,
1621 5371 1838 5439 scripsit
1870 5388 1881 5423 :

295 5444 440 5497 Adeo
466 5452 642 5498 autem
664 5458 820 5514 parvo
842 5443 1069 5514 quodam
1092 5451 1141 5496 et
1175 5442 1273 5496 leui
1299 5452 1440 5496 motu
1474 5442 1737 5514 Irmsitasse
1766 5456 1887 5511 erga

289 5530 345 5567 se
361 5530 642 5585 parumper
662 5512 1091 5570 consuetudinem
1111 5513 1434 5585 voluptatum
1456 5512 1889 5585 indubitatissinte

291 5583 609 5639 contestatus
639 5595 734 5651 est,
764 5597 821 5640 ut
852 5587 1009 5640 libere
1030 5583 1406 5649 conclamaret,
1437 5586 1481 5638 si
1508 5584 1754 5652 reciperet
1780 5583 1886 5635 cir-

289 5672 430 5726 eum,
461 5656 593 5711 nihil
616 5674 722 5712 esse
744 5657 841 5711 sibi
864 5656 1094 5726 factum:
1117 5654 1216 5708 hoc
1236 5663 1334 5726 est,
1361 5655 1494 5710 nihil
1516 5656 1679 5725 egisse
1699 5653 1881 5707 Roma:

289 5723 584 5797 Gothorum
627 5744 812 5797 enses,
862 5723 909 5783 si
951 5727 1261 5781 concedatur
1304 5723 1598 5795 Romanis,
1650 5734 1880 5796 spectare

288 5796 540 5855 circenses
567 5838 581 5853 .

1921 3311 1968 3377 C

2074 3314 2162 3391 lg.
2206 3314 2317 3391 ._Se_d
2345 3314 2447 3391 illi.
2480 3313 2645 3391 Addit
2673 3317 2765 3391 ed.
2798 3319 2963 3391 Aug.,
2997 3320 3053 3376 id
3082 3329 3158 3378 est
3185 3320 3419 3377 Nasicae.

2080 3384 2380 3461 13._Igitur
2424 3388 2477 3442 in
2509 3387 2773 3461 Hispania
2804 3384 2929 3446 δεῖ.
2966 3390 3153 3449 Galba.
3209 3394 3360 3450 Hanc
3405 3409 3520 3450 rem
3567 3412 3600 3454 a

2000 3455 2227 3532 Lucullo
2243 3455 2465 3532 gestam
2481 3455 2689 3532 scribit
2718 3461 3003 3532 Appianus
3045 3481 3057 3518 :
3109 3464 3205 3521 sed
3248 3480 3371 3520 cum
3401 3464 3600 3523 Oresio

1996 3525 2128 3599 facit
2153 3525 2347 3584 Cicero
2383 3531 2436 3584 in
2480 3530 2682 3599 Bruto,
2714 3525 3011 3589 Suetonius
3039 3534 3093 3590 in
3123 3536 3295 3593 Galba
3321 3544 3377 3591 et
3407 3536 3593 3593 Valer.

1997 3597 2143 3653 Max.
2175 3600 2269 3654 lib.
2292 3616 2369 3663 ιι.
2401 3615 2451 3656 c.
2481 3603 2537 3657 6.
2566 3597 2733 3659 risu.

2070 3670 2197 3724 Car.
2241 3669 2410 3725 XXII.
2437 3701 2512 3713 —
2539 3673 2592 3726 1.
2627 3673 2864 3728 Tertium
2915 3675 3180 3730 Punicum
3223 3676 3437 3730 bellum.
3481 3676 3594 3734 Hoc

1996 3738 2194 3793 bellum
2229 3742 2528 3810 exponitur
2559 3744 2609 3795 in
2642 3742 2891 3810 Epitoma
2920 3745 3143 3800 Liviana
3166 3745 3264 3800 lib.
3298 3761 3450 3809 χιιι,
3476 3763 3507 3801 t.
3539 3758 3594 3802 et

1998 3825 2071 3865 ιι.
2115 3810 2384 3865 Scribitur
2413 3814 2482 3866 ab
2517 3814 2762 3883 Appiano
2794 3816 2847 3867 in
2879 3814 3101 3883 Libyca,
3145 3830 3174 3868 a
3217 3815 3511 3871 Plutarcho
3537 3818 3593 3872 in

1997 3884 2222 4007 (Eamne,
2251 3884 2319 3937 ah
2350 3884 2610 3953 Eutropio
2650 3884 2744 3941 lib.
2779 3899 2859 3951 tv,
2892 3898 2922 3939 a
2951 3884 3114 3941 Floro
3151 3887 3246 3941 lib.
3274 3901 3311 3941 tt
3341 3900 3463 3957 cap.
3496 3887 3589 3942 15.

2042 3968 2163 4006 aen.

2042 3968 2163 4006 ABR.

2065 4024 2120 4077 2.
2155 4022 2379 4096 Majoris
2401 4024 2637 4096 Africani
2661 4036 2854 4081 castra.
2875 4027 3065 4082 Castra
3086 4025 3406 4084 Corneliana
3432 4028 3593 4085 intel-

1996 4093 2133 4161 ligit,
2164 4093 2458 4165 de'qnibus'
2481 4097 2666 4151 Caesar
2698 4098 2794 4152 lib.
2823 4114 2859 4153 ιι
2887 4099 3191 4155 Comment.
3222 4099 3292 4155 de
3321 4099 3466 4156 bello
3504 4101 3585 4156 ci-

1994 4167 2108 4228 vili,
2131 4176 2185 4221 et
2215 4166 2461 4221 Lucanus
2489 4168 2580 4222 lib.
2614 4183 2688 4223 tv.
2712 4168 2881 4225 Fssn.

2067 4239 2122 4308 ξ.
2164 4236 2439 4308 Recedere.
2477 4238 2610 4308 Edd.
2646 4242 2892 4308 quaedam
2925 4255 2990 4294 ex
3016 4248 3175 4305 vett.,
3200 4242 3457 4297 secedere.

2066 4305 2131 4381 4.
2166 4307 2356 4362 Decem
2389 4307 2638 4381 millibus
2665 4305 2953 4381 'passuum.
3009 4327 3149 4365 Lxxx
3198 4312 3369 4366 stadia
3418 4311 3584 4367 habet

1994 4378 2229 4451 Appian.
2258 4378 2403 4448 quod
2437 4378 2561 4451 huic
2589 4378 2819 4451 nurnero
2850 4382 3165 4451 respondet.
3200 4382 3367 4437 Faun.

1996 4488 2038 4521 -__
2067 4449 2122 4503 5.
2165 4450 2615 4521 Ar_ma_primum.
2666 4449 2987 4521 Sicromncs
3032 4467 3196 4505 mss.:
3239 4467 3487 4521 armaque
3533 4450 3588 4506 in

1996 4516 2203 4594 Vtilgg.“
2225 4516 2397 4594 Paulo
2432 4531 2559 4594 ante
2574 4521 2728 4594 μου.
2756 4520 3030 4594 Cron.,get
3065 4537 3156 4592 per
3181 4523 3388 4594 ipsam..

2067 4589 2122 4665 (ξ.
2159 4588 2325 4665 Cujus
2348 4591 2511 4665 situs.
2542 4590 2720 4665 Meus,
2753 4595 2903 4665 cujus
2933 4588 3221 4665 situsitunc
3251 4594 3445 4663 fuisse,
3476 4601 3586 4665 etc.

1916 4695 1968 4755 Β
2068 4661 2129 4741 7.,
2159 4658 2358 4741 Viginti
2381 4658 2567 4742 millia.
2588 4660 2645 4715 In
2669 4658 2893 4744 vetustis
2915 4663 3115 4717 nostris
3133 4658 3373 4745 est,'xxtt
3394 4658 3585 4717 millia.

1993 4729 2272 4785 Annianus
2322 4747 2374 4785 tn
2438 4731 2639 4785 Ltbvca
2708 4743 2870 4785 suum
2930 4731 3273 4785 Carthaatnts
3330 4745 3585 4785 accurate

2043 4733 2272 4804 ppianns
2322 4731 2374 4785 in
2412 4731 2653 4804 ALihyea
2708 4732 2870 4787 situm
2930 4731 3273 4804 Carthaginis
3330 4745 3586 4804 accurate

1992 4800 2302 4873 descripsit,
2335 4800 2427 4872 qui
2478 4800 2765 4873 in‘primis
2800 4805 3059 4873 legendus
3099 4800 3170 4859 de
3212 4805 3374 4860 rebus
3421 4803 3585 4860 tertio

1990 4871 2136 4928 bello
2165 4871 2373 4927 Punico
2394 4874 2581 4943 gestis.
2617 4871 3055 4930 Fiam—'Prout
3075 4874 3360 4931 Fabricius
3386 4890 3587 4930 nume-

1990 4959 2112 4999 rum
2146 4958 2399 5013 passuum
2442 4946 2498 4999 in
2544 4946 2656 4999 suis
2698 4961 2830 5001 mss.
2882 4947 3107 5009 invenit,
3160 4947 3233 5000 ita
3281 4948 3333 5000 in
3376 4947 3584 5002 nostris

1987 5014 2172 5089 itidem
2224 5015 2533 5089 reperitur;
2573 5018 2924 5089 nam_uiginti
2970 5018 3291 5089 duoﬂmillia
3337 5033 3585 5089 passuum

1989 5086 2234 5139 scribunt
2280 5100 2376 5139 sex
2427 5088 2648 5155 Optimi,
2697 5086 2936 5142 Florent.
2990 5086 3205 5142 scilicet
3234 5086 3375 5152 tres,
3407 5089 3583 5155 Meus,

1993 5156 2167 5228 Periz.
2202 5166 2258 5211 et
2286 5157 2457 5226 Lugd.
2486 5158 2603 5210 Bat.
2637 5171 2773 5224 sec.;
2821 5159 3003 5228 viginti
3033 5159 3137 5213 duo
3167 5159 3395 5213 millibus
3425 5159 3587 5228 habet

1993 5226 2165 5296 Lugd.
2199 5228 2317 5281 Bal.
2349 5236 2523 5297 quart.
2555 5228 2662 5283 Sed
2709 5244 2789 5295 pr.
2829 5226 2969 5284 inter
3011 5230 3131 5284 illos
3171 5246 3296 5285 cum
3341 5227 3502 5285 tertio
3527 5235 3585 5282 et

1994 5298 2136 5352 Coll.
2163 5299 2403 5354 Gronov.
2430 5300 2648 5369 triginta
2668 5299 2833 5353 millia
2858 5301 2945 5355 vel
2973 5300 3226 5368 millibus,
3252 5309 3409 5370 prout
3437 5308 3492 5352 ct
3510 5299 3583 5370 in

1997 5370 2084 5423 ed.
2111 5371 2343 5450 August.
2372 5367 2663 5450 reperitur.
2692 5371 2876 5425 Notari
2910 5372 2960 5425 id
2990 5372 3197 5434 debuit,
3231 5367 3583 5450 quiaLAppia-f

1998 5456 2133 5513 nus,
2166 5443 2219 5495 in
2248 5441 2464 5496 caeteris
2490 5440 2754 5513 diligens,
2788 5456 2895 5497 non
2920 5457 3177 5513 expresse
3204 5440 3390 5513 scribit
3400 5453 3417 5513 ξ
3449 5448 3583 5513 quot

1996 5512 2166 5588 r_nillia
2225 5525 2478 5588 passuum
2533 5508 2808 5588 carimng
2865 5508 3037 5568 muris
3092 5508 3575 5588 amplexajfueri-t.

1994 5582 2211 5660 Pr_a_:ter_
2226 5578 2551 5660 'Appianutn
2576 5578 2958 5660 __describun_t_
2977 5578 3197 5660 quoque
3208 5651 3220 5660 _
3236 5578 3580 5660 carthaginis

1990 5648 2548 5727 urbisisitum'Polyb.
2576 5654 2670 5710 lib.
2696 5670 2713 5709 ι
2740 5669 2859 5727 cap.
2890 5648 3064 5721 75,'et
3081 5648 3277 5708 Strabo
3307 5648 3401 5706 lib.
3422 5663 3575 5717 xvnt,

1987 5741 2039 5797 p.
2071 5726 2197 5782 572.
