4088 6170
312 259 421 320 91⁷

1420 258 1895 321 HISTORIARUM
1930 260 2137 319 LIBER
2177 260 2241 319 V.
2283 259 2437 319 CAP.
2479 261 2523 321 Ι.

318 374 374 429 in
400 372 678 443 pulverem
709 373 1069 440 comminuto,
1101 373 1586 446 septingentesimo
1618 383 1741 445 post
1764 390 1909 431 anno
1936 380 1987 442 Α
2015 375 2071 431 in
2100 374 2403 447 languidam
2433 375 2719 446 segnitiem
2742 358 3043 435 securitate
3082 382 3243 450 atque
3285 382 3398 438 otio
3427 382 3611 440 solve-

327 481 493 538 quam
516 465 731 521 condita
758 474 897 522 erat.
921 466 1206 523 Multitudo
1234 469 1414 522 omnis
1434 467 1797 538 captivorum,
1825 482 1913 522 cx-

312 561 493 631 ceptis
516 559 702 630 paucis
726 559 1090 631 principibus,
1108 559 1436 616 venumdata
1459 568 1562 619 est.
1579 560 1599 591 ⁷
1614 558 1692 614 Ita
1715 567 1912 629 quarto

318 668 484 724 quam
514 652 811 724 inemptum
842 650 947 707 fuit
972 667 1135 720 anno,
1166 652 1369 708 bellum
1393 651 1654 707 Punicum
1687 650 1908 707 tertium

316 746 658 802 terminatum
673 752 780 803 est.
795 744 900 802 Sed
921 745 1048 800 mihi
1065 745 1359 817 quamlibet
1370 745 1905 816 studiosequmrcnti,

326 849 702 895 verumtamen
730 837 937 894 homini
969 838 1223 894 tardioris
1244 839 1467 910 ingenii,
1496 851 1763 908 nusquam
1786 851 1908 892 om-

322 929 456 986 nino
484 944 648 986 eausa
675 930 803 986 belli
831 930 1015 987 Punici
1046 931 1214 997 tertii,
1247 944 1407 1002 quam
1448 931 1500 984 in
1534 939 1742 984 tantum
1772 929 1908 985 Car-

321 1025 487 1094 thago
515 1023 865 1088 accenderit,
885 1024 1108 1096 utjuste
1138 1024 1316 1080 everti
1345 1023 1760 1086 decerneretur,
1790 1021 1907 1077 clu-

311 1118 416 1174 xit.
446 1116 692 1188 llludque
717 1133 806 1174 me
835 1118 922 1174 vel
956 1116 1193 1175 maxime
1223 1124 1423 1184 movet,
1454 1115 1600 1186 quod
1631 1115 1679 1170 si
1710 1115 1780 1170 ita
1799 1157 1816 1184 ,
1846 1123 1906 1173 ut

309 1213 366 1269 in
395 1213 769 1284 superioribus
794 1210 957 1270 bellis
982 1213 1208 1270 evidens
1250 1212 1305 1267 in
1331 1221 1711 1285 assurgentem
1741 1224 1904 1266 causa

309 1313 368 1361 et
410 1305 569 1362 dolor
595 1304 951 1370 accendebat,
981 1303 1386 1361 consultatione
1429 1320 1540 1361 non
1585 1316 1726 1373 onus
1754 1309 1901 1357 erat.

310 1403 382 1452 At
406 1412 540 1454 vero
568 1399 591 1434 ⁸
628 1412 751 1456 cum
779 1397 875 1453 alii
902 1396 1271 1457 Romanorum
1314 1406 1538 1470 propter
1574 1404 1897 1468 perpetuam

308 1488 495 1546 Romae
526 1492 874 1551 securitatem
913 1491 1202 1547 delendam
1239 1505 1363 1548 esse
1391 1489 1773 1555 decernerent,
1804 1488 1901 1544 alii

305 1596 437 1638 vero
471 1593 693 1656 propter
724 1592 1046 1655 perpetuam
1102 1583 1362 1638 Romanae
1416 1581 1634 1638 virtutis
1673 1596 1886 1648 curam,

303 1679 326 1715 ο
354 1692 477 1749 qum
518 1677 621 1735 sibi
662 1692 879 1749 semper
903 1676 1309 1749 exasuspicione
1347 1675 1559 1735 aemulae
1600 1675 1750 1730 urbis
1794 1675 1900 1730 im-

2014 477 2184 533 retur,
2215 466 2545 523 incolumem
2569 466 2958 540 Carthaginem
2982 476 3149 527 atatui
3171 487 3271 528 suo
3295 477 3609 543 permitten-

2013 562 2136 617 dam
2165 574 2289 617 esse
2318 572 2607 619 censerent
2638 580 2650 617 :
2684 577 2908 619 causam
2952 580 3061 625 non
3100 580 3167 622 ex
3203 567 3398 636 injuria
3436 569 3610 627 laees-

2012 655 2247 711 sentium
2275 655 2829 725 Carthaginiensium,
2860 656 2956 712 sed
2983 672 3056 712 ex
3090 657 3458 715 inconstantia
3490 670 3609 716 tor-

2012 749 2350 821 pescentium
2385 748 2753 805 Romanorum
2796 757 2973 805 ortam
3004 750 3244 806 invenio.
3292 752 3449 821 Quod
3481 769 3609 810 cum

2010 841 2084 897 ita
2108 840 2199 905 sit,
2233 856 2331 896 cur
2354 840 2686 898 Christianis
2721 841 3060 911 temporibus
3090 842 3359 913 irnputant
3382 844 3611 902 hebeta~

2014 934 2215 991 tionem
2245 949 2309 989 ac
2351 934 2657 1005 rubiginem
2702 949 2879 1001 suam,
2910 950 3018 1006 qua
3049 934 3183 992 furis
3217 936 3414 1004 crassi,
3460 937 3609 995 intus

2010 1032 2157 1088 exesi
2188 1031 2357 1086 sunt?
2398 1032 2489 1102 qui
2520 1027 2686 1102 porro
2720 1039 2849 1087 ante
2892 1039 3193 1088 sexcentos
3228 1031 3345 1089 fere
3386 1049 3562 1089 annos
3589 1077 3607 1103 ,

2006 1124 2149 1181 sicut
2190 1126 2274 1180 sui
2303 1125 2467 1198 283
2491 1123 2788 1197 prudentes
2814 1125 3177 1196 timentesque
3211 1126 3625 1205 praedixerant,

2007 1226 2184 1273 cotem
2209 1212 2357 1273 illam
2386 1233 2635 1289 magnam
2662 1217 2974 1290 splendoris
2993 1229 3051 1275 et
3071 1219 3339 1276 acuminis
3365 1208 3456 1277 sui
3468 1219 3600 1278 Car-

2019 1311 2296 1384 tltaginem
2344 1312 2715 1383 perdiderunt.
2767 1311 2957 1383 itaque
3004 1312 3166 1369 tinem
3206 1313 3482 1370 'volumini
3526 1313 3609 1370 fa-

2005 1403 2168 1472 ciam,
2200 1418 2268 1459 ne
2306 1403 2533 1459 forsitan
2563 1404 2879 1460 eollideudo
2910 1405 3309 1476 vehementius,
3356 1405 3605 1465 discussa

2004 1494 2071 1551 ad
2102 1504 2319 1565 tempus
2342 1495 2615 1564 rubigine,
2647 1496 2737 1552 ubi
2763 1495 3134 1559 necessarium
3155 1511 3385 1554 acumen
3407 1497 3610 1556 elicere

2004 1601 2113 1643 non
2160 1601 2405 1658 possum,
2437 1601 2836 1659 supervacuam
2879 1587 3231 1659 asperitatem
3274 1589 3547 1647 inveniam
3584 1606 3602 1651 ἓ

2003 1692 2329 1750 quamquam
2367 1678 2678 1735 obviantem
2722 1678 3073 1750 asperitatem
3115 1695 3458 1752 nequaquam
3504 1696 3601 1739 ex.-

303 1771 590 1845 penderet,
615 1786 685 1831 ne
709 1772 865 1845 vigor
882 1770 1165 1828 Romanus
1188 1769 1346 1827 bellis
1361 1784 1579 1842 semper
1598 1768 1900 1838 exercitus,
1931 1762 1981 1826 Β
2008 1785 2384 1841 pavescerem,
2414 1768 2459 1826 si
2492 1769 2775 1827 interioris
2803 1784 2956 1841 spem
2981 1770 3253 1829 acuminis
3281 1769 3606 1831 invenirem.

1126 1872 1135 1885 ’
1587 1902 2039 1963 HAVERCAMPI
2078 1904 2314 1964 nom.

371 2032 425 2087 7.
467 2030 555 2093 Ita
580 2040 984 2107 quartohqttam.
1023 2027 1124 2098 Qui
1166 2027 1307 2107 hape
1333 2026 1689 2090 locutionem.
1722 2041 1885 2107 quyn

294 2118 489 2160 omnes
515 2098 646 2159 mss.
679 2098 918 2158 melioris
946 2112 1087 2159 nota:
1119 2098 1462 2165 confirmant,
1490 2113 1597 2168 non
1632 2098 1889 2168 putartﬁtt

296 2177 579 2240 usitatam,
605 2180 879 2228 mutarunt
899 2188 1052 2242 quant
1080 2171 1134 2224 in
1164 2180 1452 2242 postquam,
1472 2176 1529 2223 ut
1557 2167 1756 2242 factum
1788 2167 1889 2223 fuit

300 2246 354 2300 in
385 2247 589 2316 aliquot
614 2261 678 2301 ex
708 2240 1050 2316 vetust.‘edd.
1072 2257 1090 2316 ;
1113 2242 1207 2297 sed
1236 2240 1374 2316 Aug.
1399 2240 1644 2296 ms.cnd.
1670 2248 1883 2316 secuta,

297 2317 436 2372 nihil
465 2309 713 2373 mutavit.
748 2315 851 2370 Pro
871 2315 1186 2370 venumdata
1207 2312 1361 2367 inulti
1386 2325 1517 2367 mss.
1542 2321 1599 2366 et
1618 2309 1748 2367 edd.
1771 2325 1890 2365 uen-

295 2387 408 2447 dita
431 2388 664 2453 malunt,
692 2395 746 2443 ut
777 2396 832 2441 et
855 2396 1080 2455 carptum
1107 2398 1205 2456 pro
1228 2384 1530 2456 inemptum.

365 2460 420 2514 8.
464 2458 592 2514 Cum
622 2452 718 2512 alii
745 2452 960 2530 propter
995 2452 1299 2530 perpetuum
1328 2452 1512 2507 Roma:
1537 2452 1887 2530 securitatem.

295 2529 465 2601 Hujus
514 2523 800 2601 sententia:
845 2523 1039 2601 auctor
1075 2523 1130 2601 et
1171 2525 1584 2601 princcp_s_erat
1616 2523 1890 2601 _M._Cahto,

289 2592 583 2657 contrariae
610 2600 827 2665 Nasica,
859 2598 1050 2655 Livius
1077 2592 1354 2665 libeus,
1386 2595 1671 2653 Plutarch.
1708 2593 1762 2649 in
1785 2592 1891 2650 Ca-

292 2679 426 2748 tone
455 2670 877 2748 majoregfua-
1077 2746 1083 2748 _
1188 2737 1209 2748 -
1374 2737 1424 2748 ..
1499 2736 1553 2748 ..
1718 2733 1752 2748 ..
1835 2735 1848 2747 .

364 2743 419 2800 9.
463 2735 592 2811 Qua:
631 2743 730 2801 sibi
768 2757 991 2817 semper,
1033 2746 1144 2799 etc.
1188 2737 1245 2795 In
1275 2737 1458 2795 verbis
1499 2736 1651 2813 hisce
1681 2735 1889 2808 aliquid

1990 2026 2194 2101 ulceris
2220 2025 2408 2101 latere
2444 2034 2593 2096 puto.
2619 2024 2770 2101 liam
2810 2040 2909 2095 pro
2953 2042 3069 2098 ante
3100 2026 3224 2101 cod.
3256 2026 3505 2101 Longob.
3538 2034 3597 2101 et

1990 2098 2082 2155 alii
2107 2097 2388 2163 meliores,
2410 2108 2470 2154 ut
2491 2110 2543 2152 et
2564 2098 2688 2168 edd.
2716 2106 2944 2168 vetusta)
2964 2096 3156 2165 amnes
3181 2096 3595 2168 liabent'quam.‘

1990 2168 2144 2242 ἰδρυιᾷιὶ
2173 2183 2390 2238 quoque
2412 2184 2476 2242 ex
2504 2167 2698 2242 iisdem
2722 2167 3100 2242 impenderent,
3129 2184 3226 2237 pro
3254 2170 3596 2242 impenderet.

1953 2284 1956 2287 .
1997 2236 2150 2294 Unde
2178 2236 2355 2294 locum
2385 2240 2465 2293 sic
2487 2239 2725 2309 corrigo,
2749 2236 2908 2309 quam
2932 2239 3053 2303 sibi,
3083 2236 3215 2303 etc.,
3245 2236 3602 2307 intenderent,-

1991 2312 2250 2364 virtutem
2283 2309 2522 2376 scilicet,
2553 2308 2713 2377 cujus
2738 2308 3073 2377 contrarium
3104 2310 3401 2364 intendetur
3423 2326 3606 2366 socor-

1993 2381 2085 2463 dia
2114 2380 2536 2463 occurritapud
2567 2379 2814 2463 Tacitum
2858 2379 3061 2463 Annal.-
3086 2380 3179 2463 lib.
3219 2396 3281 2446 ll,
3318 2395 3444 2463 cap.
3485 2379 3595 2463 5'9:

1994 2446 2317 2524 Languesoet
2340 2446 2536 2524 alioqui
2565 2450 2850 2517 industria,
2879 2450 3182 2505 intendetur
3203 2446 3594 2524 socordiaLIn-

1995 2520 2203 2594 tendere
2248 2522 2334 2576 hic
2366 2520 2470 2592 pro
2502 2538 2730 2592 augere,
2762 2536 3127 2594 promovere,
3157 2523 3410 2577 sumitur.
3439 2520 3601 2579 Sinti-

2004 2594 2131 2648 liter
2155 2592 2382 2665 Orosius
2409 2609 2572 2663 supra
2607 2595 2699 2649 lib.
2729 2592 2810 2659 ui,
2841 2607 2899 2665 p.
2927 2593 3067 2651 149:
3092 2593 3408 2665 Susceptum
3439 2607 3599 2665 nego-

1994 2666 2127 2720 tium
2155 2663 2361 2737 duplici
2382 2681 2509 2725 cura
2535 2663 2858 2721 intendebat.

1286 2929 1769 3109 LIBER
1848 2985 1948 3112 ρ
1970 2914 2594 3099 t/‘INTUS.

1703 3167 2173 3193 ψ

708 3305 875 3383 335
900 3303 1130 3375 cerur
1174 3302 1458 3369 PRIMUM.

300 3467 657 3521 Romanorum
719 3480 812 3536 per
872 3463 1097 3536 aliorum
1162 3459 1343 3536 clades
1400 3459 1707 3536 felicitatem
1771 3458 1892 3529 plus

359 3538 538 3591 damni
562 3532 995 3607 qunntcontmodi
1015 3549 1187 3588 secum
1211 3533 1464 3598 traxisse;
1494 3532 1619 3585 item
1646 3546 1745 3586 sua
1762 3540 1891 3584 tem-

360 3625 490 3680 pora
516 3606 777 3679 prioribus
803 3606 1030 3680 potiora.

358 3762 486 3820 Scio
535 3760 843 3831 aliquantus
909 3768 1031 3831 post
1071 3758 1193 3815 haec
1253 3756 1521 3827 deinceps
1575 3753 1890 3827 permoveri

292 3869 476 3924 posse,
506 3854 651 3925 quod
673 3854 917 3909 victoriae
952 3852 1209 3906 ltomanae
1239 3849 1528 3905 multarunt
1553 3849 1798 3920 gentium
1832 3856 1889 3904 et

284 3948 568 4004 civitatum
599 3957 781 4018 strage
820 3945 837 3976 ¹
870 3942 1227 4000 crebrescunt
1262 3959 1276 3996 :
1320 3956 1483 4012 quam
1516 3940 1562 3995 si
1593 3939 1887 4009 diligenter

284 4041 307 4072 ³
338 4039 654 4107 attendant,
700 4038 825 4108 plus
855 4036 1038 4092 damni
1066 4034 1347 4090 invenient
1377 4032 1647 4088 accidisse
1672 4074 1687 4098 ,
1722 4046 1884 4103 quam

281 4130 580 4197 commodi,
604 4144 779 4201 neque
805 4128 949 4185 enim
981 4126 1419 4199 parvipendenda
1450 4134 1581 4181 sunt
1609 4132 1692 4180 tot
1735 4124 1882 4182 bella

291 4222 537 4290 servilia,
570 4221 819 4289 socialia,
851 4221 1051 4285 civilia,
1082 4219 1454 4290 fugitivorum,
1480 4219 1750 4275 nullorum
1779 4217 1882 4274 uti-

283 4332 391 4386 que
432 4317 734 4383 fructuum,
794 4322 852 4371 et
906 4329 1224 4385 magnarum
1272 4327 1450 4372 tamen
1506 4315 1876 4371 miseriarum.

283 4406 306 4440 ³
334 4407 444 4465 Sed
469 4408 763 4476 conniveo,
782 4416 860 4476 ut,
884 4407 1341 4478 quemadmodum
1365 4409 1575 4476 volunt,
1608 4408 1682 4463 ita
1710 4406 1879 4464 fuisse

282 4498 306 4530 ⁸
333 4498 613 4569 videatur,
657 4499 799 4565 unde
842 4500 1083 4557 arbitror
1120 4515 1242 4557 esse
1268 4500 1558 4557 dicturos:
1598 4500 1619 4534 ⁸
1665 4499 1874 4572 Ecquid

283 4589 372 4645 bis
411 4590 745 4661 temporibus
784 4591 1019 4663 beatius,
1069 4592 1265 4664 quibus
1298 4593 1543 4649 continui
1591 4592 1876 4665 triumphi,

281 4683 532 4741 celebres
560 4685 845 4753 victoriae;
876 4684 1075 4742 divites
1103 4685 1302 4756 praeda:
1325 4725 1342 4753 ,
1369 4686 1580 4743 nobiles
1608 4702 1819 4758 pompa:
1844 4731 1859 4757 ,

282 4777 507 4850 magni‘
530 4787 660 4835 ante
686 4792 906 4834 currum
955 4792 1112 4851 reges
1134 4818 1151 4847 ,
1193 4787 1249 4836 et
1278 4779 1441 4851 longo
1486 4779 1681 4835 ordine
1709 4781 1867 4837 victae

1917 3297 1965 3363 C
1993 3305 2183 3371 gentes
2213 3298 2377 3373 285
2413 3299 2755 3373 agebantur?
2792 3299 3000 3370 Quibus
3029 3299 3269 3359 breviter
3299 3300 3593 3373 responde—

1993 3391 2162 3457 bitur,
2194 3400 2250 3446 et
2279 3393 2427 3461 ipsos
2456 3392 2523 3448 de
2554 3393 2890 3463 temporibus
2919 3392 3096 3449 solere
3125 3394 3377 3459 causari,
3409 3402 3464 3450 et
3491 3408 3592 3449 nos

1994 3499 2092 3554 pro
2134 3484 2327 3541 iisdem
2368 3485 2706 3557 temporibus
2747 3485 3047 3542 instituisse
3076 3500 3383 3542 sermonem
3415 3502 3429 3539 :
3462 3500 3585 3557 quae

1993 3583 2234 3645 tempora
2262 3589 2367 3630 non
2392 3574 2484 3630 uni
2509 3584 2715 3631 tantum
2743 3577 2859 3632 urbi
2885 3576 3164 3643 attributa,
3190 3576 3283 3631 sed
3314 3575 3437 3631 orbi
3462 3576 3584 3631 uni-

1992 3681 2154 3722 verso
2193 3675 2407 3722 constat
2454 3683 2575 3724 esse
2607 3668 2945 3723 communia.
2987 3666 3133 3722 Ecce
3162 3682 3322 3736 quam
3356 3665 3588 3720 feliciter

1990 3759 2162 3821 Roma
2196 3760 2384 3822 vincit,
2419 3768 2527 3814 tam
2556 3759 2854 3815 infeliciter
2884 3758 3149 3830 quidquid
3178 3766 3329 3815 extra
3359 3756 3587 3814 Romam

1988 3860 2105 3921 est,
2138 3850 2395 3907 vincitur.
2422 3850 2621 3917 Quanti
2654 3851 2817 3922 igitur
2841 3849 3133 3921 pendenda
3163 3857 3247 3905 est
3289 3858 3441 3920 gutta
3470 3847 3589 3909 haec

1988 3943 2274 3999 laboriosa:
2298 3943 2594 4008 felicitatis,
2622 3944 2709 4000 cui
2737 3943 3031 3999 ascribitur
3046 3942 3210 3999 unius
3232 3942 3384 3998 urbis
3409 3941 3584 3998 beati-

1990 4036 2118 4092 tudo
2146 4038 2198 4092 in
2230 4044 2376 4092 tanta
2404 4038 2546 4092 mole
2576 4036 2943 4104 infelicitatis,
2977 4052 3073 4108 per
3102 4052 3265 4109 quam
3292 4038 3470 4109 agitur
3501 4045 3581 4091 to-

1988 4129 2096 4185 tius
2124 4130 2275 4184 orbis
2299 4130 2559 4186 eversio?
2586 4130 2699 4187 Aut
2719 4130 2763 4185 si
2794 4130 2919 4186 ideo
2941 4128 3120 4186 felicia
3153 4138 3429 4199 putantur,
3456 4128 3582 4200 quia

1986 4222 2147 4277 unius
2169 4220 2407 4277 civitatis
2430 4235 2565 4293 opes
2590 4231 2765 4278 auctae
2793 4230 2940 4287 sunt,
2975 4235 3073 4277 cur
3099 4236 3205 4276 non
3239 4222 3421 4291 potius
3447 4220 3467 4252 ⁷
3501 4222 3585 4276 in-

1984 4314 2302 4372 felicissima
2338 4314 2687 4387 iudicentur,
2719 4315 2919 4388 quibus
2949 4314 3248 4371 miserabili
3274 4314 3582 4371 vastatione

1984 4410 2275 4463 multarum
2301 4409 2324 4442 ⁸
2347 4422 2411 4464 ac
2438 4408 2577 4464 bene
2618 4409 2993 4464 institutarum
3034 4406 3281 4477 gentium
3308 4406 3581 4477 potentis-

1983 4501 2121 4556 sima
2145 4515 2311 4572 regna
2351 4499 2704 4557 ceciderunt?
2733 4498 2817 4556 An
2843 4499 2987 4555 forte
3016 4498 3163 4553 aliud
3189 4507 3320 4554 tunc
3345 4496 3578 4553 Cartha-

1982 4593 2098 4667 gini
2123 4594 2430 4662 videbatur,
2471 4607 2595 4649 cum
2626 4602 2750 4665 post
2793 4607 2967 4650 annos
3005 4600 3225 4648 centum
3256 4600 3313 4648 et
3357 4591 3572 4661 viginti,

1972 4687 2170 4759 quibus
2208 4686 2375 4743 modo
2414 4686 2682 4744 bellorum
2728 4685 2934 4754 clades,
2982 4684 3146 4742 modo
3189 4685 3340 4755 pacis
3388 4683 3579 4741 condi-

1974 4782 2152 4840 tiones
2203 4781 2625 4867 perhorresceus
2659 4821 2676 4850 ,
2726 4783 2750 4817 '
2802 4794 2949 4837 nunc
2998 4778 3193 4837 rebelli
3240 4777 3567 4845 intentione,

1567 4939 2019 5000 llAVERCAMPl
2059 4943 2290 5001 NOTIE.

353 5056 497 5114 Cara
518 5055 561 5113 l.
591 5054 733 5113 3—1.
757 5054 1113 5113 Crebrescunt.
1142 5054 1245 5111 Ed.
1270 5055 1439 5125 Aug.,
1474 5063 1763 5111 creverunt.

2052 5057 2105 5113 5.
2130 5055 2337 5129 Ecquid
2362 5054 2804 5129 histemporibus.
2856 5056 2987 5129 Mss.
3021 5055 3228 5129 passim
3273 5069 3468 5129 omnes
3488 5097 3504 5124 ,
3531 5064 3580 5113 et

352 5127 410 5183 2.
437 5129 771 5226 Attendadnt.‘
789 5127 961 5198 Lugd.
988 5127 1129 5181 Batt.
1160 5135 1396 5197 quatuor
1422 5142 1543 5182 cum
1573 5126 1710 5182 Coll.
1736 5125 1872 5184 Gro—
1899 5164 1955 5226 Β
1978 5129 2107 5226 quiuit
2137 5125 2606 5226 I‘tis;temporibus;
2633 5129 2883 5226 Pegifgn.
2901 5171 2915 5195 ,
2936 5128 3066 5226 .islis
3094 5128 3435 5226 temporibus.

285 5214 440 5262 nov.,
470 5201 792 5269 appendant.

353 5271 409 5326 ὅ.
434 5267 551 5327 Sed
571 5271 836 5326 conniveo.
862 5282 996 5324 mss.
1027 5267 1146 5324 fere
1170 5283 1361 5325 omnes
1382 5270 1611 5325 cohibeo.
1641 5268 1697 5324 In
1722 5268 1871 5325 Flor.

287 5356 371 5413 pr.
401 5340 515 5396 haec
541 5342 744 5413 pagella
770 5341 947 5413 lacera
970 5350 1075 5405 est,
1101 5342 1152 5395 in
1178 5356 1293 5397 sec.
1317 5340 1573 5396 scribitur
1598 5339 1870 5408 conhibeo,

282 5411 378 5468 sed
423 5411 629 5482 puncto
655 5413 757 5467 sub
793 5411 976 5466 littera
1017 5428 1051 5465 n
1088 5413 1285 5481 posito,
1322 5413 1476 5482 quasi
1499 5426 1621 5481 qua:
1650 5425 1873 5480 supera-

280 5482 508 5539 bundet.
552 5481 919 5538 Conlirmatur
947 5497 1076 5537 vero
1105 5482 1231 5538 hinc
1266 5481 1575 5538 emendatio
1606 5491 1787 5537 nostra
1819 5482 1872 5537 in

284 5554 501 5609 Prtefat.
528 5554 622 5609 lih.
656 5568 734 5619 tv,
767 5568 955 5623 supra,
983 5568 1034 5623 p.
1072 5554 1217 5607 2H:
1250 5553 1377 5608 Non
1403 5564 1572 5608 tamen
1599 5554 1872 5620 conniveo,

282 5633 340 5678 ut
363 5627 518 5697 etiam
537 5626 1149 5697 asseruntcompamndo
1174 5628 1438 5697 graviora.
1641 5688 1647 5693 θ

353 5697 411 5749 4.
448 5693 727 5750 Videntur.
762 5693 937 5765 Lugd.
967 5696 1109 5751 Batt.
1138 5693 1361 5765 oittnes,
1392 5698 1690 5753 uideantur.
1726 5693 1869 5765 Mox,

285 5763 449 5833 fuisse
478 5766 729 5838 dicturos,
758 5763 1013 5824 Periculi.

2052 5202 2104 5255 6.
2131 5200 2266 5254 Ante
2286 5213 2677 5272 cu_rrumreges.
2704 5199 2841 5255 Edd.
2864 5207 3027 5265 vett.,
3046 5209 3171 5254 ante
3192 5215 3378 5254 currus
3406 5213 3574 5268 reges.

1979 5270 2217 5341 llittorp.
2252 5279 2309 5327 et
2337 5270 2617 5337 Bolsuing.
2636 5310 2649 5327 .
2670 5286 2818 5341 saepe
2842 5286 3007 5341 reges.

2050 5342 2103 5396 7.
2136 5340 2529 5408 Infelicissima.
2562 5340 2787 5397 Addunt
2813 5339 3047 5411 tempora
3075 5339 3247 5412 Lugd.
3281 5339 3423 5394 Batt.
3456 5346 3569 5393 tres

1980 5426 2103 5468 cum
2127 5414 2260 5469 Coll.
2287 5412 2527 5468 Gronov.

2052 5486 2105 5539 8.
2138 5484 2212 5538 Ac
2239 5484 2365 5538 bene
2392 5484 2753 5556 institutarum
2790 5485 3037 5556 gentium.
3073 5483 3319 5538 Perizon.
3352 5492 3411 5531 ac
3443 5493 3571 5547 pene

1978 5556 2307 5631 iit/initurum
2331 5556 2582 5631 gentium.
2613 5554 3089 5631 Nouginvenustez.
3190 5621 3200 5631 _

2051 5629 2105 5682 9.
2151 5625 2308 5681 Nunc
2331 5619 2526 5681 'rebellt'
2565 5628 2867 5690 intentione,
2898 5635 3003 5680 etc.
3044 5621 3261 5686 Nescio,
3294 5619 3566 5690 quomodo

1983 5697 2234 5771 Fabricio
2258 5697 2734 5771 placerekpolucrit
2765 5697 2927 5752 lectio
2951 5735 2965 5759 ,
2998 5707 3157 5762 quam
3185 5690 3572 5771 praeeuntibus

1981 5768 2106 5824 edd.
2142 5767 2381 5837 llittbrp.
2407 5777 2462 5826 ct
2482 5767 2759 5837 Bolsuing.
2785 5774 3001 5823 secutus
3032 5771 3119 5820 est
3145 5769 3308 5834 atque
3338 5767 3565 5831 recepit,
