4088 6170
513 266 624 328 919

1933 254 2143 318 PAULI
2164 256 2404 347 ouosn

3708 274 3808 336 θαι)

516 390 665 436 nunc
696 370 1011 446 suppliciis,
1040 368 1189 428 bello
1217 381 1406 440 pacem
1433 409 1449 438 ,
1487 382 1624 441 pace
1658 370 1902 429 mutabat
1924 371 2066 430 bella
2094 416 2109 444 ,
2138 376 2191 438 Α
2215 376 2273 432 in
2297 383 2479 447 portu,
2509 377 2579 435 ad
2608 392 2775 453 quem
2808 380 2887 440 illi
2923 384 3139 443 tandem
3183 399 3284 459 pro
3308 389 3612 451 evadendis
3642 395 3814 454 malo.

516 467 819 526 novissime
862 463 1078 521 miseris
1114 462 1328 519 civibus
1377 463 1580 534 passim
1619 478 1681 521 se
1709 465 1763 520 in
1812 464 1994 537 ignem
2032 467 2118 523 ul-

523 563 659 619 tima
701 559 1087 632 desperatione
1122 556 1487 628 jacientibus,
1521 572 1661 614 unus
1691 572 1856 629 rogus
1886 568 1998 616 tota
2040 560 2118 617 ci-

525 656 669 713 vitas
712 654 857 710 fuit?
900 652 985 709 cui
1013 652 1174 708 etiam
1219 666 1406 720 nunc,
1456 651 1563 707 situ
1602 667 1805 722 parvae,
1842 654 2115 711 moenibus

518 749 816 815 destitutm,
845 760 975 818 pars
1015 743 1363 799 miserarium
1396 751 1480 800 est
1502 786 1517 811 ,
1549 744 1742 801 audire
1763 745 1893 816 quid
1925 745 2111 803 fuerit.

521 845 572 880 ¹ο
605 842 744 899 Edat
781 838 1037 910 Hispania
1075 836 1403 893 sententiam
1443 851 1629 905 suam,
1664 851 1788 894 cum
1817 852 1918 910 per
1938 853 2114 896 annos

525 937 792 991 ducentos
835 931 1034 1001 ubique
1072 944 1231 1002 agros
1271 943 1401 985 suos
1438 929 1703 1000 sanguine
1743 940 1844 986 suo
1875 931 2110 1002 rigabat,

518 1002 1239 1097 importunumquebostem
1268 1021 1411 1078 ultro
1424 1021 1663 1078 osdatim
1687 1021 2078 1095 iuquietantem
2094 1065 2112 1093 ,

516 1132 623 1175 nec
648 1116 921 1188 repellere
946 1122 1183 1186 poterat,
1207 1128 1309 1171 nec
1333 1114 1605 1171 sustinere
1628 1133 1641 1169 :
1664 1129 1789 1170 cum
1819 1129 1900 1184 se,
1931 1115 1973 1148 ’ί
1997 1115 2112 1173 suis

525 1210 763 1269 diversis
792 1208 1020 1265 urbibus
1046 1222 1111 1264 ac
1136 1207 1293 1275 locis,
1328 1206 1482 1263 fracti
1509 1206 1661 1264 caede
1690 1207 1983 1277 bellorum,
2012 1209 2111 1266 ob-

520 1305 799 1362 sidionum
827 1301 974 1358 fame
1011 1300 1273 1358 exinaniti
1296 1341 1311 1367 ,
1358 1299 1666 1357 interfectis
1693 1300 2015 1373 coniugibus
2052 1315 2116 1359 ac

526 1398 717 1453 liberis
742 1396 876 1465 suis,
902 1394 972 1451 ob
990 1393 1232 1450 remedia
1248 1393 1591 1449 miseriarum
1614 1406 1886 1448 concursu
1910 1393 2113 1450 misero

524 1493 568 1523 ¹²
594 1505 658 1545 ac
672 1497 868 1545 'mutua
893 1487 1042 1544 caede
1060 1484 1559 1558 jugulabant.Quid
1589 1494 1717 1541 tunc
1738 1484 1806 1543 de
1830 1486 1946 1543 suis
1976 1493 2116 1543 tem-

515 1583 743 1655 poribus
765 1580 1054 1648 sentiebat,
1081 1579 1245 1651 286
1264 1579 1305 1610 ¹³
1325 1579 1438 1647 ipsa
1461 1585 1734 1647 postremo
1759 1578 1905 1633 dicat
1930 1576 2115 1634 Italia?

523 1691 622 1730 cur
649 1690 745 1745 per
775 1687 947 1728 annos
973 1672 1396 1742 quadringentos
1428 1668 1691 1725 Romanis
1721 1669 1905 1738 utique
1926 1668 1972 1701 "
2000 1667 2116 1725 suis

2218 486 2338 528 rum
2370 476 2785 545 tempestatibus
2811 478 3199 552 confugerunt,
3233 499 3334 540 nos
3372 488 3730 546 consistimus
3758 502 3811 549 et

2220 579 2526 623 manemus.
2574 568 2746 639 Igitur
2807 572 2852 604 “
2910 584 3098 630 nostra
3154 583 3405 649 tempora
3474 580 3813 655 viderimus,

2221 666 2401 715 utrum
2445 659 2672 718 felicia?
2715 672 2868 721 certe
2917 664 3161 725 feliciora
3210 669 3317 728 illis
3368 672 3643 740 ducimus,
3693 679 3819 748 quia

2218 750 2363 821 quod
2390 751 2467 808 illi
2494 752 2542 785 ³⁸
2569 754 2762 811 ultimo
2785 757 3133 829 delegerunt,
3161 777 3260 820 nos
3286 766 3546 824 continue
3571 771 3818 839 posside-

2220 858 2364 901 mus.
2391 845 2719 919 Inquietudo
2739 853 2886 908 enim
2916 853 3203 922 bellorum,
3229 873 3334 928 qua
3364 859 3443 916 illi
3468 862 3643 920 attriti
3669 877 3819 935 sunt,

2217 939 2374 996 nobis
2411 941 2598 1013 ignota
2650 952 2755 1000 est.
2800 945 2858 1001 In
2896 947 3009 1003 otio
3038 956 3242 1019 autem,
3267 952 3412 1024 quod
3454 954 3537 1010 illi
3569 968 3694 1027 post
3723 959 3826 1015 im-

2218 1031 2432 1101 perium
2487 1031 2763 1104 Caesaris,
2823 1037 3272 1113 nativitatemque
3323 1043 3527 1102 Christi
3584 1050 3823 1107 tenuiter

2218 1132 2604 1194 gustaverunt,
2658 1143 2759 1186 nos
2809 1131 3088 1188 nascimur
3133 1143 3192 1190 et
3237 1137 3615 1194 senescimus:
3678 1142 3824 1211 quod

2218 1217 2330 1272 illis
2360 1228 2478 1274 erat
2518 1219 2704 1277 debita
2742 1223 2939 1293 pensio
2966 1224 3285 1292 servitutis,
3329 1227 3488 1285 nobis
3517 1240 3606 1288 est
3645 1231 3820 1290 libera

2218 1309 2437 1367 collatio
2501 1312 2882 1371 defensionis:
2952 1324 3292 1389 tamtumque
3356 1319 3587 1378 interest
3657 1323 3813 1380 inter

2218 1403 2493 1472 praeterita
2550 1406 2952 1477 praesentiaque
3006 1416 3286 1481 tempora,
3339 1421 3401 1467 ut
3452 1414 3601 1485 quod
3645 1415 3822 1474 Roma

2219 1496 2273 1552 in
2323 1515 2480 1555 usum
2520 1499 2751 1558 luxuriae
2799 1518 2913 1561 suae
2961 1504 3112 1564 ferro
3163 1510 3525 1581 extorquebat
3573 1512 3622 1545 “
3665 1527 3696 1568 a
3726 1528 3829 1570 no-

2218 1589 2390 1656 stris,
2444 1592 2604 1663 287
2657 1608 2801 1650 nunc
2839 1595 3100 1662 in.usum
3146 1601 3454 1659 communis
3500 1603 3825 1675 reipublic:

2218 1680 2469 1738 conferat
2498 1686 2614 1756 ipsa
2662 1686 2973 1743 nobiscum.
3038 1689 3149 1746 Aut
3184 1692 3233 1747 si
3271 1692 3340 1749 ab
3372 1693 3553 1766 aliquo
3596 1696 3824 1765 dicitur,

522 1767 880 1835 contradixit,
908 1764 1135 1830 obstitit,
1169 1763 1515 1834 repugnavit,
1562 1764 1608 1818 si
1637 1777 1826 1817 eorum
1857 1761 2111 1830 relicuas.
2144 1770 2194 1833 Β
2222 1774 2617 1835 tolerabiliores
2662 1780 2979 1849 parentibus
3044 1782 3247 1841 nostris
3310 1761 3586 1845 Romanos
3637 1788 3831 1846 hostes

518 1876 617 1918 sua
640 1860 929 1917 infelicitas
954 1872 1061 1913 non
1088 1865 1226 1924 erat,
1252 1856 1639 1927 Romanosque
1661 1855 1781 1911 fieri
1807 1871 1988 1913 rerum
2018 1857 2117 1913 do-

521 1953 705 2010 minos
745 1951 908 2008 bonis
946 1947 1329 2005 communibus
1378 1962 1490 2003 non
1520 1946 1821 2004 obstabat?
1867 1947 1986 2003 Non
2033 1962 2121 2004 re-

517 2048 678 2118 quiro
725 2045 795 2100 de
845 2042 1150 2100 innumeris
1199 2040 1540 2097 diversarum
1592 2041 1833 2111 gentium
1881 2042 2117 2113 populis,

528 2138 624 2193 diu
654 2146 813 2193 antea
842 2134 1062 2202 liberis,
1093 2142 1221 2190 tunc
1249 2132 1396 2190 bello
1421 2132 1610 2199 victis,
1645 2133 1816 2204 patria
1844 2133 2118 2201 abductis,

513 2230 697 2300 pretio
721 2228 958 2284 venditis
978 2268 994 2295 ,
1022 2226 1068 2258 ’⁵
1093 2226 1361 2282 servitute
1384 2223 1675 2297 dispersis,
1700 2225 1828 2296 quid
1859 2237 1988 2283 tunc
2016 2226 2121 2282 sibi

515 2320 838 2387 maluerint,
869 2319 914 2351 ¹⁶
941 2317 1069 2390 quid
1104 2316 1172 2373 de
1198 2315 1463 2372 Romanis
1492 2316 1697 2387 Opinati
1727 2318 1859 2384 sint,
1893 2316 2023 2387 quid
2052 2315 2122 2373 de

515 2413 855 2485 temporibus
887 2409 1203 2482 judicarint.
1238 2408 1441 2464 Omitto
1460 2409 1527 2464 de
1558 2409 1779 2480 regibus
1800 2424 2120 2481 magnarum

518 2518 706 2575 opum,
736 2517 1059 2572 magnarum
1088 2501 1308 2569 virium,
1334 2515 1546 2569 magna:
1567 2500 1779 2571 gloriae,
1813 2501 1902 2556 diu
1926 2508 2118 2572 poten-

520 2594 790 2661 tissimis,
839 2591 1134 2662 aliquando
1189 2590 1406 2661 captis,
1473 2591 1747 2648 serviliter
1819 2594 2116 2665 catenatis,

518 2686 566 2718 ³⁷
596 2685 697 2741 sub
718 2685 908 2756 jugum
931 2684 1135 2750 missis,
1165 2690 1292 2738 ante
1316 2697 1536 2738 currum
1563 2685 1721 2751 actis,
1751 2684 1794 2716 “'
1820 2685 1871 2740 in
1897 2699 2120 2742 carcere

518 2779 806 2835 trucidatis
835 2794 850 2844 ;
875 2792 1107 2847 quorum
1148 2784 1256 2830 tam
1289 2776 1516 2831 stultum
1541 2784 1625 2831 cst
1668 2775 1959 2846 exquirere
1987 2792 2117 2833 sen-

515 2870 778 2936 tentiam,
822 2882 985 2940 quam
1024 2866 1220 2922 durum
1257 2882 1366 2922 non
1395 2866 1585 2922 dolere
1628 2868 1928 2924 miseriam.
1974 2868 2116 2942 Nos,

512 2977 617 3020 nos
645 2962 864 3033 inquam
908 2962 1086 3033 ipsos,
1120 2961 1358 3031 vitaeque
1389 2971 1592 3016 nostrae
1640 2960 1963 3020 electionem
1984 3007 1999 3032 ,
2031 2965 2120 3021 cui

518 3054 892 3126 acquievimus
917 3094 933 3120 ,
987 3053 1360 3110 consulamus.
1395 3052 1629 3123 Majores
1677 3054 1854 3110 nostri
1898 3055 2043 3113 bella
2073 3057 2119 3091 ιθ

2222 1866 2414 1935 fuisse,
2434 1885 2596 1941 quam
2630 1872 2788 1929 nobis
2815 1873 3024 1932 Gothos
3051 1890 3175 1934 esse
3200 1896 3214 1931 :
3246 1878 3429 1936 audiat
3456 1887 3512 1937 et
3534 1882 3829 1955 intelligat,

2223 1971 2427 2032 quanto
2465 1964 2647 2031 aliter,
2692 1980 2852 2037 quam
2888 1968 3034 2024 circa
3061 1970 3305 2041 seipsum
3333 1973 3528 2044 agitur,
3558 1973 3664 2031 sibi
3693 1990 3826 2034 esse

2222 2055 2491 2117 vﬂcatur.
2523 2057 2690 2129 Olim,
2716 2073 2841 2115 cum
2868 2060 3012 2116 bella
3041 2069 3157 2119 toto
3177 2064 3313 2121 orbe
3337 2064 3641 2136 fervebant,
3674 2085 3835 2139 quae-

2223 2163 2329 2220 quc
2381 2149 2663 2219 provincia
2710 2151 2824 2207 suis
2870 2154 3127 2224 regibus,
3174 2156 3291 2212 suis
3321 2156 3556 2230 legibus,
3588 2163 3835 2231 suisque

2225 2240 2473 2295 moribus
2520 2240 2807 2298 utebatur:
2857 2258 2958 2300 nec
3006 2255 3126 2302 erat
3171 2248 3406 2305 societas
3447 2249 3832 2325 alfectionum,

2224 2332 2318 2388 ubi
2355 2332 2657 2390 dissidebat
2693 2334 2982 2393 diversitas
3010 2346 3362 2407 potestatum.
3408 2344 3696 2400 Postremo
3722 2360 3829 2402 so-

2225 2424 2369 2481 lutas
2396 2434 2452 2481 et
2480 2425 2741 2484 barbaras
2776 2438 2966 2500 gentes
2995 2431 3043 2464 ²³
3070 2431 3200 2503 quid
3238 2434 3454 2492 tandem
3485 2436 3550 2491 ad
3580 2438 3831 2494 societa-

2227 2524 2335 2573 tem
2380 2516 2675 2576 adduceret
2701 2563 2718 2590 ,
2767 2536 2904 2593 quas
2932 2522 3163 2581 diversis
3192 2540 3473 2583 sacrorum
3505 2528 3713 2586 ritibus
3740 2530 3836 2586 in-

2225 2608 2485 2679 stitutas,
2543 2609 2711 2666 etiam
2756 2612 2948 2684 religio
2999 2615 3330 2686 separabat?
3381 2616 3438 2675 Si
3482 2618 3601 2690 quis
3652 2620 3837 2691 igitur

2226 2707 2374 2766 tunc,
2398 2701 2701 2760 acerbitate
2726 2705 2993 2761 malorum
3022 2706 3219 2777 victus,
3244 2711 3476 2781 patriam
3504 2727 3626 2768 cum
3657 2714 3836 2774 hoste

2224 2788 2489 2862 deseruit,
2514 2808 2675 2865 quem
2699 2796 2915 2853 tandem
2943 2799 3183 2870 ignotum
3203 2801 3382 2859 locum
3403 2803 3617 2876 ignotus
3637 2807 3835 2865 adiit?
3850 2801 3871 2811 “

2223 2881 2394 2949 Quam
2420 2895 2639 2956 gentem
2669 2890 3001 2959 generaliter
3029 2893 3237 2950 hostem
3270 2893 3444 2952 hostis
3468 2898 3650 2954 oravit
3667 2901 3694 2954 ἲ
3718 2900 3833 2958 Cui

2222 2991 2285 3033 se
2311 2991 2609 3048 congressu
2638 2980 2817 3050 primo
2847 2982 3105 3054 credidit,
3140 3000 3247 3041 non
3276 2988 3545 3045 societate
3569 2992 3829 3051 neminis

2170 3102 2186 3109 —
2225 3068 2483 3124 invitatus
2506 3111 2523 3137 ,
2570 3087 2682 3127 non
2728 3077 3114 3133 communione
3134 3077 3274 3149 juris
3301 3080 3349 3112 “
3369 3080 3634 3139 adductus
3658 3126 3675 3151 ,
3705 3102 3829 3144 non

524 3153 834 3218 gesserunt,
882 3143 1041 3202 bellis
1075 3143 1305 3215 fatigati,
1346 3159 1537 3215 pacem
1589 3153 1862 3216 petentes,
1917 3147 2112 3204 tributa

2223 3161 2502 3232 religionis
2528 3163 2740 3221 unitate
2769 3168 3035 3229 securus?
3065 3143 3153 3225 An
3172 3185 3364 3242 parum
3390 3174 3623 3245 exempli
3652 3143 3701 3209 ίτ
3722 3178 3836 3235 dc-

520 3239 860 3297 obtulcrunt.
888 3237 934 3269 ²⁰
955 3236 1265 3305 Tributum,
1294 3237 1532 3308 pretium
1559 3236 1712 3307 pacis
1742 3247 1848 3295 est.
1880 3239 1988 3298 Nos
2016 3243 2114 3298 tri-

518 3333 650 3389 buta
678 3330 721 3364 ²¹
752 3330 1112 3403 dependimus
1131 3371 1146 3399 ,
1179 3344 1248 3387 ne
1277 3329 1416 3386 bella
1438 3330 1710 3402 patiamur
1743 3350 1757 3389 :
1788 3347 1852 3389 ac
1881 3348 1981 3405 per
2012 3336 2114 3395 hoc

2223 3250 2441 3320 derunt,
2474 3254 2521 3287 ’⁸
2552 3254 2766 3313 Busiris
2809 3258 2862 3313 in
2911 3258 3148 3333 Egypto
3190 3264 3595 3335 peregrinorum
3620 3267 3827 3325 infeli-

2218 3342 2355 3400 citer
2383 3344 2780 3404 incurrentium
2810 3349 3171 3423 impiissimus
3220 3354 3570 3426 immolator;
3602 3360 3653 3395 ”
3686 3377 3829 3420 crn-

1781 3493 2232 3559 HAVERCAMPI
2269 3503 2517 3565 NOTE.
2579 3547 2583 3551 -

515 3654 653 3696 nunc
693 3631 874 3689 rebelli
920 3630 1226 3706 intentione,
1265 3645 1404 3706 nunc
1428 3627 1699 3706 suppliciis
1719 3631 1860 3706 belli
1901 3650 2103 3706 pacem,

515 3726 652 3767 nunc
678 3722 804 3778 pace
847 3702 1077 3778 mutabat
1108 3700 1437 3778 bella._bfalc
1474 3700 1590 3758 haec
1619 3710 1674 3758 et
1699 3700 2108 3778 distinguuntur

519 3792 574 3839 et
600 3771 933 3836 scribuntur.
966 3771 1198 3845 Ego‘sic
1228 3773 1586 3845 distinguoct
1635 3774 1843 3844 reliqua
1872 3771 1938 3831 cr
1972 3792 2102 3834 mss.

516 3862 575 3908 et
600 3858 730 3906 vett.
761 3846 888 3902 edd.
917 3843 1149 3919 emendo
1175 3862 1187 3896 :
1223 3860 1360 3897 nunc
1384 3843 1562 3898 rebelli
1584 3843 1865 3919 intentione
1895 3848 1967 3919 (id
1999 3858 2104 3914 est,

514 3924 662 3977 malo
690 3918 904 3979 animo,
937 3923 995 3970 et
1045 3915 1116 3970 ad
1162 3922 1374 3987 tempus
1399 3916 1833 3987 accommodato,
1861 3915 1966 3987 quo
1993 3936 2108 3975 me-

516 3993 626 4047 lius
652 3987 1086 4060 posteaubgcllum
1124 3984 1343 4039 refectis
1369 3985 1583 4060 viribus
1610 4001 1813 4060 gerere
1835 3984 2104 4058 poscent),

517 4054 671 4117 nunc'
702 4056 973 4129 suppliciis
1021 4055 1183 4129 (nam
1225 4054 1482 4126 supplici,
1525 4059 1723 4129 extrita
1765 4054 1952 4112 ultima
2000 4054 2108 4129 sy];

514 4133 640 4188 laba
672 4124 874 4183 habent
913 4124 1093 4194 mssQ),
1124 4124 1176 4178 id
1203 4124 1295 4196 est
1314 4140 1441 4196 vere
1458 4133 1526 4196 Aet
1546 4141 1615 4179 ex
1635 4126 1821 4182 animo
1848 4124 2107 4196 profectis

515 4198 889 4273 precibusiut
912 4196 1038 4273 victi
1064 4195 1299 4273 miseriis
1340 4194 1490 4260 belli,
1525 4206 1580 4251 ct
1617 4197 1767 4266 pacis
1796 4194 1933 4273 bona
1962 4202 2106 4258 desi-

515 4265 823 4341 derantes),
850 4268 981 4341 bello
1001 4282 1183 4341 pacem
1203 4265 1502 4341 (espuncto
1520 4265 1677 4341 nunc,
1703 4271 1843 4341 quod
1866 4269 1956 4326 hic
1974 4287 2107 4328 con-

514 4354 599 4402 tra
631 4356 761 4400 mss.
776 4336 1130 4412 'intruditur),
1155 4336 1278 4407 pace
1302 4337 1537 4412 mutabat
1558 4336 1867 4396 bellafblss.
1901 4345 2102 4412 passim

515 4430 707 4472 omnes
753 4411 901 4466 bellis
954 4409 1186 4481 habent,
1237 4408 1635 4481 quodquidem
1682 4408 1977 4481 respondet
2023 4416 2103 4471 illi

510 4460 936 4554 iamcum.
955 4460 1275 4554 ’ὸὶῖιὶέζὲείιτ
1290 4460 2103 4554 *sjuuauaﬁ"ufciisum:ii;
2131 4460 2182 4520 ί)

515 4550 665 4614 Flor.
690 4550 803 4629 sec.
823 4554 1014 4629 legitur
1036 4552 1188 4617 bello,
1204 4550 1347 4622 quod
1366 4566 1479 4629 prae
1496 4552 1726 4629 reliquis
1740 4553 1932 4622 placet.
1955 4557 2101 4629 Sup-

520 4630 681 4700 plicia
707 4670 721 4695 ,
781 4627 965 4681 ἱκεσίαι
990 4664 1006 4689 ,
1067 4637 1167 4692 pro
1221 4624 1752 4700 supplicationibus,
1795 4624 2105 4700 occurrunt

516 4693 660 4779 apud
681 4693 926 4779 optimos
943 4702 1216 4779 angores,
1242 4693 1652 4779 utVarlr‘o‘uetu.
1681 4693 1949 4779 Tacitum,
1981 4699 2105 4755 Sal-

514 4764 762 4829 rusum.
814 4767 862 4823 Is
912 4764 1231 4842 in_Catilitl_.
1271 4778 1392 4834 cap.
1435 4764 1504 4818 60
1521 4764 1708 4842 _:__Nou
1748 4769 1901 4836 votis,
1936 4764 2103 4842 neque

515 4844 788 4912 suppliciis
816 4839 1148 4893 muliebribus
1175 4838 1389 4891 deorum
1409 4837 1605 4891 auxilia
1635 4849 1904 4908 parantur.

591 4913 679 4967 10.
712 4913 873 4968 Edat.
894 4913 1042 4968 Flor.
1071 4923 1210 4975 sec.,
1238 4917 1460 4964 επεν-αι.

588 4981 675 5037 il.
722 4984 875 5057 Sitis.
906 4982 1012 5057 Ed.
1058 4988 1219 5057 A_u_g.,
1248 4981 1435 5057 quique
1459 4978 1700 5057 diversis.
1726 4980 1889 5057 Forte
1914 4984 2104 5057 legcn.

512 5050 665 5116 dum,
687 5050 1013 5108 suis'diversi
1028 5050 1497 5125 urbibus,gvelsuis
1518 5053 1705 5125 sparsis
1727 5050 2101 5125 urbibus,'etc.

588 5122 679 5176 12.
708 5124 783 5176 Ac
824 5134 1005 5179 mutua
1029 5124 1188 5179 cwde.
1221 5123 1393 5180 Sicuti
1433 5122 1596 5179 modo
1612 5122 1960 5195 Carthaginis
1988 5131 2103 5185 rui-

514 5209 639 5250 nam
692 5198 1050 5262 memoravit,
1095 5196 1167 5250 ita
1222 5209 1366 5249 nunc
1398 5196 1465 5248 ad
1503 5195 1777 5251 excidium
1819 5197 2104 5255 Numanti-

518 5281 651 5345 num
697 5266 940 5335 respicit.
971 5266 1645 5345 Sustuligdistinctionem,
1679 5284 1804 5340 quae
1834 5277 1976 5332 male
2009 5290 2106 5345 po-

513 5339 748 5416 nebatur
778 5346 898 5407 post
938 5353 1129 5395 vocem
1170 5342 1349 5416 fracti,
1387 5353 1456 5416 _et
1479 5353 1607 5399 ante
1631 5339 1880 5402 eamdem
1924 5339 2099 5416 posui.

711 5408 838 5487 psa
860 5408 1659 5487 postremouCudAenPerizon.,
1678 5418 1798 5487 jam
1824 5408 2099 5487 posiremo.

590 5478 680 5534 Η.
705 5478 1058 5537 διιίσ.Ἀϋθει
1085 5496 1114 5534 a
1143 5482 1316 5551 Lugd.
1348 5484 1465 5539 But.
1497 5501 1615 5542 sec.

713 5552 992 5637 Ser-vitate.
1040 5552 1209 5637 Lugd:
1239 5553 1358 5609 Bat.
1390 5562 1517 5612 tert.
1563 5564 1619 5637 et
1656 5554 1795 5637 Coll.
1829 5556 2100 5631 Gronov.,

510 5622 743 5677 servitio.
773 5622 897 5678 Mox
927 5633 1048 5679 tunc
1074 5622 1272 5681 in'Meo
1300 5640 1405 5682 ms.
1437 5642 1546 5684 non
1571 5627 1871 5685 invenitur.

512 5752 524 5761 ε
588 5693 677 5766 ig.
705 5692 864 5766 Quid.
891 5692 1030 5752 Coll.
1050 5695 1320 5765 Gronov.,
1346 5699 1457 5766 qui.

585 5762 677 5821 17.
705 5764 816 5819 Sub
834 5768 1046 5839 jugum,
1080 5762 1323 5828 Florent.
1351 5762 1491 5843 Sec.,
1523 5770 1615 5827 sub
1635 5771 1789 5844 jugo.

2404 3639 2473 3698 In
2503 3658 2712 3724 carcere
2750 3646 3044 3724 trucidatis.
3093 3650 3173 3724 Iu_
3198 3652 3521 3724 quibusdam
3561 3656 3824 3720 Vetustis

2211 3709 2415 3782 legitur
2436 3713 2572 3795 ,ﬂlrt
2606 3732 2866 3795 carcerem
2914 3721 3095 3795 trusis.
3133 3709 3318 3795 Faba.
3351 3709 3425 3769 ἐζ-
3450 3709 3831 3795 σξιοᾶνὲὖῖξῆ

2252 3798 2437 3862 noque
2455 3784 2902 3862 C_oll._Gron_ov.,
2930 3807 3053 3862 quae
3085 3793 3246 3850 habet
3278 3796 3330 3850 in
3361 3784 3613 3855 carcerem
3644 3784 3827 3859 tritici:

2252 3856 2373 3928 alis.
2405 3856 2513 3928 Sed
2538 3859 2755 3928 vulgata
2784 3856 3202 3919 lcctio‘omnino
3231 3880 3363 3923 sana
3388 3878 3491 3924 est.

2406 3925 2709 4006 gesserunt.
2727 3930 2891 4006 _Flor.
2925 3948 3036 4002 pr.,
3068 3947 3351 4006 gesserant.

2406 3997 2696 4074 Tributum.
2727 3996 3293 4074 Etl.iAug.,rli'ibulum
3320 4026 3458 4067 vero.

2283 4066 2374 4150 .
2405 4069 2773 4150 Qgpeudimus.
2808 4066 3227 4150 Eddfquacdam
3262 4090 3393 4136 vett.
3423 4083 3720 4150 pendimus.

2282 4138 2373 4225 ξε.
2424 4138 2623 4225 Ιγρειτα
2671 4152 2926 4225 tempora.
2983 4138 3076 4202 Sic
3122 4158 3273 4225 recte
3320 4138 3510 4225 Vulgg.
3553 4138 3821 4223 quamvis

2212 4222 2347 4264 mss.
2372 4211 2592 4294 quidam
2623 4211 3009 4294 scribattt‘nos,
3043 4226 3178 4288 ctc.,
3212 4219 3355 4277 inter
3382 4211 3520 4294 quos
3549 4211 3816 4286 [scriniis—1:

2212 4288 2266 4367 et
2297 4288 2407 4367 tres
2457 4281 2730 4367 Elo_rentt.
2780 4286 2835 4341 in
2886 4281 3118 4359 quorum
3163 4281 3333 4349 tertio
3378 4281 3819 4367 superscribitur

2211 4348 2439 4417 Vulgata
2470 4353 2653 4411 lectio.

2279 4423 2624 4515 ρίιξςιο.
2796 4427 2939 4502 Aug.
2973 4440 3029 4488 et
3054 4448 3188 4490 mss.
3221 4436 3486 4510 plerique,
3515 4439 3642 4495 cod.
3673 4458 3822 4515 quo-

2207 4507 2311 4565 que
2333 4494 2610 4565 Longob.,
2632 4498 2831 4555 ultime.

2277 4563 2701 4654 ξλι.ᾼι“ῃοδςςίε.
2734 4571 3061 4654 Ρςῳροεῑιὶᾳ
3099 4577 3155 4631 in
3184 4579 3309 4635 cod.
3344 4579 3517 4654 Long.
3556 4597 3668 4641 non
3703 4601 3812 4644 ex-

2205 4642 2335 4704 stat,
2368 4637 2464 4692 sed
2495 4640 2756 4696 scribitur
2777 4637 3093 4703 ibi-uostris.

2413 4707 2553 4791 Quid
2596 4712 2828 4791 tandem.
2880 4714 3014 4772 Cum
3064 4728 3265 4789 praeter
3308 4723 3401 4780 ed.
3449 4726 3685 4791 August.
3737 4729 3813 4785 ita

2205 4776 2643 4868 e‘rlribea‘ntares
2677 4783 2973 4868 Flor-culta
3005 4776 3272 4859 praeterea
3298 4776 3490 4863 biens,
3518 4776 3810 4868 $63206:

2206 4845 2347 4937 ρης.
2385 4860 2450 4935 ⁸«ει
2494 4852 2668 4937 Lugd.
2720 4855 2869 4913 Batt.
2919 4845 3271 4937 ἓὲι-ἰηγίργύῑξ
3298 4845 3808 4937 ﬁu'dtiu’e'diééié'ni

2206 4920 2644 5009 scripsiss'e'quid
2668 4968 2683 4994 ,
2719 4941 2831 5009 non
2851 4931 3003 5009 quis,
3038 4920 3096 4987 ut
3124 4920 3191 5009 fin
3226 4920 3814 5009 νίιῖεέέεέιίίδῆἷί

2205 4995 2421 5048 ιένείιαε
2449 4993 2596 5049 Flor.
2631 4993 2710 5064 pr.
2746 4993 2908 5058 habet
2935 4993 3240 5061 adversitas.

2205 5064 2706 5191 d‘26.dAldductus.
2760 5069 2899 5129 Ultr.
2947 5074 3210 5145 addictus,
3260 5087 3402 5136 utet
3438 5079 3586 5139 νεα.
3640 5098 3809 5156 quae-

2244 5151 2329 5190 .m
2356 5153 2386 5191 e
2427 5158 2439 5190 ι
2468 5178 2482 5191 .

2244 5149 2329 5190 am
2356 5149 2482 5193 edd.

2411 5207 2702 5289 galerum.
2733 5212 2903 5289 Lugd.
2932 5217 3074 5272 Bait.
3107 5226 3244 5289 tres,
3268 5222 3505 5279 dederat.

2409 5280 2620 5366 .I'iusiris
2658 5285 2714 5339 in
2748 5278 3005 5366 Λῇζωξζο.
3056 5289 3141 5366 De
3176 5278 3399 5348 crudeli
3425 5295 3803 5366 hospitalitate

2206 5347 2474 5427 Busiridis
2501 5353 2620 5426 lege
2644 5371 2766 5427 cap.
2798 5347 2992 5415 l'i'lih.
3028 5376 3067 5418 ι.
3099 5360 3265 5417 Fasti.

2276 5422 2370 5506 “2.9.
2410 5422 2789 5506 GrudElis‘siina
2831 5428 2973 5485 circa
3012 5434 3255 5506 advenas.
3305 5435 3499 5493 Tauris
3525 5437 3794 5506 Ponticis,

2205 5491 2281 5575 ait
2306 5494 2579 5575 Arnobius
2627 5499 2726 5575 |i_b.
2771 5516 2879 5575 vnt_
2908 5512 2962 5575 ct
2991 5502 3247 5575 Egyptio
3266 5491 3500 5563 Busiridi
3525 5491 3797 5568 ritusituii

2205 5565 2450 5639 hospites
2497 5568 2802 5627 immolare.
2849 5573 2955 5628 Sed
2993 5565 3408 5632 dev'Taurorum
3451 5565 3793 5639 immanitate

2206 5635 2347 5718 Mela
2373 5636 2503 5718 libr.
2525 5655 2585 5706 ιι,
2617 5653 2736 5718 cap.
2774 5642 2825 5698 1.
2865 5643 2947 5718 De
2980 5660 3099 5718 ara,
3121 5648 3189 5702 ad
3217 5662 3377 5718 quam
3403 5649 3567 5706 Tauri
3596 5635 3787 5709 Diana;

2205 5706 2451 5791 advenas
2492 5706 2874 5791 immolabant,
2914 5706 3135 5776 Ovidius
3172 5706 3431 5778 in‘tertio
3478 5722 3549 5780 de
3587 5706 3782 5791 Ponto,

2206 5776 2484 5836 Juvenalis
2506 5791 2686 5853 satyra
2711 5785 2798 5843 15.
2832 5784 2999 5845 ΕΔΜ.
