4088 6170
313 267 419 326 921

1379 257 1855 318 HISTORIARUM
1895 259 2101 317 LIBER
2143 261 2209 319 ν.
2253 262 2409 320 CAP.
2455 262 2548 321 Ill.

3507 262 3617 320 922

315 379 596 440 delissima
639 379 786 436 circa
835 376 1073 434 advenas
1112 375 1156 409 ³ο
1204 374 1387 431 Dianae
1425 374 1670 430 Tauricae
1698 373 1902 441 littora,
1937 378 1988 440 Α
2014 378 2226 449 ignotus
2251 392 2558 446 accessero,
2581 378 2922 450 repentinam
2952 378 3059 435 vim
3083 385 3355 450 tamquam
3385 377 3617 434 (ιοειίιυ-

312 479 411 536 sed
437 476 610 548 magis
634 491 792 531 sacra
825 472 1067 528 crudelia
1095 513 1110 538 ,
1140 471 1182 502 ³¹
1216 468 1446 525 Thracia
1474 483 1595 524 cum
1623 467 1911 540 Polymne—

313 581 464 628 store
495 585 594 626 suo
638 582 810 638 usque
852 565 922 621 ad
957 565 1294 635 pr0pinquos
1325 561 1569 631 hospites
1599 559 1911 614 scelerata?

315 665 384 720 Et
405 678 472 719 ne
485 659 902 732 antiquitatibus
924 657 1110 713 videar
1129 655 1437 722 immorari,
1455 652 1612 708 testis
1637 662 1718 706 est
1742 652 1910 706 Roma

314 756 385 813 de
411 754 673 825 Pompeio
696 750 992 808 interfecto
1015 791 1032 819 ,
1084 747 1238 804 testis
1277 746 1548 818 Egyptus
1571 745 1616 777 ³³
1644 744 1712 800 de
1744 744 1911 799 inter-

317 850 527 906 fectore
558 846 883 904 Ptolemmo.

842 939 1008 1011 233
1043 935 1274 993 CAPUT
1315 933 1381 990 ll.

322 1039 511 1096 Oresio
533 1078 551 1107 ,
585 1043 763 1109 utpote
789 1032 1088 1115 Christiano
1116 1030 1357 1096 homini,
1403 1027 1590 1096 ubique
1630 1024 1832 1098 patria,
1865 1033 1912 1080 et

759 1121 940 1177 quovis
969 1120 1181 1158 securus
1215 1116 1470 1154 accessus.

391 1223 521 1282 Mihi
550 1229 756 1287 autem,
789 1219 963 1290 prima
996 1217 1012 1247 ί
1043 1215 1452 1287 qualiscumque
1484 1219 1670 1266 motus
1701 1216 1917 1279 pertur-

316 1317 540 1374 batione
585 1311 858 1384 fugienti,
903 1309 1027 1380 quia
1077 1307 1145 1362 de
1189 1304 1530 1375 confugiendi
1559 1303 1794 1357 statione
1823 1315 1912 1356 se-

319 1424 478 1476 curo,
511 1407 712 1480 ubique
743 1405 940 1476 patria,
971 1403 1172 1472 ubique
1203 1401 1293 1456 lex
1336 1409 1390 1455 et
1418 1399 1611 1467 religio
1643 1410 1760 1452 mea
1793 1404 1916 1450 est:

316 1515 462 1557 nunc
499 1513 588 1555 me
634 1497 820 1573 Africa
867 1504 976 1550 tam
1007 1494 1239 1548 libenter
1272 1490 1524 1561 excepit,
1558 1504 1718 1560 quam
1742 1486 1916 1542 conﬁ-

315 1597 508 1651 denter
537 1592 747 1649 accessi
774 1606 789 1645 :
820 1603 964 1644 nunc
986 1602 1097 1653 me,
1130 1587 1376 1656 inquam,
1409 1585 1509 1640 ista
1541 1582 1725 1638 Africa
1756 1595 1914 1636 exec-

316 1689 394 1760 pit
426 1701 558 1760 pace
581 1684 814 1755 simplici
842 1723 859 1748 ,
892 1683 1013 1737 sinu
1045 1679 1271 1753 proprio
1295 1723 1309 1746 ,
1347 1678 1470 1748 jure
1501 1677 1775 1733 communi
1803 1719 1817 1744 ,
1848 1674 1918 1729 de

315 1796 420 1852 qua
451 1776 755 1851 aliquando
787 1775 1016 1844 dictum,
1049 1781 1106 1830 et
1135 1787 1260 1828 vere
1286 1771 1486 1827 dictum
1517 1779 1622 1838 est,

694 1927 710 1941 .
743 1927 758 1940 .
797 1925 811 1939 .
849 1924 864 1938 .
897 1886 1123 1948 Hospitio
1147 1885 1464 1948 prohibemur
1484 1894 1670 1948 arente,

566 1951 706 2004 Bella
728 1955 879 2013 cient,
899 1947 1156 2013 primaque
1179 1953 1344 1996 vetant
1359 1947 1635 1996 consistere
1661 1953 1793 1995 terra
1817 1955 1830 1992 :

312 2061 471 2118 Nunc
499 2060 640 2114 ultro
672 2058 737 2112 ad
779 2054 1160 2126 suscipiendos
1199 2052 1380 2108 socios
1420 2051 1700 2120 religionis
1733 2059 1788 2107 et
1815 2064 1911 2120 pa-

314 2153 396 2209 cis
427 2166 540 2207 sutc
569 2148 900 2205 benevolum
924 2146 1030 2202 late
1051 2146 1320 2216 gremium
1351 2144 1567 2214 pandit,
1593 2154 1753 2214 atque
1771 2143 1914 2198 ultro

315 2246 494 2302 fessos
520 2284 537 2311 ,
567 2256 703 2313 quos
733 2240 914 2296 foveat
940 2283 954 2306 ,
995 2240 1208 2294 invitat.
1240 2236 1498 2292 Latitudo
1527 2236 1788 2303 Orientis,
1825 2249 1911 2289 se-

315 2333 649 2406 ptentrionis
695 2331 992 2403 copiositas
1019 2372 1034 2397 ,
1082 2329 1385 2385 meridiana
1413 2326 1661 2394 dijl‘usio,
1693 2341 1916 2396 magna-

327 2443 449 2483 rum
507 2424 804 2481 insularum
873 2422 1194 2496 largissimae
1262 2421 1655 2490 tutissimaeque
1710 2419 1912 2485 sedes,

318 2525 339 2554 ²
368 2522 474 2578 mei
500 2519 643 2591 juris
673 2527 729 2574 et
767 2514 1006 2573 nominis
1048 2524 1174 2570 sunt
1201 2531 1214 2568 :
1248 2513 1371 2586 quia
1403 2514 1470 2568 ad
1502 2511 1838 2569 Christianos
1862 2520 1916 2568 et

319 2616 597 2671 Romanos
623 2655 639 2682 ,
671 2612 951 2668 Romanus
978 2618 1034 2666 et
1055 2608 1402 2665 Christianus
1436 2607 1659 2664 accedo.
1703 2607 1818 2662 Non
1853 2607 1918 2661 ti-

319 2724 444 2766 meo
469 2707 604 2763 deos
635 2703 868 2776 hospitis
911 2703 1020 2760 mei
1047 2743 1064 2768 ,
1117 2716 1224 2757 non
1253 2701 1421 2756 timeo
1448 2699 1768 2771 religionem
1799 2698 1917 2767 ejus

323 2809 344 2840 ³
376 2817 566 2860 necem
597 2815 800 2869 meam,
827 2813 935 2854 non
957 2797 1132 2852 habeo
1155 2795 1316 2851 talem
1344 2810 1506 2865 quem
1537 2795 1916 2863 pertimescam

321 2895 499 2951 locum
526 2936 542 2963 ,
574 2894 668 2951 ubi
695 2904 750 2950 et
778 2894 1088 2963 possessori
1116 2889 1278 2945 liceat
1305 2898 1623 2959 perpetrare
1654 2886 1797 2955 quod
1827 2900 1917 2941 ve-

323 2987 421 3054 lit,
473 2997 528 3042 et
582 2983 872 3056 peregrino
915 2999 1022 3038 non
1061 2983 1223 3037 liceat
1249 2979 1512 3036 adhibere
1537 2977 1680 3049 quod
1708 2992 1916 3032 conve-

321 3081 444 3136 nit:
484 3078 504 3110 ’δ
548 3077 642 3134 ubi
688 3078 760 3133 sit
795 3076 888 3146 jus
941 3073 1213 3143 hospitii,
1262 3072 1413 3143 quod
1459 3085 1640 3126 meum
1689 3083 1796 3125 non
1824 3069 1916 3123 sit.

2016 480 2102 526 tus
2129 487 2234 528 non
2264 471 2612 542 pertimesco.
2644 472 2791 528 Inter
2817 473 3117 539 Romanos,
3154 482 3211 527 ut
3241 471 3376 540 dixi,
3408 470 3613 526 Roma-

2016 579 2138 631 nus,
2195 565 2337 620 inter
2373 564 2711 620 Christianos
2757 565 3127 631 Christianus,
3171 565 3314 620 inter
3366 563 3616 620 homines

2014 658 2200 724 homo,
2226 658 2438 728 legibus
2462 658 2698 728 imploro
2730 658 3146 728 rempublicam,
3181 656 3450 727 religione
3480 672 3612 712 con-

2015 751 2319 818 scientiam,
2345 753 2732 807 communione
2779 760 3055 806 naturam.
3101 750 3236 807 Utor
3283 751 3617 816 temporarie

2015 843 2160 899 omni
2194 853 2337 900 terra
2369 843 2526 914 quasi
2555 844 2762 912 patria:
2797 844 2922 914 quia
2951 858 3070 913 qua:
3100 858 3229 898 vera
3261 853 3365 912 est,
3393 851 3450 898 et
3476 843 3572 897 illa
3597 884 3614 910 ,

2017 937 2038 968 ⁵
2065 952 2226 1007 quam
2257 951 2412 1002 amo,
2448 937 2651 1006 patria,
2682 937 2735 992 in
2769 945 2912 992 terra
2940 937 3162 1007 penitus
3193 951 3298 992 non
3331 945 3435 991 est.
3469 935 3615 992 Nihil

2017 1030 2256 1102 perdidi,
2283 1029 2375 1084 ubi
2404 1029 2541 1084 nihil
2571 1029 2750 1084 amavi
2783 1046 2798 1082 :
2846 1036 3134 1099 totumque
3161 1027 3366 1094 habeo,
3399 1028 3616 1097 quando

2016 1138 2179 1195 quem
2205 1121 2405 1192 diligo,
2438 1135 2651 1176 mecum
2682 1128 2797 1187 est,
2831 1119 3064 1174 maxime
3093 1119 3218 1189 quia
3241 1128 3295 1173 et
3324 1116 3466 1187 apud
3496 1132 3617 1172 om-

2017 1232 2116 1274 nes
2142 1217 2284 1273 idem
2313 1225 2418 1283 est,
2450 1215 2542 1286 qui
2566 1229 2652 1270 me
2684 1228 2790 1270 non
2822 1213 2985 1268 modo
3011 1221 3196 1268 notum
3223 1209 3500 1275 omnibus,
3524 1227 3618 1266 vc-

2019 1325 2138 1364 rum
2167 1317 2222 1364 et
2249 1308 2560 1379 proximum
2600 1305 2729 1362 facit
2763 1324 2778 1361 :
2813 1321 2915 1362 nec
2944 1313 3196 1376 egentem
3227 1305 3456 1374 deserit,
3491 1304 3616 1375 quia

2019 1404 2190 1474 ipsius
2224 1411 2310 1458 est
2339 1411 2485 1457 terra
2525 1410 2579 1458 et
2609 1401 2888 1471 plenitudo
2917 1399 3060 1470 ejus,
3085 1407 3173 1456 'ex
3216 1414 3322 1470 qua
3365 1399 3618 1454 omnibus

2020 1496 2203 1552 omnia
2235 1496 2398 1565 jussit
2434 1508 2560 1550 esse
2599 1495 2925 1549 communia.
2969 1492 3097 1548 Haec
3138 1500 3265 1547 sunt
3299 1500 3619 1546 nostrorum

2023 1601 2324 1662 temporum
2357 1590 2530 1659 bona,
2569 1604 2688 1660 qua:
2719 1589 2771 1642 in
2813 1596 2982 1642 totum
3015 1586 3105 1641 vel
3136 1588 3188 1641 in
3228 1585 3620 1658 tranquillitate

2023 1683 2393 1755 pra-sentiam,
2427 1683 2512 1736 vel
2551 1682 2605 1736 in
2647 1696 2744 1750 spe
2781 1681 3106 1747 futurorum,
3141 1678 3227 1734 vel
3277 1679 3330 1732 in
3369 1677 3620 1749 perfugio

1939 1778 1989 1837 B
2015 1777 2290 1832 communi
2321 1789 2429 1830 non
2461 1775 2704 1830 habuere
2732 1774 2969 1842 majores
2993 1789 3007 1825 :
3035 1786 3098 1827 ac
3123 1786 3221 1841 per
3245 1771 3348 1827 hoc
3374 1769 3619 1826 incessa-

2018 1869 2144 1924 bilia
2173 1867 2313 1924 bella
2335 1874 2644 1938 gesserunt,
2669 1865 2795 1936 quia
2818 1863 3202 1919 mutandarum
3229 1862 3440 1917 sedium
3469 1875 3618 1916 com-
3668 1863 3674 1872 '

2017 1960 2277 2018 munione
2307 1974 2416 2014 non
2445 1958 2641 2024 libera,
2673 1956 3017 2028 persistendo
3039 1959 3094 2010 ln
3123 1954 3350 2010 sedibus
3369 1955 3502 2017 suis,
3526 1962 3621 2009 aut

2018 2051 2304 2108 infeliciter
2335 2049 2514 2105 necati
2544 2059 2692 2116 sunt,
2717 2056 2810 2103 aut
2837 2047 3071 2117 turpiter
3100 2046 3446 2112 servierunt;
3475 2042 3620 2116 quod

2017 2144 2218 2200 clarius
2255 2141 2669 2213 promptiusque
2702 2141 2836 2211 ipsis
2871 2149 3117 2196 veterum
3148 2139 3317 2210 gestis
3348 2154 3446 2210 per
3474 2137 3623 2195 ordi-

2019 2253 2142 2294 nem
2166 2235 2460 2308 explicitis,
2484 2233 2781 2306 aperietur.

2635 2366 2864 2424 CAPUT
2905 2365 2997 2421 111.

2240 2485 2319 2540 De
2348 2450 2484 2540 bello
2516 2481 2742 2538 Achaico
2767 2490 2814 2536 et
2847 2477 3084 2534 Corinthi
3103 2477 3376 2533 eversione.

2091 2602 2249 2656 Anno
2278 2598 2345 2653 ab
2365 2597 2514 2654 Urbe
2543 2592 2763 2651 condita
2785 2606 2929 2660 ncvt,
2962 2589 3066 2646 hoc
3086 2596 3191 2653 est,
3226 2588 3420 2645 eodem
3453 2602 3618 2656 anno,

2020 2710 2126 2765 quo
2157 2703 2212 2748 et
2247 2690 2520 2759 Carthago
2549 2687 2728 2742 deleta
2760 2691 2845 2740 est
2865 2725 2880 2751 ,
2911 2681 3015 2738 Cn.
3059 2679 3316 2736 Cornelio
3346 2679 3578 2736 Lentulo
3601 2721 3617 2749 ,

2019 2789 2081 2844 L.
2117 2784 2374 2841 Mummio
2404 2797 2576 2846 coss.,
2614 2779 2830 2835 ruinam
2872 2774 3221 2846 Carthaginis
3261 2773 3482 2829 eversio
3521 2774 3625 2828 Co-

2023 2880 2191 2936 rinthi
2242 2878 2536 2933 subsecuta
2585 2883 2692 2939 est,
2739 2871 3078 2940 duarumque
3125 2867 3626 2938 potentissimarum

2024 2976 2238 3030 urliium
2270 2985 2436 3042 parvo
2464 2967 2624 3022 unius
2649 2965 2911 3035 temporis
2942 2962 3228 3018 intervallo
3252 2976 3351 3030 per
3378 2959 3622 3016 diversas

2025 3065 2210 3121 mundi
2253 3070 2434 3134 partes
2474 3058 2784 3115 miserabile
2809 3055 3060 3112 'colluxit
3101 3053 3432 3108 incendium.
3490 3051 3628 3106 Nam

326 3173 478 3230 Unus
508 3172 651 3228 Deus
673 3212 688 3239 ,
734 3144 829 3240 qui
859 3167 1216 3239 temporibus,
1243 3165 1439 3238 quibus
1463 3163 1580 3235 ipse
1609 3164 1920 3218 innotesee-
1948 3174 1994 3240 ο
2024 3175 2149 3216 cum
2178 3158 2194 3189 ⁸
2228 3154 2478 3211 Metellus
2509 3161 2712 3223 praetor
2741 3147 2973 3206 Achates
3002 3147 3334 3217 Boeotosque
3370 3144 3629 3214 conjunc-

322 3277 382 3319 re
410 3262 573 3335 289
594 3259 787 3328 voluit,
818 3258 959 3314 hanc
985 3257 1134 3329 regni
1161 3256 1350 3312 statuit
1381 3255 1668 3322 unitatem,
1701 3254 1772 3309 ab
1795 3269 1914 3309 om-

322 3357 486 3413 nibus
511 3367 566 3412 et
590 3354 832 3426 diligitur
861 3361 917 3409 et
947 3353 1188 3408 timetur.
1222 3349 1442 3406 Eaedem
1470 3349 1652 3419 leges,
1681 3362 1799 3418 qua:
1831 3346 1922 3402 uni

327 3452 445 3509 Deo
472 3449 734 3522 subjectae
759 3454 910 3515 sunt,
937 3446 1140 3518 ubique
1165 3443 1516 3502 dominantur
1549 3459 1562 3500 :
1594 3441 1923 3511 ubicumque

2027 3262 2114 3308 tos
2143 3246 2356 3304 duobus
2385 3243 2543 3300 bellis
2567 3282 2582 3308 ,
2610 3242 2717 3297 hoc
2744 3248 2866 3310 est,
2910 3238 3085 3308 primo
3121 3235 3263 3307 apud
3291 3235 3632 3305 Thermopy-

2028 3343 2140 3412 las,
2172 3339 2336 3412 290
2361 3336 2560 3392 iterum
2588 3336 2610 3367 ⁸
2640 3333 2696 3389 in
2736 3331 2980 3388 Phocmis
3019 3328 3318 3385 devicisset
3348 3345 3360 3384 :
3394 3342 3624 3399 quorum

2031 3435 2213 3508 priore
2242 3431 2390 3488 bello
2418 3427 2603 3485 occisa
2623 3440 2747 3484 esse
2775 3423 2963 3497 viginti
2994 3421 3161 3480 millia
3181 3463 3197 3492 ,
3228 3420 3468 3479 secundo
3501 3434 3624 3492 scp-

1608 3591 2059 3655 HAVERCAMPI
2098 3589 2330 3648 ΝΟΤᾹΞ.

392 3748 483 3805 '50.
525 3747 712 3802 Diana:
753 3745 994 3802 Tauricae
1035 3743 1233 3798 littora.
1307 3741 1364 3796 In
1415 3739 1574 3810 Vulg.
1629 3739 1911 3810 invenusta

321 3834 546 3889 prorsus
572 3829 655 3874 est
685 3818 878 3880 lectio,
903 3815 1088 3870 Diana;
1114 3814 1350 3889 Tauricw
1376 3814 1610 3889 litatur-rt,
1635 3826 1734 3889 seu
1746 3809 1914 3878 magis

321 3880 555 3944 crudelia
601 3905 771 3945 sacra.
825 3889 1012 3942 Invitis
1050 3885 1302 3940 omnibus
1351 3899 1480 3938 mss.
1534 3883 1586 3936 in
1626 3880 1822 3950 quibus
1848 3894 1912 3933 ea

323 3961 485 4032 lectio
519 3959 615 4032 (in
645 3961 731 4015 ed.
780 3962 1008 4028 August.
1039 3972 1254 4032 quoque
1293 3953 1550 4032 servata)
1590 3959 1912 4032 constanter

321 4021 631 4098 exhibetur,
679 4021 984 4101 quamfnos
1025 4021 1437 4101 secutisumus.
1499 4021 1912 4101 liationicthi-

322 4103 508 4156 εισι-ιω
539 4093 752 4171 quoque
778 4100 968 4156 eadem
995 4099 1270 4171 convenit.
1298 4096 1414 4152 Non
1439 4093 1910 4171 enimpericulum

323 4183 381 4228 et
411 4162 822 4241 persuasionem
874 4179 1027 4225 notat
1065 4170 1319 4236 Orosius,
1353 4178 1532 4241 utrum
1564 4166 1787 4241 litarent
1818 4162 1919 4241 ιιιὶτ

323 4233 446 4299 dem
478 4259 545 4298 an
576 4259 707 4309 non,
743 4243 848 4298 nisi
887 4241 1154 4296 humanas
1188 4233 1532 4294 immolarent
1564 4233 1793 4309 hostias,
1821 4235 1918 4288 sed

321 4305 708 4370 crudelissima
757 4313 1065 4385 hospitibus
1113 4319 1269 4366 vocat
1309 4311 1494 4366 littora
1537 4323 1566 4362 a
1596 4305 1830 4378 quibus,
1862 4314 1921 4359 ut

323 4400 446 4457 cap.
472 4401 591 4458 seq.
618 4385 769 4452 dicit,

575 4503 587 4516 .
631 4504 643 4516 .
682 4503 696 4516 .
734 4502 746 4515 .
786 4504 799 4517 .
835 4463 1059 4529 Hospitio
1084 4461 1401 4527 prohibemur
1423 4470 1608 4510 arenae.

323 4593 454 4662 Qua:
482 4609 551 4650 ne
574 4594 854 4664 naufragis
888 4593 1108 4664 quidem
1145 4591 1378 4664 salutem
1395 4603 1436 4664 ga
1465 4589 1568 4664 diis
1590 4601 1906 4664 concessam

323 4659 660 4737 indulgeant.
711 4659 819 4722 Sed
851 4659 1126 4721 crudelius
1169 4662 1348 4737 adhuc
1393 4660 1567 4737 inquit
1609 4669 1733 4737 est,
1765 4659 1908 4728 quod

321 4731 523 4808 ibidem
555 4745 823 4808 praetextu
851 4751 1130 4792 sacrorum
1164 4733 1368 4790 fuerint
1394 4733 1478 4786 b:s
1499 4732 1682 4786 miseri
1722 4731 1908 4786 imnto-

321 4807 416 4862 lati
443 4817 498 4864 et
527 4807 800 4865 trucidati.

395 4879 485 4934 51.
530 4878 753 4934 Thracia
779 4895 895 4933 cum
929 4878 1338 4950 Potymnestore.
1367 4877 1441 4932 De
1474 4873 1902 4950 Polymncstore,

321 4949 597 5006 Thracum
639 4965 768 5022 rege
792 4951 930 5022 ,ψαιιί
981 4945 1306 5022 Polydorum
1352 4945 1621 5022 _sna:__lidei
1648 4945 1906 4999 commis-

321 5037 444 5076 sum
475 5017 769 5084 interfecit.
806 5017 1094 5090 Euripides
1119 5020 1172 5074 in
1205 5019 1442 5075 llecuba.
1470 5017 1634 5072 Fsen.

393 5093 488 5165 32.
531 5092 608 5148 De
633 5093 958 5165 interfectore
1002 5091 1314 5165 Ptolemaeo.
1360 5091 1529 5165 [tecte
1553 5100 1790 5165 ,__neque
1814 5096 1914 5140 au-

322 5163 506 5218 diendi
539 5179 668 5219 mss.
701 5157 871 5234 Lugd.
905 5163 1043 5218 Batt.
1071 5170 1203 5225 tres,
1227 5161 1318 5231 qui
1346 5176 1468 5234 cum
1491 5157 1634 5234 Coll.
1660 5157 1907 5234 _Gro_itov.

323 5236 530 5303 legunt,
563 5236 628 5288 de
647 5228 918 5306 interfecto
945 5251 1063 5305 rege
1086 5228 1315 5306 (rege'in
1349 5232 1538 5286 Venet.
1569 5229 1696 5284 edd.
1727 5228 1903 5296 abest,

321 5316 384 5361 ut
419 5316 472 5360 et
504 5307 556 5362 in
588 5306 762 5362 Paris.
785 5303 856 5361 ἐι
884 5303 1080 5376 prima)
1117 5303 1418 5376 Ptolemazo.

394 5379 522 5432 CAP.
557 5376 619 5432 ll.
647 5405 720 5419 —-
745 5380 796 5433 l.
831 5374 1250 5445 Qualiscumque.
1300 5374 1438 5430 Edd.
1486 5379 1621 5445 vett.
1671 5379 1726 5427 et
1772 5384 1903 5445 mss.

320 5449 565 5517 quidam,
598 5449 1042 5519 qualescumque;
1074 5442 1284 5519 ct'mox
1316 5443 1552 5519 fugiendi
1584 5459 1681 5519 pro
1720 5442 1908 5512 confu-

321 5515 501 5590 giendi
533 5515 646 5575 tres
687 5520 856 5589 Lugd.
891 5515 1031 5573 Batt.
1065 5529 1118 5572 et
1145 5517 1285 5573 Coll.
1316 5515 1483 5590 Gron.
1514 5562 1528 5584 ,
1563 5515 1652 5584 qni
1684 5526 1902 5590 quoque

319 5584 507 5646 delent
543 5591 668 5657 illa,
698 5584 852 5658 quam
890 5590 1206 5657 conﬁdenter
1257 5589 1448 5642 accessi
1470 5602 1666 5658 :Anrmc
1695 5600 1790 5658 nte,
1824 5584 1904 5636 in-

316 5677 517 5731 quant,
549 5654 661 5715 ista
690 5654 872 5732 Africa
899 5654 1406 5732 exc—epit.Scribunt
1433 5656 1663 5732 deinde,
1703 5654 1904 5732 dictum

320 5725 470 5787 estet
498 5725 614 5788 nere
643 5725 842 5786 dictum
869 5742 972 5799 est,
997 5725 1142 5796 quod
1171 5739 1225 5787 et
1254 5732 1307 5784 in
1335 5729 1423 5786 ed.
1458 5733 1595 5796 Aug.
1611 5725 1829 5799 juveni.

392 5802 449 5856 2.
496 5801 599 5858 Mei
620 5804 780 5873 juris.
825 5795 970 5860 Tres
1011 5795 1182 5872 Lugd.
1237 5801 1402 5872 Batt.,
1445 5795 1569 5856 cum
1597 5795 1736 5854 Coll.
1764 5795 1906 5852 Groo

2024 3747 2178 3796 nov.,
2203 3727 2299 3781 ιιιεί
2317 3724 2461 3798 juris
2482 3732 2529 3776 et
2561 3721 2658 3776 mei
2679 3717 2906 3798 nonanis
2931 3723 3075 3798 sunt.

2093 3782 2388 3857 5.,Nec5m
2436 3809 2626 3848 meam.
2678 3789 2918 3845 Debetur
2963 3788 3081 3842 haec
3123 3782 3608 3857 emendatiocod.

2022 3855 2271 3941 Longob.
2321 3865 2408 3922 cui
2457 3861 2958 3941 secundicFlorent.
3015 3873 3236 3941 quoque
3271 3855 3615 3941 astipulatur.

2025 3925 2241 4012 ῦίιιευςη
2309 3953 2428 3992 nece
2478 3951 2613 4012 mea.
2660 3932 2780 3988 Non
2834 3925 3264 4012 linteofinqnit,
3300 3925 3616 3998 religionem

2022 4001 2290 4084 hospitis,
2313 4020 2386 4084 ut
2401 4006 2764 4084 certissimam
2782 4001 2940 4084 .mil-ii
2971 4015 3182 4084 necent.

2092 4067 2148 4141 si
2194 4067 2293 4139 Ubi
2343 4081 2410 4134 sit
2455 4079 2551 4150 jus
2598 4073 2836 4150 hospitii.
2889 4073 2986 4135 lla,
3025 4071 3206 4150 malo,
3253 4085 3380 4150 curii
3429 4067 3625 4150 tribus,

2024 4140 2224 4228 Lugd.,
2255 4154 2399 4228 Ball.
2433 4140 2488 4204 e't.
2515 4147 2653 4228 (loli.
2687 4140 2928 4202 Gronov.
2955 4185 2970 4210 ,
3000 4140 3427 4228 qrranrﬂhospitis,
3474 4140 3619 4228 quod

2025 4211 2138 4283 alii”
2160 4211 2474 4297 praeferunt.
2527 4219 2728 4297 Tribus
2773 4230 2904 4271 vero
2943 4211 3259 4297 eseinplis,‘
3293 4227 3415 4281 qua:
3442 4211 3621 4279 capite

2021 4283 2372 4369 praecedente
2395 4289 2690 4369 recensuit,
2701 4283 3018 4369 Iesponodet
3045 4295 3096 4339 ct
3119 4297 3222 4364 sua
3247 4291 3497 4362 tempora
3519 4296 3616 4348 op-

2029 4352 2203 4439 ponit.
2249 4366 2341 4439 Ad,
2359 4362 2671 4439 exemplum
2693 4352 2964 4439 pusiridis
2979 4355 3298 4439 "pertinent,
3329 4367 3431 4405 non
3457 4352 3616 4404 timeo

2029 4424 2152 4495 Eleos
2191 4435 2414 4519 hospitis
2456 4424 2598 4516 mei,
2640 4428 2708 4483 ad
2753 4428 2935 4482 Diana:
2979 4424 3230 4519 Taurica:
3269 4436 3619 4519 lsacranno‘n

2029 4492 2183 4566 linteo
2208 4492 2693 4578 religionentejus,
2730 4514 2907 4578 necent
2950 4512 3144 4578 meant.
3189 4492 3619 4578 Polymn'estoris

1945 4562 2218 4638 Diaeta:
2261 4562 2332 4635 ei"
2361 4562 2602 4646 perfidiis
2649 4562 2705 4625 in
2763 4568 2973 4624 credito
3001 4566 3104 4621 sibi
3133 4562 3379 4634 hospite,
3407 4562 3611 4618 Priami

2013 4653 2148 4720 lilio,
2181 4669 2286 4706 non
2315 4645 2476 4702 habeo
2503 4645 2678 4720 talem,
2714 4651 2822 4720 etc.

2181 4702 2349 4792 Quam
2371 4735 2532 4792 amo,_
2543 4702 2733 4792 patria.
2760 4711 2956 4792 Nescio
2975 4707 3120 4764 unde
3143 4702 3448 4792 patriamnin
3478 4702 3607 4792 edd.

2012 4775 2136 4852 suis
2154 4775 2462 4852 e§|iibuerit
2493 4775 2803 4850 Fabricius,
2835 4775 3344 4857 illninqueus'ccuthus
3364 4775 3610 4857 Scottus,

2011 4847 2549 4923 contravnissmerte
2581 4868 2637 4914 et
2665 4847 2914 4926 reliquas
2933 4847 3059 4908 edd.
3097 4849 3236 4926 Nata
3262 4847 3433 4926 fuisse
3461 4847 3614 4926 vide-

2012 4917 2383 5005 tur‘eorrupta
2409 4917 2590 4988 lectio
2629 4917 2942 5005 quod'edd.
2995 4919 3306 5005 putaverint
3351 4917 3608 4999 lineolant

2009 4991 2310 5080 superponi
2338 5007 2615 5080 littertn_t_t,
2639 4991 2762 5080 qum
2783 4991 3010 5080 patriam
3028 4991 3403 5080 jttbere‘tll‘eglil.

2451 5077 2474 5129 1
2490 5116 2504 5128 .
2533 5059 3008 5139 Metellus'pm’tor.
3029 5059 3233 5139 Hicest
3252 5061 3317 5128 Q.
3341 5059 3613 5139 Meteilus,

2016 5131 2424 5210 cuive-siv‘ir—tute
2454 5131 3014 5202 Macedonici'nomen
3035 5135 3367 5210 inditum_,‘ut
3391 5132 3470 5210 ait
3490 5131 3614 5184 Vel-

2015 5203 2324 5281 leius-libi
2344 5263 2357 5287 ,
2387 5220 2475 5272 tibi
2505 5216 2708 5272 bellum
2743 5212 3042 5287 Achaicum
3075 5206 3381 5287 describit,
3405 5203 3476 5287 de
3503 5216 3612 5269 quo

2015 5275 2200 5351 ‘IIivius
2230 5275 2378 5346 libro
2410 5306 2478 5344 ιιι
2503 5332 2516 5354 ,
2551 5287 2746 5342 Florus
2781 5284 2917 5338 libro
2949 5297 2987 5354 ιι
3029 5293 3150 5348 cap.
3187 5278 3286 5342 lli,
3320 5275 3608 5354 [Eutropius

2245 5341 2669 5418 lia—tismiia'slib.
2700 5372 2794 5417 vn,
2827 5353 3076 5408 JuSIinus
3099 5341 3288 5424 intr.
3335 5341 3502 5424 Eun.

2180 5413 2504 5488 'l‘n—Phocmis
2528 5413 2815 5484 deuicisset.
2837 5424 3086 5480 Florent.
3110 5434 3193 5488 pr.
3221 5413 3606 5492 sive__Longol_i.

2011 5510 2068 5563 in
2085 5483 2346 5562 ’ῥιῖόὲξῖιέ
2360 5483 2584 5557 uicisset.
2619 5501 2711 5556 Sic
2738 5493 3070 5566 conjunctim
3089 5483 3280 5566 [unde
3307 5483 3456 5566 litor.
3490 5498 3606 5538 sec.

2092 5554 2718 5643 l—Jtigvtl'fliatt.quatuor,
2743 5554 2913 5643 Meus,
2943 5554 3195 5643 feriant}.
3228 5554 3610 5643 etalilltrncu‘rn

2011 5621 2442 5707 ἓόἷῖῗδᾶὶᾶιᾘῦζ
2471 5621 2912 5699 “iitmi’hocisivel'
2926 5634 3088 5707 Facis
3131 5623 3610 5707 devicisset.“'[)uto

2012 5693 2621 5778 scriberi'dt‘t'ni'essewin—
2641 5693 2868 5767 Phocide
2898 5705 3190 5778 devicisset:
3224 5694 3361 5751 Nam
3409 5693 3602 5751 Phocis

2011 5769 2568 5863 i-ég'i3"'c?aééi£ési
2616 5783 2760 5838 haud
2811 5780 2970 5845 longe
3016 5789 3046 5828 a
3100 5769 3503 5838 Peloponneso,
3549 5779 3612 5824 at
