4088 6170
289 282 399 343 925

1362 285 1837 347 IIISTORIARUM
1878 287 2084 347 LIBER
2123 287 2193 347 ν.
2237 289 2390 349 CAP.
2433 285 2521 348 iV.

3494 298 3600 358 99.6

289 399 416 455 belli
454 406 645 456 contra
665 394 972 459 Viriathum
1005 401 1241 470 missus,
1281 401 1438 473 quasi
1480 416 1581 471 pro
1619 401 1885 459 abolenda
1914 411 1963 473 Α
1991 404 2184 460 infami
2214 405 2548 477 impudentia
2577 413 2739 479 atque
2767 406 3064 466 ambitione
3104 422 3263 478 usus,
3301 410 3344 443 ιε
3373 411 3599 484 privatis

285 494 573 565 superiore
606 497 856 565 macula,
897 500 1197 566 turpiorem
1241 498 1356 567 ipse
1395 496 1545 552 auxit
1582 497 1882 554 infamiam.

284 586 419 644 Nam
452 605 784 661 cor-gressus
814 607 935 645 eum
976 590 1251 657 Viriatbo,
1283 590 1596 660 universas,
1633 604 1768 660 quas
1796 605 1887 645 se-

284 697 407 739 cum
438 686 460 718 ⁹
488 683 807 750 deduxerat,
834 686 1020 754 copias
1040 724 1056 749 ,
1086 684 1456 755 maximasque
1481 682 1625 738 vires
1656 682 1886 738 Romani

281 774 556 831 exercitus
583 776 790 831 amisit.
824 775 1100 832 Viriathus
1131 774 1347 831 trabeas
1369 816 1385 843 ,
1415 774 1620 843 lasces,
1651 782 1884 829 caetera-

281 885 388 940 que
409 869 635 940 insignia
661 869 902 925 Romana
929 871 980 925 in
1010 869 1289 925 momibus
1310 868 1423 924 suis
1450 868 1494 903 ιθ
1517 876 1715 937 tropaea
1741 882 1884 937 pric-

282 964 419 1019 ﬁxit.
475 965 680 1021 Eodem
723 974 967 1038 tempore
1015 965 1243 1022 trecenti
1288 965 1531 1022 Lusitani
1572 980 1697 1020 cum
1737 963 1886 1020 mille

280 1055 543 1112 Romanis
566 1060 619 1113 in
647 1057 880 1129 quodam
905 1059 1046 1114 saltu
1071 1067 1395 1114 contraxere
1420 1072 1675 1129 pugnam,
1702 1058 1754 1111 in
1777 1072 1883 1128 qua

282 1149 323 1181 ιι
352 1150 693 1221 septuaginta
724 1149 1019 1206 Lusitanos
1039 1190 1055 1217 ,
1095 1150 1367 1207 Romanos
1392 1133 1884 1205 autem’trecentos

278 1242 466 1313 viginti
491 1243 773 1309 cecidisse,
797 1242 1055 1299 Claudius
1075 1242 1263 1310 refert,
1292 1252 1349 1298 et
1368 1257 1488 1297 cum
1513 1240 1748 1298 victores
1775 1239 1885 1297 Lu-

278 1334 441 1397 sitani
471 1336 644 1405 Sparsi
672 1350 738 1391 ac
760 1335 940 1391 securi
971 1335 1220 1401 abirent,
1264 1349 1405 1391 unus
1434 1350 1503 1392 ex
1533 1333 1632 1400 iis,
1666 1333 1823 1404 longe
1851 1348 1881 1388 a

276 1426 493 1483 caneris
525 1436 847 1498 segregatus
867 1469 881 1495 ,
906 1430 951 1461 ¹²
990 1443 1114 1484 cum
1134 1473 1147 1498 ,
1177 1426 1523 1483 circumfusis
1562 1425 1836 1498 equitibus
1864 1472 1879 1497 ,

220 1516 235 1529 '
278 1520 444 1589 pedes
477 1520 592 1592 ipse
634 1521 1051 1592 deprehensus,
1087 1523 1245 1577 unius
1284 1535 1472 1576 eorum
1513 1534 1655 1591 equo
1698 1521 1883 1577 lancea

277 1611 557 1683 perfosso,
590 1612 762 1682 ipsius
788 1614 989 1685 equitis
1026 1613 1093 1668 ad
1133 1630 1296 1669 unum
1331 1613 1494 1686 gladii
1532 1614 1696 1669 ictum
1724 1621 1885 1684 caput

273 1704 643 1776 desecuisset,
679 1709 752 1760 ita
796 1719 988 1762 omnes
1024 1714 1172 1760 metu
1201 1705 1467 1776 perculit,
1499 1716 1589 1770 ut,
1619 1719 1880 1776 prospec-

1990 499 2294 569 sumptibus
2327 501 2700 572 triumphavit.
2729 501 2792 557 L.
2822 501 3043 559 C:rcilio
3071 503 3310 570 Metello,
3334 506 3399 572 Q.
3426 505 3597 563 Fabio

1989 590 2231 647 Maximo
2259 590 2563 649 Serviliaoo
2590 594 2930 660 consulibus,
2962 596 3106 652 inter
3132 605 3330 652 cretera
3358 597 3601 668 prodigia

1992 684 2033 717 "
2065 684 2414 757 androgyuus
2444 685 2635 742 Romae
2657 691 2831 753 visus,
2854 687 3005 758 jussu
3029 690 3342 760 aruspicum
3368 690 3421 746 in
3448 707 3599 748 mare

1989 791 2202 832 mersus
2230 786 2313 833 est
2340 794 2354 833 :
2385 778 2482 833 sed
2512 778 2644 835 nihil
2674 778 2856 849 impia:
2898 781 3226 850 expiationis
3273 784 3589 850 procuratio

1986 871 2235 941 proiecit.
2265 871 2401 928 Nam
2433 881 2582 928 tanta
2612 872 2796 927 subito
2826 874 3139 942 pestilentia
3169 887 3355 931 exorta
3389 885 3497 944 est,
3531 884 3592 932 ιιι

1987 963 2462 1035 miuistriquoque
2490 963 2863 1019 faciendorum
2904 963 3156 1020 funerum
3204 966 3438 1036 primum
3486 982 3597 1025 non

1985 1057 2320 1123 suffit-erent,
2341 1057 2542 1114 deinde
2564 1073 2670 1114 non
2698 1067 2903 1115 essent.
2928 1060 2973 1093 ¹⁸
2992 1059 3176 1131 itaque
3198 1059 3361 1115 etiam
3385 1074 3596 1131 magna:

1984 1149 2178 1205 domus
2226 1163 2415 1206 vacua:
2461 1150 2632 1218 vivis,
2682 1150 2862 1221 picum
2913 1151 3142 1207 mortuis
3191 1160 3595 1209 remanserunt.

1985 1242 2332 1313 Largissimte
2359 1242 2658 1300 introrsum
2687 1243 3053 1312 htereditates,
3089 1252 3143 1298 et
3193 1243 3329 1300 nulli
3373 1244 3592 1315 penitus

1987 1334 2256 1391 hmredes.
2290 1334 2535 1406 Denique
2557 1335 2669 1407 jam
2718 1351 2826 1391 non
2858 1337 3034 1392 solum
3065 1337 3119 1393 in
3152 1332 3298 1394 Urbe
3329 1337 3547 1399 vivendi
3576 1381 3593 1409 ,

1985 1429 2080 1485 sed
2103 1430 2267 1485 etiam
2288 1429 2758 1501 appropinquattdi
2782 1429 2848 1485 ad
2875 1430 3078 1487 Urbem
3105 1431 3406 1502 negabatur
3430 1426 3597 1487 iacui-‘-

1989 1532 2090 1589 tas,
2127 1533 2235 1578 tam
2281 1524 2410 1607 εει)νί
2444 1539 2541 1593 per
2583 1532 2753 1579 totam
2802 1523 2991 1580 urbem
3039 1524 3434 1581 tabcscentium
3482 1525 3588 1580 sub

1986 1617 2164 1684 tectis,
2215 1624 2379 1687 atque
2425 1615 2477 1671 in
2522 1615 2711 1672 stratis
2755 1614 2873 1672 suis
2919 1616 3245 1671 cadaverum
3295 1625 3517 1687 putorcs
3550 1616 3592 1651 "

1942 1750 1955 1755 -
1986 1706 2400 1761 ex‘haiabantur.
2434 1706 2693 1775 Expiatio
2722 1707 2810 1762 illa
2842 1707 3106 1775 crudelis,
3138 1717 3194 1764 et
3221 1707 3361 1763 viam
3395 1708 3589 1764 morti-

271 1798 510 1854 tantibus
532 1798 764 1865 cunctis,
794 1798 913 1869 ipse
934 1798 1289 1869 contemptim
1324 1807 1487 1869 atque
1516 1797 1728 1853 otiosus
1758 1795 1887 1852 abs-
1916 1805 1964 1868 Β
1992 1798 2093 1851 hus
2120 1798 2398 1853 hominum
2444 1807 2618 1855 morte
2662 1797 2896 1855 hominis
2941 1801 2988 1832 ⁸³
3028 1801 3326 1869 instruens,
3375 1801 3592 1860 tandem

267 1889 513 1944 cederet.

341 1982 504 2054 293
522 1982 567 2015 ¹³
583 1983 719 2051 App.
734 1979 983 2049 Claudio,
996 1981 1062 2050 ρ.
1081 1980 1297 2037 Cmcilio
1315 1980 1529 2039 Metello
1545 1981 1877 2054 consulibus,

265 2073 474 2143 Appius
494 2073 749 2129 Claudius
770 2073 1031 2130 adversus
1055 2073 1303 2131 Salassos
1320 2074 1505 2130 Gallos
1524 2089 1873 2146 congressus,

267 2176 323 2222 et
346 2167 540 2236 victus,
568 2166 613 2200 “
633 2168 870 2239 quinque
893 2167 1062 2223 millia
1080 2167 1311 2223 militum
1336 2167 1584 2237 perdidit.
1612 2167 1877 2240 Reparata

269 2272 479 2329 pugna,
528 2260 768 2332 quinque
819 2260 991 2316 millia
1043 2260 1284 2318 hostium
1329 2260 1552 2317 occidit.
1594 2261 1703 2317 Sed
1752 2276 1875 2317 cum

263 2352 419 2422 juxta
467 2352 665 2424 legem,
720 2369 823 2425 qua
871 2355 1232 2411 constitutum
1280 2365 1421 2425 erat,
1465 2365 1527 2412 ut
1552 2357 1599 2389 ¹⁸
1628 2356 1879 2427 quisquis

270 2448 511 2518 quinque
540 2449 704 2509 millia
729 2448 967 2525 hostium
998 2452 1340 2520 peremisset,
1375 2450 1747 2521 triumphandi
1781 2452 1876 2507 ita-

268 2539 428 2609 bcret
448 2537 790 2614 potestatem,
820 2544 927 2603 iste
952 2559 1173 2617 quoque
1195 2545 1527 2615 triumphum
1556 2544 1875 2616 expetisset,

272 2645 498 2705 propter
551 2635 839 2708 superiora
876 2652 1007 2693 vero
1044 2637 1239 2693 damna
1280 2652 1388 2694 non
1430 2637 1870 2710 impetravisset,

1992 1889 2252 1946 Romanis
2282 1890 2701 1949 intermiserias
2741 1907 2867 1949 suas
2911 1892 3384 1964 erubescentibus,
3427 1911 3589 1965 quam

1990 1983 2191 2038 misera
2222 1981 2387 2056 294
2411 1990 2467 2038 et
2491 1999 2627 2039 vana
2658 1993 2827 2051 esset,
2876 1986 3132 2041 innutuit.
3167 1985 3307 2043 Ante
3350 1987 3496 2043 enim
3535 1987 3592 2047 in

1984 2075 2299 2147 sull'ragium
2335 2074 2731 2146 praevenieudte
2760 2076 2935 2133 cladis
2956 2085 3041 2133 est
3069 2077 3273 2145 habita,
3308 2088 3363 2137 et
3390 2080 3469 2136 sic
3496 2095 3594 2151 pe-

1983 2168 2223 2225 stilentia
2251 2168 2294 2202 ¹²
2320 2179 2610 2223 consecuta
2632 2177 2748 2224 est:
2782 2183 2905 2240 quae
2931 2176 3113 2226 tamen
3137 2170 3256 2225 sine
3274 2171 3399 2227 uilis
3418 2172 3593 2228 sacri-

1981 2262 2227 2318 ﬁciorum
2292 2262 2790 2329 satisfactionibus,
2853 2265 3227 2318 tantummodo
3280 2267 3581 2322 secundum

1981 2368 2289 2411 mensuram
2312 2354 2492 2409 arcani
2517 2353 2709 2425 judicii
2744 2353 2960 2424 expleta
2989 2356 3364 2425 correptione,
3398 2355 3496 2411 scd
3516 2365 3585 2412 ita

1978 2458 2083 2505 est.
2113 2449 2283 2516 Quam
2310 2448 2356 2504 si
2383 2449 2429 2482 ³³
2454 2448 2691 2504 artifices
2717 2448 2794 2503 illi
2824 2448 3352 2505 circumventionum
3375 2451 3589 2522 aruspi-

1977 2557 2091 2612 ces,
2106 2541 2211 2597 sub
2230 2542 2345 2612 ipsa
2377 2539 2458 2612 (ut
2486 2541 2745 2612 assolent)
2760 2540 3121 2597 declinatione
3143 2541 3456 2598 morborum
3479 2545 3585 2599 ior-

1979 2644 2033 2693 te
2049 2635 2439 2705 cciebrasscnt,
2465 2635 2838 2708 proculdubio
2854 2636 2901 2669 ³³
2917 2635 3043 2704 sibi,
3060 2636 3162 2693 diis
3184 2644 3240 2693 et
3262 2636 3454 2721 ritibus
3476 2639 3592 2695 suis

1572 2767 2027 2828 HAVLRCAMPI
2067 2768 2295 2826 NOT/E.

348 2888 405 2947 9.
444 2884 760 2958 Deduxerat:
818 2884 1068 2942 Perizon.
1096 2926 1115 2958 ,
1169 2889 1441 2954 duxerat;
1490 2885 1661 2958 Lugd.
1731 2887 1871 2958 Ball.

278 2967 389 3042 [res
410 2973 531 3042 cum
558 2956 696 3014 Coll.
720 2955 959 3014 Gronov.
985 2967 1039 3013 cl.
1054 2957 1141 3014 ed.
1166 2962 1327 3032 Aug.,
1351 2955 1684 3026 adduxerat;
1708 2957 1875 3030 Uitr.,

276 3031 513 3086 deduxit.
1260 3031 1265 3032 ⁷

350 3101 439 3157 l0.
486 3098 720 3171 Tropaza.
748 3098 917 3171 Lugd.
952 3098 1071 3155 Bal.
1105 3116 1212 3169 pr.,
1244 3100 1621 3171 oetuttropaza.

288 3252 307 3299 ι
349 3174 440 3229 Η.
481 3168 1138 3244 Βεριιιαρίηιαιιιδὶωηοὲ.
1168 3171 1271 3229 Ed.
1303 3168 1555 3244 August...
1586 3186 1653 3228 xx
1673 3209 1691 3239 ,
1720 3168 1880 3228 Lusi-

311 3260 457 3298 auos.

1980 2886 2172 2973 itaque
2190 2904 2394 2973 magno!
2416 2887 2624 2973 donius.
2655 2896 2769 2973 etc.
2801 2887 2912 2945 Sed
2941 2888 3171 2973 August.
3198 2888 3425 2973 reliquis
3453 2905 3589 2960 prmo

1981 2958 2233 3026 ferenda,
2265 2958 2419 3031 legit,
2444 2958 2532 3016 Ita
2554 2967 2609 3014 ut
2633 2960 2790 3015 etiam
2809 2976 3011 3032 magna:
3031 2958 3237 3030 domus,
3259 2958 3393 3031 etc.,
3419 2958 3589 3019 rema-

1992 3040 2593 3174 ,ltzgilii‘xhalabaittur.
2618 3100 2751 3157 Cod.
2776 3100 3053 3168 Perizon.,
3079 3117 3203 3159 cum
3222 3101 3313 3159 ed.
3332 3101 3589 3174 August.,

1986 3172 2321 3231 exhalabat“.

2058 3243 2150 3300 ΞΟ.
2182 3241 2474 3299 Instruens.
2510 3241 2773 3313 Eloreutt.
2800 3258 2884 3313 pr.
2912 3252 2969 3300 et
2993 3242 3246 3310 secund.,
3285 3244 3345 3300 ut
3382 3254 3438 3300 et
3479 3252 3592 3302 tres

349 3315 438 3370 η.
481 3311 644 3380 Cum,
676 3312 1035 3385 circumfusis,
1064 3321 1168 3367 etc.
1215 3311 1382 3381 Lugd.
1420 3312 1531 3385 Βειιἶ
1572 3322 1712 3379 tres,
1759 3328 1879 3367 cum
1909 3305 1954 3368 C
1988 3314 2153 3385 Lugd.
2194 3314 2312 3385 βαι.
2347 3329 2468 3369 cum
2495 3311 2636 3373 Coll.
2675 3305 2941 3376 Gronov"
2971 3324 3195 3371 struens.

276 3403 310 3440 a
340 3385 671 3454 circumfusis
714 3383 964 3455 equitibus
1009 3394 1139 3438 esset
1190 3385 1300 3453 ipse
1351 3383 1714 3455 deprehensus.
1768 3384 1874 3441 Sed

275 3458 428 3513 Meus
455 3464 506 3511 et
530 3454 777 3510 Perizon.
810 3454 1130 3526 quibuscum
1163 3456 1367 3509 faciunt
1396 3455 1520 3510 edd.
1554 3454 1783 3525 August.
1821 3464 1877 3511 et

277 3527 522 3593 νοηοιω,
554 3541 688 3588 cum.
724 3526 1051 3597 circumfusis
1082 3526 1356 3596 equitibus,
1384 3527 1535 3595 pedes
1561 3527 1672 3594 ipse
1697 3529 1877 3595 depre-

275 3598 486 3662 hensus,
530 3597 684 3651 unius
726 3613 926 3660 eorum,
970 3608 1112 3663 etc.;
1144 3598 1286 3660 quod
1335 3597 1466 3650 inihi
1517 3613 1629 3665 prae
1659 3599 1876 3666 vulgata

276 3669 512 3726 lectione
540 3668 766 3738 placuit.
807 3668 1019 3725 [iditum
1053 3684 1082 3721 a
1128 3668 1375 3723 Fabricio
1407 3668 1534 3738 fuit,
1570 3684 1687 3721 cum
1715 3686 1745 3720 α
1775 3670 1878 3722 cir-

273 3737 549 3812 cumfusis
575 3739 829 3808 equitibus
876 3738 1125 3812 pedestris
1175 3740 1282 3811 ipse
1327 3737 1709 3809 deprehensus,
1763 3747 1872 3795 etc.

274 3810 558 3868 Editiones
585 3826 715 3864 vero
752 3826 873 3880 qute
904 3810 1050 3865 illum
1090 3810 1522 3881 praecesserunt,
1554 3822 1613 3863 ut
1641 3819 1698 3865 et
1739 3826 1872 3867 tnss.

273 3898 470 3939 Olllﬂes
491 3882 762 3953 pedestris,
793 3898 889 3953 pro
909 3880 1099 3953 pedes,
1121 3882 1393 3953 rejiciuttt.

351 3956 437 4010 l3.
480 3950 614 4024 App.
656 3950 919 4015 Claudio,
952 3951 1015 4017 ρ.
1060 3950 1265 4009 Otacilio
1305 3950 1519 4024 Metello
1558 3968 1690 4007 coss.
1733 3950 1874 4021 App.

273 4023 533 4081 Claudius
564 4024 793 4080 Pulcher
822 4035 875 4079 et
914 4025 977 4093 ρ.
1026 4024 1276 4082 Metellus
1323 4023 1704 4080 Macedonicus
1738 4038 1877 4078 cott-

273 4098 426 4153 sules
457 4095 670 4150 luerunt
699 4110 840 4149 anno
868 4111 993 4153 nos.
1027 4096 1258 4163 Appium
1294 4098 1347 4151 in
1381 4095 1525 4150 bello
1554 4104 1739 4148 contra
1778 4094 1880 4148 Sa-

276 4168 473 4232 lassos,
518 4167 755 4237 quiuque
795 4168 965 4222 millia
1006 4170 1237 4225 militum
1272 4167 1543 4232 amisisse.
1578 4174 1659 4219 est
1692 4166 1744 4219 in
1774 4180 1877 4220 no-

274 4237 406 4294 stris
435 4239 699 4292 Vetttstis:
733 4248 788 4292 ut
821 4253 916 4306 par
945 4254 1205 4296 numerus
1243 4241 1311 4292 sit
1351 4238 1677 4292 amissorum
1716 4247 1879 4307 atque

274 4323 585 4380 caesorum.
606 4307 761 4364 Unde
794 4311 917 4379 jure
956 4310 1261 4380 triumphus
1290 4309 1467 4380 Appio
1500 4316 1725 4378 negatus
1753 4308 1873 4365 fuit.

275 4379 524 4436 Valerius
556 4379 693 4434 libro
722 4395 782 4444 ιι,
810 4394 930 4451 cap.
959 4384 1013 4439 3.
1048 4379 1214 4437 rm.

351 4451 440 4508 ib.
471 4451 707 4518 Quinque
744 4449 928 4505 millia.
972 4454 1027 4509 in
1071 4466 1203 4507 mss.
1244 4450 1361 4505 suis
1400 4449 1545 4504 hunc
1591 4463 1877 4504 numerum

275 4520 485 4578 invenit
511 4521 808 4587 Fabricius,
840 4538 1000 4590 quem
1032 4526 1085 4579 irt
1113 4519 1355 4590 margine
1378 4520 1624 4590 posuisse
1645 4528 1878 4576 conten-

277 4602 387 4658 tus,
428 4593 642 4663 reliquit
680 4593 875 4657 decem.
918 4603 977 4651 ut
1004 4604 1121 4651 erat
1151 4594 1205 4648 in
1240 4592 1395 4661 Vulg.
1426 4601 1790 4663 prteterquam
1824 4596 1876 4645 ιιι

2050 3384 2142 3440 2⁷1.
2175 3384 2461 3457 Consecuta
2489 3395 2584 3440 est.
2625 3385 2717 3442 Sic
2755 3395 2867 3441 tres
2907 3386 3172 3444 Floreutt.
3213 3395 3267 3441 et
3307 3386 3395 3442 ed.
3434 3386 3577 3457 Aug.

1980 3467 2030 3513 et
2076 3459 2167 3535 it_-t_
2194 3456 2356 3535 loqui
2385 3472 2535 3527 saepe
2572 3467 2719 3535 amat
2755 3458 2987 3535 Orosius
3028 3473 3123 3524 pro
3160 3458 3432 3535 subsecuta
3447 3456 3548 3535 ⁸ρει
3572 3500 3588 3525 ,

1979 3530 2122 3598 quod
2158 3527 2245 3600 hic
2274 3524 2479 3583 habent
2502 3529 2747 3597 quaedam
2779 3529 2904 3582 cdd.
2948 3528 3088 3600 Velt.
3131 3538 3186 3584 ct
3225 3524 3394 3600 Lugd.
3445 3524 3586 3586 Batt.

1978 3612 2091 3656 sec.
2124 3599 2275 3655 Meus
2300 3600 2490 3656 scribit
2515 3612 2691 3654 secuta
2721 3608 2818 3662 est,
2850 3610 2905 3653 at
2935 3599 3107 3668 Lugd.
3143 3600 3261 3661 Bal.
3296 3599 3379 3669 pr.
3407 3611 3586 3655 exorta

1982 3679 2078 3733 est,
2114 3671 2208 3726 seti
2237 3672 2658 3737 superscribitur
2683 3681 2958 3725 consecuta
2986 3680 3081 3725 est.

2050 3743 2140 3795 2:2.
2184 3741 2419 3808 Artiﬁces
2460 3741 2536 3792 illi
2580 3741 3068 3794 circmnvcntionum
3111 3739 3395 3809 aruspices.
3424 3741 3590 3797 Culu-

1983 3812 2142 3866 mciia
2174 3828 2212 3877 ι,
2263 3814 2366 3865 ﬂ:
2404 3811 2679 3879 Aruspices
2720 3827 2851 3865 vaua
2889 3811 3248 3881 superstitione
3278 3810 3433 3865 rudes
3470 3813 3587 3866 ani-

1981 3898 2090 3936 mos
2138 3881 2206 3935 ad
2236 3882 2499 3954 impensas
2536 3882 2869 3952 cunrpellunt.
2910 3880 3069 3939 Unde
3118 3881 3277 3951 digna
3302 3882 3585 3954 Annibale

1980 3967 2085 4007 Vox
2124 3954 2189 4008 ad
2233 3952 2477 4008 Prusiam
2519 3968 2699 4023 regem
2729 3994 2742 4015 ,
2795 3955 2881 4007 cui
2932 3961 3055 4008 exta
3107 3966 3210 4008 non
3263 3952 3584 4011 videbantur

1983 4039 2301 4094 prosperam
2334 4039 2402 4080 eo
2432 4026 2518 4078 tlie
2551 4022 2778 4094 pugnam
2813 4023 3107 4092 praedicere
3136 4040 3149 4077 :
3179 4022 3259 4077 An
3288 4032 3365 4089 tu,
3399 4025 3588 4092 inquit,

1981 4096 2278 4150 carunculte
2299 4096 2529 4151 vitulina
2556 4094 2735 4167 inanis.
2765 4111 2920 4165 quam
2949 4096 3448 4167 imperatorirveteri,
3481 4112 3591 4153 cre-

1981 4167 2144 4221 dere?
2171 4168 2365 4223 Cicero
2391 4167 2460 4222 de
2509 4166 2739 4238 Divinat.
2796 4181 2853 4228 tt,
2904 4166 3029 4238 cap.
3071 4166 3181 4238 2i;
3231 4166 3588 4238 Aucupatores

1982 4246 2253 4292 eventuum
2280 4249 2328 4292 et
2350 4248 2627 4291 structores
2665 4236 2997 4307 fallaciarum
3040 4236 3259 4294 eosdem
3301 4236 3439 4292 infra
3485 4238 3589 4294 hoc

1982 4322 2102 4377 cap.
2132 4317 2295 4364 vocat
2319 4308 2563 4362 Orosius.

2054 4379 2144 4436 εδ.
2179 4379 2437 4436 Subsidiis
2470 4387 2518 4433 et
2545 4378 2751 4433 ritibus.
2807 4377 3008 4443 Scripti
3055 4386 3110 4434 et
3156 4377 3341 4433 excusi
3393 4391 3586 4435 omnes

1984 4449 2187 4505 habent
2213 4467 2227 4503 :
2256 4450 2354 4504 sibi
2382 4448 2482 4504 diis
2508 4458 2558 4503 et
2587 4448 2792 4503 ritibus.
2819 4448 2929 4505 Sed
2962 4463 3048 4503 me
3080 4463 3185 4503 non
3221 4448 3370 4514 prius
3417 4456 3590 4504 teme-

1984 4520 2161 4576 ritatis
2197 4531 2445 4589 arguant,
2489 4534 2651 4588 quam
2702 4519 2936 4574 viderint
2984 4519 3254 4589 quomodo
3306 4517 3383 4573 iiii
3432 4534 3584 4576 suam

1986 4601 2239 4647 tueantur
2264 4588 2609 4647 sententiam.
2635 4589 2809 4645 Laur.
2839 4619 2911 4631 —
2943 4588 3148 4644 ld’cum
3175 4588 3399 4644 Lautius
3439 4604 3589 4646 asse-

273 4667 415 4748 Aug.
445 4660 653 4747 in-qua,
680 4674 741 4720 ut
762 4676 818 4719 et
844 4666 1094 4755 undecim
1124 4660 1508 4755 numerp’mss.
1534 4660 1659 4746 cuni
1688 4677 1875 4718 verum
1909 4695 1959 4755 υ
1984 4671 2069 4717 rat
2091 4663 2159 4717 de
2188 4661 2469 4731 impressis
2494 4667 2551 4715 et
2581 4660 3229 4755 mss...ost‘eqdit'.uquam
3280 4673 3483 4755 pangis
3527 4662 3583 4717 in

273 4732 578 4793 invenerim
610 4750 920 4802 numerum,
951 4738 1148 4793 falsum
1177 4735 1428 4791 exsulare
1450 4732 1612 4801 jussi.

350 4808 441 4864 15.
476 4807 716 4876 Quisquis
739 4809 961 4877 quinque
988 4809 1173 4864 millia.
1199 4806 1295 4862 Hic
1316 4802 1657 4877 delinitusad
1688 4804 1880 4877 trium-

1986 4746 2213 4805 utroque
2266 4730 2466 4802 genere
2498 4732 2784 4805 evolverit.
2819 4730 3248 4805 Sttbsidiis'eniitt
3297 4733 3439 4801 quod
3471 4732 3589 4801 ipse

1978 4802 2547 4875 vult,'pr:r.occupavit
2572 4814 2698 4858 ante
2721 4802 2872 4858 illum
2902 4802 3040 4875 edit.
3064 4802 3441 4875 Bolsuing.._et
3459 4812 3586 4860 ante

278 4877 369 4945 phi
401 4872 716 4947 petitionem
750 4872 886 4933 erat'
908 4894 1187 4936 numerus.
1222 4876 1360 4933 Vide
1386 4873 1619 4931 Casaub.
1653 4873 1720 4929 ad
1748 4872 1885 4931 Sue-
1980 4872 2259 4947 Bolsuing.
2301 4874 2445 4947 illam
2485 4874 2772 4947 lectionem
2811 4873 2936 4947 edd.
2980 4873 3232 4947 Parisios
3271 4883 3342 4947 et_
3366 4872 3589 4930 Veneta:

278 4958 391 5006 ton.
425 4949 627 5006 Julium
657 4963 779 5018 cap.
806 4949 898 5005 76.
927 4949 1094 5005 Faue.

351 5021 439 5077 16.
470 5020 693 5074 Privatis
720 5016 1015 5087 sumptibus
1040 5018 1394 5089 triumphauit.
1430 5017 1644 5088 Alioqui
1682 5016 1880 5089 trium-

276 5092 572 5160 phantibus
609 5099 857 5159 sumptus
884 5109 950 5149 ex
980 5093 1178 5147 aeraria
1199 5087 1548 5160 erogabatur,
1591 5096 1649 5143 ut
1679 5087 1880 5143 indicat

275 5158 462 5219 Livius
501 5162 641 5218 libro
684 5162 965 5231 trigesimo
1005 5164 1205 5227 tertio,
1243 5158 1387 5232 quod
1428 5158 1874 5217 adulescentibus

274 5251 459 5289 rerum
485 5233 849 5288 Romanarum
871 5235 1130 5290 studiosis
1153 5231 1550 5290 observandum
1573 5240 1677 5286 est.
1703 5231 1868 5288 FABR.

350 5306 439 5361 17.
507 5304 855 5375 Androgynus
903 5305 1082 5361 Roma:
1128 5306 1285 5361 visus.
1358 5303 1456 5358 Hic
1512 5299 1874 5375 Androgyuus

272 5376 462 5443 Luna,
494 5391 601 5431 non
633 5373 814 5431 nam
843 5389 997 5435 natus
1027 5377 1143 5433 fuit.
1178 5377 1337 5431 Luna:
1364 5389 1578 5444 quoque
1622 5373 1704 5427 itis
1743 5390 1871 5429 cou-

273 5450 484 5504 snlilius
509 5455 712 5502 tantam
739 5446 1101 5516 pestilentium
1132 5448 1318 5515 fuisse,
1350 5455 1428 5510 ιιι,
1468 5444 1779 5516 iacentibus
1820 5446 1870 5499 in

273 5520 490 5589 publico
532 5516 728 5589 passim
774 5518 1148 5583 cadaveribus,
1187 5516 1281 5589 qui
1315 5521 1647 5589 inuenirent,
1678 5515 1872 5589 defue-

272 5586 405 5657 i'int,
450 5589 639 5662 scribit
675 5587 847 5662 Julius
888 5586 1225 5662 Obsequens:
1247 5587 1423 5662 FABB.
1450 5616 1521 5628 —
1547 5586 1604 5641 lu
1633 5587 1794 5642 tertio
1818 5597 1874 5643 et

272 5672 466 5733 quarto
486 5660 663 5733 Lugd.
697 5658 841 5733 Batt.
871 5678 976 5733 non
1007 5658 1185 5717 exstat
1207 5661 1366 5715 uisus.

349 5733 440 5789 18.
477 5728 660 5803 Itaque
696 5732 871 5803 etiam.
900 5730 1180 5803 ,Florentt.
1224 5741 1335 5787 tres
1373 5747 1496 5789 cum
1535 5728 1709 5803 Lugd.
1752 5729 1873 5803 list.

274 5817 415 5873 sec.,
439 5799 658 5877 jamque
686 5801 857 5859 etiam.
891 5802 1166 5871 Pcrizon.,
1198 5812 1317 5858 tunc
1338 5802 1514 5859 etiam.
1545 5799 1689 5860 νεα.
1718 5799 1867 5867 edd.,

1978 4943 2361 5002 exitibue'ruut.
2388 4945 2516 5003 Sola
2550 4945 2788 5016 ﬂittorp.
2820 4946 3017 5001 habent
3045 4943 3270 5000 insidiis.
3302 4943 3438 5015 Ego,
3461 4959 3585 5001 cum

1980 5019 2194 5090 vulgata
2226 5016 2385 5074 lectio
2414 5016 2578 5073 codd.
2606 5031 2736 5090 mss.
2765 5018 2937 5090 iisque
2959 5017 3583 5090 optimisconlirmetur,‘

1979 5086 2309 5159 seniumque
2348 5097 2609 5160 przeterea
2650 5086 2863 5143 bonum
2889 5086 3099 5160 fundat,
3140 5087 3208 5142 ab
3264 5086 3356 5141 illa
3406 5088 3589 5144 disce-

1981 5158 2363 5217 dendurrtnort
2384 5169 2532 5229 puto.
2564 5158 2715 5224 Mss...
2739 5173 2875 5228 quos
2905 5158 3157 5215 undecim
3190 5171 3419 5229 numero
3448 5173 3582 5214 con-

1975 5232 2141 5298 sului,
2168 5246 2358 5288 omnes
2382 5228 2463 5285 vel
2488 5229 2578 5301 sub
2604 5230 2703 5301 diis
2728 5239 2775 5301 et
2800 5229 2981 5285 ritibus
3000 5232 3134 5294 suis,
3159 5240 3215 5283 ttt
3240 5228 3414 5301 Lugd.
3441 5231 3584 5301 Batt.

1980 5318 2061 5372 pr.
2092 5312 2147 5358 et
2178 5303 2336 5358 tertia
2385 5317 2507 5357 cum
2546 5299 2685 5372 Coll.
2725 5299 2965 5358 Gronov.
2996 5301 3278 5367 exhibent,
3325 5298 3406 5354 vel
3449 5298 3586 5363 sibi,

1977 5374 2057 5427 dis
2087 5376 2107 5443 (
2131 5385 2221 5427 aut
2248 5374 2346 5428 sibi
2373 5382 2420 5428 et
2451 5371 2586 5443 diis)
2616 5382 2663 5425 et
2692 5371 2876 5429 ritibus
2899 5374 3030 5437 suis,
3065 5382 3125 5428 ut
3156 5371 3421 5443 Florentt.
3458 5374 3582 5424 'tres

1976 5453 2032 5499 et
2058 5440 2251 5515 reliqui
2282 5459 2489 5499 omnes.
2522 5440 2605 5499 An
2627 5456 2759 5499 vero
2783 5443 3002 5500 defendi
3032 5444 3122 5499 illa
3149 5440 3585 5515 Urosiisenten-

1978 5516 2048 5571 tia
2083 5510 2432 5591 nequit_‘_i_An
2464 5530 2573 5591 non
2597 5523 2652 5591 et
2676 5514 2773 5569 sibi
2801 5515 2874 5571 iiii
2899 5516 3213 5591 Aruspices,
3242 5521 3293 5591 et
3318 5510 3420 5591 diis
3449 5510 3581 5577 suis,

1976 5600 2034 5643 et
2060 5581 2246 5642 ritibus
2279 5588 2383 5642 illis
2413 5586 2762 5642 remissiones
2788 5581 3099 5641 morborum
3132 5592 3186 5637 et
3206 5581 3435 5653 gloriam
3467 5596 3583 5636 nte-

1980 5658 2118 5715 deus
2147 5658 2565 5725 ascripsissent?
2611 5657 2718 5712 Pro
2766 5660 2995 5713 reducta:
3044 5651 3228 5724 Lugd;
3274 5651 3415 5708 Batt.
3466 5661 3578 5709 tres

1979 5744 2103 5788 cum
2134 5728 2269 5787 Coll.
2296 5727 2466 5789 Gron.
2500 5728 2766 5803 producta
2795 5736 2995 5784 amant.
