4088 6170
257 257 363 319 929

1330 258 1810 320 HISTORIARUM
1847 256 2054 319 LIBER
2093 259 2161 318 ν.
2200 261 2356 320 CAP.
2401 261 2495 318 Vl.

3462 261 3571 324 930

260 390 396 449 quos
424 373 712 432 occidere8
740 383 1054 446 potuerant,
1076 384 1235 448 pacto
1265 377 1470 435 ftedere
1507 378 1853 435 dimiserunt.
1884 381 1934 440 Α
1962 379 2149 447 cistis,
2185 378 2228 410 ¹³
2259 387 2320 433 ut
2344 393 2446 432 nec
2475 375 2608 431 civis
2638 376 2888 432 consulat
2909 377 3300 434 convenienter
3324 378 3568 450 ingratis,

259 468 473 525 Jnstitia
490 468 766 538 probanda
786 471 938 525 erat?
951 471 1111 543 297
1131 471 1376 540 probavit
1391 480 1542 527 team
1568 473 1650 529 vel
1671 475 1865 529 tacitus

259 567 502 626 senatus,
528 573 654 612 cum
681 557 844 614 iidem
877 558 1188 616 Numantini
1220 577 1318 632 per
1349 562 1558 633 legatos
1587 578 1718 619 suos
1770 573 1863 618 aut

260 649 578 705 inviolatam
608 664 795 719 pacem
847 651 1042 720 solam,
1089 660 1184 708 aut
1211 667 1404 709 omnes
1447 669 1585 724 quos
1637 656 1863 725 pignore

261 745 410 816 pacis
439 753 666 814 accepto
696 744 848 800 vivos
879 744 1226 814 dimiserant,
1248 747 1633 816 reposcebant.
1654 747 1864 803 Miseri-

259 839 446 896 cordia
474 838 837 896 examinanda
875 841 1198 898 videbatur?
1217 845 1238 876 ⁸
1269 844 1402 898 satis
1429 842 1738 898 documenti
1769 842 1864 898 de-

260 933 461 988 derunt
490 933 576 989 vel
603 934 902 990 emittendo
927 934 993 990 ad
1025 935 1192 990 vitam
1218 935 1496 991 inimicum
1527 936 1856 1003 exercitum,

261 1025 439 1081 velad
470 1041 688 1096 poenam
715 1040 822 1082 non
848 1026 1163 1097 recipiendo
1199 1029 1531 1085 Mancinum.
1575 1029 1862 1085 Mancinus

268 1134 340 1176 ne
369 1134 503 1192 rogo
551 1119 834 1177 dedendus
883 1121 999 1190 fuit,
1025 1123 1118 1194 qui
1147 1122 1276 1178 victi
1325 1124 1595 1179 exercitus
1652 1124 1864 1193 impen-

258 1214 484 1270 dentem
517 1215 959 1283 trucidationem,
1009 1225 1277 1287 prmtento
1323 1217 1560 1272 umbone
1587 1216 1729 1286 pacti
1760 1215 1863 1272 fua-

258 1307 412 1363 deris
439 1307 681 1378 dispulit,
713 1308 803 1380 qui
829 1311 850 1342 ⁸
878 1308 1247 1380 periclitantes
1278 1311 1470 1380 patriae
1498 1309 1648 1364 vires
1671 1309 1722 1363 in
1748 1322 1860 1364 me-

256 1400 395 1455 liora
422 1409 666 1472 tempora
696 1401 1037 1458 reservavit?
1082 1404 1190 1458 Aut
1240 1403 1287 1459 si
1336 1403 1621 1472 displicuit
1682 1400 1858 1458 foedus

253 1495 405 1564 quod
436 1504 649 1565 pactum
678 1504 782 1564 est,
809 1511 910 1552 cur
930 1496 1091 1553 miles
1118 1496 1222 1553 hoc
1251 1498 1478 1567 pignore
1522 1497 1856 1567 redemptus,

252 1594 352 1641 aut
379 1601 501 1642 cum
527 1596 920 1654 reverteretur,
951 1597 1208 1659 receptus
1237 1597 1342 1657 est,
1367 1597 1459 1644 aut
1486 1603 1609 1644 cum
1639 1601 1858 1658 repete-

249 1688 432 1745 retur,
463 1679 707 1736 redditus
737 1697 843 1735 non
865 1682 986 1736 est?
1009 1685 1114 1736 Aut
1141 1681 1186 1736 si
1214 1681 1421 1752 placuit
1442 1681 1645 1736 servati
1671 1682 1857 1737 militis

1970 484 2071 525 nec
2105 468 2278 525 hostis
2303 468 2536 524 fideliter
2579 469 2767 524 credat
2793 469 2991 524 infidis.
3042 468 3259 526 Interea
3292 469 3338 506 ιδ
3370 471 3568 528 Brutus

1968 561 2021 616 in
2052 561 2309 616 ulteriore
2340 560 2617 632 Hispania,
2657 563 2937 633 sexaginta
2971 563 3136 618 millia
3177 563 3564 634 Gallaecorum,

1966 653 2059 722 qui
2090 653 2366 708 Lusitanis
2390 652 2434 684 ²⁸
2465 652 2666 708 auxilio
2694 663 2978 720 venerant,
3015 657 3319 726 asperrimo
3340 657 3486 712 bello
3513 665 3570 713 et

1965 743 2190 813 difficili,
2222 746 2464 816 quamvis
2493 746 2736 801 incautos
2757 746 3231 816 circumvenisset,
3264 749 3564 820 oppressit.

1964 835 2204 903 Quorum
2228 837 2280 892 in
2312 852 2378 892 eo
2403 837 2593 907 praelio
2620 837 3008 910 quinquaginta
3037 841 3209 896 millia
3232 844 3438 909 occisa,
3471 857 3568 898 sex

1965 930 2130 985 millia
2155 939 2307 999 capta
2339 930 2670 998 referuntur,
2701 933 2856 1000 pauci
2889 932 3010 1002 fuga
3043 942 3358 989 evaserunt.
3400 933 3458 989 In
3484 935 3565 991 ci-

1967 1023 2170 1079 teriore
2201 1023 2458 1094 lliSpania
2501 1023 2738 1095 Lepidus
2792 1026 3120 1094 proconsule
3173 1025 3428 1082 Vaccaeos
3486 1027 3570 1082 in-

1963 1117 2178 1171 noxiam
2200 1129 2414 1187 gentem
2451 1126 2504 1172 et
2533 1118 2856 1187 supplicem,
2888 1118 2932 1150 ‘°
2957 1118 3122 1174 etiam
3153 1128 3345 1175 senatu
3371 1119 3562 1190 prohi-

1975 1208 2162 1276 bente,
2194 1209 2544 1280 pertinaciter
2571 1225 2879 1281 expugnare
2907 1211 3155 1266 tentavit.
3183 1211 3291 1268 Sed
3324 1228 3448 1268 mox
3476 1229 3569 1269 ac-

1962 1311 2119 1372 cepta
2162 1301 2316 1358 clade
2359 1302 2675 1373 gravissima
2728 1303 2988 1373 improba:
3034 1302 3348 1373 pertinacia:
3379 1320 3568 1376 pinnas

1963 1392 2084 1448 luit.
2119 1393 2226 1449 Sex
2271 1394 2440 1449 millia
2481 1394 2682 1466 quippe
2713 1393 3080 1450 Romanorum
3114 1395 3170 1452 in
3219 1395 3325 1452 hoc
3365 1396 3570 1467 injuste

1962 1483 2104 1540 bello
2146 1485 2446 1556 justissime
2487 1501 2627 1543 caesa
2680 1496 2846 1544 sunt:
2895 1488 3115 1560 reliqui,
3162 1491 3315 1546 exuti
3347 1493 3565 1561 castris,

1960 1580 2128 1634 armis
2157 1580 2318 1634 etiam
2344 1579 2591 1650 perditis,
2637 1593 2946 1639 evaserunt.
2995 1583 3110 1640 Nec
3156 1585 3338 1642 minus
3389 1589 3566 1658 turpis

1963 1673 2005 1704 ¹⁷
2036 1672 2151 1728 huic
2171 1674 2273 1728 sub
2302 1674 2510 1745 Lepido
2542 1675 2746 1745 clades,
2776 1693 2939 1747 quam
2983 1680 3086 1734 sub
3141 1680 3393 1736 Mancino
3442 1681 3561 1737 fuit.

244 1772 665 1843 qualiscumque
699 1773 962 1842 provisio,
991 1787 1094 1828 cur
1150 1773 1450 1842 Mancinus,
1483 1774 1575 1844 qui
1609 1773 1712 1829 hoc
1758 1788 1852 1844 pe-
1883 1797 1933 1858 B
1964 1765 2006 1803 ⁸⁸
2034 1765 2108 1819 lta
2134 1781 2278 1858 nunc
2297 1766 2401 1821 sibi
2425 1767 2540 1822 ltazc
2568 1779 2811 1840 tempora
2833 1771 2950 1825 loco
2970 1770 3242 1826 felicitatis
3266 1773 3562 1843 ascribant,

242 1865 411 1936 pigit,
445 1866 594 1921 solus
617 1870 636 1901 ⁷
663 1865 878 1922 deditus
909 1865 1045 1921 fuit?

327 1961 349 1992 ⁸
396 1959 578 2031 Nuper
622 1959 817 2029 Varro,
859 1968 919 2015 ut
961 1974 1307 2030 praepropera
1359 1975 1532 2031 pugna
1584 1958 1835 2029 iniretur,

236 2053 514 2123 collegam
545 2052 771 2108 Paulum
798 2052 1166 2108 obluctantem
1209 2053 1444 2123 impulit,
1481 2053 1846 2124 trepidantem

239 2142 614 2214 prtecipitavit
641 2143 964 2210 exercitum,
997 2143 1244 2199 infelices
1285 2143 1494 2214 copias,
1541 2145 1684 2215 apud
1713 2146 1854 2200 infa-

243 2251 370 2291 mes
417 2235 540 2290 illas
588 2235 850 2291 Romanis
899 2236 1148 2293 cladibus
1187 2236 1422 2308 Cannas,
1453 2253 1560 2294 non
1591 2238 1858 2309 disposuit

239 2328 556 2395 certamini,
587 2327 608 2357 ⁹
639 2328 736 2383 sed
758 2328 1016 2398 opposuit
1049 2329 1249 2390 morti;
1279 2331 1398 2400 plus
1427 2346 1593 2402 quam
1623 2331 1856 2401 quadra-

241 2421 401 2490 ginta
432 2420 600 2476 millia
645 2419 721 2475 ibi
752 2420 982 2475 militum
1015 2421 1386 2478 Romanorum
1421 2423 1536 2478 sola
1566 2421 1858 2493 impatien-

243 2513 324 2568 tia
354 2527 474 2583 sua,
505 2513 574 2568 de
603 2526 708 2583 qua
737 2513 840 2570 sibi
876 2515 1166 2570 victoriam
1215 2505 1329 2586 iam
1375 2514 1580 2571 dudum
1625 2516 1856 2571 Annibal

239 2607 638 2677 praasumebat,
669 2608 874 2665 amisit.
907 2607 1128 2680 Collega
1157 2611 1324 2665 etiam
1366 2609 1536 2666 Paulo
1569 2608 1700 2681 (quo
1739 2618 1858 2666 tan-

241 2701 376 2756 dem
399 2701 576 2774 viro?)
611 2701 848 2773 perdito,
881 2704 1181 2760 novissime
1204 2703 1256 2759 itt
1297 2704 1502 2761 Urbem
1541 2719 1680 2774 pene
1708 2705 1857 2761 solus

244 2795 731 2866 impudentissime
753 2797 936 2853 redire
957 2813 1120 2854 ausus
1139 2806 1244 2867 est,
1279 2798 1590 2870 meruitque
1620 2815 1731 2855 sua:
1761 2801 1861 2856 im-

244 2891 527 2962 pudentia
553 2890 858 2962 prannium.
892 2892 935 2927 ¹⁰
964 2891 1096 2947 Nam
1121 2894 1313 2963 gratiae
1341 2893 1410 2960 ei,
1435 2894 1580 2964 quod
1602 2893 1666 2949 dc
1694 2910 1856 2965 repu-

244 2983 395 3040 blica
431 2997 541 3040 non
584 2984 950 3056 desperasset,
987 3001 1149 3055 quam
1181 2998 1358 3042 tamen
1388 2987 1503 3058 ipse
1534 2986 1738 3042 fecerat
1760 2988 1858 3043 de-

247 3086 552 3144 speratam,
585 3075 797 3146 publice
824 3076 878 3132 in
901 3087 1095 3133 senatu
1127 3086 1263 3132 actae
1296 3088 1442 3132 sunt.
1473 3079 1646 3133 Porro
1674 3087 1857 3134 autem

1959 1865 2018 1910 ut
2041 1872 2147 1912 non
2171 1857 2400 1914 dixerim
2428 1859 2672 1930 Hispani,
2697 1872 2773 1917 tot
2796 1863 2994 1932 pulsati
3024 1863 3342 1936 fatigatique
3374 1867 3558 1933 bellis.

1957 1947 2052 2004 sed
2085 1949 2170 2004 vel
2203 1951 2302 2021 ipsi
2353 1951 2546 2007 saltem
2579 1951 2830 2024 Romani,
2886 1963 2992 2010 tam
3033 1958 3314 2012 continuis
3355 1959 3567 2014 subacti

1955 2040 2220 2108 cladibus,
2274 2043 2542 2115 totiesque
2587 2047 2882 2116 superati:
2941 2055 2998 2102 ut
3051 2063 3159 2104 non
3199 2050 3564 2120 exprobrem,

1957 2143 2088 2206 quot
2135 2144 2396 2203 prartores
2445 2153 2658 2204 eorum,
2708 2148 2840 2209 quot
2870 2139 3055 2210 legati,
3111 2153 3244 2210 quot
3287 2146 3564 2210 consules,

1957 2237 2092 2297 quot
2123 2227 2388 2298 legiones,
2430 2229 2726 2300 quantique
2761 2233 3036 2287 exercitus
3079 2235 3389 2303 consumpti
3434 2236 3564 2289 sint.

1958 2321 2094 2376 Illud
2127 2323 2302 2377 solum
2343 2323 2587 2389 revolvo,
2622 2332 2822 2394 quanta
2855 2325 3022 2380 fuerit
3060 2327 3271 2382 timoris
3297 2331 3560 2384 amentia.

1960 2411 2115 2468 Miles
2146 2413 2425 2470 Romanus
2449 2415 2756 2482 hebetatus,
2791 2425 2848 2470 ut
2873 2416 2984 2487 jam
3015 2433 3081 2474 nc
3114 2419 3180 2474 ad
3208 2420 3560 2490 experimen—

1961 2514 2075 2561 tum
2118 2506 2333 2576 quidem
2391 2507 2519 2564 belli
2564 2508 2824 2566 cobibcre
2879 2511 3097 2581 pedem,
3151 2523 3242 2566 aut
3273 2513 3567 2570 obfirmare

1958 2600 2196 2655 animum
2224 2609 2440 2672 posset:
2470 2601 2565 2658 sed
2596 2618 2721 2658 mox
2758 2615 3053 2674 conspecto
3085 2604 3327 2677 llispano
3355 2609 3567 2679 specia-

1961 2690 2088 2746 liter
2118 2691 2300 2760 lioste,
2329 2691 2646 2765 diffugieus,
2684 2695 2827 2750 vinci
2854 2710 2913 2751 se
2944 2713 3081 2766 pene
3111 2700 3265 2768 prius
3295 2700 3569 2769 crederet,

1961 2799 2127 2854 quam
2157 2785 2355 2841 videri.
2400 2787 2520 2853 Quo
2561 2797 2883 2859 argumento
2912 2799 3080 2860 patet,
3115 2793 3256 2861 apud
3303 2804 3568 2863 utrOSque

1959 2878 2158 2934 misera
2188 2879 2280 2933 illa
2317 2889 2561 2952 tempora
2601 2881 2865 2951 judicata,
2897 2898 3021 2938 cum
3053 2885 3215 2956 299
3239 2894 3294 2941 et
3318 2887 3564 2957 lliSpani,

1960 2970 2065 3024 etsi
2094 2971 2312 3027 vincere
2355 2981 2629 3041 poterant,
2674 2974 2827 3028 inviti
2872 2984 3052 3030 tamen
3102 2977 3417 3035 desererent
3460 2981 3568 3035 otia

1960 3078 2060 3120 sua
2086 3064 2290 3130 dulcia,
2323 3071 2378 3120 et
2421 3063 2561 3119 bella
2591 3073 2818 3121 externa
2867 3067 3186 3138 tolerarent,
3239 3079 3292 3126 et
3338 3073 3569 3130 Romani

248 3167 560 3234 Mancinus,
587 3169 700 3237 qui,
728 3177 876 3224 sorte
923 3169 1113 3224 bellica
1159 3170 1594 3225 circumventum
1641 3171 1854 3226 exerci-
1884 3174 1930 3240 C
1961 3159 2557 3232 quamolmpwemius
2607 3159 2802 3215 alieni”
2848 3159 3018 3231 ψιῑθιί
3062 3177 3185 3218 sese
3235 3164 3564 3237 ίιιεοτοιθιιι,

251 3269 372 3316 tum
402 3277 469 3316 ne
506 3261 782 3332 perderet,
816 3260 1104 3327 laboravit,
1138 3263 1206 3317 ab
1251 3263 1444 3319 eodem
1478 3272 1670 3318 senatu
1702 3263 1858 3319 dedi-

253 3356 408 3411 tione
453 3355 740 3413 damnatus
768 3364 873 3411 est.
909 3356 950 3387 “
997 3357 1146 3422 Scio,
1198 3355 1457 3412 Romanis
1508 3366 1565 3413 et
1619 3357 1745 3412 illud
1805 3358 1859 3413 in

253 3446 513 3503 Varrone
549 3446 846 3518 displicuit,
895 3447 990 3503 sed
1045 3448 1210 3520 298
1263 3449 1495 3519 tempori
1532 3464 1858 3506 concessum

255 3547 343 3594 est
377 3555 390 3592 :
419 3549 476 3594 et
507 3539 560 3594 in
587 3537 692 3594 hoc
721 3539 970 3595 Mancino
1000 3539 1225 3609 placuit,
1269 3541 1365 3597 sed
1395 3542 1693 3598 secundum
1725 3553 1862 3599 tem-

258 3645 364 3701 pus
400 3641 790 3703 prtesumptum
820 3640 905 3689 est
933 3649 948 3687 :
990 3633 1032 3664 ³³
1063 3643 1228 3706 atque
1251 3633 1377 3690 ideo
1404 3634 1472 3690 ab
1499 3635 1652 3691 initio
1683 3636 1862 3706 perfe-

1963 3263 2112 3310 tanto
2137 3253 2343 3324 turpius
2369 3255 2736 3310 vincerentur.

2572 3367 2804 3426 CAPUT
2847 3367 2934 3424 VI.

1967 3463 2046 3520 De
2081 3471 2369 3518 monstroso
2400 3477 2558 3532 puero
2602 3461 2782 3516 Ruina:
2818 3474 2941 3518 nato
2968 3505 2982 3530 ,
3027 3466 3092 3519 de
3137 3464 3318 3524 /Etn¢e
3357 3481 3564 3528 eructa-

2297 3537 2467 3599 tione,
2497 3545 2543 3588 et
2576 3534 2708 3588 bello
2736 3536 2911 3589 servili
2945 3537 3000 3590 in
3031 3538 3239 3594 Sicilia.

2044 3633 2060 3662 ¹
2083 3630 2219 3687 Sex.
2251 3628 2444 3684 Fulvio
2475 3628 2696 3698 Flacco,
2726 3630 2793 3697 ρ.
2817 3630 3112 3702 Calpurnio
3143 3633 3340 3692 Pisone
3366 3650 3566 3693 consu-

1568 3726 1947 3786 HAVERCAM
1956 3723 2018 3782 Pl
2054 3721 2263 3779 ΝΟΤᾹΞ
2275 3763 2287 3778 .

331 3845 388 3900 5.
426 3843 732 3900 Potuerunt.
784 3843 922 3900 Edd.
967 3845 1128 3915 Aug.,
1161 3851 1459 3914 potuerunt.

329 3918 388 3972 4.
441 3917 592 3971 Eam.
642 3917 771 3972 Mss.
816 3924 928 3972 tres
954 3913 1128 3988 Lugd.
1157 3913 1322 3986 Batt.,
1371 3930 1494 3972 cum
1532 3913 1672 3971 Coll.
1721 3915 1862 3971 Gro-

259 4003 416 4053 nov.,
440 4005 553 4042 eam
573 3989 752 4042 etiam.

333 4060 386 4113 5.
433 4060 575 4113 Satis
601 4059 912 4114 documenti.
967 4058 1071 4115 Ed.
1103 4060 1267 4130 Aug.,
1301 4073 1422 4114 cum
1472 4059 1645 4115 tribus
1688 4057 1859 4129 Lugd.

260 4129 409 4187 Batt.
441 4141 498 4185 et
522 4130 661 4186 Coll.
692 4131 959 4197 Gronov.,
983 4131 1130 4185 addit
1156 4129 1428 4184 indicium.

334 4202 389 4256 6.
435 4201 820 4273 Periclitantes.
871 4203 972 4256 Ed.
1003 4202 1166 4273 Aug.,
1208 4200 1573 4273 periclitantis.

336 4274 392 4326 7.
435 4271 647 4327 Deditus
678 4274 818 4344 fuit?
871 4275 996 4328 Post
1029 4271 1142 4328 huic
1171 4271 1334 4329 verba
1369 4275 1420 4329 in
1445 4273 1533 4329 ed.
1568 4275 1708 4344 Aug.
1739 4274 1870 4329 laci-

264 4345 353 4400 nia
396 4347 643 4413 sequitur
671 4345 928 4400 tredecim
962 4345 1246 4410 linearum,
1285 4361 1405 4414 qua:
1447 4345 1734 4399 infeliciter
1766 4346 1868 4400 ibi-

264 4417 392 4470 dem
422 4417 638 4470 aliunde
665 4431 730 4469 ex
757 4415 952 4470 Orosio
1005 4416 1238 4483 irrepsit.
1287 4416 1510 4486 Incipit,
1546 4416 1867 4487 Quamquam

263 4489 418 4552 inter,
451 4495 506 4558 et
550 4487 693 4558 linit,
721 4489 887 4558 potuit
914 4502 1120 4558 servare
1139 4497 1349 4540 natura.

336 4559 391 4612 8.
435 4557 618 4640 Nuper
653 4557 846 4640 Varro.
905 4557 1055 4612 Bello
1089 4557 1308 4639 ιΡιιηίίιο
1349 4557 1613 4640 secundo,
1663 4557 1760 4614 sed
1797 4557 1865 4640 de

265 4626 539 4683 Cannensi
565 4629 717 4684 clade
760 4630 897 4684 libro
918 4627 1227 4699 superiore,
1258 4629 1436 4698 capite
1463 4631 1674 4684 decimo
1709 4639 1865 4685 sexto

265 4701 470 4754 dictum
507 4709 612 4754 est.
688 4699 854 4756 FABR.

341 4771 394 4824 9.
422 4769 546 4843 _Sed
589 4774 830 4843 opposuit
869 4771 1046 4828 morti.
1094 4769 1176 4826 Ex
1228 4769 1534 4827 imitatione
1573 4770 1870 4842 Virgiliana

267 4841 364 4898 lib.
395 4840 525 4897 En.
567 4840 792 4912 11,126
818 4860 830 4896 :

621 4993 634 5007 .
676 4995 688 5007 .
727 4993 742 5008 .
782 4993 794 5006 .
831 4956 1118 5020 Tectusque
1142 4963 1340 5007 recusat

367 5017 588 5069 Prodere
613 5032 734 5072 voce
757 5033 848 5070 sua
871 5017 1168 5083 quemQuam
1196 5027 1281 5070 aut
1302 5029 1557 5083 opponere
1581 5018 1744 5068 morti.

347 5126 435 5200 if).
479 5124 620 5200 Nam
663 5128 844 5200 gratia:
890 5127 957 5181 ei.
1002 5125 1524 5200 Varroniredeunti
1576 5123 1874 5200 in_Urbem

271 5198 475 5266 gratias
497 5213 527 5250 a
559 5196 765 5252 Senatu
788 5208 939 5254 actas
987 5198 1175 5252 scribit
1205 5197 1391 5251 Livius
1432 5197 1569 5250 libro
1610 5196 1874 5266 vigesimo

273 5269 534 5323 secundo.
570 5266 821 5324 Valerius
845 5271 986 5324 libro
1019 5269 1183 5323 tertio
1209 5311 1225 5335 ,
1251 5268 1428 5336 capite
1454 5277 1669 5336 quarto.
1702 5266 1872 5320 Faun.

349 5340 436 5394 ll.
496 5338 643 5404 Scio,
673 5340 949 5404 Romanis,
997 5349 1105 5394 etc.
1155 5339 1280 5394 Haec
1311 5347 1395 5393 est
1442 5339 1603 5392 lectio
1644 5340 1876 5407 optimo-

277 5425 401 5464 rum
431 5425 564 5464 mss.
597 5410 753 5479 Nam,
786 5413 860 5466 ita
893 5415 1044 5465 clare
1072 5409 1332 5466 exhibent
1357 5407 1506 5463 Meus
1527 5418 1582 5461 et
1610 5418 1718 5462 tres
1753 5407 1877 5479 Flo-

276 5483 502 5548 rentiui,
538 5481 678 5536 inter
706 5478 846 5553 quos
884 5482 1007 5553 cod.
1040 5482 1287 5552 Longob.
1320 5479 1764 5553 scribenssocio,
1803 5478 1880 5553 fa:

275 5553 384 5605 cile
431 5553 692 5618 ostendit,
725 5549 854 5608 'scio
896 5552 1096 5608 ibidem
1152 5549 1354 5608 debere
1405 5551 1616 5618 reponi.
1674 5549 1878 5619 Vulgati

277 5621 435 5693 codd.
462 5621 665 5678 habent
700 5625 773 5678 sic
824 5624 1070 5688 Romani,
1101 5623 1196 5678 sed
1232 5631 1426 5693 prteler
1465 5622 1696 5691 August.
1747 5619 1882 5674 nulli

278 5691 384 5748 nisi
411 5697 774 5760 recentiores;
827 5711 953 5750 nam
995 5691 1244 5761 Venetae,
1287 5693 1535 5747 Parisina
1595 5700 1648 5747 et
1704 5693 1880 5760 prima

277 5767 386 5823 scio
407 5779 620 5842 quoque
650 5767 929 5826 exhibent.
974 5765 1129 5838 Quod
1171 5779 1302 5826 vero
1335 5777 1474 5823 unus
1500 5771 1592 5822 aut
1639 5761 1877 5835 alterex

1969 3839 2161 3895 iisdem
2194 3851 2324 3892 mss.
2354 3845 2407 3892 el
2435 3835 2764 3893 editionibus
2795 3836 3020 3893 Romani
3052 3856 3147 3909 pro
3198 3839 3450 3900 Romanis
3495 3848 3572 3903 le-

1967 3923 2112 3981 gant,
2157 3912 2209 3964 in
2231 3909 2424 3978 quibus
2453 3909 2836 3980 UltrajeCtinus
2861 3926 3077 3982 quoque
3108 3915 3301 3982 codex,
3332 3919 3438 3972 scio
3462 3919 3570 3975 Ro-

1968 3983 2130 4050 mani,
2162 3982 2318 4036 nauci
2349 3995 2455 4034 non
2495 3988 2594 4035 est.

2043 4055 2130 4128 12.
2174 4055 2340 4128 {itque
2368 4053 2502 4128 ideo.
2537 4051 2699 4128 Fo_rtc
2720 4052 3025 4124 legendum,
3060 4074 3202 4128 (eque
3223 4059 3364 4116 ideo.

2045 4126 2133 4201 l5.
2179 4122 2259 4201 Ut"
2280 4140 2368 4201 nec
2398 4123 2544 4178 civis.
2598 4122 2827 4201 Propter
2854 4122 3084 4184 Mancini
3115 4122 3446 4201 exemplum,
3481 4151 3574 4191 ve-

1970 4197 2183 4252 rebitur
2211 4196 2445 4274 si_r_nilent
2487 4199 2699 4274 _patri:e
2747 4211 3010 4274 praestare
3066 4196 3350 4274 utilitatem
3401 4196 3568 4274 civis;

1976 4280 2197 4337 propter
2239 4265 2908 4339 _Numantittorutn,’ttllis
2959 4272 3106 4339 pacis
3165 4265 3572 4332 conditionibus

1976 4343 2206 4394 credere
2237 4337 2425 4391 hostis.

2048 4410 2136 4464 ll.
2192 4403 2382 4462 Brutus
2425 4407 2478 4460 in
2510 4407 2774 4462 ulteriore.
2827 4411 2888 4464 Ι).
2931 4411 3126 4467 Junius
3156 4413 3354 4469 Brutus
3381 4419 3573 4473 consul

1975 4495 2118 4535 anno
2326 4493 2485 4554 ucxv,
2518 4480 2742 4534 sortitus
2776 4481 3084 4554 llispaniam
3117 4486 3448 4554 ulteriorem,
3472 4489 3570 4543 tle-

1973 4554 2127 4627 _v_icti_s
2158 4550 2418 4627 (inflaris,
2443 4563 2762 4627 cognomen
2784 4551 2910 4627 inde
2947 4555 3167 4627 meruit,
3197 4550 3475 4627 Appianus
3516 4560 3571 4616 in

1973 4619 2429 4695 l_berica,r_Strabo
2461 4620 2600 4695 libro
2643 4621 2823 4695 tertio,
2854 4623 3038 4679 Livius
3089 4619 3338 4681 libro'iv
3371 4638 3426 4683 et
3454 4647 3570 4695 ut,

1892 4692 1948 4753 D
1975 4692 2170 4767 Florus
2200 4693 2339 4767 libr_o
2369 4692 2632 4757 secundo,
2674 4694 2851 4764 capite
2897 4695 3111 4751 decimo
3145 4699 3397 4767 septimo.
3445 4692 3574 4757 Vel;

1977 4764 2116 4819 leius
2147 4779 2208 4818 η.
2285 4762 2452 4819 Ρηιι.

2049 4835 2138 4891 15.
2197 4834 2429 4907 Auxilio.
2477 4835 2649 4906 Lugd.
2678 4832 2818 4890 Batt.
2845 4853 3054 4907 omnes,
3089 4855 3214 4896 eum
3255 4840 3392 4898 Coll.
3429 4842 3568 4900 Gro-

1982 4921 2114 4962 nov.
2142 4917 2196 4962 et
2225 4907 2314 4962 ed.
2339 4905 2502 4976 Aug.,
2537 4905 2590 4962 in
2616 4909 2891 4962 auxilium.

2053 4977 2140 5056 16.
2167 4977 2361 5056 Etiam
2403 4979 2600 5056 senatu
2631 4981 2946 5056 prohibente.
3003 4980 3178 5056 Cinna
3207 4992 3262 5039 et
3289 4984 3569 5056 Cmcilius,

1978 5049 2140 5120 legati
2165 5051 2218 5103 in
2247 5049 2558 5118 Hispaniam
2581 5051 2647 5104 ad
2676 5050 2938 5120 Lepidum
2965 5055 3138 5116 missi,
3172 5057 3479 5113 attulerunt
3509 5049 3568 5114 S.

1977 5122 2042 5176 C.
2074 5136 2184 5200 quo
2213 5121 2551 5200 cavebatttt_'_:
2597 5138 2665 5177 ne
2695 5121 2933 5192 Lepidus
2967 5124 3219 5181 Vaccaeos
3247 5128 3394 5184 bello
3422 5139 3572 5200 pete-

1981 5202 2083 5247 ret.
2111 5192 2408 5260 Appianus.
2485 5191 2649 5245 FABR.

2057 5263 2173 5337 17._
2195 5261 2339 5337 [Iac
2365 5261 2459 5315 sub
2488 5261 2704 5337 Lepido.
2731 5263 2795 5337 _ln
2819 5265 3047 5334 vulgatis
3070 5265 3288 5337 legitur,
3341 5268 3434 5323 sub
3461 5268 3575 5322 Me-

1985 5332 2211 5407 tellos!"
2245 5334 2488 5407 E_pitot_na
2521 5332 2604 5388 m
2630 5335 2701 5389 ita
2730 5332 2934 5407 legitur
2960 5354 2972 5389 :
3001 5332 3256 5394 Dissimili
3275 5332 3459 5393 eventu
3490 5339 3568 5395 Μ.

1978 5403 2232 5481 /Emiliu_s
2264 5404 2492 5481 Lepidus
2521 5421 2728 5481 procos.
2771 5403 3013 5462 adversus
3055 5408 3291 5464 Vaccwos
3323 5426 3440 5481 rent
3457 5428 3574 5481 ges-

1979 5477 2068 5543 sit,
2100 5475 2397 5547 clademque
2423 5477 2640 5530 similem
2673 5476 3013 5533 Numantina:
3040 5497 3221 5544 passus
3254 5490 3350 5533 est.
3399 5475 3564 5536 Finit.

2054 5549 2145 5618 l8.
2187 5545 2279 5618 Ita
2307 5545 2460 5602 nunc.
2511 5547 2651 5602 Edd.
2679 5550 2922 5618 qumdatu
2948 5560 3102 5614 vett.,
3135 5565 3294 5618 quare
3322 5566 3477 5604 nunc.

2055 5617 2184 5673 CAP.
2218 5617 2303 5672 Vl.
2337 5649 2407 5660 --
2438 5621 2490 5674 l.
2528 5620 2654 5676 Sex.
2687 5617 2876 5674 Fulvio
2907 5617 3231 5685 Flacco,’Q.
3264 5619 3569 5690 Calpurnio.

1993 5689 2058 5745 Hi
2079 5690 2328 5744 consules
2353 5691 2729 5746 fueruntanno
2751 5691 2912 5747 Urbis
2938 5704 3155 5745 ncxvrti.
3177 5689 3444 5746 Caeterum
3469 5694 3573 5748 0b-

1988 5775 2223 5835 scquens
2242 5776 2467 5835 puerum
2494 5762 2647 5820 illum
2667 5772 2851 5821 natum
2879 5776 2988 5818 non
3011 5759 3094 5819 bis
3120 5762 3572 5832 consulibus,sed
