4082 6154
503 211 605 271 911

508 440 645 493 nus,
679 422 854 478 oculis
885 431 1147 494 quatuor,
1175 420 1400 476 auribus
1433 417 1656 474 totidem
1685 457 1701 484 ,
1731 425 1928 472 natura
1954 416 2104 472 virili

509 517 732 588 duplex.
769 515 824 570 ln
855 513 1041 572 Sicilia
1085 529 1241 569 mons
1270 511 1435 568 Aitna
1477 519 1662 566 vastos
1707 511 1860 583 ignes
1889 515 2105 565 eructa-

505 611 620 674 vit,
655 624 719 664 ac
739 607 878 662 fudit
911 627 924 660 ;
961 607 1054 675 qui
1088 615 1393 660 torrentum
1435 603 1597 659 modo
1631 619 1726 672 per
1756 617 1921 672 prona
1960 617 2103 672 pra:-

485 701 739 772 .cipites,
792 699 1036 768 proxima
1084 712 1313 768 qumque
1361 694 1792 764 corripientibus
1843 706 2105 748 exussere

508 794 774 858 flammis;
822 791 1196 862 longinquiora
1244 798 1430 844 autem
1464 789 1662 844 favillis
1702 787 1894 842 calidis
1920 827 1934 853 ,
1980 801 2103 842 eum

505 899 708 954 vapore
755 885 904 954 gravi
963 883 1071 938 late
1105 881 1459 936 volitantibus
1487 923 1502 949 ,
1563 887 1915 944 torruerunt;
1963 878 2105 948 quod

511 975 761 1031 'Sicilia:
818 988 1035 1043 semper
1066 972 1414 1028 vernaculum
1465 987 1638 1043 genus
1684 969 1949 1038 monstri,
1999 985 2106 1025 non

510 1067 842 1138 portendere
891 1067 1092 1121 malum
1130 1065 1369 1133 assolet,
1423 1064 1522 1119 sed
1566 1063 1788 1119 inferre.
1825 1063 1880 1118 lu
1928 1063 2107 1118 Bono-

509 1163 687 1219 niensi
710 1142 841 1233 agro
873 1161 1055 1232 fruges
1083 1163 1135 1217 in
1171 1163 1465 1218 arboribus
1493 1161 1515 1192 ⁵⁸
1545 1173 1722 1216 enata:
1759 1171 1906 1215 sunt.
1939 1160 2109 1230 Igitur

508 1253 530 1284 "
555 1257 608 1309 in
632 1253 814 1308 Sicilia
841 1252 1041 1307 bellum
1065 1254 1262 1309 servile
1287 1263 1465 1308 ortum
1490 1261 1598 1317 est,
1623 1251 1766 1323 quod
1785 1251 1922 1306 adeo
1945 1267 2109 1322 grave

510 1359 567 1406 et
593 1358 748 1402 atrox
779 1345 1126 1403 multitudine
1152 1363 1460 1415 servorum,
1490 1347 1756 1401 instructu
1782 1345 2064 1414 Copiarum
2089 1385 2106 1412 ,

509 1457 564 1502 et
591 1447 611 1476 ⁶
641 1444 1011 1515 magnitudlne
1046 1441 1242 1498 virium
1280 1441 1420 1508 fuit,
1454 1449 1542 1506 ut,
1573 1440 1592 1470 "
1623 1454 1728 1493 non
1759 1438 1937 1493 dicam
1974 1453 2112 1508 pne-

511 1545 662 1594 torcs
688 1537 853 1608 300
880 1537 1156 1590 ltomanos
1179 1575 1196 1600 ,
1225 1548 1362 1603 quos
1387 1532 1602 1601 penitus
1631 1529 1941 1601 proﬂigavit
1970 1573 1984 1598 ,
2012 1527 2110 1584 sed

509 1630 768 1687 consules
809 1644 1031 1701 quoilue
1073 1627 1355 1684 terruerit.
1389 1625 1522 1680 Nam
1567 1625 1914 1694 septuaginta
1944 1621 2108 1676 millia

1901 205 2108 265 PAULI
2143 207 2369 267 OROSII

505 331 647 388 libus
669 375 684 399 ,
715 330 906 385 Romae
935 343 1068 400 puer
1095 342 1159 386 ex
1193 327 1394 383 ancilla
1423 329 1444 360 ³
1475 334 1634 382 natus
1663 331 1745 382 est
1789 324 2101 398 quadrima-
2129 329 2184 389 Α

3697 211 3798 268 953

2821 319 3050 380 CAPUT
3089 321 3200 378 VII.

2204 416 2284 474 De
2336 415 2631 473 Numantia
2661 457 2677 485 ,
2723 417 2947 491 ejusque
2989 433 3080 489 per
3137 416 3441 488 Scipionem
3500 418 3802 491 Africanum

2863 489 3142 543 deletione.

2279 603 2296 635 ⁸
2328 602 2486 659 Anno
2524 604 2594 659 ab
2626 602 2773 660 Urbe
2799 603 3014 660 condita
3054 617 3193 660 ccxx
3216 645 3232 666 ,
3282 617 3404 658 cum
3438 603 3613 675 major
3659 621 3791 675 pene

2205 695 2422 750 infamia
2453 695 2522 752 de
2570 694 2776 752 findere
2805 694 2946 766 apud
2989 695 3331 751 Numantiam
3385 706 3544 765 pacto
3572 738 3590 762 ,
3642 713 3793 766 quam

2206 787 2348 856 apud
2369 786 2644 842 Caudinas
2673 787 2945 858 quondam
2965 785 3230 854 lurculas,
3251 786 3518 858 pudorem
3548 785 3799 845 Romana:

2207 877 2404 935 frontis
2438 891 2734 947 oneraret,
2770 880 2952 952 Scipio
2993 879 3287 938 Africanus
3310 883 3329 912 ²
3354 895 3636 937 consensu
3679 898 3796 939 om-

2209 971 2352 1028 nium
2385 975 2621 1029 tribuum
2653 974 2845 1029 consul
2887 983 3104 1028 creatus
3129 1018 3142 1043 ,
3192 983 3356 1045 atque
3385 973 3451 1029 ad
3485 990 3799 1046 oppugnan-

2208 1063 2332 1121 dam
2386 1064 2731 1121 Numantiam
2791 1080 2914 1121 cum
2976 1067 3222 1121 exercitu
3273 1066 3478 1122 missus
3539 1077 3646 1123 eat.
3693 1068 3799 1123 Nu-

2209 1158 2408 1212 mantia
2431 1167 2612 1212 autem
2632 1159 2908 1216 citerioris
2934 1157 3229 1228 Hispaniae,
3255 1160 3393 1214 haud
3415 1159 3604 1230 proco]
3631 1176 3660 1215 a
3678 1161 3804 1217 Vac-

2210 1251 2339 1304 caeis
2355 1258 2408 1304 et
2422 1250 2708 1305 Cantabris
2726 1252 2778 1304 in
2795 1251 2978 1321 capite
2994 1251 3260 1307 Gallmeire
3283 1253 3406 1318 sita,
3424 1253 3614 1308 ultima
3634 1251 3797 1309 Celti-

2213 1341 2469 1397 berorum
2520 1343 2681 1415 301
2714 1342 2832 1399 fuit.
2865 1345 2886 1375 ³
2915 1343 3044 1399 Haec
3073 1358 3168 1414 per
3196 1359 3371 1400 anuos
3397 1346 3801 1416 quatuordecim

2210 1449 2334 1490 cum
2390 1435 2522 1489 solis
2578 1445 2810 1505 quatuor
2867 1436 3108 1491 millibus
3163 1451 3386 1491 suorum
3455 1439 3801 1509 quadraginta

2213 1527 2382 1582 millia
2414 1527 2781 1582 Romanorum
2816 1543 2922 1583 non
2951 1529 3130 1584 solum
3171 1529 3427 1585 suetinuit
3449 1569 3466 1597 ,
3519 1529 3618 1586 sed
3652 1531 3802 1586 etiam

2213 1620 2376 1688 vicit,
2432 1619 2806 1692 pudendisque
2844 1620 3137 1677 foederibus
3178 1621 3378 1678 aﬂecit.
3422 1621 3594 1694 Igitur
3634 1623 3803 1695 Scipio

514 1738 799 1779 servorum
827 1763 842 1790 ,
878 1733 991 1776 tum
1021 1723 1071 1776 in
1113 1734 1268 1775 arma
1313 1715 1746 1788 eonspirantium
1777 1716 1941 1770 fuisse
1972 1713 2108 1770 refe-
2141 1728 2190 1789 Β
2219 1713 2506 1768 Africanus
2536 1713 2848 1784 Hispaniam
2891 1715 3166 1784 ingressus
3199 1729 3304 1772 non
3331 1716 3478 1772 illico
3499 1732 3562 1772 se
3588 1717 3804 1787 ingessit

514 1827 732 1882 runtur,
752 1828 978 1887 excepta
1003 1815 1133 1870 urbe
1161 1813 1434 1880 Messana,
1451 1826 1571 1882 qua:
1593 1824 1781 1866 servos
1810 1808 2110 1864 liberaliter

516 1912 730 1968 habitos
769 1911 822 1965 in
867 1925 1002 1981 pace
1035 1908 1327 1962 continuit.
1361 1905 1633 1960 Cmterum
1683 1902 1871 1959 Sicilia
1920 1902 1972 1956 in
2005 1899 2110 1955 hoc

516 2018 731 2075 quoque
763 1999 1036 2067 miserior,
1063 2001 1184 2070 quia
1221 1998 1396 2053 insula
1428 2007 1481 2051 et
1509 2009 1800 2062 numquam
1839 2009 1964 2062 erga
1997 2002 2112 2046 sta-

516 2108 628 2152 tum
658 2096 859 2150 suum"
886 2094 1024 2162 juris
1068 2091 1292 2159 idonei,
1337 2102 1484 2143 nunc
1533 2087 1781 2159 tyrannis
1829 2085 2111 2154 subjecta,

513 2205 660 2245 nunc
680 2189 852 2243 servis
886 2203 898 2240 :
931 2185 1018 2240 vel
1045 2185 1152 2238 illis
1175 2182 1458 2238 dominatu
1483 2179 1738 2250 improbo
1767 2176 2113 2248 exigentibus

512 2277 956 2339 servitutem.vel
985 2277 1102 2332 istis
1132 2274 1563 2346 praesumptione
1587 2284 1843 2342 perversa
1869 2284 2114 2324 commu-

517 2372 760 2428 tantibus
793 2371 1102 2426 libertatem
1129 2411 1143 2434 ,
1188 2367 1428 2422 maxime
1475 2365 1601 2437 quia
1645 2365 1835 2419 clauso
1875 2362 2114 2432 undique

518 2464 679 2535 mari,
707 2477 930 2534 egerere
954 2462 1099 2516 foras
1128 2475 1232 2516 nou
1265 2458 1426 2513 facile
1449 2467 1626 2528 potest
1649 2457 1967 2524 intestinum
2001 2470 2115 2508 ma-

522 2554 659 2610 lum.
697 2553 1011 2623 Viperinam
1063 2552 1264 2622 quippe
1308 2547 1723 2618 conceptionem
1756 2550 1776 2580 9
1826 2545 2114 2617 perditioni

522 2661 636 2701 sua:
663 2643 820 2708 aluit,
851 2658 943 2697 sua
973 2641 1201 2697 libidine
1229 2649 1467 2703 auctam,
1500 2655 1594 2693 sua
1627 2649 1804 2695 morte
1829 2638 2117 2692 victuram.

523 2737 582 2792 In
609 2736 711 2791 hoc
739 2745 919 2790 autem
948 2733 1168 2788 servilis
1198 2732 1464 2786 tumultus
1489 2731 1766 2802 cxcitatio,
1801 2740 2005 2802 quanto
2033 2745 2122 2785 ra-

524 2830 640 2886 rior
669 2828 885 2883 caeteris
909 2868 925 2896 ,
956 2835 1109 2881 tanto
1154 2825 1197 2856 ¹⁰
1234 2825 1592 2881 truculentior
1621 2833 1706 2879 est
1741 2843 1751 2877 :
1787 2823 1911 2895 quia
1939 2822 2120 2879 inten-

519 2923 671 2978 tione
702 2927 1079 2976 commovetur
1104 2918 1276 2975 libera
1307 2917 1598 2974 multitudo
1624 2957 1639 2984 ,
1680 2925 1741 2972 ut
1772 2918 1997 2988 patriam
2023 2932 2120 2972 au-

521 3024 677 3089 geat,
708 3015 930 3072 servilis
959 3021 1019 3068 ut
1039 3011 1250 3084 perdat.

2213 1804 2492 1867 hostibus,
2523 1815 2581 1859 ut
2623 1795 2778 1876 quasi
2833 1806 3080 1862 incautos
3130 1807 3598 1874 circumveniret,
3643 1809 3806 1865 sciens

2215 1911 2508 1966 numquam
2537 1895 2558 1926 ⁸
2584 1897 2634 1951 id
2659 1912 2829 1966 genus
2872 1897 3150 1953 hominum
3199 1899 3337 1955 adeo
3379 1902 3430 1955 in
3475 1901 3650 1956 otium
3699 1917 3806 1956 cor-

2215 2006 2347 2060 pore
2403 2002 2563 2062 atque
2607 1992 2794 2046 animo
2847 1993 3082 2060 resolvi,
3143 2000 3200 2047 ut
3231 2008 3339 2047 non
3386 1993 3502 2062 ipsa
3557 1994 3806 2064 qualitate

2219 2083 2551 2138 habitudinis
2623 2098 2734 2138 sua:
2793 2092 3090 2154 apparatus
3148 2085 3378 2140 aliorum
3437 2086 3803 2155 praecelleret,

2221 2175 2316 2230 sed
2362 2173 2691 2246 aliquamdiu
2747 2175 2972 2231 militem
3023 2192 3188 2232 suum
3231 2177 3284 2232 in
3327 2177 3526 2233 eastris
3577 2178 3721 2233 velut
3756 2181 3804 2232 in

2223 2267 2430 2322 scholis
2456 2267 2718 2322 excreuit.
2752 2267 2817 2322 Et
2865 2283 2986 2323 cum
3035 2279 3240 2339 partem
3290 2271 3500 2325 uastatis
3551 2279 3807 2342 totamque

2223 2359 2485 2427 hiemem,
2520 2375 2587 2415 ne
2628 2367 2888 2416 attentata
2929 2361 3152 2433 quidem
3193 2378 3390 2433 pugna,
3425 2364 3803 2435 transegisset,

2221 2453 2302 2508 sic
2332 2469 2546 2523 quoque
2583 2469 2771 2524 parum
2803 2455 3203 2525 propemodum
3249 2455 3350 2512 hac
3389 2457 3619 2526 profecit
3667 2459 3810 2514 indu-

2223 2548 2377 2602 stria.
2408 2548 2647 2618 Namque
2672 2548 2764 2602 ubi
2795 2550 2950 2619 copia
2999 2549 3268 2619 pugnandi
3317 2549 3454 2605 facta
3488 2561 3572 2606 est
3594 2591 3610 2617 ,
3663 2566 3808 2606 exer-

2222 2643 2361 2696 citus
2392 2640 2672 2696 Romanus
2696 2681 2712 2708 ,
2767 2655 3062 2712 oppressus
3092 2640 3293 2711 impetu
3322 2641 3772 2698 Numantinorum
3791 2683 3809 2711 ,

2222 2735 2243 2766 ⁵
2277 2744 2425 2806 terga
2456 2736 2725 2791 convertit
2769 2752 2782 2788 :
2836 2735 2932 2790 sed
2979 2735 3345 2809 increpatione
3373 2747 3426 2792 et
3479 2739 3643 2794 minis
3672 2738 3810 2808 obje-

2223 2827 2424 2882 ctautis
2453 2841 2574 2882 sese
2604 2825 2848 2882 consulis
2871 2867 2886 2891 ,
2917 2841 3190 2898 manuque
3239 2829 3525 2885 retinentis
3555 2871 3569 2893 ,
3605 2830 3808 2885 tandem

2227 2919 2539 2991 indignatus
2582 2919 2635 2974 in
2687 2918 2898 2975 hosmm
2950 2919 3111 2976 rediit
3156 2936 3172 2975 :
3229 2931 3280 2976 et
3334 2936 3496 2991 quem
3546 2921 3811 2993 fugiebat,

2225 3011 2408 3084 fugere
2451 3012 2734 3084 compulit.
2770 3012 3016 3069 Difficilis
3037 3022 3166 3069 tunc
3189 3013 3245 3069 in
3269 3014 3443 3070 relatu
3470 3013 3605 3072 fides
3634 3057 3649 3084 ,
3671 3015 3692 3046 ⁸
3715 3013 3816 3070 Nu-

1821 3127 1864 3183 11
1873 3126 2146 3184 AVERCA
2157 3129 2274 3185 MP]
2317 3128 2550 3186 ΝΟΤΔΕ.

527 3225 929 3296 superioribus,
961 3223 1023 3279 P.
1049 3223 1214 3296 Furio
1237 3232 1291 3278 et
1315 3222 1446 3278 Sex.
1472 3224 1510 3296 ,ξ
1522 3220 1640 3296 tilio
1659 3218 1897 3296 Serrano
1925 3221 2140 3296 scribit.
2171 3225 2216 3286 C
2249 3222 2509 3296 annoalii
2541 3237 2649 3276 non
2683 3220 2982 3296 Scipionem
3013 3223 3292 3280 censulem
3319 3223 3530 3296 factum,
3551 3233 3607 3280 et
3629 3225 3692 3280 ad
3719 3224 3816 3281 Nu-

529 3292 614 3354 Ad
641 3301 741 3352 hos
756 3313 884 3351 vero
916 3292 1064 3351 coss.
1103 3293 1290 3351 jEtua:
1316 3293 1626 3349 incendium
1660 3293 1870 3363 aliaque
1895 3292 2138 3362 prodigia

531 3367 726 3425 refert.
768 3368 934 3421 Fann.

617 3441 672 3491 2.
709 3437 881 3491 Natus
927 3448 1023 3492 est.
1073 3437 1323 3492 bleliores
1364 3449 1522 3500 mss.,
1562 3434 1820 3490 videlicet
1857 3445 1968 3488 tres
2009 3433 2137 3488 Flo-

550 3518 718 3570 reut.,
748 3509 894 3562 Meus
925 3520 975 3563 et
1003 3511 1277 3575 l‘erizon.,
1301 3509 1486 3562 delent
1518 3507 1738 3561 verbum
1773 3507 2065 3575 posterius.

610 3581 664 3633 5.
697 3579 896 3636 Sicilire
924 3579 1252 3651 vernaculum
1276 3595 1434 3651 genus
1465 3578 1695 3651 monstri.
1729 3577 1900 3651 Supra
1935 3576 2028 3632 lib.
2061 3592 2139 3645 tv,

535 3665 655 3721 cap.
674 3654 726 3712 6.
746 3653 810 3705 de
823 3649 1166 3721 Carthagine,
1184 3648 1631 3719 Carthaginienses
1647 3648 1974 3703 vernaculum
1991 3658 2143 3721 atque

539 3720 842 3777 intestinum
873 3720 1074 3793 semper
1094 3724 1302 3788 iuter_se
1333 3721 1521 3773 malum
1547 3721 1769 3775 habuere
1801 3720 2137 3793 discordiam.

615 3793 671 3848 4.
709 3794 898 3848 Euam:
948 3791 1088 3848 sunt.
1141 3793 1263 3847 lla‘e
1307 3794 1636 3861 optimorum
1682 3807 1777 3846 sex
1807 3791 1891 3845 vel
1933 3803 2138 3860 septem

546 3866 708 3920 codd.
744 3865 1029 3920 lcetioest.
1063 3863 1268 3934 Vulgo,
1301 3873 1436 3916 natw
1461 3872 1604 3917 sunt.

625 3938 679 3990 5.
708 3934 772 3989 In
811 3937 996 3990 Sicilia
1029 3931 1240 3989 bellant.
1277 3935 1393 3988 Hoc
1431 3934 1619 3986 bellum
1654 3931 1837 3986 servile
1885 3932 2144 3988 excitavit

562 4005 752 4061 Eunus
781 4006 948 4076 Syrus
979 4023 1042 4062 cx
1074 4010 1206 4061 urbe
1230 4007 1489 4073 Apamea,
1515 4018 1706 4059 servus
1737 4003 2017 4070 Antigenis
2039 4004 2142 4058 En-

550 4079 758 4132 neusis.
793 4075 958 4147 Cujus
985 4078 1120 4132 belli
1153 4092 1396 4147 causam,
1427 4075 1661 4147 (ladem,
1697 4089 2020 4147 omnemque
2049 4091 2142 4128 ra-

549 4149 750 4202 tionem
772 4164 800 4201 a
822 4145 1063 4204 Diodoro
1083 4146 1419 4204 Siculolibro
1434 4161 1590 4199 xxxw
1609 4145 1935 4213 descriptam
1954 4147 2142 4201 Latine

551 4219 722 4275 edidit
748 4220 1013 4275 llemicus
1035 4218 1358 4288 Stephanus.
1383 4217 1460 4270 De
1489 4217 1679 4288 eodem
1710 4215 1902 4288 Florus
1931 4215 2022 4288 lib.
2058 4233 2137 4283 tu,

550 4304 602 4345 ο.
629 4291 712 4350 19,
730 4305 778 4346 et
800 4291 981 4346 Livius
1005 4291 1097 4344 lib.
1123 4286 1228 4344 tu.
1247 4287 1486 4343 Meminit
1503 4287 1784 4356 Appianus
1806 4287 1897 4341 lib.
1918 4303 1953 4342 ι.
1972 4286 2137 4343 Fanu.

621 4361 676 4415 li.
721 4363 1088 4433 Magnitudine
1114 4361 1320 4415 uirium.
1355 4357 1804 4433 Conjnuctionem
1837 4369 1917 4425 et,
1957 4359 2141 4433 invitis

549 4446 682 4487 mss.
717 4429 966 4490 omnibus
989 4475 1005 4501 ,
1040 4429 1685 4501 iutruserantieditores,
1721 4445 1884 4498 quam
1927 4431 2138 4501 sustuli.

627 4503 678 4576 7.
715 4504 835 4576 Non
864 4499 1037 4576 dicunt
1059 4512 1325 4576 prwtorei.
1374 4500 1616 4576 Quatuor
1658 4511 1979 4576 primorum,
2017 4499 2139 4554 Μα-

553 4573 695 4639 nilii,
733 4573 964 4644 Lentuli,
1003 4571 1228 4638 Pisonis,
1266 4571 1508 4644 Hypsaei,
1532 4583 1706 4644 castra
1741 4573 1958 4628 aservis
1983 4582 2138 4644 capta

553 4648 738 4702 scribit
771 4642 982 4702 Florus.
1007 4642 1453 4702 Diodorusuiium
1480 4642 1542 4696 L.
1566 4642 1854 4715 Hypsa’uni
1873 4643 2136 4708 nominat,

551 4717 643 4787 qui
675 4719 844 4774 Roma
881 4720 931 4772 in
959 4717 1199 4774 Siciliam
1246 4730 1377 4787 cum,
1411 4724 1536 4769 octo
1569 4714 1805 4787 millibus
1832 4714 2137 4769 Siculorum

553 4786 787 4845 militum
835 4790 1139 4858 profectus,
1187 4786 1480 4858 commisso
1530 4786 1719 4858 praeli_o
1759 4787 1930 4840 victus
1981 4797 2065 4842 est
2108 4800 2142 4841 a

556 4864 748 4916 servis.
787 4854 862 4916 De
889 4854 1208 4916 consulibus
1233 4856 1372 4911 infra
1402 4855 1632 4910 dicetur.
1668 4854 1832 4910 FABR.

639 4934 692 4986 8.
724 4931 872 4986 Juris
901 4933 1096 4986 idonei.
1119 4929 1252 4984 Tres
1282 4926 1452 4997 Lugd.
1493 4926 1658 4995 Batt.,
1692 4942 1812 4981 cum
1845 4926 1981 4982 Coll.
2006 4925 2144 4982 Gro-

555 5020 706 5070 nov.,
723 5002 925 5057 addunt
950 5003 1067 5072 fuit.
1087 4998 1320 5070 Quidam
1343 5011 1562 5068 quoque
1579 5012 1712 5053 mss.
1727 5007 1781 5053 et
1802 4997 1932 5053 editi
1956 5007 2028 5053 est
2051 4997 2147 5052 ad-

556 5077 690 5132 duul
708 5081 828 5143 post
843 5071 1036 5143 insula.
1057 5071 1065 5082 ⁷

629 5149 682 5203 9.
709 5138 999 5198 Perditioni
1017 5158 1143 5198 sum.
1172 5140 1245 5197 lla
1269 5143 1488 5198 omnino
1513 5138 1883 5211 refingendum
1916 5155 1981 5194 ex
2010 5155 2142 5194 mss.

558 5221 706 5278 Flor.
739 5229 822 5285 pr.
853 5225 906 5268 et
935 5229 1051 5285 sec.
1082 5223 1242 5285 atque
1270 5215 1518 5269 Perlzon.
1561 5213 1709 5268 Meus
1756 5211 1976 5268 exhibet
2029 5227 2146 5283 per-

559 5284 752 5348 ditione
779 5301 897 5340 sua.
927 5284 1111 5354 Vulg.,
1146 5284 1448 5355 perditionis
1474 5301 1603 5341 sum.

631 5362 718 5419 10.
741 5353 1108 5412 Truculentior
1137 5353 1233 5408 est.
1263 5356 1323 5412 In
1343 5359 1456 5411 Meo
1482 5372 1584 5410 non
1609 5354 1783 5426 reperi
1802 5353 2025 5426 verbum
2045 5361 2140 5407 est.

560 5434 730 5506 Lugd.
755 5429 894 5485 Batt.
921 5436 1052 5506 tr_e_s,
1070 5426 1344 5482 cumColl.
1369 5424 1912 5506 Gronov.,£ru_d_elior
1929 5435 2023 5506 est.
2042 5425 2146 5506 [fro

561 5495 934 5566 commoretur,
963 5498 1109 5554 Meus
1132 5513 1342 5567 quoque
1371 5508 1621 5552 movetur.
1645 5495 1752 5552 Sed
1776 5497 1886 5567 illa,
1919 5495 2036 5567 quia
2055 5495 2138 5546 in-

562 5579 782 5634 tentione
805 5613 822 5642 ,
859 5582 964 5628 etc.
989 5566 1414 5642 CedaPerizou.
1448 5569 1525 5623 ita
1565 5567 1775 5623 scribit.
1813 5566 1928 5636 Qua
1969 5566 2140 5619 inten-

565 5651 724 5709 tione.
761 5639 878 5708 etc,
907 5659 966 5699 ea
995 5639 1194 5697 servilis
1216 5650 1268 5694 ut
1289 5640 1491 5712 perdat.

635 5707 765 5776 cu».
802 5707 914 5773 Vit.
941 5745 1011 5756 ——
1041 5713 1092 5771 l.
1139 5707 1299 5771 Anno
1332 5712 1395 5768 ab
1444 5709 1581 5766 Urbe
1619 5709 1771 5766 comi.
1815 5723 1976 5767 ncxx.
2030 5707 2144 5768 lloc

2249 3295 2506 3349 mantiam
2533 3295 2948 3364 oppugnandam
2989 3296 3321 3364 proiectum,
3359 3297 3454 3352 sed
3488 3295 3810 3353 Numantiam

2243 3365 2313 3419 ab
2341 3379 2408 3420 eo
2439 3375 2798 3434 expugnatam
2831 3365 3094 3421 scribunt.
3132 3366 3296 3422 Faue.

2312 3437 2370 3509 Ξ.
2416 3434 2685 3509 Consensu
2729 3438 2961 3489 omnium
3003 3438 3248 3492 tribuum.
3290 3436 3484 3493 Nescio
3532 3439 3769 3509 equidem
3798 3481 3812 3505 ,

2247 3508 2446 3576 quibus
2475 3508 2777 3580 rationibus
2815 3510 2945 3561 moti
2977 3509 3067 3580 alii
3095 3517 3435 3564 correctores
3471 3508 3811 3580 scripserunt,

2244 3593 2498 3632 consensu
2540 3579 2773 3630 omnium.
2809 3595 2872 3632 ex
2904 3578 3112 3634 tribuno
3136 3580 3317 3642 consul
3358 3578 3598 3646 creatur,
3623 3597 3738 3636 cum
3764 3583 3814 3636 in

2246 3649 2628 3718 manuscriptis
2668 3663 2828 3703 secus
2861 3650 3088 3716 legatur.
3139 3649 3306 3706 Fauu.
3347 3651 3520 3707 Causa
3556 3653 3712 3706 fuisse
3742 3653 3814 3706 vi-

2244 3720 2403 3774 detur
2432 3760 2446 3784 ,
2477 3719 2618 3789 quod
2646 3722 2695 3773 in
2729 3719 3050 3789 quibusdam
3086 3737 3216 3775 mss.
3251 3727 3558 3778 invenerint
3583 3725 3812 3778 vitiosam

2248 3792 2384 3845 hanc
2413 3791 2699 3845 lcetio;.em
2718 3831 2734 3850 ,
2767 3793 2995 3845 omnium
3027 3793 3365 3847 tribunorum.
3395 3792 3472 3848 Ita
3500 3795 3642 3849 enim
3689 3797 3812 3849 scri-

2246 3862 2392 3935 bitur
2414 3863 2465 3915 in
2492 3861 2669 3935 [.ugd.
2698 3861 2814 3916 Bat.
2850 3878 2929 3932 pr.
2961 3873 3013 3916 et
3045 3865 3204 3920 tertio
3231 3908 3246 3932 ,
3273 3876 3430 3935 atque
3451 3866 3670 3934 insuper
3688 3866 3812 3920 Coll.

2244 3931 2487 3988 Gronov.
2518 3931 2698 4008 lu’ed.
2745 3931 2880 4008 Aug.
2927 3935 3130 4008 abest._
3153 3936 3272 3989 Mox
3316 3931 3384 3988 ad
3430 3931 3817 4008 expugnandum

2245 4016 2444 4076 prmter
2475 4004 2600 4061 edd.
2633 4006 2891 4074 quasdam
2917 4015 3048 4060 vett.
3090 4003 3236 4061 Flor.
3270 4022 3383 4064 sec.
3424 4003 3680 4078 eti‘Lugd.
3711 4008 3815 4062 Bal.

2245 4090 2329 4145 pr.
2360 4092 2621 4149 {errarunt
2652 4090 2866 4144 quoque
2896 4092 2995 4146 pro
3047 4093 3261 4131 suorum
3319 4086 3431 4133 tres
3473 4077 3641 4149 Lugd.
3689 4079 3819 4134 Bait.

2244 4160 2366 4201 cum
2399 4146 2536 4202 Coll.
2564 4145 2807 4202 Gronov.

2317 4219 2370 4272 5.
2402 4216 2531 4272 Ηαισ
2561 4234 2648 4288 per
2669 4233 2830 4271 annos
2861 4231 2972 4272 xtv.
3021 4217 3216 4274 Florus
3257 4219 3383 4274 libr.
3431 4235 3468 4274 ιι
3497 4262 3512 4286 ,
3562 4235 3679 4289 cap.
3724 4221 3816 4274 l8:

2247 4286 2536 4343 Numantia
2561 4286 2805 4358 'quatuor
2844 4289 3069 4343 millibus
3109 4291 3480 4346 Celtiberorum
3511 4308 3575 4346 ιι.
3617 4286 3821 4346 millium

2245 4362 2520 4434 egeri-itum
2555 4377 2644 4429 per
2677 4376 2964 4434 annos__xtv
3011 4360 3122 4434 sola
3166 4363 3428 4416 sustinuit.
3465 4367 3731 4434 Appianus
3773 4367 3822 4418 in

2247 4427 2562 4497 lliSpaui‘eis'
2597 4432 2785 4484 scribit
2839 4431 3287 4488 Numantinorum
3343 4443 3469 4488 ante
3501 4427 3694 4490 bellum
3725 4451 3825 4489 non

2246 4500 2414 4578 fuisse
2443 4501 2676 4578 amplius
2703 4513 2842 4578 οριοΔ
2858 4503 3044 4578 millia.
3067 4504 3180 4578 gos
3201 4503 3270 4560 de
3301 4505 3464 4560 rebus
3509 4519 3542 4559 a
3581 4507 3824 4578 Scipione

2246 4571 2310 4626 ad
2337 4571 2680 4642 Numantiam
2710 4574 2875 4642 gestis
2903 4573 3040 4642 lege.
3067 4573 3234 4630 FABR.

2166 4618 2221 4679 ι)
2243 4618 2377 4719 fit
2389 4618 2881 4719 “1'2";;;;.;;._°L~f.sai
2903 4618 3278 4719 regem
3328 4656 3440 4719 ιτ..
3663 4647 3825 4719 tua.

2243 4713 2385 4788 Batt.
2408 4713 2574 4788 1eum
2609 4717 2731 4770 cod.
2763 4717 2938 4788 Aitg.,
2963 4713 3246 4788 hoc'genus
3273 4718 3547 4774 scribunt.

2245 4785 2370 4910 (1.5.
2405 4784 2571 4856 Terga
2599 4784 2870 4841 conuertit.
2892 4785 3040 4842 Meus
3059 4784 3242 4860 [terga
3262 4790 3432 4844 vertit.
3455 4791 3608 4858 Quod
3646 4791 3830 4848 melius

2287 4866 2449 4910 ictum
2478 4865 2582 4910 est.

2287 4865 2449 4910 ictum
2478 4865 2582 4911 est.

2318 4928 2370 4982 6.
2399 4923 2750 4981 Numantinos
2771 4938 2818 4982 et
2849 4929 3102 5004 fugarere.
3133 4929 3270 4985 Cum
3293 4929 3435 5004 edd.
3481 4948 3601 5004 qua:
3649 4932 3833 4988 Fabri-

2249 4998 2431 5072 eianns
2477 4998 2925 5072 p_raecesserant,’
2951 4999 3249 5072 haberent,
3283 4998 3535 5072 Difﬁcilis
3564 5004 3616 5056 in
3670 5005 3832 5057 relatu

2248 5068 2379 5145 fides
2403 5110 2418 5134 ,
2473 5068 2828 5145 Numantinos
2854 5083 2902 5126 et
2928 5071 3197 5145 _[ugarere
3223 5068 3245 5135 ,’
3259 5068 3417 5145 ἔξω.)
3447 5085 3506 5128 ut
3532 5075 3697 5143 prima
3720 5090 3835 5128 om-

2247 5139 2393 5196 nium
2422 5181 2455 5216 L
2478 5147 2640 5216 atque
2671 5144 2894 5216 August.
2928 5139 3146 5216 Veﬁetm
3173 5153 3229 5200 et
3258 5143 3436 5200 Paris.
3473 5139 3711 5216 Reliqua:
3739 5161 3835 5199 au-

2250 5220 2397 5284 tent,
2423 5209 2694 5283 Bolsuing.
2722 5209 2974 5284 quidem,
2998 5209 3248 5284 Difﬁcilis
3277 5226 3397 5270 tunc
3421 5217 3474 5269 in
3497 5209 3659 5271 relaiu
3680 5216 3837 5284 ﬁdes,

2246 5291 2294 5357 et
2331 5281 2697 5357 Numantinos
2741 5281 2944 5357 Iugicre
2965 5326 2981 5351 ,
3035 5281 3140 5342 eic.
3171 5285 3276 5342 Pro
3299 5288 3498 5357 fngier:
3527 5281 3760 5354 llittotp.
3791 5290 3840 5340 iu

2251 5351 2582 5428 Fabricianis
2613 5351 2827 5410 editum
2852 5357 2948 5411 fuit
2979 5357 3196 5428 fuge‘re;
3226 5351 3380 5428 quod
3423 5351 3732 5428 neutiquam
3765 5370 3842 5412 lo-

2249 5423 2414 5499 lerarri
2443 5439 2564 5480 cum
2595 5437 2800 5499 posset,
2834 5423 3011 5499 fugere
3036 5423 3281 5498 reposuit
3309 5429 3549 5484 Seottus.
3575 5423 3683 5486 Sed
3717 5445 3841 5486 vera

2250 5495 2411 5570 lectio
2439 5507 2599 5570 estet
2626 5495 2912 5570 (agerere,
2953 5495 3118 5569 quam
3160 5501 3364 5556 diserte
3409 5501 3671 5557 exhibent
3719 5503 3844 5556 cod.

2249 5563 2571 5642 Lo_ngob._et
2619 5563 2801 5636 Meus,
2855 5563 3015 5642 atque
3044 5570 3393 5642 subindicant
3440 5588 3654 5642 quoque
3682 5573 3759 5626 illi
3791 5574 3845 5626 in

2249 5639 2443 5711 quibus
2455 5639 2742 5711 c/fugavere
2753 5639 3087 5703 scribitur,ut
3107 5641 3243 5698 Ultr.
3259 5656 3311 5698 et
3328 5639 3579 5698 Florenti
3593 5658 3706 5699 sec.
3719 5658 3845 5698 cum

2249 5709 2388 5769 Coll.
2412 5709 2650 5770 Groubv.
2667 5727 2832 5784 supra
2854 5727 2951 5785 pro
2973 5713 3144 5770 uidero
3168 5713 3224 5772 in
3239 5715 3360 5772 Meo
3385 5714 3638 5774 scribitur
3657 5715 3848 5773 uicere.
