4088 6170
299 234 411 309 ess

1348 248 1822 322 IIISIORIARUM
1861 247 2068 310 LIBER
2111 249 2176 307 V.
2217 248 2375 306 CAP.
2422 248 2557 306 VIII.

3495 249 3604 308 934

298 363 574 422 mantinos
605 371 659 419 et
693 362 944 434 fugavere
964 407 978 433 ,
1011 369 1067 418 et
1110 362 1378 434 fugientes
1402 364 1590 421 videre
1631 365 1882 422 Romani.
1913 366 1964 427 A
1991 364 2070 418 vis
2100 363 2360 434 germinis
2385 361 2706 418 madefacta:
2735 361 2903 434 frugis
2922 404 2936 430 ,
2965 376 3031 419 ac
3059 361 3258 420 deinde
3279 364 3515 420 siccatur
3547 375 3603 422 ct

299 458 456 516 Unde
483 457 736 528 quamvis
766 455 951 527 Scipio
978 497 992 523 ,
1017 456 1143 527 quia
1175 466 1373 528 praeter
1401 472 1554 528 Spem
1587 458 1892 527 acciderat,

300 552 514 608 Izetatus
543 564 596 606 et
621 550 882 621 gloriatus
913 559 1093 616 esset,
1125 559 1303 607 tamen
1335 551 1474 606 ultra
1501 551 1521 581 "
1549 551 1756 608 bellum
1798 552 1897 608 ad-

300 660 496 701 versus
525 660 623 700 eos
653 643 962 700 audendqu
987 658 1094 698 non
1117 659 1259 710 esse,
1291 643 1569 714 professus
1595 645 1900 715 est.Itaque

297 738 483 811 Scipio
514 737 874 794 insistendum
911 737 1204 808 inopinatis
1255 738 1607 808 proventibus
1651 740 1896 806 censuit,

297 833 494 889 urbem
523 833 696 902 ipsam
720 831 1002 887 obsidione
1031 833 1336 896 conclusit,
1367 834 1388 864 ⁸
1415 834 1553 889 fossa
1602 834 1761 888 etiam
1792 834 1901 888 cir-

298 927 613 982 eumdedit:
647 927 808 998 302
838 925 992 994 cujus
1025 927 1249 982 latitudo
1281 927 1508 998 pedibus
1538 926 1747 992 decem,
1778 926 1902 980 alli-

303 1019 434 1074 tudo
477 1016 663 1088 viginti
694 1022 810 1072 fuit.
836 1017 1012 1088 Ipsum
1045 1017 1244 1074 deinde
1278 1018 1499 1084 vallum,
1524 1018 1747 1073 sudibus
1764 1032 1894 1087 pra:-

299 1121 589 1174 structum,
619 1111 828 1166 crebris
860 1113 1098 1166 turribus
1125 1111 1518 1169 communivit:
1547 1122 1607 1166 ut
1636 1110 1681 1166 si
1703 1128 1807 1182 qua
1832 1111 1900 1166 ab

300 1215 624 1274 erumpente
646 1202 801 1258 hoste
823 1203 874 1256 in
889 1204 1013 1258 eum
1042 1213 1339 1258 tentaretur
1361 1203 1623 1274 irruptio;
1650 1203 1763 1273 jam
1793 1217 1898 1258 non

299 1298 456 1368 quasi
484 1296 738 1351 obsessor
762 1311 884 1352 cum
914 1295 1162 1364 obsesso,
1194 1298 1286 1352 sed
1318 1311 1473 1352 versa
1504 1298 1620 1352 vice
1645 1296 1900 1351 obsessus

301 1403 423 1443 cum
454 1387 741 1444 obsessore
765 1397 1045 1458 pugnaret.
1076 1387 1364 1442 Numantia
1388 1397 1570 1443 autem
1614 1387 1666 1443 in
1696 1388 1902 1442 tumulo

301 1481 426 1544 sita,
442 1480 581 1534 haud
600 1479 829 1550 procula
853 1479 1279 1546 IlumineDurio,
1300 1488 1322 1519 θ
1338 1478 1436 1534 tria
1464 1478 1626 1534 millia
1646 1494 1898 1551 passuum

301 1571 508 1628 ambitu
540 1571 679 1626 muri
711 1571 1155 1641 amplexabatur;
1190 1572 1439 1641 quamvis
1465 1563 1628 1641 aliqui
1657 1580 1903 1626 asseraut

301 1681 420 1724 eam
434 1674 487 1722 et
509 1681 673 1736 parvo
688 1664 795 1720 situ
809 1665 992 1718 etsinc
1007 1678 1164 1718 muro
1201 1663 1387 1718 luisse.
1413 1663 1454 1695 '°
1471 1661 1625 1719 Unde
1639 1661 1900 1718 credibile

1999 465 2120 527 post
2159 455 2211 510 in
2253 453 2484 510 farinam
2529 455 2748 511 redacta
2777 496 2792 522 ,
2845 454 2998 512 molli
3021 469 3189 512 succo
3218 455 3557 512 admiscetur
3584 498 3600 525 ,

1997 565 2103 622 quo
2130 549 2400 605 fermento
2440 565 2603 621 sapor
2631 549 2961 605 austeritatis
3013 559 3071 606 et
3120 551 3271 607 calor
3319 551 3604 609 ebrietatis

1998 640 2269 710 adjicitur.
2334 642 2443 696 IIac
2483 642 2646 714 igitur
2694 643 2918 713 potione
2962 652 3083 712 post
3133 644 3346 714 longam
3403 645 3602 700 famem

2000 735 2399 790 recalescentes
2425 777 2440 801 ,
2468 735 2612 792 bello
2643 750 2766 791 sese
2796 737 3132 811 obtulerunt.
3167 739 3338 794 Atrox
3368 738 3458 794 diu
3488 755 3610 796 cer-

2003 838 2180 884 tamen
2215 841 2267 884 et
2321 845 2490 900 usque
2535 830 2602 884 ad
2652 830 2954 899 periculum
3003 830 3370 889 Romanorum
3428 833 3527 889 fuit
3583 853 3597 890 :

2002 921 2308 992 iterumque
2331 922 2559 977 Romani
2595 922 2638 960 1’
2670 938 2909 993 pugnare
2939 939 2999 980 se
3025 924 3314 980 adversum
3366 926 3604 982 Numan-

2004 1012 2144 1067 tinos
2174 1053 2191 1080 ,
2241 1012 2499 1084 fugiendo
2552 1015 2982 1084 probavissent,
3027 1017 3129 1084 nisi
3181 1018 3284 1072 sub
3350 1017 3607 1086 Scipione

2001 1106 2161 1178 303
2181 1119 2532 1178 pugnassent.
2558 1107 2893 1178 Numantini,
2920 1110 3224 1165 interfectis
3245 1126 3465 1165 suorum
3500 1114 3608 1168 tor-

2003 1200 2243 1265 tissitnis,
2269 1201 2413 1256 bello
2435 1201 2665 1256 cedunt:
2691 1201 2735 1268 ιδ
2757 1203 3076 1272 compositis
3098 1211 3280 1258 tamen
3301 1202 3604 1270 ordinibus,

2003 1307 2107 1350 nec
2147 1294 2287 1348 sicut
2336 1294 2603 1364 fugientes
2634 1295 2687 1350 in
2713 1295 2901 1351 urbem
2941 1305 3327 1366 revertuntur,
3377 1313 3604 1368 corpora

2003 1383 2410 1442 interfectorum
2437 1387 2503 1442 ad
2531 1386 2865 1457 sepulturam
2895 1387 3077 1444 oblata
3095 1430 3110 1456 ,
3134 1391 3385 1459 accipere
3412 1393 3606 1447 nolue-

2004 1491 2149 1535 runt.
2177 1479 2484 1536 Novissime
2514 1495 2609 1551 spe
2641 1480 3040 1550 desperationis
3068 1485 3117 1536 in
3151 1493 3386 1538 mortem
3417 1498 3610 1539 omnes

2005 1573 2262 1630 destinati
2295 1615 2309 1641 ,
2346 1575 2584 1630 clauSam
2616 1575 2806 1629 urbem
2837 1575 3134 1630 introrsum
3166 1576 3564 1632 succenderunt
3590 1617 3608 1645 ,

2005 1668 2296 1738 cunctique
2331 1667 2533 1732 pariter
2579 1667 2726 1722 ferro
2751 1710 2765 1734 ,
2823 1684 3033 1724 veneno
3066 1710 3080 1735 ,
3121 1678 3284 1740 atque
3329 1671 3452 1741 igne
3479 1687 3609 1726 con-

299 1769 418 1825 est,
443 1756 590 1829 quod
622 1757 723 1812 hoc
750 1755 910 1827 spatii
958 1771 1085 1810 cura
1143 1755 1466 1810 alendorum
1517 1755 1901 1810 custodiendo-
1931 1751 1980 1813 B
2006 1761 2207 1830 sumpti
2260 1768 2404 1814 sunt.
2463 1759 2688 1814 Romani
2723 1759 2851 1813 nihil
2883 1775 2950 1815 ex
2987 1759 3071 1815 his
3125 1762 3340 1830 penitus
3370 1762 3610 1817 habuere

299 1867 531 1923 rumque
558 1865 818 1921 pecorum
846 1890 860 1914 ,
890 1849 973 1904 vel
1021 1848 1184 1905 etiam
1237 1848 1525 1904 exercendi
1583 1848 1721 1903 ruris
1753 1863 1898 1902 com-

301 1944 467 1999 modo
487 1958 608 1999 cum
632 1942 778 1998 bello
801 1949 1197 2012 premerentur,
1220 1941 1564 2008 incluserint,
1592 1941 1692 2010 ipsi
1713 1955 1897 1995 arcem

301 2053 526 2109 parvam
562 2048 750 2092 natura
775 2034 1039 2090 munitam
1069 2037 1398 2092 obtinentes.
1425 2034 1642 2102 Alioqui
1695 2042 1898 2088 tantam

300 2133 626 2202 paucitatem
664 2131 979 2196 hominum,
1038 2141 1144 2185 tam
1177 2131 1416 2201 amplum
1473 2128 1623 2182 urbis
1663 2127 1900 2196 Spatium

304 2244 412 2288 non
437 2225 648 2281 munire
691 2225 863 2295 magis
885 2266 900 2290 ,
934 2239 1097 2295 quam
1128 2223 1358 2295 prodere
1398 2220 1708 2277 videbatur.
1738 2219 1904 2289 Igitur

305 2319 549 2375 conclusi
586 2317 676 2374 diu
704 2317 1049 2386 Numantini,
1104 2325 1161 2372 et
1219 2318 1356 2370 fatue
1408 2313 1696 2378 trucidati,
1753 2311 1904 2366 dedi-

309 2413 513 2468 tionem
559 2412 640 2467 sui
691 2409 1043 2471 ob'ulerunt,
1096 2409 1141 2464 si
1187 2407 1489 2464 tolerabilia
1537 2405 1901 2475 juberentur,

308 2521 454 2576 saepe
511 2505 672 2560 etiam
731 2512 951 2558 orantes
1005 2502 1166 2571 justas
1205 2515 1402 2572 pugnae
1456 2499 1792 2565 facultatem,
1850 2505 1908 2552 ut

309 2610 582 2668 tamquam
613 2594 747 2652 viris
793 2595 930 2650 mori
987 2594 1192 2649 liceret.
1238 2592 1440 2648 Ultimo
1469 2606 1657 2646 omnes
1697 2591 1906 2645 duabus

311 2691 492 2747 subito
542 2688 717 2761 portis
765 2694 1106 2757 eruperunt,
1154 2683 1299 2756 larga
1331 2685 1478 2756 prius
1530 2682 1751 2754 potione
1782 2682 1906 2751 usi,

312 2799 422 2840 non
453 2782 562 2837 vini
589 2823 604 2848 ,
633 2781 790 2850 cujus
821 2779 974 2836 ferax
1008 2779 1054 2834 is
1108 2777 1258 2833 locus
1286 2793 1390 2832 non
1423 2784 1538 2842 est,
1593 2775 1688 2831 sed
1742 2789 1908 2830 succo

315 2875 477 2932 tritici
509 2889 608 2945 per
647 2883 822 2930 artem
853 2870 1102 2928 confecto
1122 2916 1136 2940 ,
1188 2885 1344 2941 quem
1373 2883 1594 2925 succum
1645 2884 1675 2922 a
1707 2867 1907 2924 calefa-

312 2969 512 3027 ciendo
535 2967 576 3000 "
605 2967 812 3023 Celiatu
833 2975 1050 3022 vocant.
1081 2963 1126 2995 “
1152 2961 1452 3020 Suscitatur
1494 2963 1637 3019 enim
1664 2961 1790 3033 igne
1818 2962 1906 3016 illa

2007 1851 2196 1918 victis,
2224 1861 2421 1919 prmter
2449 1849 2796 1904 securitatem
2829 1865 2999 1904 suam.
3037 1850 3224 1922 Neque
3252 1853 3396 1906 enim
3425 1866 3612 1908 eversa

2009 1944 2298 2000 Numantia
2328 1944 2371 1974 ¹⁸
2397 1943 2597 1998 vicisse
2637 1958 2696 1998 se
2747 1944 2918 2014 magis
2938 1943 3332 2013 Numantinos,
3383 1948 3611 2018 “quam

2007 2039 2249 2095 evasisse
2277 2036 2548 2092 dixerunt.
2583 2036 2623 2068 ⁸⁷
2659 2035 2834 2092 Unum
2861 2036 3250 2092 Numantinum
3277 2039 3498 2094 victoris
3523 2054 3616 2094 ca-

2011 2140 2135 2188 tena
2169 2146 2275 2186 non
2315 2131 2530 2196 tenuit;
2577 2129 2722 2186 unde
2751 2130 3083 2202 triumphum
3131 2131 3346 2189 dederit
3373 2175 3388 2200 ,
3445 2133 3616 2190 Roma

2012 2238 2118 2279 non
2141 2222 2314 2288 vidit;
2348 2236 2538 2277 aurum
2567 2223 2652 2276 vel
2673 2231 2980 2292 argentum,
3017 2224 3161 2293 quod
3189 2225 3296 2294 igni
3330 2240 3617 2295 superesse

2012 2317 2278 2387 potuisset
2301 2359 2315 2383 ,
2349 2313 2490 2385 apud
2515 2328 2786 2386 pauperes
2811 2328 2916 2370 non
2947 2316 3088 2382 fuit;
3121 2331 3270 2371 arma
3303 2325 3361 2372 et
3404 2326 3612 2374 vestem

2019 2409 2161 2479 ignis
2193 2405 2516 2478 absumpsit.

2514 2496 2680 2570 θοι
2715 2497 2942 2556 CAPUT
2985 2497 3118 2555 vttt.

2016 2590 2095 2648 De
2143 2591 2496 2648 Gracchorum
2548 2593 2800 2666 seditione
2827 2633 2856 2666 ,_
2889 2593 3153 2663 Attalique
3192 2593 3331 2665 regis
3377 2590 3624 2666 Pergami

2223 2690 2228 2697 -
2660 2662 2974 2720 hwreditate.

2082 2775 2254 2847 Igitur
2283 2790 2347 2831 ea
2389 2783 2719 2846 tempestate
2761 2790 2883 2830 cum
2932 2776 3048 2832 haec
3087 2776 3230 2849 apud
3275 2777 3621 2835 Numantiam

2011 2877 2160 2940 gesta
2191 2875 2346 2934 sunt,
2400 2865 2544 2936 apud
2585 2865 2812 2922 Romam
2854 2868 2869 2898 ¹
2913 2866 3288 2924 Gracchorum
3324 2871 3620 2926 seditiones

2011 2960 2369 3032 agitabantur.
2424 2955 2850 3029 Scipio.autem,
2881 2973 3029 3032 cum,
3079 2960 3258 3018 deleta
3308 2961 3621 3031 Numantia,

1614 3095 2070 3155 IIAVERCAMPI
2110 3091 2343 3151 NOTAE.

386 3231 439 3286 7.
472 3227 618 3284 Bello
661 3227 910 3281 adversus
957 3239 1062 3278 eos.
1122 3218 1331 3290 Vulgati
1383 3218 1574 3274 bellum
1622 3217 1761 3273 male
1787 3259 1802 3279 ,
1857 3225 1910 3275 et
1939 3215 1984 3277 C
2020 3228 2157 3290 nov.
2181 3208 2389 3290 etnedit.
2425 3207 2562 3290 Aug.
2595 3224 2842 3278 pugnare.

314 3313 505 3359 eontra
537 3314 668 3356 mss.
720 3297 979 3367 meliores
1004 3294 1149 3367 Flor.
1179 3309 1262 3367 pr.
1295 3290 1467 3346 Meum
1513 3290 1871 3367 et__l’cfiziin.
1894 3330 1910 3355 ,

316 3375 510 3445 quibus
533 3369 800 3445 accedunt
840 3378 954 3422 tres
969 3360 1152 3437 Lugd.
1179 3363 1319 3417 Batt.
1355 3378 1476 3417 cum
1504 3360 1642 3417 Coll.
1673 3360 1912 3416 Gronov.

321 3443 374 3502 et
395 3445 521 3500 cod.
551 3443 688 3498 Ultr.
1110 3485 1117 3488 ..
1160 3479 1172 3491 .

389 3519 444 3572 8.
481 3512 650 3568 Fossa
678 3513 832 3567 etiam
872 3507 1236 3564 circumdedit.
1272 3507 1415 3560 lianc
1465 3505 1748 3560 lectionem
1794 3517 1916 3556 om-

318 3603 416 3644 nes
449 3585 678 3655 probant
697 3597 837 3638 mss.
860 3580 1061 3655 et-edd.
1084 3589 1232 3655 Avett.
1269 3578 1375 3655 Sed
1402 3577 1680 3647 Bolsuing.
1713 3585 1916 3630 secutae

316 3649 537 3728 reliquie
565 3659 776 3728 legunt.
809 3666 857 3708 et
885 3654 1024 3723 fossa
1050 3649 1410 3728 circumdedit.

333 3779 336 3781 .
387 3717 449 3787 θ’
473 3727 600 3784 Tria
616 3717 794 3780 inillia
819 3717 1065 3796 passuum
1103 3723 1319 3796 anteitu.
1355 3719 1445 3775 Sic
1473 3718 1748 3796 Appianus
1777 3717 1912 3772 scri-

316 3800 427 3866 bit,
478 3799 777 3855 Numantiae
820 3789 1101 3850 "ambitum
1158 3793 1326 3848 fuisse
1400 3806 1518 3844 xm
1591 3789 1914 3844 Stadiorum.

318 3872 484 3929 ann.
1188 3909 1215 3922 ..

393 3945 481 3999 10.
536 3941 686 3998 Unde
727 3938 972 3994 credibile
1001 3937 1241 4006 estquod
1285 3933 1385 3987 hoc
1417 3932 1593 4003 spatii.
1651 3931 1704 3986 In
1724 3930 1915 4006 “Lugd.

319 4015 464 4071 Batt.
499 4030 580 4082 pr.
637 4023 692 4067 et
733 4021 856 4065 tcrt.
902 4002 1126 4082 verbum
1175 4015 1248 4082 est
1287 4021 1395 4082 non
1445 4005 1686 4082 legitur."
1713 4002 1916 4057 Omnes

319 4103 451 4143 vero
475 4074 608 4143 mss.
631 4095 685 4140 et
711 4084 838 4138 editi
870 4081 1134 4146 scribunt,
1161 4080 1284 4148 quia
1313 4077 1408 4131 hoc
1435 4074 1916 4148 spatiitEgQAt-‘c‘ru

319 4159 536 4229 reposui
585 4156 746 4227 quod.
784 4153 1044 4229 Videlicet
1073 4143 1130 4204 in
1153 4143 1578 4229 omnibusmss.
1610 4143 1786 4227 Orosii
1818 4143 1913 4197 ob-

321 4217 565 4291 servavi,
597 4217 901 4298 smpissinte
938 4233 996 4277 et
1027 4221 1224 4290 passim
1255 4219 1623 4298 descriptores
1663 4217 1784 4298 quia
1815 4230 1916 4298 pro

320 4301 460 4373 quod
485 4287 748 4370 posuisse.
777 4295 866 4373 Id,
889 4287 1038 4373 eum
1073 4301 1218 4373 recte
1258 4287 1750 4373 edd.eorrexerint
1771 4329 1784 4351 ,
1814 4287 1917 4341 bne

324 4362 376 4427 in
407 4362 526 4427 loc'o
558 4382 734 4425 tamen
761 4409 776 4433 ,
811 4367 904 4420 ubi
927 4368 978 4418 in
1018 4362 1601 4434 primisuecessarium
1635 4367 1760 4434 erat
1775 4400 1789 4424 ,
1821 4374 1919 4434 ne-

321 4444 627 4514 glexerunt.
656 4429 966 4514 Proiuftimo
992 4429 1114 4491 cod.
1170 4433 1408 4503 Longob.
1441 4443 1495 4488 et
1554 4445 1685 4485 mss.
1735 4429 1918 4499 Lugd.-

324 4512 440 4570 Bat.
474 4513 651 4568 ultime
675 4512 935 4566 scribunt.

397 4588 484 4641 11.
516 4585 713 4639 Celiam
759 4588 961 4635 vocant.
992 4577 1164 4648 Hujus
1192 4577 1425 4648 potionis
1451 4573 1700 4648 meminit
1748 4573 1910 4648 et_iam

325 4658 536 4713 Florus.
566 4655 732 4710 ann.
765 4684 827 4694 -—
858 4653 987 4707 Vide
1003 4645 1456 4706 Pontanumllist.
1478 4647 1692 4700 Dmicaa
1715 4645 1910 4713 p.763.

398 4728 484 4782 12.
509 4728 804 4783 Snscitatur
827 4725 976 4778 enim.
1005 4725 1124 4794 igne
1144 4721 1238 4775 illa
1262 4722 1354 4794 vis,
1373 4729 1480 4773 etc.
1507 4717 1632 4771 "me
1655 4725 1744 4794 est
1761 4716 1920 4794 lectio

326 4799 566 4854 Floreat.
608 4797 864 4861 secundi,
906 4786 1066 4850 unde
1107 4791 1379 4861 probanda
1406 4833 1420 4857 ,
1449 4804 1614 4861 quam
1660 4786 1920 4842 exhibent

324 4886 540 4940 quoque
569 4870 740 4939 Lugd.
774 4859 916 4940 Batt.
957 4859 1217 4940 trescum
1264 4862 1404 4940 (Soli.
1435 4859 1673 4940 Gronov.
1711 4861 1921 4927 Appro-

325 4931 417 4997 bat
455 4931 712 4997 'eatndeiu
754 4939 920 4994 editio
946 4937 1187 4992 omnium
1239 4932 1430 5001 prima.
1463 4931 1704 4996 Reliqua:
1731 4944 1918 4984 omnes

326 5013 540 5084 legunt,
573 5013 856 5084 suscitatur
877 5010 1025 5084 enim
1039 5011 1187 5084 ignea
1213 5005 1308 5059 illa
1336 5003 1538 5084 vis._At
1566 5001 1808 5084 Floreat.
1833 5016 1914 5084 pr.

326 5073 449 5138 cuum
475 5073 645 5154 Lugd.
681 5083 797 5137 Bat.
829 5097 912 5151 pr.
943 5073 1091 5154 delevi
1118 5080 1287 5150 ignem
1335 5084 1388 5130 et
1439 5075 1601 5154 legit,
1643 5073 1920 5154 suscitatur

328 5158 466 5210 enim
509 5143 605 5208 ili’a
652 5156 756 5218 vis,
797 5143 908 5209 etc.
959 5151 1108 5206 Meus
1137 5143 1333 5203 novam
1366 5147 1660 5218 exhibete
1702 5143 1925 5218 reliquis

327 5229 595 5283 diversam
623 5215 910 5280 lectionem
933 5265 948 5290 ,
975 5223 1190 5277 suscitat
1211 5220 1344 5273 enim
1371 5218 1541 5285 ignem
1567 5215 1659 5270 illa
1708 5216 1781 5268 vis
1807 5231 1925 5284 ger—

329 5300 484 5353 minis
512 5301 780 5370 calefacta:
820 5296 1022 5368 frugis,
1057 5291 1225 5370 quasi
1263 5291 1566 5370 per_ignem‘
1614 5291 1926 5370 innueretnr

327 5372 584 5437 audacia,
611 5359 770 5441 quam
795 5359 1128 5441 iinproperet
1156 5359 1488 5441 bibentibus.
1519 5359 1641 5441 .Sed
1679 5373 1798 5412 cum
1841 5373 1928 5411 se-

367 5455 528 5499 natur
551 5486 565 5508 ,
594 5437 656 5497 ac
687 5440 872 5494 deinde
891 5440 1142 5508 siccatur,
1173 5437 1397 5489 alteram
1423 5437 1750 5508 ’sc‘ripturam
1785 5443 1925 5495 pra:-

352 5502 472 5572 rero.
495 5502 612 5570 vox
635 5512 876 5586 germinis
901 5507 1073 5586 potuit
1100 5509 1315 5586 abesse,
1342 5505 1434 5558 sed
1457 5502 1927 5586 Orosiusgermen

329 5572 854 5659 madefacttvifrugis
893 5572 1122 5659 dixisse_
1145 5578 1360 5632 videtur
1411 5590 1510 5644 pro
1539 5573 1730 5659 granis
1751 5572 1929 5659 triti-ci

333 5642 759 5715 tumescentibus
775 5642 1007 5706 inadure
1047 5648 1235 5703 affusa:
1272 5642 1429 5717 aquai
1455 5687 1470 5712 ,
1498 5645 1667 5700 veluti
1709 5642 1925 5710 solent,

331 5745 454 5786 cum
481 5729 787 5800 germinare
819 5723 1104 5800 incipiunt.

404 5783 511 5858 i3?
530 5783 794 5870 Pugnare
822 5812 896 5852 se.
933 5783 1110 5864 Lugd.
1142 5789 1284 5849 Bait.
1318 5797 1432 5846 tres
1459 5801 1581 5846 cum
1609 5783 1744 5843 Coll.
1783 5784 1928 5846 Gro-

2098 3283 2182 3337 M.
2232 3280 2542 3349 Compositis
2587 3290 2759 3334 tamen
2793 3281 3084 3338 ordinibus.
3119 3281 3249 3339 Post
3269 3283 3386 3342 Isaac
3413 3285 3464 3342 in
3495 3288 3622 3347 edd.

2025 3353 2382 3427 Fabricianis,
2409 3349 2586 3427 Scotti
2617 3359 2673 3406 et
2696 3351 2932 3427 Iiiltorp.
2969 3354 3160 3425 legitur
3187 3373 3290 3410 non
3329 3372 3628 3427 separatim

2027 3443 2098 3482 se.
2135 3425 2286 3492 Quod
2322 3424 2530 3492 insigne
2563 3433 2644 3478 est
2685 3423 2989 3491 Glossema,
3027 3423 3158 3482 edd.
3199 3438 3332 3484 vett.
3374 3423 3629 3490 omnibus

2026 3510 2078 3552 et
2111 3511 2242 3550 tuss.
2282 3497 2546 3565 ignotum,
2585 3494 2919 3566 dignumque
2952 3505 3010 3552 ut
3033 3497 3340 3556 inducatur.

2093 3571 2160 3621 15
2224 3567 2519 3638 γίεὶεεείεε
2547 3565 2731 3635 magis.
2769 3566 2936 3638 Lugd.
2975 3569 3109 3623 Batt.
3167 3582 3277 3626 tres
3309 3587 3432 3627 cum
3473 3575 3617 3630 Coll.

2020 3639 2256 3712 Gronov.
2296 3648 2350 3692 et
2377 3637 2465 3712 ed.
2503 3638 2664 3712 Aug,
2699 3637 2876 3691 vicisse
2913 3641 3101 3712 magis,
3131 3654 3404 3711 expuncto
3433 3659 3504 3698 se.
3552 3650 3624 3701 At

2021 3710 2146 3764 cod.
2185 3707 2430 3774 Longob.
2451 3749 2466 3773 ,
2491 3708 2677 3761 vicisse
2703 3724 2758 3760 re
2787 3710 2964 3778 magis.

2097 3779 2187 3834 ~16.
2236 3779 2406 3844 Quam
2437 3778 2657 3831 evasisse
2699 3778 2975 3832 duxerunt.
3015 3778 3069 3834 Id
3102 3788 3190 3836 est
3214 3781 3613 3842 existimarunt.

2022 3850 2156 3922 Nam
2186 3851 2458 3914 dixerunt,
2498 3848 2642 3916 quod
2670 3859 2856 3922 contra
2897 3865 3031 3922 mss.
3080 3851 3203 3906 edd.
3249 3853 3496 3922 qumdam
3530 3858 3625 3912 ba-

2020 3921 2172 3988 beut,
2208 3921 2312 3974 huc
2342 3937 2448 3974 non
2473 3921 2750 3993 convenit.
2808 3921 3003 3976 Animo
3033 3921 3274 3993 quidem
3295 3926 3365 3979 ita
3393 3941 3630 3984 censue-

2022 4004 2147 4070 runt
2180 3990 2570 4070 Romanu-“sed
2601 3992 2786 4070 verbis
2810 3990 3065 4070 semper;
3090 3995 3256 4070 etiam
3296 3999 3360 4070 in
3394 3997 3629 4070 damnis,

2021 4063 2240 4136 fuerunt
2269 4062 2564 4136 magnifici.
2606 4061 2957 4117 Inveniuntur
2981 4064 3178 4119 similia
3224 4068 3364 4136 apud
3393 4061 3627 4126 Plinium

2019 4134 2138 4190 Nat.
2170 4135 2307 4188 Hist.
2345 4133 2436 4188 lib.
2467 4149 2561 4195 vn,
2591 4148 2712 4200 can.
2761 4135 2852 4199 28,
2890 4150 2941 4196 ι).
2975 4137 3070 4191 591
3105 4155 3116 4191 :
3154 4133 3280 4202 Qure
3323 4137 3517 4195 Cannis
3543 4159 3630 4196 co-

2020 4223 2153 4281 rona
2184 4207 2368 4281 merita
2395 4207 2418 4258 ἱ)
2443 4205 2580 4281 unde
2599 4205 2805 4281 fugisse
2829 4205 3034 4281 virtutis
3061 4223 3322 4281 sumntum
3355 4227 3481 4281 opus
3504 4213 3620 4281 fuit.

2020 4276 2100 4333 De
2133 4275 2397 4332 Annibale
2427 4274 2568 4344 apud
2598 4276 2878 4330 Horatium
2912 4277 3000 4331 lib.
3039 4293 3122 4347 tv,
3153 4281 3244 4333 od.
3274 4278 3330 4348 4,
3359 4274 3625 4339 v'ers'49:

2270 4406 2506 4469 Dixitque
2535 4404 2729 4455 tandem
2751 4405 2968 4468 perfidus
2992 4406 3203 4457 Annibal
3227 4424 3241 4462 :

2269 4468 2436 4532 Cervi,
2457 4468 2682 4532 luporum
2703 4469 2864 4529 praeda
2889 4472 3158 4532 rapacium,

2332 4531 2592 4592 Sectantur
2619 4530 2768 4592 ultro1
2794 4542 2917 4591 quos
2940 4531 3133 4592 opimus

2392 4591 2592 4641 Fallere
2620 4603 2673 4640 et
2697 4589 2925 4652 effugere
2951 4589 3029 4642 est
3049 4594 3338 4658 triumphus.

2029 4721 2256 4777 Sallust.
2286 4719 2406 4790 Jug.
2445 4733 2565 4788 cap.
2602 4719 2724 4783 104,
2755 4716 2823 4774 de
2855 4719 3121 4789 Jugurtha
3154 4730 3205 4776 et
3233 4721 3447 4778 Boccho
3475 4725 3628 4781 aliis-

2025 4808 2131 4866 qtte
2163 4811 2177 4846 :
2211 4791 2276 4845 Et
2300 4791 2585 4866 ipsinrluces
2617 4793 2840 4866 feroces,
2863 4793 2952 4866 qui
2998 4808 3099 4845 non
3131 4793 3328 4864 fugere,
3355 4812 3450 4866 pro
3466 4799 3628 4851 victo-

2022 4861 2168 4917 ribus
2193 4861 2372 4934 agere,
2396 4861 2495 4934 Ubi
2529 4864 2680 4934 plura
2711 4873 2763 4915 et
2795 4863 2897 4915 ala
2921 4861 3012 4915 dat
3036 4861 3285 4934 exetn'pla
3310 4861 3377 4920 el.
3409 4866 3626 4924 Wasse.

2102 4935 2184 4989 17.
2226 4933 2399 4989 Unum
2440 4932 2646 4987 victoris
2676 4943 2857 4986 catena
2897 4949 2999 4987 non
3033 4932 3213 4990 tenuit.
3246 4937 3391 4991 Idem
3441 4941 3629 4994 scribit

2024 5003 2240 5080 Florus,
2266 5005 2362 5059 sed
2388 5005 2668 5080 Appianus
2697 5005 2862 5080 tradit
2885 5005 3216 5080 Scipionem,
3244 5011 3628 5080 quinquaginta

2028 5078 2306 5144 triumpho
2335 5077 2653 5140 reservatis,
2685 5075 2922 5143 reliquos
2946 5075 3049 5131 sub
3075 5075 3274 5132 corona
3297 5075 3627 5137 vendidisse.

2030 5149 2208 5217 Atque
2233 5147 2331 5201 hac
2359 5147 2572 5200 ratione
2611 5146 2792 5213 Scipio
2821 5144 3100 5216 Africanus
3148 5149 3473 5207 As‘milianus
3511 5153 3631 5205 Nu-

2030 5220 2279 5272 mantiam
2313 5219 2449 5291 in-tra
2481 5231 2682 5271 annum
2706 5231 2770 5291 ac
2797 5225 2908 5272 tres
2940 5233 3156 5291 menses
3187 5236 3346 5291 quam
3375 5238 3440 5276 eo
3469 5239 3637 5277 vene-

2033 5299 2144 5363 rat,
2167 5287 2554 5363 circumdatam
2566 5287 2854 5363 operibus,
2879 5287 3227 5362 excisamque
3257 5293 3489 5363 aequavit
3515 5295 3631 5348 solo

2035 5358 2269 5415 Velleius
2303 5359 2444 5414 libro
2472 5372 2530 5413 tt.
2566 5357 2726 5412 ann.

2103 5432 2231 5485 CAP.
2282 5429 2409 5484 VIII.
2453 5459 2526 5470 —
2566 5430 2614 5484 1.
2647 5427 3000 5485 Gracchorum
3019 5433 3316 5487 seditiones.
3348 5434 3434 5487 Τί.
3467 5433 3625 5488 Sem-

2036 5503 2260 5572 pronius
2289 5501 2589 5575 Gracchus,
2624 5501 2682 5575 P_.
2711 5501 2883 5556 Mucio
2914 5501 2976 5575 I_..
3001 5502 3294 5573 Calpurnio
3316 5516 3459 5575 coss.
3485 5543 3498 5565 ,
3524 5519 3631 5575 quo

2032 5587 2179 5628 attito
2205 5574 2392 5646 Scipio
2413 5572 2756 5646 Numantiam
2771 5573 2995 5646 excidit,
3016 5572 3262 5646 tribunus
3275 5573 3452 5646 plebis
3468 5572 3630 5646 prop-

2039 5653 2120 5699 ter
2169 5645 2466 5699 seditiones
2505 5644 2750 5698 concitas
2783 5644 2997 5698 occisus
3026 5653 3152 5709 est,
3205 5642 3530 5700 Plutarchus
3574 5642 3628 5701 in

2032 5713 2574 5790 Qraceltis,_Appian.
2609 5713 2861 5790 lib_._t__de
2905 5714 3064 5771 bellis
3091 5714 3342 5785 Civilib.,
3399 5714 3622 5790 Livius,

2036 5784 2298 5859 Velleius,
2321 5783 2517 5844 Florus
2541 5793 2598 5843 et
2624 5783 2738 5842 alii.
2757 5783 2929 5842 FABR.
