  <div class='ocr_page' id='page_1' title='image "/cluster/home/n/w/nwhite01/storage/ocr_20150623/31/hvd.32044096580543/477.png"; bbox 0 0 4088 6170; ppageno 0'>
   <div class='ocr_carea' id='block_1_1' title="bbox 594 271 704 331">
    <p class='ocr_par' dir='ltr' id='par_1_1' title="bbox 594 271 704 331">
     <span class='ocr_line' id='line_1_1' title="bbox 594 271 704 331; baseline 0.009 -1"><span class='ocrx_word' id='word_1_1' title='bbox 594 271 704 331; x_wconf 70' lang='grc'><strong>945</strong></span> 
     </span>
    </p>
   </div>
   <div class='ocr_carea' id='block_1_2' title="bbox 592 477 2192 549">
    <p class='ocr_par' dir='ltr' id='par_1_2' title="bbox 592 477 2192 549">
     <span class='ocr_line' id='line_1_2' title="bbox 592 477 2192 549; baseline -0.002 -15"><span class='ocrx_word' id='word_1_2' title='bbox 592 495 758 549; x_wconf 89' lang='lat' dir='ltr'><strong>anno,</strong></span> <span class='ocrx_word' id='word_1_3' title='bbox 789 493 952 549; x_wconf 87' lang='lat' dir='ltr'><strong>quam</strong></span> <span class='ocrx_word' id='word_1_4' title='bbox 976 478 1151 534; x_wconf 99' lang='lat' dir='ltr'><strong>fuerat</strong></span> <span class='ocrx_word' id='word_1_5' title='bbox 1176 492 1388 542; x_wconf 84' lang='lat' dir='ltr'><strong>eversa,</strong></span> <span class='ocrx_word' id='word_1_6' title='bbox 1419 479 1662 533; x_wconf 85' lang='lat' dir='ltr'><strong>deductis</strong></span> <span class='ocrx_word' id='word_1_7' title='bbox 1687 478 1884 533; x_wconf 83' lang='lat' dir='ltr'><strong>civium</strong></span> <span class='ocrx_word' id='word_1_8' title='bbox 1914 477 2192 532; x_wconf 84' lang='lat' dir='ltr'><strong>Romano-</strong></span> 
     </span>
    </p>
   </div>
   <div class='ocr_carea' id='block_1_3' title="bbox 591 570 2193 642">
    <p class='ocr_par' dir='ltr' id='par_1_3' title="bbox 591 570 2193 642">
     <span class='ocr_line' id='line_1_3' title="bbox 591 570 2193 642; baseline -0.003 -14"><span class='ocrx_word' id='word_1_9' title='bbox 591 589 713 628; x_wconf 86' lang='lat' dir='ltr'><strong>rum</strong></span> <span class='ocrx_word' id='word_1_10' title='bbox 737 571 974 637; x_wconf 83' lang='lat' dir='ltr'><strong>familiis,</strong></span> <span class='ocrx_word' id='word_1_11' title='bbox 1004 587 1123 642; x_wconf 83' lang='lat' dir='ltr'><strong>quae</strong></span> <span class='ocrx_word' id='word_1_12' title='bbox 1145 586 1266 626; x_wconf 89' lang='lat' dir='ltr'><strong>eam</strong></span> <span class='ocrx_word' id='word_1_13' title='bbox 1288 571 1609 639; x_wconf 90' lang='lat' dir='ltr'><strong>incolerent,</strong></span> <span class='ocrx_word' id='word_1_14' title='bbox 1639 574 1884 626; x_wconf 88' lang='lat' dir='ltr'><strong>restituta</strong></span> <span class='ocrx_word' id='word_1_15' title='bbox 1910 579 1963 625; x_wconf 89' lang='lat' dir='ltr'><strong>et</strong></span> <span class='ocrx_word' id='word_1_16' title='bbox 1989 570 2193 640; x_wconf 87' lang='lat' dir='ltr'><strong>repleta</strong></span> 
     </span>
    </p>
   </div>
   <div class='ocr_carea' id='block_1_4' title="bbox 592 663 2190 737">
    <p class='ocr_par' dir='ltr' id='par_1_4' title="bbox 592 663 2190 737">
     <span class='ocr_line' id='line_1_4' title="bbox 592 663 2190 737; baseline -0.005 -13"><span class='ocrx_word' id='word_1_17' title='bbox 592 676 676 724; x_wconf 87' lang='lat' dir='ltr'><strong>cst</strong></span> <span class='ocrx_word' id='word_1_18' title='bbox 701 709 715 734; x_wconf 93' lang='lat'><strong>,</strong></span> <span class='ocrx_word' id='word_1_19' title='bbox 765 681 960 737; x_wconf 87' lang='lat' dir='ltr'><strong>magno</strong></span> <span class='ocrx_word' id='word_1_20' title='bbox 1005 675 1130 720; x_wconf 88' lang='lat' dir='ltr'><strong>ante</strong></span> <span class='ocrx_word' id='word_1_21' title='bbox 1169 665 1418 736; x_wconf 87' lang='lat' dir='ltr'><strong>prodigio</strong></span> <span class='ocrx_word' id='word_1_22' title='bbox 1452 663 1816 735; x_wconf 74' lang='lat' dir='ltr'><strong>przeccdente.</strong></span> <span class='ocrx_word' id='word_1_23' title='bbox 1849 663 2024 718; x_wconf 81' lang='lat' dir='ltr'><strong>’Nam</strong></span> <span class='ocrx_word' id='word_1_24' title='bbox 2069 677 2190 717; x_wconf 91' lang='lat' dir='ltr'><strong>cum</strong></span> 
     </span>
    </p>
   </div>
   <div class='ocr_carea' id='block_1_5' title="bbox 592 737 2190 824">
    <p class='ocr_par' dir='ltr' id='par_1_5' title="bbox 592 737 2190 824">
     <span class='ocr_line' id='line_1_5' title="bbox 592 737 2190 824; baseline -0.006 -10"><span class='ocrx_word' id='word_1_25' title='bbox 592 773 874 814; x_wconf 90' lang='lat' dir='ltr'><strong>mensores</strong></span> <span class='ocrx_word' id='word_1_26' title='bbox 927 757 994 812; x_wconf 90' lang='lat' dir='ltr'><strong>ad</strong></span> <span class='ocrx_word' id='word_1_27' title='bbox 1052 755 1393 811; x_wconf 90' lang='lat' dir='ltr'><strong>limitandum</strong></span> <span class='ocrx_word' id='word_1_28' title='bbox 1446 755 1950 824; x_wconf 80' lang='lat' dir='ltr'><strong>Carthaginiensem</strong></span> <span class='ocrx_word' id='word_1_29' title='bbox 2001 737 2190 823; x_wconf 76' lang='lat' dir='ltr'><strong>agrum</strong></span> 
     </span>
    </p>
   </div>
   <div class='ocr_carea' id='block_1_6' title="bbox 591 845 2190 920">
    <p class='ocr_par' dir='ltr' id='par_1_6' title="bbox 591 845 2190 920">
     <span class='ocr_line' id='line_1_6' title="bbox 591 845 2190 920; baseline -0.004 -14"><span class='ocrx_word' id='word_1_30' title='bbox 591 851 774 916; x_wconf 87' lang='lat' dir='ltr'><strong>missi,</strong></span> <span class='ocrx_word' id='word_1_31' title='bbox 807 850 1025 920; x_wconf 83' lang='lat' dir='ltr'><strong>stipites</strong></span> <span class='ocrx_word' id='word_1_32' title='bbox 1049 889 1064 915; x_wconf 90' lang='lat'><strong>,</strong></span> <span class='ocrx_word' id='word_1_33' title='bbox 1098 849 1454 904; x_wconf 88' lang='lat' dir='ltr'><strong>terminorum</strong></span> <span class='ocrx_word' id='word_1_34' title='bbox 1486 847 1692 902; x_wconf 90' lang='lat' dir='ltr'><strong>indices</strong></span> <span class='ocrx_word' id='word_1_35' title='bbox 1713 846 1848 902; x_wconf 80' lang='lat' dir='ltr'><strong>fixos</strong></span> <span class='ocrx_word' id='word_1_36' title='bbox 1874 891 1888 915; x_wconf 97' lang='lat'><strong>,</strong></span> <span class='ocrx_word' id='word_1_37' title='bbox 1919 845 1941 876; x_wconf 68' lang='lat'><strong>‘</strong></span> <span class='ocrx_word' id='word_1_38' title='bbox 1973 855 2130 900; x_wconf 89' lang='lat' dir='ltr'><strong>nocte</strong></span> <span class='ocrx_word' id='word_1_39' title='bbox 2160 860 2190 900; x_wconf 91' lang='lat' dir='ltr'><strong>a</strong></span> 
     </span>
    </p>
   </div>
   <div class='ocr_carea' id='block_1_7' title="bbox 591 936 2187 1010">
    <p class='ocr_par' dir='ltr' id='par_1_7' title="bbox 591 936 2187 1010">
     <span class='ocr_line' id='line_1_7' title="bbox 591 936 2187 1010; baseline -0.004 -14"><span class='ocrx_word' id='word_1_40' title='bbox 591 942 736 1010; x_wconf 87' lang='lat' dir='ltr'><strong>lupis</strong></span> <span class='ocrx_word' id='word_1_41' title='bbox 778 941 1029 996; x_wconf 85' lang='lat' dir='ltr'><strong>revulsos</strong></span> <span class='ocrx_word' id='word_1_42' title='bbox 1069 939 1380 1006; x_wconf 85' lang='lat' dir='ltr'><strong>mordicus,</strong></span> <span class='ocrx_word' id='word_1_43' title='bbox 1410 953 1770 1009; x_wconf 88' lang='lat' dir='ltr'><strong>corrososque</strong></span> <span class='ocrx_word' id='word_1_44' title='bbox 1815 936 2187 1007; x_wconf 91' lang='lat' dir='ltr'><strong>reperissent,</strong></span> 
     </span>
    </p>
   </div>
   <div class='ocr_carea' id='block_1_8' title="bbox 591 1029 2193 1104">
    <p class='ocr_par' dir='ltr' id='par_1_8' title="bbox 591 1029 2193 1104">
     <span class='ocr_line' id='line_1_8' title="bbox 591 1029 2193 1104; baseline -0.003 -16"><span class='ocrx_word' id='word_1_45' title='bbox 591 1033 924 1104; x_wconf 88' lang='lat' dir='ltr'><strong>aliquamdiu</strong></span> <span class='ocrx_word' id='word_1_46' title='bbox 955 1032 1268 1087; x_wconf 86' lang='lat' dir='ltr'><strong>haesitatum</strong></span> <span class='ocrx_word' id='word_1_47' title='bbox 1291 1040 1374 1087; x_wconf 90' lang='lat' dir='ltr'><strong>est</strong></span> <span class='ocrx_word' id='word_1_48' title='bbox 1395 1076 1408 1101; x_wconf 92' lang='lat'><strong>,</strong></span> <span class='ocrx_word' id='word_1_49' title='bbox 1441 1040 1621 1086; x_wconf 89' lang='lat' dir='ltr'><strong>tttrum</strong></span> <span class='ocrx_word' id='word_1_50' title='bbox 1653 1031 1909 1085; x_wconf 78' lang='lat' dir='ltr'><strong>Romamc</strong></span> <span class='ocrx_word' id='word_1_51' title='bbox 1951 1029 2070 1100; x_wconf 85' lang='lat' dir='ltr'><strong>paci</strong></span> <span class='ocrx_word' id='word_1_52' title='bbox 2098 1044 2193 1085; x_wconf 77' lang='lat' dir='ltr'><strong>ex-</strong></span> 
     </span>
    </p>
   </div>
   <div class='ocr_carea' id='block_1_9' title="bbox 591 1120 2188 1196">
    <p class='ocr_par' dir='ltr' id='par_1_9' title="bbox 591 1120 2188 1196">
     <span class='ocr_line' id='line_1_9' title="bbox 591 1120 2188 1196; baseline -0.004 -14"><span class='ocrx_word' id='word_1_53' title='bbox 591 1126 845 1196; x_wconf 83' lang='lat' dir='ltr'><strong>pediret,</strong></span> <span class='ocrx_word' id='word_1_54' title='bbox 885 1122 1267 1194; x_wconf 81' lang='lat' dir='ltr'><strong>Carthaginem</strong></span> <span class='ocrx_word' id='word_1_55' title='bbox 1311 1122 1618 1178; x_wconf 88' lang='lat' dir='ltr'><strong>reformari.</strong></span> <span class='ocrx_word' id='word_1_56' title='bbox 1652 1123 1673 1154; x_wconf 79' lang='grc'>⁸</span> <span class='ocrx_word' id='word_1_57' title='bbox 1708 1123 1911 1178; x_wconf 87' lang='lat' dir='ltr'><strong>Eodem</strong></span> <span class='ocrx_word' id='word_1_58' title='bbox 1940 1136 2084 1177; x_wconf 89' lang='lat' dir='ltr'><strong>anno</strong></span> <span class='ocrx_word' id='word_1_59' title='bbox 2125 1120 2188 1176; x_wconf 89' lang='lat' dir='ltr'><strong>C.</strong></span> 
     </span>
    </p>
   </div>
   <div class='ocr_carea' id='block_1_10' title="bbox 593 1213 2190 1286">
    <p class='ocr_par' dir='ltr' id='par_1_10' title="bbox 593 1213 2190 1286">
     <span class='ocr_line' id='line_1_10' title="bbox 593 1213 2190 1286; baseline -0.003 -12"><span class='ocrx_word' id='word_1_60' title='bbox 593 1217 891 1282; x_wconf 86' lang='lat' dir='ltr'><strong>Gracchus,</strong></span> <span class='ocrx_word' id='word_1_61' title='bbox 911 1216 1143 1272; x_wconf 83' lang='lat' dir='ltr'><strong>Gracchi</strong></span> <span class='ocrx_word' id='word_1_62' title='bbox 1169 1217 1333 1282; x_wconf 91' lang='lat' dir='ltr'><strong>illius,</strong></span> <span class='ocrx_word' id='word_1_63' title='bbox 1354 1216 1441 1286; x_wconf 89' lang='lat' dir='ltr'><strong>qui</strong></span> <span class='ocrx_word' id='word_1_64' title='bbox 1467 1216 1576 1283; x_wconf 88' lang='lat' dir='ltr'><strong>jam</strong></span> <span class='ocrx_word' id='word_1_65' title='bbox 1600 1215 1812 1270; x_wconf 88' lang='lat' dir='ltr'><strong>occisus</strong></span> <span class='ocrx_word' id='word_1_66' title='bbox 1841 1215 1893 1268; x_wconf 91' lang='lat' dir='ltr'><strong>in</strong></span> <span class='ocrx_word' id='word_1_67' title='bbox 1923 1213 2190 1269; x_wconf 89' lang='lat' dir='ltr'><strong>seditione</strong></span> 
     </span>
    </p>
   </div>
   <div class='ocr_carea' id='block_1_11' title="bbox 589 1305 2184 1378">
    <p class='ocr_par' dir='ltr' id='par_1_11' title="bbox 589 1305 2184 1378">
     <span class='ocr_line' id='line_1_11' title="bbox 589 1305 2184 1378; baseline -0.005 -13"><span class='ocrx_word' id='word_1_68' title='bbox 589 1311 788 1376; x_wconf 81' lang='lat' dir='ltr'><strong>fuerat,</strong></span> <span class='ocrx_word' id='word_1_69' title='bbox 816 1309 1004 1374; x_wconf 84' lang='lat' dir='ltr'><strong>frater,</strong></span> <span class='ocrx_word' id='word_1_70' title='bbox 1036 1308 1283 1363; x_wconf 86' lang='lat' dir='ltr'><strong>tribunus</strong></span> <span class='ocrx_word' id='word_1_71' title='bbox 1313 1307 1484 1378; x_wconf 83' lang='lat' dir='ltr'><strong>plebis</strong></span> <span class='ocrx_word' id='word_1_72' title='bbox 1516 1321 1611 1377; x_wconf 85' lang='lat' dir='ltr'><strong>per</strong></span> <span class='ocrx_word' id='word_1_73' title='bbox 1635 1305 1920 1361; x_wconf 89' lang='lat' dir='ltr'><strong>tumultum</strong></span> <span class='ocrx_word' id='word_1_74' title='bbox 1949 1313 2184 1374; x_wconf 84' lang='lat' dir='ltr'><strong>creatus,</strong></span> 
     </span>
    </p>
   </div>
   <div class='ocr_carea' id='block_1_12' title="bbox 590 1398 2190 1473">
    <p class='ocr_par' dir='ltr' id='par_1_12' title="bbox 590 1398 2190 1473">
     <span class='ocr_line' id='line_1_12' title="bbox 590 1398 2190 1473; baseline -0.005 -15"><span class='ocrx_word' id='word_1_75' title='bbox 590 1418 784 1473; x_wconf 87' lang='lat' dir='ltr'><strong>magna</strong></span> <span class='ocrx_word' id='word_1_76' title='bbox 824 1400 1141 1472; x_wconf 84' lang='lat' dir='ltr'><strong>reipublicae</strong></span> <span class='ocrx_word' id='word_1_77' title='bbox 1187 1399 1453 1470; x_wconf 84' lang='lat' dir='ltr'><strong>pernicies</strong></span> <span class='ocrx_word' id='word_1_78' title='bbox 1503 1398 1623 1454; x_wconf 91' lang='lat' dir='ltr'><strong>fuit.</strong></span> <span class='ocrx_word' id='word_1_79' title='bbox 1677 1398 1812 1452; x_wconf 84' lang='lat' dir='ltr'><strong>Nam</strong></span> <span class='ocrx_word' id='word_1_80' title='bbox 1869 1411 1990 1452; x_wconf 92' lang='lat' dir='ltr'><strong>cum</strong></span> <span class='ocrx_word' id='word_1_81' title='bbox 2044 1410 2190 1466; x_wconf 84' lang='lat' dir='ltr'><strong>saepe</strong></span> 
     </span>
    </p>
   </div>
   <div class='ocr_carea' id='block_1_13' title="bbox 591 1487 2189 1565">
    <p class='ocr_par' dir='ltr' id='par_1_13' title="bbox 591 1487 2189 1565">
     <span class='ocr_line' id='line_1_13' title="bbox 591 1487 2189 1565; baseline -0.004 -15"><span class='ocrx_word' id='word_1_82' title='bbox 591 1494 850 1565; x_wconf 81' lang='lat' dir='ltr'><strong>populum</strong></span> <span class='ocrx_word' id='word_1_83' title='bbox 873 1493 1176 1547; x_wconf 86' lang='lat' dir='ltr'><strong>Romanum</strong></span> <span class='ocrx_word' id='word_1_84' title='bbox 1198 1492 1572 1562; x_wconf 84' lang='lat' dir='ltr'><strong>largitionibus</strong></span> <span class='ocrx_word' id='word_1_85' title='bbox 1597 1490 1987 1561; x_wconf 79' lang='lat' dir='ltr'><strong>promissisque</strong></span> <span class='ocrx_word' id='word_1_86' title='bbox 2009 1487 2189 1544; x_wconf 89' lang='lat' dir='ltr'><strong>nimiis</strong></span> 
     </span>
    </p>
   </div>
   <div class='ocr_carea' id='block_1_14' title="bbox 587 1581 2188 1648">
    <p class='ocr_par' dir='ltr' id='par_1_14' title="bbox 587 1581 2188 1648">
     <span class='ocr_line' id='line_1_14' title="bbox 587 1581 2188 1648; baseline -0.002 -7"><span class='ocrx_word' id='word_1_87' title='bbox 587 1587 643 1642; x_wconf 90' lang='lat' dir='ltr'><strong>in</strong></span> <span class='ocrx_word' id='word_1_88' title='bbox 677 1585 1061 1643; x_wconf 84' lang='lat' dir='ltr'><strong>acerbissimas</strong></span> <span class='ocrx_word' id='word_1_89' title='bbox 1109 1584 1404 1640; x_wconf 88' lang='lat' dir='ltr'><strong>seditiones</strong></span> <span class='ocrx_word' id='word_1_90' title='bbox 1450 1584 1470 1614; x_wconf 85' lang='lat'><strong><em>°</em></strong></span> <span class='ocrx_word' id='word_1_91' title='bbox 1519 1583 1910 1648; x_wconf 82' lang='lat' dir='ltr'><strong>excitavisset,</strong></span> <span class='ocrx_word' id='word_1_92' title='bbox 1951 1581 2188 1637; x_wconf 81' lang='lat' dir='ltr'><strong>maxime</strong></span> 
     </span>
    </p>
   </div>
   <div class='ocr_carea' id='block_1_15' title="bbox 588 1672 2184 1750">
    <p class='ocr_par' dir='ltr' id='par_1_15' title="bbox 588 1672 2184 1750">
     <span class='ocr_line' id='line_1_15' title="bbox 588 1672 2184 1750; baseline -0.006 -15"><span class='ocrx_word' id='word_1_93' title='bbox 588 1681 610 1712; x_wconf 94' lang='lat'><strong><em>&quot;</em></strong></span> <span class='ocrx_word' id='word_1_94' title='bbox 645 1680 780 1750; x_wconf 83' lang='lat' dir='ltr'><strong>legis</strong></span> <span class='ocrx_word' id='word_1_95' title='bbox 807 1678 1036 1748; x_wconf 80' lang='lat' dir='ltr'><strong>agrariae</strong></span> <span class='ocrx_word' id='word_1_96' title='bbox 1065 1692 1225 1732; x_wconf 85' lang='lat' dir='ltr'><strong>causa</strong></span> <span class='ocrx_word' id='word_1_97' title='bbox 1252 1718 1267 1743; x_wconf 95' lang='lat'><strong>,</strong></span> <span class='ocrx_word' id='word_1_98' title='bbox 1305 1691 1404 1746; x_wconf 90' lang='lat' dir='ltr'><strong>pro</strong></span> <span class='ocrx_word' id='word_1_99' title='bbox 1427 1690 1528 1745; x_wconf 92' lang='lat' dir='ltr'><strong>qua</strong></span> <span class='ocrx_word' id='word_1_100' title='bbox 1561 1675 1725 1729; x_wconf 86' lang='lat' dir='ltr'><strong>etiam</strong></span> <span class='ocrx_word' id='word_1_101' title='bbox 1757 1673 1924 1728; x_wconf 83' lang='lat' dir='ltr'><strong>frater</strong></span> <span class='ocrx_word' id='word_1_102' title='bbox 1952 1673 2071 1742; x_wconf 82' lang='lat' dir='ltr'><strong>ejus</strong></span> <span class='ocrx_word' id='word_1_103' title='bbox 2099 1672 2184 1726; x_wconf 89' lang='lat' dir='ltr'><strong>Ti.</strong></span> 
     </span>
    </p>
   </div>
   <div class='ocr_carea' id='block_1_16' title="bbox 2004 263 2476 324">
    <p class='ocr_par' dir='ltr' id='par_1_16' title="bbox 2004 263 2476 324">
     <span class='ocr_line' id='line_1_16' title="bbox 2004 263 2476 324; baseline -0.004 0"><span class='ocrx_word' id='word_1_104' title='bbox 2004 263 2214 324; x_wconf 79' lang='lat' dir='ltr'><strong>PAULI</strong></span> <span class='ocrx_word' id='word_1_105' title='bbox 2247 265 2476 324; x_wconf 78' lang='lat' dir='ltr'><strong>OROSIl</strong></span> 
     </span>
    </p>
   </div>
   <div class='ocr_carea' id='block_1_17' title="bbox 589 343 3754 457">
    <p class='ocr_par' dir='ltr' id='par_1_17' title="bbox 589 377 3754 457">
     <span class='ocr_line' id='line_1_17' title="bbox 589 377 3754 457; baseline -0.004 -12"><span class='ocrx_word' id='word_1_106' title='bbox 589 387 775 445; x_wconf 79' lang='lat' dir='ltr'><strong>Africa</strong></span> <span class='ocrx_word' id='word_1_107' title='bbox 813 385 1027 442; x_wconf 85' lang='lat' dir='ltr'><strong>restitui</strong></span> <span class='ocrx_word' id='word_1_108' title='bbox 1066 385 1214 456; x_wconf 87' lang='lat' dir='ltr'><strong>jussa</strong></span> <span class='ocrx_word' id='word_1_109' title='bbox 1241 428 1256 454; x_wconf 94' lang='lat'><strong>,</strong></span> <span class='ocrx_word' id='word_1_110' title='bbox 1286 385 1546 457; x_wconf 82' lang='lat' dir='ltr'><strong>vigesimo</strong></span> <span class='ocrx_word' id='word_1_111' title='bbox 1589 393 1644 441; x_wconf 93' lang='lat' dir='ltr'><strong>et</strong></span> <span class='ocrx_word' id='word_1_112' title='bbox 1685 383 1924 441; x_wconf 86' lang='lat' dir='ltr'><strong>secundo</strong></span> <span class='ocrx_word' id='word_1_113' title='bbox 1971 384 2190 440; x_wconf 89' lang='lat' dir='ltr'><strong>demum</strong></span> <span class='ocrx_word' id='word_1_114' title='bbox 2215 385 2268 448; x_wconf 77' lang='grc' dir='ltr'>Α</span> <span class='ocrx_word' id='word_1_115' title='bbox 2293 381 2621 454; x_wconf 86' lang='lat' dir='ltr'><strong>Capitolium</strong></span> <span class='ocrx_word' id='word_1_116' title='bbox 2670 381 2760 438; x_wconf 88' lang='lat' dir='ltr'><strong>ubi</strong></span> <span class='ocrx_word' id='word_1_117' title='bbox 2807 379 3002 436; x_wconf 86' lang='lat' dir='ltr'><strong>concio</strong></span> <span class='ocrx_word' id='word_1_118' title='bbox 3053 379 3380 452; x_wconf 85' lang='lat' dir='ltr'><strong>agitabatur,</strong></span> <span class='ocrx_word' id='word_1_119' title='bbox 3438 377 3688 434; x_wconf 81' lang='lat' dir='ltr'><strong>ascendit</strong></span> <span class='ocrx_word' id='word_1_120' title='bbox 3739 394 3754 432; x_wconf 90' lang='lat'><strong>:</strong></span> 
     </span>
    </p>
   </div>
   <div class='ocr_carea' id='block_1_18' title="bbox 3776 259 3938 318">
    <p class='ocr_par' dir='ltr' id='par_1_18' title="bbox 3776 259 3938 318">
     <span class='ocr_line' id='line_1_18' title="bbox 3776 259 3938 318; baseline -0.043 1"><span class='ocrx_word' id='word_1_121' title='bbox 3776 259 3938 318; x_wconf 69' lang='grc' dir='ltr'><strong>θα,</strong></span> 
     </span>
    </p>
   </div>
   <div class='ocr_carea' id='block_1_19' title="bbox 3812 378 3881 433">
    <p class='ocr_par' dir='ltr' id='par_1_19' title="bbox 3812 378 3881 433">
     <span class='ocr_line' id='line_1_19' title="bbox 3812 378 3881 433; baseline 0.014 -1"><span class='ocrx_word' id='word_1_122' title='bbox 3812 378 3881 433; x_wconf 82' lang='lat' dir='ltr'><strong>ibi</strong></span> 
     </span>
    </p>
   </div>
   <div class='ocr_carea' id='block_1_20' title="bbox 2298 469 3884 543">
    <p class='ocr_par' dir='ltr' id='par_1_20' title="bbox 2298 469 3884 543">
     <span class='ocr_line' id='line_1_20' title="bbox 2298 469 3884 543; baseline -0.003 -12"><span class='ocrx_word' id='word_1_123' title='bbox 2298 477 2534 532; x_wconf 83' lang='lat' dir='ltr'><strong>maximo</strong></span> <span class='ocrx_word' id='word_1_124' title='bbox 2581 475 2809 530; x_wconf 93' lang='lat' dir='ltr'><strong>tumultu</strong></span> <span class='ocrx_word' id='word_1_125' title='bbox 2836 476 3068 530; x_wconf 84' lang='lat' dir='ltr'><strong>excitato</strong></span> <span class='ocrx_word' id='word_1_126' title='bbox 3091 515 3106 539; x_wconf 91' lang='lat'><strong>,</strong></span> <span class='ocrx_word' id='word_1_127' title='bbox 3136 476 3157 507; x_wconf 81' lang='grc'><strong>⁹</strong></span> <span class='ocrx_word' id='word_1_128' title='bbox 3188 471 3407 543; x_wconf 90' lang='lat' dir='ltr'><strong>quidam</strong></span> <span class='ocrx_word' id='word_1_129' title='bbox 3453 485 3689 540; x_wconf 68' lang='lat' dir='ltr'><strong>prrecoa</strong></span> <span class='ocrx_word' id='word_1_130' title='bbox 3719 469 3884 527; x_wconf 84' lang='lat' dir='ltr'><strong>Grac-</strong></span> 
     </span>
    </p>
   </div>
   <div class='ocr_carea' id='block_1_21' title="bbox 2297 562 3884 636">
    <p class='ocr_par' dir='ltr' id='par_1_21' title="bbox 2297 562 3884 636">
     <span class='ocr_line' id='line_1_21' title="bbox 2297 562 3884 636; baseline -0.004 -11"><span class='ocrx_word' id='word_1_131' title='bbox 2297 569 2487 625; x_wconf 89' lang='lat' dir='ltr'><strong>chanis</strong></span> <span class='ocrx_word' id='word_1_132' title='bbox 2528 567 2843 623; x_wconf 83' lang='lat' dir='ltr'><strong>interfectus</strong></span> <span class='ocrx_word' id='word_1_133' title='bbox 2865 606 2880 633; x_wconf 92' lang='lat'><strong>,</strong></span> <span class='ocrx_word' id='word_1_134' title='bbox 2911 566 3058 621; x_wconf 90' lang='lat' dir='ltr'><strong>velut</strong></span> <span class='ocrx_word' id='word_1_135' title='bbox 3089 565 3306 636; x_wconf 70' lang='lat' dir='ltr'><strong>signum</strong></span> <span class='ocrx_word' id='word_1_136' title='bbox 3336 562 3471 619; x_wconf 84' lang='lat' dir='ltr'><strong>belli</strong></span> <span class='ocrx_word' id='word_1_137' title='bbox 3504 563 3624 618; x_wconf 89' lang='lat' dir='ltr'><strong>fuit.</strong></span> <span class='ocrx_word' id='word_1_138' title='bbox 3656 562 3884 618; x_wconf 82' lang='lat' dir='ltr'><strong>Flaccus</strong></span> 
     </span>
    </p>
   </div>
   <div class='ocr_carea' id='block_1_22' title="bbox 2296 654 3889 723">
    <p class='ocr_par' dir='ltr' id='par_1_22' title="bbox 2296 654 3889 723">
     <span class='ocr_line' id='line_1_22' title="bbox 2296 654 3889 723; baseline -0.004 -7"><span class='ocrx_word' id='word_1_139' title='bbox 2296 660 2504 716; x_wconf 90' lang='lat' dir='ltr'><strong>duobus</strong></span> <span class='ocrx_word' id='word_1_140' title='bbox 2528 659 2653 714; x_wconf 81' lang='lat' dir='ltr'><strong>filiis</strong></span> <span class='ocrx_word' id='word_1_141' title='bbox 2681 658 2904 714; x_wconf 81' lang='lat' dir='ltr'><strong>armatis</strong></span> <span class='ocrx_word' id='word_1_142' title='bbox 2932 660 3171 723; x_wconf 88' lang='lat' dir='ltr'><strong>cinctus,</strong></span> <span class='ocrx_word' id='word_1_143' title='bbox 3199 656 3500 714; x_wconf 84' lang='lat' dir='ltr'><strong>comitante</strong></span> <span class='ocrx_word' id='word_1_144' title='bbox 3524 656 3687 710; x_wconf 89' lang='lat' dir='ltr'><strong>etiam</strong></span> <span class='ocrx_word' id='word_1_145' title='bbox 3719 654 3889 711; x_wconf 82' lang='lat' dir='ltr'><strong>Grac-</strong></span> 
     </span>
    </p>
   </div>
   <div class='ocr_carea' id='block_1_23' title="bbox 2295 747 3888 824">
    <p class='ocr_par' dir='ltr' id='par_1_23' title="bbox 2295 747 3888 824">
     <span class='ocr_line' id='line_1_23' title="bbox 2295 747 3888 824; baseline -0.004 -15"><span class='ocrx_word' id='word_1_146' title='bbox 2295 751 2400 809; x_wconf 92' lang='lat' dir='ltr'><strong>cho</strong></span> <span class='ocrx_word' id='word_1_147' title='bbox 2435 761 2615 824; x_wconf 87' lang='lat' dir='ltr'><strong>togato</strong></span> <span class='ocrx_word' id='word_1_148' title='bbox 2641 793 2656 819; x_wconf 95' lang='lat'><strong>,</strong></span> <span class='ocrx_word' id='word_1_149' title='bbox 2686 753 3014 822; x_wconf 79' lang='lat' dir='ltr'><strong>brevemque</strong></span> <span class='ocrx_word' id='word_1_150' title='bbox 3043 749 3281 822; x_wconf 89' lang='lat' dir='ltr'><strong>gladium</strong></span> <span class='ocrx_word' id='word_1_151' title='bbox 3317 749 3419 804; x_wconf 91' lang='lat' dir='ltr'><strong>sub</strong></span> <span class='ocrx_word' id='word_1_152' title='bbox 3447 749 3673 804; x_wconf 91' lang='lat' dir='ltr'><strong>sinistra</strong></span> <span class='ocrx_word' id='word_1_153' title='bbox 3701 747 3888 803; x_wconf 90' lang='lat' dir='ltr'><strong>occul-</strong></span> 
     </span>
    </p>
   </div>
   <div class='ocr_carea' id='block_1_24' title="bbox 2297 841 3887 914">
    <p class='ocr_par' dir='ltr' id='par_1_24' title="bbox 2297 841 3887 914">
     <span class='ocr_line' id='line_1_24' title="bbox 2297 841 3887 914; baseline -0.003 -16"><span class='ocrx_word' id='word_1_154' title='bbox 2297 854 2482 911; x_wconf 88' lang='lat' dir='ltr'><strong>tante,</strong></span> <span class='ocrx_word' id='word_1_155' title='bbox 2529 844 2776 914; x_wconf 86' lang='lat' dir='ltr'><strong>quamvis</strong></span> <span class='ocrx_word' id='word_1_156' title='bbox 2817 852 2872 898; x_wconf 90' lang='lat' dir='ltr'><strong>et</strong></span> <span class='ocrx_word' id='word_1_157' title='bbox 2918 857 3220 914; x_wconf 68' lang='lat' dir='ltr'><strong>prmconem</strong></span> <span class='ocrx_word' id='word_1_158' title='bbox 3265 841 3464 896; x_wconf 87' lang='lat' dir='ltr'><strong>frustra</strong></span> <span class='ocrx_word' id='word_1_159' title='bbox 3493 841 3887 912; x_wconf 69' lang='lat' dir='ltr'><strong>prtemisissct,</strong></span> 
     </span>
    </p>
   </div>
   <div class='ocr_carea' id='block_1_25' title="bbox 2294 933 3891 1006">
    <p class='ocr_par' dir='ltr' id='par_1_25' title="bbox 2294 933 3891 1006">
     <span class='ocr_line' id='line_1_25' title="bbox 2294 933 3891 1006; baseline -0.004 -15"><span class='ocrx_word' id='word_1_160' title='bbox 2294 937 2383 1006; x_wconf 92' lang='lat' dir='ltr'><strong>qui</strong></span> <span class='ocrx_word' id='word_1_161' title='bbox 2425 950 2613 991; x_wconf 85' lang='lat' dir='ltr'><strong>servos</strong></span> <span class='ocrx_word' id='word_1_162' title='bbox 2657 935 2724 989; x_wconf 90' lang='lat' dir='ltr'><strong>ad</strong></span> <span class='ocrx_word' id='word_1_163' title='bbox 2774 936 3077 990; x_wconf 87' lang='lat' dir='ltr'><strong>libertatem</strong></span> <span class='ocrx_word' id='word_1_164' title='bbox 3110 943 3367 999; x_wconf 83' lang='lat' dir='ltr'><strong>vocaret,</strong></span> <span class='ocrx_word' id='word_1_165' title='bbox 3404 934 3447 965; x_wconf 71' lang='grc' dir='ltr'><strong>ιο</strong></span> <span class='ocrx_word' id='word_1_166' title='bbox 3477 933 3704 989; x_wconf 75' lang='lat' dir='ltr'><strong>lanium</strong></span> <span class='ocrx_word' id='word_1_167' title='bbox 3755 941 3891 987; x_wconf 87' lang='lat' dir='ltr'><strong>tam-</strong></span> 
     </span>
    </p>
   </div>
   <div class='ocr_carea' id='block_1_26' title="bbox 2292 1027 3890 1100">
    <p class='ocr_par' dir='ltr' id='par_1_26' title="bbox 2292 1027 3890 1100">
     <span class='ocr_line' id='line_1_26' title="bbox 2292 1027 3890 1100; baseline 0 -18"><span class='ocrx_word' id='word_1_168' title='bbox 2292 1043 2455 1099; x_wconf 89' lang='lat' dir='ltr'><strong>quam</strong></span> <span class='ocrx_word' id='word_1_169' title='bbox 2486 1043 2668 1084; x_wconf 80' lang='lat' dir='ltr'><strong>arcem</strong></span> <span class='ocrx_word' id='word_1_170' title='bbox 2716 1029 2999 1100; x_wconf 82' lang='lat' dir='ltr'><strong>occupavit</strong></span> <span class='ocrx_word' id='word_1_171' title='bbox 3031 1045 3044 1082; x_wconf 92' lang='lat'>:</span> <span class='ocrx_word' id='word_1_172' title='bbox 3079 1028 3120 1060; x_wconf 79' lang='lat'>“</span> <span class='ocrx_word' id='word_1_173' title='bbox 3164 1036 3352 1083; x_wconf 88' lang='lat' dir='ltr'><strong>contra</strong></span> <span class='ocrx_word' id='word_1_174' title='bbox 3387 1028 3428 1060; x_wconf 83' lang='grc'>¹¹</span> <span class='ocrx_word' id='word_1_175' title='bbox 3463 1027 3525 1082; x_wconf 88' lang='lat' dir='ltr'><strong>D.</strong></span> <span class='ocrx_word' id='word_1_176' title='bbox 3575 1027 3783 1082; x_wconf 85' lang='lat' dir='ltr'><strong>Brutus</strong></span> <span class='ocrx_word' id='word_1_177' title='bbox 3809 1027 3890 1082; x_wconf 86' lang='lat' dir='ltr'><strong>vir</strong></span> 
     </span>
    </p>
   </div>
   <div class='ocr_carea' id='block_1_27' title="bbox 2293 1119 3888 1191">
    <p class='ocr_par' dir='ltr' id='par_1_27' title="bbox 2293 1119 3888 1191">
     <span class='ocr_line' id='line_1_27' title="bbox 2293 1119 3888 1191; baseline -0.001 -14"><span class='ocrx_word' id='word_1_178' title='bbox 2293 1121 2596 1178; x_wconf 87' lang='lat' dir='ltr'><strong>consularis</strong></span> <span class='ocrx_word' id='word_1_179' title='bbox 2629 1121 2672 1153; x_wconf 83' lang='grc'><strong>¹³</strong></span> <span class='ocrx_word' id='word_1_180' title='bbox 2696 1139 2724 1175; x_wconf 89' lang='lat' dir='ltr'><strong>a</strong></span> <span class='ocrx_word' id='word_1_181' title='bbox 2753 1122 2905 1176; x_wconf 85' lang='lat' dir='ltr'><strong>Clivo</strong></span> <span class='ocrx_word' id='word_1_182' title='bbox 2937 1120 3179 1179; x_wconf 87' lang='lat' dir='ltr'><strong>Publicio</strong></span> <span class='ocrx_word' id='word_1_183' title='bbox 3207 1135 3330 1175; x_wconf 91' lang='lat' dir='ltr'><strong>cum</strong></span> <span class='ocrx_word' id='word_1_184' title='bbox 3360 1119 3566 1191; x_wconf 84' lang='lat' dir='ltr'><strong>ingenti</strong></span> <span class='ocrx_word' id='word_1_185' title='bbox 3587 1121 3888 1176; x_wconf 86' lang='lat' dir='ltr'><strong>certamine</strong></span> 
     </span>
    </p>
   </div>
   <div class='ocr_carea' id='block_1_28' title="bbox 2293 1213 3888 1279">
    <p class='ocr_par' dir='ltr' id='par_1_28' title="bbox 2293 1213 3888 1279">
     <span class='ocr_line' id='line_1_28' title="bbox 2293 1213 3888 1279; baseline -0.001 -10"><span class='ocrx_word' id='word_1_186' title='bbox 2293 1213 2475 1269; x_wconf 89' lang='lat' dir='ltr'><strong>irruit.</strong></span> <span class='ocrx_word' id='word_1_187' title='bbox 2538 1215 2612 1269; x_wconf 94' lang='lat' dir='ltr'><strong>lbi</strong></span> <span class='ocrx_word' id='word_1_188' title='bbox 2663 1213 2893 1269; x_wconf 83' lang='lat' dir='ltr'><strong>Flaccus</strong></span> <span class='ocrx_word' id='word_1_189' title='bbox 2951 1214 3044 1269; x_wconf 86' lang='lat' dir='ltr'><strong>diu</strong></span> <span class='ocrx_word' id='word_1_190' title='bbox 3093 1213 3524 1270; x_wconf 81' lang='lat' dir='ltr'><strong>obstinatissime</strong></span> <span class='ocrx_word' id='word_1_191' title='bbox 3568 1213 3888 1279; x_wconf 79' lang='lat' dir='ltr'><strong>dimicavit;</strong></span> 
     </span>
    </p>
   </div>
   <div class='ocr_carea' id='block_1_29' title="bbox 2293 1305 3888 1378">
    <p class='ocr_par' dir='ltr' id='par_1_29' title="bbox 2293 1305 3888 1378">
     <span class='ocr_line' id='line_1_29' title="bbox 2293 1305 3888 1378; baseline -0.001 -14"><span class='ocrx_word' id='word_1_192' title='bbox 2293 1305 2569 1364; x_wconf 87' lang='lat' dir='ltr'><strong>Gracchus</strong></span> <span class='ocrx_word' id='word_1_193' title='bbox 2595 1348 2610 1371; x_wconf 94' lang='lat'><strong>,</strong></span> <span class='ocrx_word' id='word_1_194' title='bbox 2641 1319 2928 1378; x_wconf 87' lang='lat' dir='ltr'><strong>postquam</strong></span> <span class='ocrx_word' id='word_1_195' title='bbox 2960 1307 3012 1362; x_wconf 91' lang='lat' dir='ltr'><strong>in</strong></span> <span class='ocrx_word' id='word_1_196' title='bbox 3052 1305 3314 1377; x_wconf 90' lang='lat' dir='ltr'><strong>templum</strong></span> <span class='ocrx_word' id='word_1_197' title='bbox 3348 1307 3608 1362; x_wconf 82' lang='lat' dir='ltr'><strong>Minervae</strong></span> <span class='ocrx_word' id='word_1_198' title='bbox 3644 1321 3888 1363; x_wconf 52' lang='lat' dir='ltr'><strong>secesse.</strong></span> 
     </span>
    </p>
   </div>
   <div class='ocr_carea' id='block_1_30' title="bbox 2292 1398 3890 1469">
    <p class='ocr_par' dir='ltr' id='par_1_30' title="bbox 2292 1398 3890 1469">
     <span class='ocr_line' id='line_1_30' title="bbox 2292 1398 3890 1469; baseline -0.001 -15"><span class='ocrx_word' id='word_1_199' title='bbox 2292 1407 2414 1463; x_wconf 88' lang='lat' dir='ltr'><strong>rat,</strong></span> <span class='ocrx_word' id='word_1_200' title='bbox 2463 1398 2642 1469; x_wconf 85' lang='lat' dir='ltr'><strong>gladio</strong></span> <span class='ocrx_word' id='word_1_201' title='bbox 2680 1399 2995 1455; x_wconf 90' lang='lat' dir='ltr'><strong>incumbere</strong></span> <span class='ocrx_word' id='word_1_202' title='bbox 3026 1399 3256 1464; x_wconf 89' lang='lat' dir='ltr'><strong>volens,</strong></span> <span class='ocrx_word' id='word_1_203' title='bbox 3306 1399 3353 1431; x_wconf 74' lang='lat'><strong>“</strong></span> <span class='ocrx_word' id='word_1_204' title='bbox 3404 1399 3720 1456; x_wconf 86' lang='lat' dir='ltr'><strong>interventu</strong></span> <span class='ocrx_word' id='word_1_205' title='bbox 3776 1399 3890 1456; x_wconf 67' lang='grc' dir='ltr'><strong>[ιερ-</strong></span> 
     </span>
    </p>
   </div>
   <div class='ocr_carea' id='block_1_31' title="bbox 2289 1489 3888 1563">
    <p class='ocr_par' dir='ltr' id='par_1_31' title="bbox 2289 1489 3888 1563">
     <span class='ocr_line' id='line_1_31' title="bbox 2289 1489 3888 1563; baseline -0.001 -18"><span class='ocrx_word' id='word_1_206' title='bbox 2289 1491 2416 1546; x_wconf 89' lang='lat' dir='ltr'><strong>torii</strong></span> <span class='ocrx_word' id='word_1_207' title='bbox 2440 1501 2682 1546; x_wconf 86' lang='lat' dir='ltr'><strong>retentus</strong></span> <span class='ocrx_word' id='word_1_208' title='bbox 2709 1499 2812 1546; x_wconf 87' lang='lat' dir='ltr'><strong>est.</strong></span> <span class='ocrx_word' id='word_1_209' title='bbox 2840 1491 3031 1561; x_wconf 86' lang='lat' dir='ltr'><strong>Itaque</strong></span> <span class='ocrx_word' id='word_1_210' title='bbox 3074 1489 3236 1563; x_wconf 79' lang='lat'><strong>317</strong></span> <span class='ocrx_word' id='word_1_211' title='bbox 3269 1505 3391 1546; x_wconf 91' lang='lat' dir='ltr'><strong>cum</strong></span> <span class='ocrx_word' id='word_1_212' title='bbox 3431 1491 3522 1546; x_wconf 92' lang='lat' dir='ltr'><strong>diu</strong></span> <span class='ocrx_word' id='word_1_213' title='bbox 3552 1506 3756 1562; x_wconf 81' lang='lat' dir='ltr'><strong>anceps</strong></span> <span class='ocrx_word' id='word_1_214' title='bbox 3778 1491 3888 1545; x_wconf 67' lang='grc' dir='ltr'><strong>ιιι-1⁴</strong></span> 
     </span>
    </p>
   </div>
   <div class='ocr_carea' id='block_1_32' title="bbox 2291 1580 3889 1654">
    <p class='ocr_par' dir='ltr' id='par_1_32' title="bbox 2291 1580 3889 1654">
     <span class='ocr_line' id='line_1_32' title="bbox 2291 1580 3889 1654; baseline -0.002 -14"><span class='ocrx_word' id='word_1_215' title='bbox 2291 1583 2402 1640; x_wconf 86' lang='grc' dir='ltr'><strong>1υιη</strong></span> <span class='ocrx_word' id='word_1_216' title='bbox 2459 1582 2756 1654; x_wconf 83' lang='lat' dir='ltr'><strong>agitaretur</strong></span> <span class='ocrx_word' id='word_1_217' title='bbox 2786 1627 2800 1650; x_wconf 92' lang='lat'><strong>,</strong></span> <span class='ocrx_word' id='word_1_218' title='bbox 2843 1583 2887 1615; x_wconf 83' lang='grc'><strong>¹⁸</strong></span> <span class='ocrx_word' id='word_1_219' title='bbox 2918 1583 3133 1639; x_wconf 83' lang='lat' dir='ltr'><strong>tandem</strong></span> <span class='ocrx_word' id='word_1_220' title='bbox 3190 1582 3498 1654; x_wconf 86' lang='lat' dir='ltr'><strong>sagittarii,</strong></span> <span class='ocrx_word' id='word_1_221' title='bbox 3546 1583 3592 1614; x_wconf 82' lang='grc'><strong>¹⁶</strong></span> <span class='ocrx_word' id='word_1_222' title='bbox 3637 1584 3706 1637; x_wconf 90' lang='lat' dir='ltr'><strong>ab</strong></span> <span class='ocrx_word' id='word_1_223' title='bbox 3764 1580 3889 1652; x_wconf 57' lang='lat' dir='ltr'><strong>Opi-</strong></span> 
     </span>
    </p>
   </div>
   <div class='ocr_carea' id='block_1_33' title="bbox 2291 1673 3890 1741">
    <p class='ocr_par' dir='ltr' id='par_1_33' title="bbox 2291 1673 3890 1741">
     <span class='ocr_line' id='line_1_33' title="bbox 2291 1673 3890 1741; baseline -0.001 -10"><span class='ocrx_word' id='word_1_224' title='bbox 2291 1676 2404 1731; x_wconf 91' lang='lat' dir='ltr'><strong>mio</strong></span> <span class='ocrx_word' id='word_1_225' title='bbox 2466 1677 2667 1741; x_wconf 90' lang='lat' dir='ltr'><strong>missi,</strong></span> <span class='ocrx_word' id='word_1_226' title='bbox 2735 1683 3043 1731; x_wconf 74' lang='lat' dir='ltr'><strong>consertam</strong></span> <span class='ocrx_word' id='word_1_227' title='bbox 3099 1673 3500 1730; x_wconf 89' lang='lat' dir='ltr'><strong>multitudinem</strong></span> <span class='ocrx_word' id='word_1_228' title='bbox 3546 1674 3890 1730; x_wconf 68' lang='lat' dir='ltr'><strong>disturbare-</strong></span> 
     </span>
    </p>
   </div>
   <div class='ocr_carea' id='block_1_34' title="bbox 581 1764 3886 1842">
    <p class='ocr_par' dir='ltr' id='par_1_34' title="bbox 581 1764 3886 1842">
     <span class='ocr_line' id='line_1_34' title="bbox 581 1764 3886 1842; baseline -0 -17"><span class='ocrx_word' id='word_1_229' title='bbox 581 1768 864 1826; x_wconf 88' lang='lat' dir='ltr'><strong>Gracchus</strong></span> <span class='ocrx_word' id='word_1_230' title='bbox 895 1769 1077 1824; x_wconf 90' lang='lat' dir='ltr'><strong>fuerat</strong></span> <span class='ocrx_word' id='word_1_231' title='bbox 1106 1768 1347 1834; x_wconf 89' lang='lat' dir='ltr'><strong>occisus,</strong></span> <span class='ocrx_word' id='word_1_232' title='bbox 1377 1767 1542 1837; x_wconf 77' lang='lat'><strong>316</strong></span> <span class='ocrx_word' id='word_1_233' title='bbox 1569 1764 1783 1820; x_wconf 89' lang='lat' dir='ltr'><strong>tandem</strong></span> <span class='ocrx_word' id='word_1_234' title='bbox 1809 1779 1836 1816; x_wconf 89' lang='lat' dir='ltr'><strong>a</strong></span> <span class='ocrx_word' id='word_1_235' title='bbox 1867 1764 2144 1819; x_wconf 88' lang='lat' dir='ltr'><strong>tribunatu</strong></span> <span class='ocrx_word' id='word_1_236' title='bbox 2169 1807 2184 1833; x_wconf 93' lang='lat'><strong>,</strong></span> <span class='ocrx_word' id='word_1_237' title='bbox 2223 1776 2262 1835; x_wconf 77' lang='grc' dir='ltr'>Β</span> <span class='ocrx_word' id='word_1_238' title='bbox 2292 1779 2439 1824; x_wconf 91' lang='lat' dir='ltr'><strong>runt.</strong></span> <span class='ocrx_word' id='word_1_239' title='bbox 2492 1769 2610 1824; x_wconf 89' lang='lat' dir='ltr'><strong>Duo</strong></span> <span class='ocrx_word' id='word_1_240' title='bbox 2659 1770 2840 1825; x_wconf 88' lang='lat' dir='ltr'><strong>Flacci</strong></span> <span class='ocrx_word' id='word_1_241' title='bbox 2886 1779 3040 1842; x_wconf 89' lang='lat' dir='ltr'><strong>pater</strong></span> <span class='ocrx_word' id='word_1_242' title='bbox 3097 1769 3350 1840; x_wconf 88' lang='lat' dir='ltr'><strong>filiusque</strong></span> <span class='ocrx_word' id='word_1_243' title='bbox 3399 1785 3520 1824; x_wconf 89' lang='lat' dir='ltr'><strong>cum</strong></span> <span class='ocrx_word' id='word_1_244' title='bbox 3578 1785 3678 1839; x_wconf 90' lang='lat' dir='ltr'><strong>per</strong></span> <span class='ocrx_word' id='word_1_245' title='bbox 3717 1771 3886 1824; x_wconf 71' lang='lat' dir='ltr'><strong>:Bdcm</strong></span> 
     </span>
    </p>
   </div>
   <div class='ocr_carea' id='block_1_35' title="bbox 585 1858 2177 1928">
    <p class='ocr_par' dir='ltr' id='par_1_35' title="bbox 585 1858 2177 1928">
     <span class='ocr_line' id='line_1_35' title="bbox 585 1858 2177 1928; baseline -0.004 -10"><span class='ocrx_word' id='word_1_246' title='bbox 585 1866 608 1893; x_wconf 74' lang='grc' dir='ltr'><strong><em>κ</em></strong></span> <span class='ocrx_word' id='word_1_247' title='bbox 637 1863 868 1918; x_wconf 87' lang='lat' dir='ltr'><strong>Minucio</strong></span> <span class='ocrx_word' id='word_1_248' title='bbox 913 1876 1234 1917; x_wconf 88' lang='lat' dir='ltr'><strong>successore</strong></span> <span class='ocrx_word' id='word_1_249' title='bbox 1259 1902 1276 1928; x_wconf 92' lang='lat'><strong>,</strong></span> <span class='ocrx_word' id='word_1_250' title='bbox 1318 1861 1576 1916; x_wconf 89' lang='lat' dir='ltr'><strong>decessit.</strong></span> <span class='ocrx_word' id='word_1_251' title='bbox 1621 1858 1886 1914; x_wconf 84' lang='lat' dir='ltr'><strong>Minucius</strong></span> <span class='ocrx_word' id='word_1_252' title='bbox 1928 1858 2177 1913; x_wconf 89' lang='lat' dir='ltr'><strong>tribunus</strong></span> 
     </span>
    </p>
   </div>
   <div class='ocr_carea' id='block_1_36' title="bbox 583 1951 2179 2025">
    <p class='ocr_par' dir='ltr' id='par_1_36' title="bbox 583 1951 2179 2025">
     <span class='ocr_line' id='line_1_36' title="bbox 583 1951 2179 2025; baseline -0.002 -17"><span class='ocrx_word' id='word_1_253' title='bbox 583 1955 782 2025; x_wconf 88' lang='lat' dir='ltr'><strong>plebis,</strong></span> <span class='ocrx_word' id='word_1_254' title='bbox 811 1970 932 2009; x_wconf 91' lang='lat' dir='ltr'><strong>cum</strong></span> <span class='ocrx_word' id='word_1_255' title='bbox 965 1956 1205 2010; x_wconf 82' lang='lat' dir='ltr'><strong>maxima</strong></span> <span class='ocrx_word' id='word_1_256' title='bbox 1229 1969 1293 2010; x_wconf 78' lang='lat' dir='ltr'><strong>es</strong></span> <span class='ocrx_word' id='word_1_257' title='bbox 1319 1962 1475 2022; x_wconf 88' lang='lat' dir='ltr'><strong>parte</strong></span> <span class='ocrx_word' id='word_1_258' title='bbox 1496 1953 1802 2008; x_wconf 89' lang='lat' dir='ltr'><strong>decessoris</strong></span> <span class='ocrx_word' id='word_1_259' title='bbox 1831 1954 1913 2007; x_wconf 92' lang='lat' dir='ltr'><strong>sui</strong></span> <span class='ocrx_word' id='word_1_260' title='bbox 1943 1951 2179 2008; x_wconf 89' lang='lat' dir='ltr'><strong>Gracchi</strong></span> 
     </span>
    </p>
   </div>
   <div class='ocr_carea' id='block_1_37' title="bbox 580 2043 2181 2117">
    <p class='ocr_par' dir='ltr' id='par_1_37' title="bbox 580 2043 2181 2117">
     <span class='ocr_line' id='line_1_37' title="bbox 580 2043 2181 2117; baseline 0 -16"><span class='ocrx_word' id='word_1_261' title='bbox 580 2055 783 2102; x_wconf 88' lang='lat' dir='ltr'><strong>statuta</strong></span> <span class='ocrx_word' id='word_1_262' title='bbox 842 2047 1242 2113; x_wconf 86' lang='lat' dir='ltr'><strong>convulsisset,</strong></span> <span class='ocrx_word' id='word_1_263' title='bbox 1294 2047 1552 2117; x_wconf 81' lang='lat' dir='ltr'><strong>legesque</strong></span> <span class='ocrx_word' id='word_1_264' title='bbox 1603 2045 1963 2116; x_wconf 86' lang='lat' dir='ltr'><strong>abrogasset,</strong></span> <span class='ocrx_word' id='word_1_265' title='bbox 2017 2043 2181 2101; x_wconf 87' lang='lat' dir='ltr'><strong>Caius</strong></span> 
     </span>
    </p>
   </div>
   <div class='ocr_carea' id='block_1_38' title="bbox 583 2136 2178 2210">
    <p class='ocr_par' dir='ltr' id='par_1_38' title="bbox 583 2136 2178 2210">
     <span class='ocr_line' id='line_1_38' title="bbox 583 2136 2178 2210; baseline -0.001 -15"><span class='ocrx_word' id='word_1_266' title='bbox 583 2138 864 2198; x_wconf 89' lang='lat' dir='ltr'><strong>Gracchus</strong></span> <span class='ocrx_word' id='word_1_267' title='bbox 891 2156 1013 2197; x_wconf 91' lang='lat' dir='ltr'><strong>cum</strong></span> <span class='ocrx_word' id='word_1_268' title='bbox 1038 2140 1227 2197; x_wconf 88' lang='lat' dir='ltr'><strong>Fulvio</strong></span> <span class='ocrx_word' id='word_1_269' title='bbox 1249 2139 1443 2196; x_wconf 84' lang='lat' dir='ltr'><strong>Flacco</strong></span> <span class='ocrx_word' id='word_1_270' title='bbox 1462 2136 1668 2210; x_wconf 85' lang='lat' dir='ltr'><strong>ingenti</strong></span> <span class='ocrx_word' id='word_1_271' title='bbox 1688 2137 1918 2208; x_wconf 80' lang='lat' dir='ltr'><strong>stipatus</strong></span> <span class='ocrx_word' id='word_1_272' title='bbox 1937 2137 2178 2208; x_wconf 84' lang='lat' dir='ltr'><strong>agmine,</strong></span> 
     </span>
    </p>
   </div>
   <div class='ocr_carea' id='block_1_39' title="bbox 2285 1860 3888 1931">
    <p class='ocr_par' dir='ltr' id='par_1_39' title="bbox 2285 1860 3888 1931">
     <span class='ocr_line' id='line_1_39' title="bbox 2285 1860 3888 1931; baseline -0.001 -14"><span class='ocrx_word' id='word_1_273' title='bbox 2285 1861 2451 1917; x_wconf 75' lang='lat' dir='ltr'><strong>Lunae</strong></span> <span class='ocrx_word' id='word_1_274' title='bbox 2509 1863 2551 1895; x_wconf 84' lang='lat'><strong>&quot;</strong></span> <span class='ocrx_word' id='word_1_275' title='bbox 2604 1862 2656 1917; x_wconf 90' lang='lat' dir='ltr'><strong>in</strong></span> <span class='ocrx_word' id='word_1_276' title='bbox 2707 1863 2967 1931; x_wconf 88' lang='lat' dir='ltr'><strong>privatam</strong></span> <span class='ocrx_word' id='word_1_277' title='bbox 3011 1862 3232 1917; x_wconf 88' lang='lat' dir='ltr'><strong>domum</strong></span> <span class='ocrx_word' id='word_1_278' title='bbox 3279 1860 3670 1927; x_wconf 83' lang='lat' dir='ltr'><strong>desiluissent,</strong></span> <span class='ocrx_word' id='word_1_279' title='bbox 3723 1862 3888 1916; x_wconf 85' lang='lat' dir='ltr'><strong>fores-</strong></span> 
     </span>
    </p>
   </div>
   <div class='ocr_carea' id='block_1_40' title="bbox 2285 1954 3885 2027">
    <p class='ocr_par' dir='ltr' id='par_1_40' title="bbox 2285 1954 3885 2027">
     <span class='ocr_line' id='line_1_40' title="bbox 2285 1954 3885 2027; baseline -0.001 -16"><span class='ocrx_word' id='word_1_280' title='bbox 2285 1971 2391 2027; x_wconf 90' lang='lat' dir='ltr'><strong>que</strong></span> <span class='ocrx_word' id='word_1_281' title='bbox 2447 1955 2809 2024; x_wconf 85' lang='lat' dir='ltr'><strong>objecissent,</strong></span> <span class='ocrx_word' id='word_1_282' title='bbox 2845 1955 3077 2012; x_wconf 87' lang='lat' dir='ltr'><strong>rescisso</strong></span> <span class='ocrx_word' id='word_1_283' title='bbox 3111 1955 3330 2010; x_wconf 88' lang='lat' dir='ltr'><strong>cratitio</strong></span> <span class='ocrx_word' id='word_1_284' title='bbox 3377 1954 3580 2024; x_wconf 88' lang='lat' dir='ltr'><strong>pariete</strong></span> <span class='ocrx_word' id='word_1_285' title='bbox 3604 1995 3622 2022; x_wconf 90' lang='lat'><strong>,</strong></span> <span class='ocrx_word' id='word_1_286' title='bbox 3651 1954 3885 2010; x_wconf 80' lang='lat' dir='ltr'><strong>confossi</strong></span> 
     </span>
    </p>
   </div>
   <div class='ocr_carea' id='block_1_41' title="bbox 2285 2047 3888 2127">
    <p class='ocr_par' dir='ltr' id='par_1_41' title="bbox 2285 2047 3888 2127">
     <span class='ocr_line' id='line_1_41' title="bbox 2285 2047 3888 2127; baseline -0.002 -23"><span class='ocrx_word' id='word_1_287' title='bbox 2285 2056 2432 2104; x_wconf 88' lang='lat' dir='ltr'><strong>sunt.</strong></span> <span class='ocrx_word' id='word_1_288' title='bbox 2483 2049 2528 2080; x_wconf 82' lang='grc'><strong>¹⁸</strong></span> <span class='ocrx_word' id='word_1_289' title='bbox 2581 2047 2877 2115; x_wconf 87' lang='lat' dir='ltr'><strong>Gracchus,</strong></span> <span class='ocrx_word' id='word_1_290' title='bbox 2901 2048 2944 2081; x_wconf 79' lang='grc'><strong>¹⁹</strong></span> <span class='ocrx_word' id='word_1_291' title='bbox 2972 2047 3064 2102; x_wconf 91' lang='lat' dir='ltr'><strong>diu</strong></span> <span class='ocrx_word' id='word_1_292' title='bbox 3092 2062 3278 2127; x_wconf 79' lang='lat' dir='ltr'><strong>prose</strong></span> <span class='ocrx_word' id='word_1_293' title='bbox 3305 2047 3494 2102; x_wconf 90' lang='lat' dir='ltr'><strong>amicis</strong></span> <span class='ocrx_word' id='word_1_294' title='bbox 3526 2048 3888 2118; x_wconf 84' lang='lat' dir='ltr'><strong>pugnantibus</strong></span> 
     </span>
    </p>
   </div>
   <div class='ocr_carea' id='block_1_42' title="bbox 2288 2139 3886 2213">
    <p class='ocr_par' dir='ltr' id='par_1_42' title="bbox 2288 2139 3886 2213">
     <span class='ocr_line' id='line_1_42' title="bbox 2288 2139 3886 2213; baseline -0.001 -17"><span class='ocrx_word' id='word_1_295' title='bbox 2288 2154 2352 2196; x_wconf 90' lang='lat' dir='ltr'><strong>ac</strong></span> <span class='ocrx_word' id='word_1_296' title='bbox 2380 2140 2754 2212; x_wconf 89' lang='lat' dir='ltr'><strong>pereuntibus,</strong></span> <span class='ocrx_word' id='word_1_297' title='bbox 2783 2155 2928 2213; x_wconf 63' lang='lat' dir='ltr'><strong>aegre</strong></span> <span class='ocrx_word' id='word_1_298' title='bbox 2955 2139 3022 2197; x_wconf 82' lang='lat' dir='ltr'><strong>ad</strong></span> <span class='ocrx_word' id='word_1_299' title='bbox 3051 2149 3269 2212; x_wconf 85' lang='lat' dir='ltr'><strong>pontem</strong></span> <span class='ocrx_word' id='word_1_300' title='bbox 3300 2140 3589 2198; x_wconf 89' lang='lat' dir='ltr'><strong>sublicium</strong></span> <span class='ocrx_word' id='word_1_301' title='bbox 3615 2141 3886 2212; x_wconf 83' lang='lat' dir='ltr'><strong>pervenit:</strong></span> 
     </span>
    </p>
   </div>
   <div class='ocr_carea' id='block_1_43' title="bbox 1814 2378 2601 2458">
    <p class='ocr_par' dir='ltr' id='par_1_43' title="bbox 1814 2378 2601 2458">
     <span class='ocr_line' id='line_1_43' title="bbox 1814 2378 2601 2458; baseline 0.003 -19"><span class='ocrx_word' id='word_1_302' title='bbox 1814 2452 1820 2458; x_wconf 44' lang='grc'><em>,</em></span> <span class='ocrx_word' id='word_1_303' title='bbox 1879 2378 2332 2441; x_wconf 75' lang='lat' dir='ltr'><strong>llAVERCAMPl</strong></span> <span class='ocrx_word' id='word_1_304' title='bbox 2368 2381 2601 2441; x_wconf 73' lang='lat' dir='ltr'><strong>now.</strong></span> 
     </span>
    </p>
   </div>
   <div class='ocr_carea' id='block_1_44' title="bbox 585 2564 2176 2640">
    <p class='ocr_par' dir='ltr' id='par_1_44' title="bbox 585 2564 2176 2640">
     <span class='ocr_line' id='line_1_44' title="bbox 585 2564 2176 2640; baseline -0.005 -10"><span class='ocrx_word' id='word_1_305' title='bbox 585 2575 786 2630; x_wconf 88' lang='lat' dir='ltr'><strong>bunum</strong></span> <span class='ocrx_word' id='word_1_306' title='bbox 816 2571 990 2640; x_wconf 82' lang='lat' dir='ltr'><strong>plebis</strong></span> <span class='ocrx_word' id='word_1_307' title='bbox 1039 2567 1374 2639; x_wconf 86' lang='lat' dir='ltr'><strong>rogationem</strong></span> <span class='ocrx_word' id='word_1_308' title='bbox 1423 2564 1802 2640; x_wconf 28' lang='lat' dir='ltr'><strong>adhpopulum</strong></span> <span class='ocrx_word' id='word_1_309' title='bbox 1850 2564 1919 2621; x_wconf 91' lang='lat' dir='ltr'><strong>de</strong></span> <span class='ocrx_word' id='word_1_310' title='bbox 1961 2566 2176 2640; x_wconf 83' lang='lat' dir='ltr'><strong>colonia</strong></span> 
     </span>
    </p>
   </div>
   <div class='ocr_carea' id='block_1_45' title="bbox 581 2638 2176 2713">
    <p class='ocr_par' dir='ltr' id='par_1_45' title="bbox 581 2638 2176 2713">
     <span class='ocr_line' id='line_1_45' title="bbox 581 2638 2176 2713; baseline -0.003 -15"><span class='ocrx_word' id='word_1_311' title='bbox 581 2638 966 2713; x_wconf 80' lang='lat' dir='ltr'><strong>Carthaginem</strong></span> <span class='ocrx_word' id='word_1_312' title='bbox 1005 2638 1319 2713; x_wconf 51' lang='lat' dir='ltr'><strong>deducenda</strong></span> <span class='ocrx_word' id='word_1_313' title='bbox 1350 2638 1640 2706; x_wconf 83' lang='lat' dir='ltr'><strong>pertulisse</strong></span> <span class='ocrx_word' id='word_1_314' title='bbox 1661 2679 1675 2704; x_wconf 91' lang='lat'><strong>,</strong></span> <span class='ocrx_word' id='word_1_315' title='bbox 1708 2647 1897 2693; x_wconf 87' lang='lat' dir='ltr'><strong>auctor</strong></span> <span class='ocrx_word' id='word_1_316' title='bbox 1926 2647 2010 2693; x_wconf 88' lang='lat' dir='ltr'><strong>est</strong></span> <span class='ocrx_word' id='word_1_317' title='bbox 2049 2638 2176 2693; x_wconf 68' lang='lat' dir='ltr'><strong>l’lu-</strong></span> 
     </span>
    </p>
   </div>
   <div class='ocr_carea' id='block_1_46' title="bbox 584 2709 1404 2771">
    <p class='ocr_par' dir='ltr' id='par_1_46' title="bbox 584 2709 1404 2771">
     <span class='ocr_line' id='line_1_46' title="bbox 584 2709 1404 2771; baseline -0.009 0"><span class='ocrx_word' id='word_1_318' title='bbox 584 2709 814 2771; x_wconf 71' lang='lat' dir='ltr'><strong>tarchus</strong></span> <span class='ocrx_word' id='word_1_319' title='bbox 833 2715 888 2768; x_wconf 91' lang='lat' dir='ltr'><strong>in</strong></span> <span class='ocrx_word' id='word_1_320' title='bbox 916 2710 1196 2768; x_wconf 86' lang='lat' dir='ltr'><strong>Gracchis.</strong></span> <span class='ocrx_word' id='word_1_321' title='bbox 1235 2709 1404 2764; x_wconf 68' lang='lat' dir='ltr'><strong>Fonn.</strong></span> 
     </span>
    </p>
   </div>
   <div class='ocr_carea' id='block_1_47' title="bbox 655 2779 2176 2852">
    <p class='ocr_par' dir='ltr' id='par_1_47' title="bbox 655 2779 2176 2852">
     <span class='ocr_line' id='line_1_47' title="bbox 655 2779 2176 2852; baseline -0.003 -12"><span class='ocrx_word' id='word_1_322' title='bbox 655 2789 708 2841; x_wconf 79' lang='grc'><strong>5.</strong></span> <span class='ocrx_word' id='word_1_323' title='bbox 745 2783 883 2840; x_wconf 89' lang='lat' dir='ltr'><strong>Nam</strong></span> <span class='ocrx_word' id='word_1_324' title='bbox 906 2799 1020 2838; x_wconf 87' lang='lat' dir='ltr'><strong>cum</strong></span> <span class='ocrx_word' id='word_1_325' title='bbox 1042 2796 1323 2835; x_wconf 84' lang='lat' dir='ltr'><strong>mensores.</strong></span> <span class='ocrx_word' id='word_1_326' title='bbox 1356 2782 1434 2836; x_wconf 85' lang='lat' dir='ltr'><strong>De</strong></span> <span class='ocrx_word' id='word_1_327' title='bbox 1470 2780 1574 2835; x_wconf 91' lang='lat' dir='ltr'><strong>hoc</strong></span> <span class='ocrx_word' id='word_1_328' title='bbox 1618 2779 1866 2852; x_wconf 84' lang='lat' dir='ltr'><strong>prodigio</strong></span> <span class='ocrx_word' id='word_1_329' title='bbox 1896 2779 2176 2850; x_wconf 88' lang='lat' dir='ltr'><strong>Appianus</strong></span> 
     </span>
    </p>
   </div>
   <div class='ocr_carea' id='block_1_48' title="bbox 579 2851 1213 2914">
    <p class='ocr_par' dir='ltr' id='par_1_48' title="bbox 579 2851 1213 2914">
     <span class='ocr_line' id='line_1_48' title="bbox 579 2851 1213 2914; baseline -0.014 0"><span class='ocrx_word' id='word_1_330' title='bbox 579 2867 636 2914; x_wconf 87' lang='lat' dir='ltr'><strong>et</strong></span> <span class='ocrx_word' id='word_1_331' title='bbox 666 2855 1012 2911; x_wconf 88' lang='lat' dir='ltr'><strong>Plutarchus.</strong></span> <span class='ocrx_word' id='word_1_332' title='bbox 1047 2851 1213 2912; x_wconf 59' lang='lat' dir='ltr'><strong>Fssn.</strong></span> 
     </span>
    </p>
   </div>
   <div class='ocr_carea' id='block_1_49' title="bbox 653 2921 2172 2994">
    <p class='ocr_par' dir='ltr' id='par_1_49' title="bbox 653 2921 2172 2994">
     <span class='ocr_line' id='line_1_49' title="bbox 653 2921 2172 2994; baseline -0.003 -14"><span class='ocrx_word' id='word_1_333' title='bbox 653 2927 710 2982; x_wconf 73' lang='grc'><strong>4.</strong></span> <span class='ocrx_word' id='word_1_334' title='bbox 745 2924 1210 2994; x_wconf 79' lang='lat' dir='ltr'><strong>Nocte.Vulgg.ct</strong></span> <span class='ocrx_word' id='word_1_335' title='bbox 1241 2929 1412 2989; x_wconf 85' lang='lat' dir='ltr'><strong>nocte,</strong></span> <span class='ocrx_word' id='word_1_336' title='bbox 1439 2921 1535 2978; x_wconf 88' lang='lat' dir='ltr'><strong>sed</strong></span> <span class='ocrx_word' id='word_1_337' title='bbox 1568 2936 1699 2978; x_wconf 88' lang='lat' dir='ltr'><strong>mss.</strong></span> <span class='ocrx_word' id='word_1_338' title='bbox 1733 2921 2172 2992; x_wconf 71' lang='lat' dir='ltr'><strong>coniunctionem</strong></span> 
     </span>
    </p>
   </div>
   <div class='ocr_carea' id='block_1_50' title="bbox 581 3004 1035 3064">
    <p class='ocr_par' dir='ltr' id='par_1_50' title="bbox 581 3004 1035 3064">
     <span class='ocr_line' id='line_1_50' title="bbox 581 3004 1035 3064; baseline -0.018 -9"><span class='ocrx_word' id='word_1_339' title='bbox 581 3014 690 3055; x_wconf 89' lang='lat' dir='ltr'><strong>non</strong></span> <span class='ocrx_word' id='word_1_340' title='bbox 717 3004 1035 3064; x_wconf 80' lang='lat' dir='ltr'><strong>agnoscunt.</strong></span> 
     </span>
    </p>
   </div>
   <div class='ocr_carea' id='block_1_51' title="bbox 653 3063 2176 3135">
    <p class='ocr_par' dir='ltr' id='par_1_51' title="bbox 653 3063 2176 3135">
     <span class='ocr_line' id='line_1_51' title="bbox 653 3063 2176 3135; baseline -0.003 -10"><span class='ocrx_word' id='word_1_341' title='bbox 653 3070 707 3125; x_wconf 82' lang='lat'><strong>5.</strong></span> <span class='ocrx_word' id='word_1_342' title='bbox 740 3063 939 3126; x_wconf 86' lang='lat' dir='ltr'><strong>Eodem</strong></span> <span class='ocrx_word' id='word_1_343' title='bbox 964 3081 1101 3120; x_wconf 88' lang='lat' dir='ltr'><strong>anno</strong></span> <span class='ocrx_word' id='word_1_344' title='bbox 1122 3063 1183 3120; x_wconf 86' lang='lat' dir='ltr'><strong>C.</strong></span> <span class='ocrx_word' id='word_1_345' title='bbox 1214 3063 1503 3120; x_wconf 86' lang='lat' dir='ltr'><strong>Gracchus.</strong></span> <span class='ocrx_word' id='word_1_346' title='bbox 1535 3065 1595 3121; x_wconf 90' lang='lat' dir='ltr'><strong>C.</strong></span> <span class='ocrx_word' id='word_1_347' title='bbox 1623 3064 1979 3135; x_wconf 89' lang='lat' dir='ltr'><strong>Sempronius</strong></span> <span class='ocrx_word' id='word_1_348' title='bbox 2008 3063 2176 3120; x_wconf 87' lang='lat' dir='ltr'><strong>Grac-</strong></span> 
     </span>
    </p>
   </div>
   <div class='ocr_carea' id='block_1_52' title="bbox 579 3135 2169 3206">
    <p class='ocr_par' dir='ltr' id='par_1_52' title="bbox 579 3135 2169 3206">
     <span class='ocr_line' id='line_1_52' title="bbox 579 3135 2169 3206; baseline -0.004 -9"><span class='ocrx_word' id='word_1_349' title='bbox 579 3141 719 3197; x_wconf 84' lang='lat' dir='ltr'><strong>chus</strong></span> <span class='ocrx_word' id='word_1_350' title='bbox 751 3141 1083 3195; x_wconf 88' lang='lat' dir='ltr'><strong>tribunatum</strong></span> <span class='ocrx_word' id='word_1_351' title='bbox 1127 3135 1305 3206; x_wconf 85' lang='lat' dir='ltr'><strong>plebis</strong></span> <span class='ocrx_word' id='word_1_352' title='bbox 1336 3151 1433 3204; x_wconf 91' lang='lat' dir='ltr'><strong>per</strong></span> <span class='ocrx_word' id='word_1_353' title='bbox 1469 3135 1748 3191; x_wconf 88' lang='lat' dir='ltr'><strong>biennium</strong></span> <span class='ocrx_word' id='word_1_354' title='bbox 1793 3135 2169 3206; x_wconf 85' lang='lat' dir='ltr'><strong>continuavit,</strong></span> 
     </span>
    </p>
   </div>
   <div class='ocr_carea' id='block_1_53' title="bbox 580 3205 2173 3277">
    <p class='ocr_par' dir='ltr' id='par_1_53' title="bbox 580 3205 2173 3277">
     <span class='ocr_line' id='line_1_53' title="bbox 580 3205 2173 3277; baseline -0.002 -12"><span class='ocrx_word' id='word_1_355' title='bbox 580 3221 640 3266; x_wconf 89' lang='lat' dir='ltr'><strong>ut</strong></span> <span class='ocrx_word' id='word_1_356' title='bbox 680 3213 985 3266; x_wconf 87' lang='lat' dir='ltr'><strong>notavimus</strong></span> <span class='ocrx_word' id='word_1_357' title='bbox 1033 3210 1086 3263; x_wconf 93' lang='lat' dir='ltr'><strong>in</strong></span> <span class='ocrx_word' id='word_1_358' title='bbox 1131 3205 1453 3277; x_wconf 85' lang='lat' dir='ltr'><strong>argumento</strong></span> <span class='ocrx_word' id='word_1_359' title='bbox 1483 3206 1745 3262; x_wconf 88' lang='lat' dir='ltr'><strong>orationis</strong></span> <span class='ocrx_word' id='word_1_360' title='bbox 1775 3205 1844 3261; x_wconf 86' lang='lat' dir='ltr'><strong>de</strong></span> <span class='ocrx_word' id='word_1_361' title='bbox 1875 3205 2173 3276; x_wconf 84' lang='lat' dir='ltr'><strong>provinciis</strong></span> 
     </span>
    </p>
   </div>
   <div class='ocr_carea' id='block_1_54' title="bbox 583 3277 2172 3350">
    <p class='ocr_par' dir='ltr' id='par_1_54' title="bbox 583 3277 2172 3350">
     <span class='ocr_line' id='line_1_54' title="bbox 583 3277 2172 3350; baseline -0.003 -14"><span class='ocrx_word' id='word_1_362' title='bbox 583 3297 726 3345; x_wconf 67' lang='grc' dir='ltr'><strong>θος..</strong></span> <span class='ocrx_word' id='word_1_363' title='bbox 760 3295 934 3350; x_wconf 91' lang='lat' dir='ltr'><strong>eoque</strong></span> <span class='ocrx_word' id='word_1_364' title='bbox 977 3290 1225 3350; x_wconf 85' lang='lat' dir='ltr'><strong>tempore</strong></span> <span class='ocrx_word' id='word_1_365' title='bbox 1259 3277 1459 3350; x_wconf 78' lang='lat' dir='ltr'><strong>inultas</strong></span> <span class='ocrx_word' id='word_1_366' title='bbox 1492 3279 1636 3348; x_wconf 81' lang='lat' dir='ltr'><strong>leges</strong></span> <span class='ocrx_word' id='word_1_367' title='bbox 1671 3277 1832 3350; x_wconf 86' lang='lat' dir='ltr'><strong>tulit,</strong></span> <span class='ocrx_word' id='word_1_368' title='bbox 1865 3277 1943 3350; x_wconf 67' lang='lat' dir='ltr'><strong>de</strong></span> <span class='ocrx_word' id='word_1_369' title='bbox 1977 3277 2172 3350; x_wconf 78' lang='lat' dir='ltr'><strong>quibus</strong></span> 
     </span>
    </p>
   </div>
   <div class='ocr_carea' id='block_1_55' title="bbox 578 3347 2165 3475">
    <p class='ocr_par' dir='ltr' id='par_1_55' title="bbox 578 3347 2165 3475">
     <span class='ocr_line' id='line_1_55' title="bbox 578 3347 2165 3475; baseline -0.003 -69"><span class='ocrx_word' id='word_1_370' title='bbox 578 3347 880 3475; x_wconf 41' lang='lat' dir='ltr'><strong>gppianus‘,</strong></span> <span class='ocrx_word' id='word_1_371' title='bbox 913 3347 1258 3416; x_wconf 84' lang='lat' dir='ltr'><strong>Plutarchus,</strong></span> <span class='ocrx_word' id='word_1_372' title='bbox 1291 3347 1498 3415; x_wconf 86' lang='lat' dir='ltr'><strong>Livius,</strong></span> <span class='ocrx_word' id='word_1_373' title='bbox 1523 3347 1791 3404; x_wconf 74' lang='lat' dir='ltr'><strong>Asconius</strong></span> <span class='ocrx_word' id='word_1_374' title='bbox 1817 3356 1872 3404; x_wconf 92' lang='lat' dir='ltr'><strong>et</strong></span> <span class='ocrx_word' id='word_1_375' title='bbox 1901 3347 2165 3403; x_wconf 85' lang='lat' dir='ltr'><strong>Velleius.</strong></span> 
     </span>
     <span class='ocr_line' id='line_1_56' title="bbox 628 3439 942 3475; baseline 0 0"><span class='ocrx_word' id='word_1_376' title='bbox 628 3439 752 3475; x_wconf 78' lang='lat' dir='ltr'><strong>ABR.</strong></span> <span class='ocrx_word' id='word_1_377' title='bbox 936 3452 942 3456; x_wconf 57' lang='grc' dir='ltr'><strong>λ</strong></span> 
     </span>
    </p>
   </div>
   <div class='ocr_carea' id='block_1_56' title="bbox 628 3439 942 3477">
    <p class='ocr_par' dir='ltr' id='par_1_56' title="bbox 628 3439 942 3477">
     <span class='ocr_line' id='line_1_57' title="bbox 628 3439 942 3477; baseline -0.013 0"><span class='ocrx_word' id='word_1_378' title='bbox 628 3439 752 3477; x_wconf 73' lang='lat' dir='ltr'><strong>ABR.</strong></span> <span class='ocrx_word' id='word_1_379' title='bbox 936 3452 942 3456; x_wconf 79' lang='grc'><strong>-</strong></span> 
     </span>
    </p>
   </div>
   <div class='ocr_carea' id='block_1_57' title="bbox 650 3487 2168 3560">
    <p class='ocr_par' dir='ltr' id='par_1_57' title="bbox 650 3487 2168 3560">
     <span class='ocr_line' id='line_1_58' title="bbox 650 3487 2168 3560; baseline -0.003 -11"><span class='ocrx_word' id='word_1_380' title='bbox 650 3495 706 3549; x_wconf 88' lang='grc'><strong>6.</strong></span> <span class='ocrx_word' id='word_1_381' title='bbox 742 3489 1101 3547; x_wconf 75' lang='lat' dir='ltr'><strong>Excitavisset.</strong></span> <span class='ocrx_word' id='word_1_382' title='bbox 1135 3489 1415 3558; x_wconf 84' lang='lat' dir='ltr'><strong>Perizon.,</strong></span> <span class='ocrx_word' id='word_1_383' title='bbox 1439 3490 1739 3556; x_wconf 74' lang='lat' dir='ltr'><strong>excivisset;</strong></span> <span class='ocrx_word' id='word_1_384' title='bbox 1772 3488 1898 3545; x_wconf 89' lang='lat' dir='ltr'><strong>edd.</strong></span> <span class='ocrx_word' id='word_1_385' title='bbox 1926 3487 2168 3560; x_wconf 88' lang='lat' dir='ltr'><strong>quidam,</strong></span> 
     </span>
    </p>
   </div>
   <div class='ocr_carea' id='block_1_58' title="bbox 578 3565 926 3618">
    <p class='ocr_par' dir='ltr' id='par_1_58' title="bbox 578 3565 926 3618">
     <span class='ocr_line' id='line_1_59' title="bbox 578 3565 926 3618; baseline 0 0"><span class='ocrx_word' id='word_1_386' title='bbox 578 3565 876 3618; x_wconf 74' lang='lat' dir='ltr'><strong>excitasset.</strong></span> <span class='ocrx_word' id='word_1_387' title='bbox 914 3598 926 3618; x_wconf 79' lang='grc' dir='ltr'><em>ι</em></span> 
     </span>
    </p>
   </div>
   <div class='ocr_carea' id='block_1_59' title="bbox 653 3631 2170 3706">
    <p class='ocr_par' dir='ltr' id='par_1_59' title="bbox 653 3631 2170 3706">
     <span class='ocr_line' id='line_1_60' title="bbox 653 3631 2170 3706; baseline -0.003 -16"><span class='ocrx_word' id='word_1_388' title='bbox 653 3636 706 3690; x_wconf 89' lang='grc'><strong>7.</strong></span> <span class='ocrx_word' id='word_1_389' title='bbox 755 3633 905 3706; x_wconf 85' lang='lat' dir='ltr'><strong>Legis</strong></span> <span class='ocrx_word' id='word_1_390' title='bbox 946 3633 1168 3706; x_wconf 79' lang='lat' dir='ltr'><strong>agraria:</strong></span> <span class='ocrx_word' id='word_1_391' title='bbox 1216 3647 1393 3706; x_wconf 81' lang='lat' dir='ltr'><strong>causa.</strong></span> <span class='ocrx_word' id='word_1_392' title='bbox 1443 3631 1714 3706; x_wconf 80' lang='lat' dir='ltr'><strong>Omittunt</strong></span> <span class='ocrx_word' id='word_1_393' title='bbox 1759 3645 2170 3706; x_wconf 80' lang='lat' dir='ltr'><strong>nonnumquam</strong></span> 
     </span>
    </p>
   </div>
   <div class='ocr_carea' id='block_1_60' title="bbox 581 3703 2170 3773">
    <p class='ocr_par' dir='ltr' id='par_1_60' title="bbox 581 3703 2170 3773">
     <span class='ocr_line' id='line_1_61' title="bbox 581 3703 2170 3773; baseline -0.004 -12"><span class='ocrx_word' id='word_1_394' title='bbox 581 3705 763 3761; x_wconf 87' lang='lat' dir='ltr'><strong>Latini</strong></span> <span class='ocrx_word' id='word_1_395' title='bbox 792 3703 998 3762; x_wconf 63' lang='lat' dir='ltr'><strong>vocent</strong></span> <span class='ocrx_word' id='word_1_396' title='bbox 1029 3719 1188 3758; x_wconf 82' lang='lat' dir='ltr'><strong>causa</strong></span> <span class='ocrx_word' id='word_1_397' title='bbox 1220 3704 1307 3756; x_wconf 88' lang='lat' dir='ltr'><strong>vel</strong></span> <span class='ocrx_word' id='word_1_398' title='bbox 1353 3704 1525 3773; x_wconf 84' lang='lat' dir='ltr'><strong>gratia</strong></span> <span class='ocrx_word' id='word_1_399' title='bbox 1574 3705 1625 3756; x_wconf 90' lang='lat' dir='ltr'><strong>in</strong></span> <span class='ocrx_word' id='word_1_400' title='bbox 1676 3703 1971 3773; x_wconf 85' lang='lat' dir='ltr'><strong>generandi</strong></span> <span class='ocrx_word' id='word_1_401' title='bbox 2019 3717 2170 3764; x_wconf 88' lang='lat' dir='ltr'><strong>casu,</strong></span> 
     </span>
    </p>
   </div>
   <div class='ocr_carea' id='block_1_61' title="bbox 578 3773 2171 3848">
    <p class='ocr_par' dir='ltr' id='par_1_61' title="bbox 578 3773 2171 3848">
     <span class='ocr_line' id='line_1_62' title="bbox 578 3773 2171 3848; baseline -0.003 -17"><span class='ocrx_word' id='word_1_402' title='bbox 578 3788 742 3848; x_wconf 85' lang='lat' dir='ltr'><strong>prout</strong></span> <span class='ocrx_word' id='word_1_403' title='bbox 775 3786 921 3848; x_wconf 87' lang='lat' dir='ltr'><strong>patet</strong></span> <span class='ocrx_word' id='word_1_404' title='bbox 959 3790 1025 3831; x_wconf 79' lang='lat' dir='ltr'><strong>ex</strong></span> <span class='ocrx_word' id='word_1_405' title='bbox 1064 3774 1328 3848; x_wconf 82' lang='lat' dir='ltr'><strong>exemplis</strong></span> <span class='ocrx_word' id='word_1_406' title='bbox 1374 3785 1613 3848; x_wconf 87' lang='lat' dir='ltr'><strong>veterum</strong></span> <span class='ocrx_word' id='word_1_407' title='bbox 1645 3775 2062 3848; x_wconf 12' lang='lat' dir='ltr'><strong>cit_auctori_tate</strong></span> <span class='ocrx_word' id='word_1_408' title='bbox 2088 3773 2171 3826; x_wconf 75' lang='lat' dir='ltr'><strong>vi-</strong></span> 
     </span>
    </p>
   </div>
   <div class='ocr_carea' id='block_1_62' title="bbox 576 3844 2172 3911">
    <p class='ocr_par' dir='ltr' id='par_1_62' title="bbox 576 3844 2172 3911">
     <span class='ocr_line' id='line_1_63' title="bbox 576 3844 2172 3911; baseline -0.002 -10"><span class='ocrx_word' id='word_1_409' title='bbox 576 3844 1100 3911; x_wconf 72' lang='lat' dir='ltr'><strong>rorttmdoctorum,</strong></span> <span class='ocrx_word' id='word_1_410' title='bbox 1125 3861 1153 3898; x_wconf 89' lang='lat' dir='ltr'><strong>a</strong></span> <span class='ocrx_word' id='word_1_411' title='bbox 1186 3844 1270 3900; x_wconf 70' lang='grc' dir='ltr'><strong>ιο.</strong></span> <span class='ocrx_word' id='word_1_412' title='bbox 1303 3845 1598 3899; x_wconf 84' lang='lat' dir='ltr'><strong>Arntzenio</strong></span> <span class='ocrx_word' id='word_1_413' title='bbox 1619 3844 1866 3899; x_wconf 86' lang='lat' dir='ltr'><strong>adductis</strong></span> <span class='ocrx_word' id='word_1_414' title='bbox 1893 3845 1958 3899; x_wconf 91' lang='lat' dir='ltr'><strong>ad</strong></span> <span class='ocrx_word' id='word_1_415' title='bbox 1990 3845 2172 3899; x_wconf 74' lang='lat' dir='ltr'><strong>Victo-</strong></span> 
     </span>
    </p>
   </div>
   <div class='ocr_carea' id='block_1_63' title="bbox 581 3914 2170 3987">
    <p class='ocr_par' dir='ltr' id='par_1_63' title="bbox 581 3914 2170 3987">
     <span class='ocr_line' id='line_1_64' title="bbox 581 3914 2170 3987; baseline -0.001 -17"><span class='ocrx_word' id='word_1_416' title='bbox 581 3931 696 3972; x_wconf 92' lang='lat' dir='ltr'><strong>rem</strong></span> <span class='ocrx_word' id='word_1_417' title='bbox 731 3931 852 3987; x_wconf 89' lang='lat' dir='ltr'><strong>pag.</strong></span> <span class='ocrx_word' id='word_1_418' title='bbox 901 3917 972 3971; x_wconf 83' lang='grc'><strong>55</strong></span> <span class='ocrx_word' id='word_1_419' title='bbox 1004 3934 1016 3969; x_wconf 89' lang='lat'><strong>:</strong></span> <span class='ocrx_word' id='word_1_420' title='bbox 1062 3931 1230 3987; x_wconf 80' lang='lat' dir='ltr'><strong>quare</strong></span> <span class='ocrx_word' id='word_1_421' title='bbox 1261 3915 1402 3987; x_wconf 86' lang='lat' dir='ltr'><strong>idem</strong></span> <span class='ocrx_word' id='word_1_422' title='bbox 1433 3915 1603 3987; x_wconf 80' lang='lat' dir='ltr'><strong>\’.__D.</strong></span> <span class='ocrx_word' id='word_1_423' title='bbox 1635 3915 1723 3970; x_wconf 91' lang='lat' dir='ltr'><strong>hic</strong></span> <span class='ocrx_word' id='word_1_424' title='bbox 1765 3914 2060 3987; x_wconf 89' lang='lat' dir='ltr'><strong>ab_0rosio</strong></span> <span class='ocrx_word' id='word_1_425' title='bbox 2105 3930 2170 3987; x_wconf 68' lang='lat' dir='ltr'><strong>es</strong></span> 
     </span>
    </p>
   </div>
   <div class='ocr_carea' id='block_1_64' title="bbox 579 3984 2171 4049">
    <p class='ocr_par' dir='ltr' id='par_1_64' title="bbox 579 3984 2171 4049">
     <span class='ocr_line' id='line_1_65' title="bbox 579 3984 2171 4049; baseline -0.001 -9"><span class='ocrx_word' id='word_1_426' title='bbox 579 3984 1069 4042; x_wconf 44' lang='lat' dir='ltr'><strong>mssfau—ctoritatc</strong></span> <span class='ocrx_word' id='word_1_427' title='bbox 1098 3986 1290 4039; x_wconf 73' lang='lat' dir='ltr'><strong>abesse</strong></span> <span class='ocrx_word' id='word_1_428' title='bbox 1320 3986 1453 4038; x_wconf 92' lang='lat' dir='ltr'><strong>vult.</strong></span> <span class='ocrx_word' id='word_1_429' title='bbox 1486 3984 1602 4039; x_wconf 90' lang='lat' dir='ltr'><strong>Non</strong></span> <span class='ocrx_word' id='word_1_430' title='bbox 1633 3984 2090 4049; x_wconf 88' lang='lat' dir='ltr'><strong>contradicerem,</strong></span> <span class='ocrx_word' id='word_1_431' title='bbox 2125 3985 2171 4039; x_wconf 89' lang='lat' dir='ltr'><strong>si</strong></span> 
     </span>
    </p>
   </div>
   <div class='ocr_carea' id='block_1_65' title="bbox 580 4054 2168 4127">
    <p class='ocr_par' dir='ltr' id='par_1_65' title="bbox 580 4054 2168 4127">
     <span class='ocr_line' id='line_1_66' title="bbox 580 4054 2168 4127; baseline -0.002 -15"><span class='ocrx_word' id='word_1_432' title='bbox 580 4058 828 4127; x_wconf 89' lang='lat' dir='ltr'><strong>pluribus</strong></span> <span class='ocrx_word' id='word_1_433' title='bbox 851 4055 1289 4127; x_wconf 22' lang='lat' dir='ltr'><strong>velituelioribus</strong></span> <span class='ocrx_word' id='word_1_434' title='bbox 1329 4054 1641 4127; x_wconf 80' lang='lat' dir='ltr'><strong>adjuvarem</strong></span> <span class='ocrx_word' id='word_1_435' title='bbox 1681 4069 1814 4127; x_wconf 82' lang='lat' dir='ltr'><strong>mss.</strong></span> <span class='ocrx_word' id='word_1_436' title='bbox 1844 4054 2016 4124; x_wconf 87' lang='lat' dir='ltr'><strong>Nunc,</strong></span> <span class='ocrx_word' id='word_1_437' title='bbox 2043 4070 2168 4127; x_wconf 83' lang='lat' dir='ltr'><strong>cum</strong></span> 
     </span>
    </p>
   </div>
   <div class='ocr_carea' id='block_1_66' title="bbox 577 4124 2220 4194">
    <p class='ocr_par' dir='ltr' id='par_1_66' title="bbox 577 4124 2220 4194">
     <span class='ocr_line' id='line_1_67' title="bbox 577 4124 2220 4194; baseline -0.002 -12"><span class='ocrx_word' id='word_1_438' title='bbox 577 4124 688 4183; x_wconf 77' lang='lat' dir='ltr'><strong>uno</strong></span> <span class='ocrx_word' id='word_1_439' title='bbox 718 4127 923 4182; x_wconf 87' lang='lat' dir='ltr'><strong>nitatur</strong></span> <span class='ocrx_word' id='word_1_440' title='bbox 943 4125 1086 4182; x_wconf 90' lang='lat' dir='ltr'><strong>Ultr.</strong></span> <span class='ocrx_word' id='word_1_441' title='bbox 1116 4125 1358 4178; x_wconf 91' lang='lat' dir='ltr'><strong>omnium</strong></span> <span class='ocrx_word' id='word_1_442' title='bbox 1391 4125 1650 4192; x_wconf 86' lang='lat' dir='ltr'><strong>pessimo,</strong></span> <span class='ocrx_word' id='word_1_443' title='bbox 1685 4124 1813 4178; x_wconf 89' lang='lat' dir='ltr'><strong>etin</strong></span> <span class='ocrx_word' id='word_1_444' title='bbox 1841 4139 1950 4194; x_wconf 89' lang='lat' dir='ltr'><strong>quo</strong></span> <span class='ocrx_word' id='word_1_445' title='bbox 1978 4125 2168 4180; x_wconf 88' lang='lat' dir='ltr'><strong>crebra</strong></span> <span class='ocrx_word' id='word_1_446' title='bbox 2218 4148 2220 4150; x_wconf 61' lang='grc' dir='ltr'><strong><em>τ</em></strong></span> 
     </span>
    </p>
   </div>
   <div class='ocr_carea' id='block_1_67' title="bbox 579 4195 2167 4267">
    <p class='ocr_par' dir='ltr' id='par_1_67' title="bbox 579 4195 2167 4267">
     <span class='ocr_line' id='line_1_68' title="bbox 579 4195 2167 4267; baseline -0.001 -14"><span class='ocrx_word' id='word_1_447' title='bbox 579 4199 870 4254; x_wconf 87' lang='lat' dir='ltr'><strong>admodum</strong></span> <span class='ocrx_word' id='word_1_448' title='bbox 900 4196 1289 4251; x_wconf 88' lang='lat' dir='ltr'><strong>vocabulorum</strong></span> <span class='ocrx_word' id='word_1_449' title='bbox 1335 4195 1588 4267; x_wconf 88' lang='lat' dir='ltr'><strong>omissio,</strong></span> <span class='ocrx_word' id='word_1_450' title='bbox 1623 4195 1884 4267; x_wconf 80' lang='lat' dir='ltr'><strong>sylvaque</strong></span> <span class='ocrx_word' id='word_1_451' title='bbox 1921 4211 2167 4251; x_wconf 88' lang='lat' dir='ltr'><strong>errorum</strong></span> 
     </span>
    </p>
   </div>
   <div class='ocr_carea' id='block_1_68' title="bbox 579 4266 2167 4336">
    <p class='ocr_par' dir='ltr' id='par_1_68' title="bbox 579 4266 2167 4336">
     <span class='ocr_line' id='line_1_69' title="bbox 579 4266 2167 4336; baseline -0.003 -11"><span class='ocrx_word' id='word_1_452' title='bbox 579 4281 682 4332; x_wconf 89' lang='lat' dir='ltr'><strong>est.</strong></span> <span class='ocrx_word' id='word_1_453' title='bbox 715 4286 835 4325; x_wconf 89' lang='lat' dir='ltr'><strong>cum</strong></span> <span class='ocrx_word' id='word_1_454' title='bbox 864 4268 1091 4336; x_wconf 87' lang='lat' dir='ltr'><strong>reliquis</strong></span> <span class='ocrx_word' id='word_1_455' title='bbox 1126 4280 1256 4320; x_wconf 86' lang='lat' dir='ltr'><strong>mss.</strong></span> <span class='ocrx_word' id='word_1_456' title='bbox 1297 4266 1552 4320; x_wconf 91' lang='lat' dir='ltr'><strong>omnibus</strong></span> <span class='ocrx_word' id='word_1_457' title='bbox 1581 4266 1742 4334; x_wconf 86' lang='lat' dir='ltr'><strong>posse</strong></span> <span class='ocrx_word' id='word_1_458' title='bbox 1768 4267 1987 4320; x_wconf 87' lang='lat' dir='ltr'><strong>retineri</strong></span> <span class='ocrx_word' id='word_1_459' title='bbox 2019 4277 2167 4336; x_wconf 86' lang='lat' dir='ltr'><strong>puto.</strong></span> 
     </span>
    </p>
   </div>
   <div class='ocr_carea' id='block_1_69' title="bbox 651 4337 2167 4408">
    <p class='ocr_par' dir='ltr' id='par_1_69' title="bbox 651 4337 2167 4408">
     <span class='ocr_line' id='line_1_70' title="bbox 651 4337 2167 4408; baseline -0.001 -14"><span class='ocrx_word' id='word_1_460' title='bbox 651 4344 703 4394; x_wconf 87' lang='lat'><strong>8.</strong></span> <span class='ocrx_word' id='word_1_461' title='bbox 747 4340 983 4394; x_wconf 83' lang='lat' dir='ltr'><strong>Minucio</strong></span> <span class='ocrx_word' id='word_1_462' title='bbox 1026 4352 1338 4408; x_wconf 85' lang='lat' dir='ltr'><strong>successore.</strong></span> <span class='ocrx_word' id='word_1_463' title='bbox 1388 4337 1540 4391; x_wconf 91' lang='lat' dir='ltr'><strong>lluuc</strong></span> <span class='ocrx_word' id='word_1_464' title='bbox 1563 4337 1813 4390; x_wconf 90' lang='lat' dir='ltr'><strong>videntur</strong></span> <span class='ocrx_word' id='word_1_465' title='bbox 1851 4338 2071 4408; x_wconf 58' lang='lat' dir='ltr'><strong>collegae</strong></span> <span class='ocrx_word' id='word_1_466' title='bbox 2115 4339 2167 4393; x_wconf 92' lang='lat' dir='ltr'><strong>in</strong></span> 
     </span>
    </p>
   </div>
   <div class='ocr_carea' id='block_1_70' title="bbox 579 4407 2166 4477">
    <p class='ocr_par' dir='ltr' id='par_1_70' title="bbox 579 4407 2166 4477">
     <span class='ocr_line' id='line_1_71' title="bbox 579 4407 2166 4477; baseline -0.003 -9"><span class='ocrx_word' id='word_1_467' title='bbox 579 4412 807 4468; x_wconf 88' lang='lat' dir='ltr'><strong>Gracchi</strong></span> <span class='ocrx_word' id='word_1_468' title='bbox 840 4413 1018 4465; x_wconf 90' lang='lat' dir='ltr'><strong>locum</strong></span> <span class='ocrx_word' id='word_1_469' title='bbox 1051 4407 1349 4477; x_wconf 85' lang='lat' dir='ltr'><strong>subjecisse</strong></span> <span class='ocrx_word' id='word_1_470' title='bbox 1375 4447 1390 4471; x_wconf 90' lang='lat'><strong>,</strong></span> <span class='ocrx_word' id='word_1_471' title='bbox 1422 4422 1550 4461; x_wconf 90' lang='lat' dir='ltr'><strong>cum</strong></span> <span class='ocrx_word' id='word_1_472' title='bbox 1580 4408 1671 4462; x_wconf 92' lang='lat' dir='ltr'><strong>ille</strong></span> <span class='ocrx_word' id='word_1_473' title='bbox 1701 4408 1948 4477; x_wconf 90' lang='lat' dir='ltr'><strong>plurimis</strong></span> <span class='ocrx_word' id='word_1_474' title='bbox 1971 4407 2166 4464; x_wconf 69' lang='lat' dir='ltr'><strong>satira-</strong></span> 
     </span>
    </p>
   </div>
   <div class='ocr_carea' id='block_1_71' title="bbox 575 4479 2165 4552">
    <p class='ocr_par' dir='ltr' id='par_1_71' title="bbox 575 4479 2165 4552">
     <span class='ocr_line' id='line_1_72' title="bbox 575 4479 2165 4552; baseline 0 -17"><span class='ocrx_word' id='word_1_475' title='bbox 575 4484 681 4552; x_wconf 80' lang='lat' dir='ltr'><strong>giis</strong></span> <span class='ocrx_word' id='word_1_476' title='bbox 711 4484 953 4552; x_wconf 88' lang='lat' dir='ltr'><strong>tribunus</strong></span> <span class='ocrx_word' id='word_1_477' title='bbox 993 4479 1165 4552; x_wconf 85' lang='lat' dir='ltr'><strong>plebis</strong></span> <span class='ocrx_word' id='word_1_478' title='bbox 1203 4479 1420 4552; x_wconf 81' lang='lat' dir='ltr'><strong>tertium</strong></span> <span class='ocrx_word' id='word_1_479' title='bbox 1459 4488 1679 4552; x_wconf 81' lang='lat' dir='ltr'><strong>crea_tns</strong></span> <span class='ocrx_word' id='word_1_480' title='bbox 1709 4489 1895 4552; x_wconf 84' lang='lat' dir='ltr'><strong>esset,</strong></span> <span class='ocrx_word' id='word_1_481' title='bbox 1947 4496 2055 4549; x_wconf 88' lang='lat' dir='ltr'><strong>quo</strong></span> <span class='ocrx_word' id='word_1_482' title='bbox 2097 4481 2165 4536; x_wconf 89' lang='lat' dir='ltr'><strong>de</strong></span> 
     </span>
    </p>
   </div>
   <div class='ocr_carea' id='block_1_72' title="bbox 576 4549 2163 4620">
    <p class='ocr_par' dir='ltr' id='par_1_72' title="bbox 576 4549 2163 4620">
     <span class='ocr_line' id='line_1_73' title="bbox 576 4549 2163 4620; baseline -0.002 -13"><span class='ocrx_word' id='word_1_483' title='bbox 576 4549 854 4608; x_wconf 82' lang='lat' dir='ltr'><strong>Plutarch.</strong></span> <span class='ocrx_word' id='word_1_484' title='bbox 883 4550 1105 4620; x_wconf 79' lang='lat' dir='ltr'><strong>Minucii</strong></span> <span class='ocrx_word' id='word_1_485' title='bbox 1129 4549 1288 4620; x_wconf 81' lang='lat' dir='ltr'><strong>hujus</strong></span> <span class='ocrx_word' id='word_1_486' title='bbox 1308 4549 1557 4620; x_wconf 77' lang='lat' dir='ltr'><strong>meminit</strong></span> <span class='ocrx_word' id='word_1_487' title='bbox 1577 4549 1772 4604; x_wconf 82' lang='lat' dir='ltr'><strong>Florus</strong></span> <span class='ocrx_word' id='word_1_488' title='bbox 1802 4550 1897 4604; x_wconf 90' lang='lat' dir='ltr'><strong>lib.</strong></span> <span class='ocrx_word' id='word_1_489' title='bbox 1929 4567 2006 4614; x_wconf 83' lang='grc' dir='ltr'><strong>ιιι,</strong></span> <span class='ocrx_word' id='word_1_490' title='bbox 2043 4567 2163 4620; x_wconf 86' lang='lat' dir='ltr'><strong>cap.</strong></span> 
     </span>
    </p>
   </div>
   <div class='ocr_carea' id='block_1_73' title="bbox 575 4618 2167 4691">
    <p class='ocr_par' dir='ltr' id='par_1_73' title="bbox 575 4618 2167 4691">
     <span class='ocr_line' id='line_1_74' title="bbox 575 4618 2167 4691; baseline -0.001 -12"><span class='ocrx_word' id='word_1_491' title='bbox 575 4626 664 4679; x_wconf 75' lang='grc'><strong>15.</strong></span> <span class='ocrx_word' id='word_1_492' title='bbox 712 4629 919 4679; x_wconf 86' lang='lat' dir='ltr'><strong>Auctor</strong></span> <span class='ocrx_word' id='word_1_493' title='bbox 963 4622 1030 4676; x_wconf 91' lang='lat' dir='ltr'><strong>de</strong></span> <span class='ocrx_word' id='word_1_494' title='bbox 1064 4619 1208 4676; x_wconf 84' lang='lat' dir='ltr'><strong>Viris</strong></span> <span class='ocrx_word' id='word_1_495' title='bbox 1245 4619 1448 4675; x_wconf 88' lang='lat' dir='ltr'><strong>lllustr.</strong></span> <span class='ocrx_word' id='word_1_496' title='bbox 1494 4618 1786 4674; x_wconf 84' lang='lat' dir='ltr'><strong>Minucium</strong></span> <span class='ocrx_word' id='word_1_497' title='bbox 1830 4621 2031 4691; x_wconf 74' lang='lat' dir='ltr'><strong>Rufum</strong></span> <span class='ocrx_word' id='word_1_498' title='bbox 2069 4618 2167 4677; x_wconf 82' lang='lat' dir='ltr'><strong>no-</strong></span> 
     </span>
    </p>
   </div>
   <div class='ocr_carea' id='block_1_74' title="bbox 573 4695 964 4750">
    <p class='ocr_par' dir='ltr' id='par_1_74' title="bbox 573 4695 964 4750">
     <span class='ocr_line' id='line_1_75' title="bbox 573 4695 964 4750; baseline -0.013 0"><span class='ocrx_word' id='word_1_499' title='bbox 573 4699 764 4750; x_wconf 88' lang='lat' dir='ltr'><strong>minat.</strong></span> <span class='ocrx_word' id='word_1_500' title='bbox 797 4695 964 4749; x_wconf 64' lang='lat' dir='ltr'><strong>Fann.</strong></span> 
     </span>
    </p>
   </div>
   <div class='ocr_carea' id='block_1_75' title="bbox 647 4759 2240 4845">
    <p class='ocr_par' dir='ltr' id='par_1_75' title="bbox 647 4759 2240 4845">
     <span class='ocr_line' id='line_1_76' title="bbox 647 4759 2240 4845; baseline -0.002 -24"><span class='ocrx_word' id='word_1_501' title='bbox 647 4768 714 4845; x_wconf 86' lang='lat'><strong>9._</strong></span> <span class='ocrx_word' id='word_1_502' title='bbox 747 4765 972 4845; x_wconf 67' lang='lat' dir='ltr'><strong>Quidam</strong></span> <span class='ocrx_word' id='word_1_503' title='bbox 998 4778 1205 4845; x_wconf 48' lang='grc' dir='ltr'><strong>Ργαξςρ..</strong></span> <span class='ocrx_word' id='word_1_504' title='bbox 1244 4759 1435 4845; x_wconf 63' lang='lat' dir='ltr'><strong>Atilius</strong></span> <span class='ocrx_word' id='word_1_505' title='bbox 1469 4774 1654 4845; x_wconf 74' lang='lat' dir='ltr'><strong>praeco</strong></span> <span class='ocrx_word' id='word_1_506' title='bbox 1692 4761 2159 4845; x_wconf 44' lang='lat' dir='ltr'><strong>Opimi&#39;inconsulis</strong></span> <span class='ocrx_word' id='word_1_507' title='bbox 2189 4772 2240 4832; x_wconf 82' lang='grc' dir='ltr'><strong>ι)</strong></span> 
     </span>
    </p>
   </div>
   <div class='ocr_carea' id='block_1_76' title="bbox 573 4832 2156 4901">
    <p class='ocr_par' dir='ltr' id='par_1_76' title="bbox 573 4832 2156 4901">
     <span class='ocr_line' id='line_1_77' title="bbox 573 4832 2156 4901; baseline -0.003 -12"><span class='ocrx_word' id='word_1_508' title='bbox 573 4846 657 4889; x_wconf 87' lang='lat' dir='ltr'><strong>est</strong></span> <span class='ocrx_word' id='word_1_509' title='bbox 700 4837 752 4890; x_wconf 92' lang='lat' dir='ltr'><strong>in</strong></span> <span class='ocrx_word' id='word_1_510' title='bbox 799 4837 936 4890; x_wconf 90' lang='lat' dir='ltr'><strong>libro</strong></span> <span class='ocrx_word' id='word_1_511' title='bbox 983 4832 1052 4887; x_wconf 89' lang='lat' dir='ltr'><strong>de</strong></span> <span class='ocrx_word' id='word_1_512' title='bbox 1097 4832 1238 4887; x_wconf 86' lang='lat' dir='ltr'><strong>Viris</strong></span> <span class='ocrx_word' id='word_1_513' title='bbox 1285 4832 1624 4900; x_wconf 86' lang='lat' dir='ltr'><strong>lllustrihus,</strong></span> <span class='ocrx_word' id='word_1_514' title='bbox 1667 4832 1757 4901; x_wconf 86' lang='lat' dir='ltr'><strong>qui</strong></span> <span class='ocrx_word' id='word_1_515' title='bbox 1798 4849 1829 4886; x_wconf 88' lang='lat' dir='ltr'><strong>a</strong></span> <span class='ocrx_word' id='word_1_516' title='bbox 1867 4834 2156 4889; x_wconf 88' lang='lat' dir='ltr'><strong>Plutarcho</strong></span> 
     </span>
    </p>
   </div>
   <div class='ocr_carea' id='block_1_77' title="bbox 571 4901 2159 4981">
    <p class='ocr_par' dir='ltr' id='par_1_77' title="bbox 571 4901 2159 4981">
     <span class='ocr_line' id='line_1_78' title="bbox 571 4901 2159 4981; baseline -0.002 -20"><span class='ocrx_word' id='word_1_517' title='bbox 571 4905 808 4981; x_wconf 53' lang='grc' dir='ltr'><strong>Ὀπιμίῳ</strong></span> <span class='ocrx_word' id='word_1_518' title='bbox 829 4907 1087 4981; x_wconf 63' lang='grc' dir='ltr'><strong>ὑπηρέτης</strong></span> <span class='ocrx_word' id='word_1_519' title='bbox 1111 4911 1312 4981; x_wconf 59' lang='grc' dir='ltr'><strong>ιςρῖντρς</strong></span> <span class='ocrx_word' id='word_1_520' title='bbox 1332 4901 1945 4981; x_wconf 22' lang='grc' dir='ltr'><strong>’Δντίλλιοςᾲιιοιῐιρἱ-ηᾳιιιτ,</strong></span> <span class='ocrx_word' id='word_1_521' title='bbox 1974 4906 2026 4981; x_wconf 62' lang='lat' dir='ltr'><strong>in</strong></span> <span class='ocrx_word' id='word_1_522' title='bbox 2049 4907 2159 4973; x_wconf 85' lang='lat' dir='ltr'><strong>Ap-</strong></span> 
     </span>
    </p>
   </div>
   <div class='ocr_carea' id='block_1_78' title="bbox 569 4974 2150 5044">
    <p class='ocr_par' dir='ltr' id='par_1_78' title="bbox 569 4974 2150 5044">
     <span class='ocr_line' id='line_1_79' title="bbox 569 4974 2150 5044; baseline 0.001 -16"><span class='ocrx_word' id='word_1_523' title='bbox 569 4974 718 5044; x_wconf 85' lang='lat' dir='ltr'><strong>piani</strong></span> <span class='ocrx_word' id='word_1_524' title='bbox 756 4977 905 5030; x_wconf 89' lang='lat' dir='ltr'><strong>libris</strong></span> <span class='ocrx_word' id='word_1_525' title='bbox 939 4974 1090 5031; x_wconf 73' lang='lat' dir='ltr'><strong>idem</strong></span> <span class='ocrx_word' id='word_1_526' title='bbox 1123 4974 1368 5033; x_wconf 79' lang='grc' dir='ltr'><strong>Ἀττὶλιος</strong></span> <span class='ocrx_word' id='word_1_527' title='bbox 1393 4974 1692 5044; x_wconf 70' lang='grc' dir='ltr'><strong>(ξιᾋντίλιος</strong></span> <span class='ocrx_word' id='word_1_528' title='bbox 1721 4974 1939 5030; x_wconf 89' lang='lat' dir='ltr'><strong>dicitur.</strong></span> <span class='ocrx_word' id='word_1_529' title='bbox 1984 4976 2150 5030; x_wconf 61' lang='lat' dir='ltr'><strong>Fanu.</strong></span> 
     </span>
    </p>
   </div>
   <div class='ocr_carea' id='block_1_79' title="bbox 643 5043 2150 5116">
    <p class='ocr_par' dir='ltr' id='par_1_79' title="bbox 643 5043 2150 5116">
     <span class='ocr_line' id='line_1_80' title="bbox 643 5043 2150 5116; baseline 0 -15"><span class='ocrx_word' id='word_1_530' title='bbox 643 5047 732 5101; x_wconf 83' lang='grc'><strong>10.</strong></span> <span class='ocrx_word' id='word_1_531' title='bbox 763 5045 980 5099; x_wconf 86' lang='lat' dir='ltr'><strong>Janium</strong></span> <span class='ocrx_word' id='word_1_532' title='bbox 1017 5055 1275 5116; x_wconf 80' lang='lat' dir='ltr'><strong>tamquam</strong></span> <span class='ocrx_word' id='word_1_533' title='bbox 1316 5058 1504 5097; x_wconf 83' lang='lat' dir='ltr'><strong>arcem.</strong></span> <span class='ocrx_word' id='word_1_534' title='bbox 1545 5043 1674 5101; x_wconf 81' lang='lat' dir='ltr'><strong>llaec</strong></span> <span class='ocrx_word' id='word_1_535' title='bbox 1707 5046 1779 5099; x_wconf 84' lang='lat' dir='ltr'><strong>ita</strong></span> <span class='ocrx_word' id='word_1_536' title='bbox 1808 5047 2062 5116; x_wconf 81' lang='lat' dir='ltr'><strong>leguntur</strong></span> <span class='ocrx_word' id='word_1_537' title='bbox 2096 5047 2150 5102; x_wconf 89' lang='lat' dir='ltr'><strong>in</strong></span> 
     </span>
    </p>
   </div>
   <div class='ocr_carea' id='block_1_80' title="bbox 571 5115 2148 5186">
    <p class='ocr_par' dir='ltr' id='par_1_80' title="bbox 571 5115 2148 5186">
     <span class='ocr_line' id='line_1_81' title="bbox 571 5115 2148 5186; baseline 0.003 -18"><span class='ocrx_word' id='word_1_538' title='bbox 571 5116 850 5171; x_wconf 85' lang='lat' dir='ltr'><strong>veteribus</strong></span> <span class='ocrx_word' id='word_1_539' title='bbox 903 5116 1056 5171; x_wconf 88' lang='lat' dir='ltr'><strong>libris</strong></span> <span class='ocrx_word' id='word_1_540' title='bbox 1110 5115 1410 5186; x_wconf 41' lang='lat' dir='ltr'><strong>omnibus,</strong></span> <span class='ocrx_word' id='word_1_541' title='bbox 1441 5116 1769 5186; x_wconf 79' lang='lat' dir='ltr'><strong>Aventinum</strong></span> <span class='ocrx_word' id='word_1_542' title='bbox 1826 5115 2148 5186; x_wconf 85' lang='lat' dir='ltr'><strong>occupatum</strong></span> 
     </span>
    </p>
   </div>
   <div class='ocr_carea' id='block_1_81' title="bbox 567 5185 2144 5258">
    <p class='ocr_par' dir='ltr' id='par_1_81' title="bbox 567 5185 2144 5258">
     <span class='ocr_line' id='line_1_82' title="bbox 567 5185 2144 5258; baseline 0 -15"><span class='ocrx_word' id='word_1_543' title='bbox 567 5201 758 5244; x_wconf 91' lang='lat' dir='ltr'><strong>omnes</strong></span> <span class='ocrx_word' id='word_1_544' title='bbox 805 5187 1089 5258; x_wconf 76' lang='lat' dir='ltr'><strong>scribunt,</strong></span> <span class='ocrx_word' id='word_1_545' title='bbox 1117 5201 1352 5258; x_wconf 77' lang='lat' dir='ltr'><strong>cumque</strong></span> <span class='ocrx_word' id='word_1_546' title='bbox 1380 5185 1806 5258; x_wconf 75' lang='lat' dir='ltr'><strong>intelligendum</strong></span> <span class='ocrx_word' id='word_1_547' title='bbox 1857 5185 2100 5243; x_wconf 86' lang='lat' dir='ltr'><strong>ostendit</strong></span> <span class='ocrx_word' id='word_1_548' title='bbox 2129 5233 2144 5258; x_wconf 95' lang='lat'><strong>,</strong></span> 
     </span>
    </p>
   </div>
   <div class='ocr_carea' id='block_1_82' title="bbox 565 5255 2149 5330">
    <p class='ocr_par' dir='ltr' id='par_1_82' title="bbox 565 5255 2149 5330">
     <span class='ocr_line' id='line_1_83' title="bbox 565 5255 2149 5330; baseline 0.001 -17"><span class='ocrx_word' id='word_1_549' title='bbox 565 5259 710 5330; x_wconf 92' lang='lat' dir='ltr'><strong>quod</strong></span> <span class='ocrx_word' id='word_1_550' title='bbox 737 5255 985 5330; x_wconf 81' lang='lat' dir='ltr'><strong>sequitur</strong></span> <span class='ocrx_word' id='word_1_551' title='bbox 1001 5256 1078 5330; x_wconf 82' lang='lat' dir='ltr'><strong>de</strong></span> <span class='ocrx_word' id='word_1_552' title='bbox 1103 5255 1244 5330; x_wconf 56' lang='grc' dir='ltr'><strong>οιίῳ</strong></span> <span class='ocrx_word' id='word_1_553' title='bbox 1264 5255 1484 5322; x_wconf 84' lang='lat' dir='ltr'><strong>publico</strong></span> <span class='ocrx_word' id='word_1_554' title='bbox 1505 5298 1520 5324; x_wconf 96' lang='lat'><strong>,</strong></span> <span class='ocrx_word' id='word_1_555' title='bbox 1561 5255 1662 5328; x_wconf 83' lang='lat' dir='ltr'><strong>per</strong></span> <span class='ocrx_word' id='word_1_556' title='bbox 1689 5273 1850 5328; x_wconf 86' lang='lat' dir='ltr'><strong>quem</strong></span> <span class='ocrx_word' id='word_1_557' title='bbox 1882 5261 1934 5313; x_wconf 93' lang='lat' dir='ltr'><strong>in</strong></span> <span class='ocrx_word' id='word_1_558' title='bbox 1967 5255 2149 5315; x_wconf 50' lang='lat' dir='ltr'><strong>AvenQ</strong></span> 
     </span>
    </p>
   </div>
   <div class='ocr_carea' id='block_1_83' title="bbox 562 5327 1356 5386">
    <p class='ocr_par' dir='ltr' id='par_1_83' title="bbox 562 5327 1356 5386">
     <span class='ocr_line' id='line_1_84' title="bbox 562 5327 1356 5386; baseline -0.006 0"><span class='ocrx_word' id='word_1_559' title='bbox 562 5327 734 5386; x_wconf 85' lang='lat' dir='ltr'><strong>tinum</strong></span> <span class='ocrx_word' id='word_1_560' title='bbox 763 5327 1175 5383; x_wconf 87' lang='lat' dir='ltr'><strong>ascendebatur.</strong></span> <span class='ocrx_word' id='word_1_561' title='bbox 1192 5327 1356 5381; x_wconf 66' lang='lat' dir='ltr'><strong>Fons.</strong></span> 
     </span>
    </p>
   </div>
   <div class='ocr_carea' id='block_1_84' title="bbox 636 5395 2149 5458">
    <p class='ocr_par' dir='ltr' id='par_1_84' title="bbox 636 5395 2149 5458">
     <span class='ocr_line' id='line_1_85' title="bbox 636 5395 2149 5458; baseline 0.001 -3"><span class='ocrx_word' id='word_1_562' title='bbox 636 5403 725 5455; x_wconf 82' lang='grc' dir='ltr'><strong>Η.</strong></span> <span class='ocrx_word' id='word_1_563' title='bbox 767 5398 957 5453; x_wconf 80' lang='lat' dir='ltr'><strong>Contra</strong></span> <span class='ocrx_word' id='word_1_564' title='bbox 985 5396 1056 5450; x_wconf 90' lang='lat' dir='ltr'><strong>D.</strong></span> <span class='ocrx_word' id='word_1_565' title='bbox 1086 5395 1298 5451; x_wconf 84' lang='lat' dir='ltr'><strong>Brutus.</strong></span> <span class='ocrx_word' id='word_1_566' title='bbox 1328 5398 1512 5453; x_wconf 83' lang='lat' dir='ltr'><strong>Invitis</strong></span> <span class='ocrx_word' id='word_1_567' title='bbox 1534 5399 1784 5453; x_wconf 91' lang='lat' dir='ltr'><strong>omnibus</strong></span> <span class='ocrx_word' id='word_1_568' title='bbox 1811 5415 1944 5458; x_wconf 85' lang='lat' dir='ltr'><strong>mss.</strong></span> <span class='ocrx_word' id='word_1_569' title='bbox 1975 5409 2030 5456; x_wconf 91' lang='lat' dir='ltr'><strong>et</strong></span> <span class='ocrx_word' id='word_1_570' title='bbox 2051 5416 2149 5457; x_wconf 86' lang='lat' dir='ltr'><strong>ve-</strong></span> 
     </span>
    </p>
   </div>
   <div class='ocr_carea' id='block_1_85' title="bbox 563 5468 2146 5541">
    <p class='ocr_par' dir='ltr' id='par_1_85' title="bbox 563 5468 2146 5541">
     <span class='ocr_line' id='line_1_86' title="bbox 563 5468 2146 5541; baseline 0.001 -16"><span class='ocrx_word' id='word_1_571' title='bbox 563 5480 711 5526; x_wconf 86' lang='lat' dir='ltr'><strong>tante</strong></span> <span class='ocrx_word' id='word_1_572' title='bbox 735 5484 953 5541; x_wconf 88' lang='lat' dir='ltr'><strong>quoque</strong></span> <span class='ocrx_word' id='word_1_573' title='bbox 978 5468 1066 5524; x_wconf 92' lang='lat' dir='ltr'><strong>ed.</strong></span> <span class='ocrx_word' id='word_1_574' title='bbox 1101 5471 1239 5536; x_wconf 87' lang='lat' dir='ltr'><strong>Aug.</strong></span> <span class='ocrx_word' id='word_1_575' title='bbox 1265 5469 1556 5541; x_wconf 54' lang='lat' dir='ltr'><strong>repositum</strong></span> <span class='ocrx_word' id='word_1_576' title='bbox 1589 5469 1640 5522; x_wconf 90' lang='lat' dir='ltr'><strong>in</strong></span> <span class='ocrx_word' id='word_1_577' title='bbox 1665 5471 1874 5524; x_wconf 90' lang='lat' dir='ltr'><strong>cunctis</strong></span> <span class='ocrx_word' id='word_1_578' title='bbox 1899 5472 2024 5526; x_wconf 90' lang='lat' dir='ltr'><strong>edd.</strong></span> <span class='ocrx_word' id='word_1_579' title='bbox 2055 5487 2146 5527; x_wconf 88' lang='lat' dir='ltr'><strong>re-</strong></span> 
     </span>
    </p>
   </div>
   <div class='ocr_carea' id='block_1_86' title="bbox 562 5537 2144 5610">
    <p class='ocr_par' dir='ltr' id='par_1_86' title="bbox 562 5537 2144 5610">
     <span class='ocr_line' id='line_1_87' title="bbox 562 5537 2144 5610; baseline 0.001 -14"><span class='ocrx_word' id='word_1_580' title='bbox 562 5544 721 5610; x_wconf 87' lang='lat' dir='ltr'><strong>liquis</strong></span> <span class='ocrx_word' id='word_1_581' title='bbox 753 5537 886 5610; x_wconf 64' lang='lat' dir='ltr'><strong>fuit,</strong></span> <span class='ocrx_word' id='word_1_582' title='bbox 926 5549 1107 5595; x_wconf 88' lang='lat' dir='ltr'><strong>contra</strong></span> <span class='ocrx_word' id='word_1_583' title='bbox 1153 5553 1301 5607; x_wconf 86' lang='lat' dir='ltr'><strong>quem</strong></span> <span class='ocrx_word' id='word_1_584' title='bbox 1331 5537 1399 5592; x_wconf 79' lang='grc' dir='ltr'><strong>ι).</strong></span> <span class='ocrx_word' id='word_1_585' title='bbox 1447 5537 1668 5603; x_wconf 85' lang='lat' dir='ltr'><strong>Brutus,</strong></span> <span class='ocrx_word' id='word_1_586' title='bbox 1701 5550 1831 5608; x_wconf 92' lang='lat' dir='ltr'><strong>etc.,</strong></span> <span class='ocrx_word' id='word_1_587' title='bbox 1862 5543 2015 5610; x_wconf 89' lang='lat' dir='ltr'><strong>quasi</strong></span> <span class='ocrx_word' id='word_1_588' title='bbox 2057 5541 2144 5598; x_wconf 91' lang='lat' dir='ltr'><strong>hic</strong></span> 
     </span>
    </p>
   </div>
   <div class='ocr_carea' id='block_1_87' title="bbox 563 5610 1760 5682">
    <p class='ocr_par' dir='ltr' id='par_1_87' title="bbox 563 5610 1760 5682">
     <span class='ocr_line' id='line_1_88' title="bbox 563 5610 1760 5682; baseline -0.002 -16"><span class='ocrx_word' id='word_1_589' title='bbox 563 5621 742 5666; x_wconf 86' lang='lat' dir='ltr'><strong>contra</strong></span> <span class='ocrx_word' id='word_1_590' title='bbox 766 5628 871 5667; x_wconf 91' lang='lat' dir='ltr'><strong>non</strong></span> <span class='ocrx_word' id='word_1_591' title='bbox 901 5611 1260 5682; x_wconf 85' lang='lat' dir='ltr'><strong>significaret.</strong></span> <span class='ocrx_word' id='word_1_592' title='bbox 1285 5610 1352 5663; x_wconf 87' lang='lat' dir='ltr'><strong>ab</strong></span> <span class='ocrx_word' id='word_1_593' title='bbox 1377 5610 1543 5663; x_wconf 89' lang='lat' dir='ltr'><strong>altera</strong></span> <span class='ocrx_word' id='word_1_594' title='bbox 1590 5619 1760 5676; x_wconf 83' lang='lat' dir='ltr'><strong>parte.</strong></span> 
     </span>
    </p>
   </div>
   <div class='ocr_carea' id='block_1_88' title="bbox 540 5681 2142 5750">
    <p class='ocr_par' dir='ltr' id='par_1_88' title="bbox 540 5681 2142 5750">
     <span class='ocr_line' id='line_1_89' title="bbox 540 5681 2142 5750; baseline 0.003 -14"><span class='ocrx_word' id='word_1_595' title='bbox 540 5699 544 5702; x_wconf 71' lang='lat'>&#39;</span> <span class='ocrx_word' id='word_1_596' title='bbox 630 5683 718 5736; x_wconf 72' lang='grc'><strong>19..</strong></span> <span class='ocrx_word' id='word_1_597' title='bbox 751 5683 822 5735; x_wconf 90' lang='lat' dir='ltr'><strong>D.</strong></span> <span class='ocrx_word' id='word_1_598' title='bbox 853 5681 1067 5738; x_wconf 79' lang='lat' dir='ltr'><strong>Brutus.</strong></span> <span class='ocrx_word' id='word_1_599' title='bbox 1107 5682 1180 5734; x_wconf 78' lang='lat' dir='ltr'><strong>lle</strong></span> <span class='ocrx_word' id='word_1_600' title='bbox 1209 5695 1317 5750; x_wconf 87' lang='lat' dir='ltr'><strong>quo</strong></span> <span class='ocrx_word' id='word_1_601' title='bbox 1345 5693 1507 5750; x_wconf 89' lang='lat' dir='ltr'><strong>supra</strong></span> <span class='ocrx_word' id='word_1_602' title='bbox 1537 5683 1714 5749; x_wconf 89' lang='lat' dir='ltr'><strong>capite</strong></span> <span class='ocrx_word' id='word_1_603' title='bbox 1739 5681 1949 5749; x_wconf 89' lang='lat' dir='ltr'><strong>quinto.</strong></span> <span class='ocrx_word' id='word_1_604' title='bbox 1977 5682 2142 5740; x_wconf 68' lang='lat' dir='ltr'><strong>Fann.</strong></span> 
     </span>
    </p>
   </div>
   <div class='ocr_carea' id='block_1_89' title="bbox 628 5749 2144 5824">
    <p class='ocr_par' dir='ltr' id='par_1_89' title="bbox 628 5749 2144 5824">
     <span class='ocr_line' id='line_1_90' title="bbox 628 5749 2144 5824; baseline 0.005 -19"><span class='ocrx_word' id='word_1_605' title='bbox 628 5750 720 5809; x_wconf 68' lang='grc'><strong>15.</strong></span> <span class='ocrx_word' id='word_1_606' title='bbox 744 5752 785 5804; x_wconf 81' lang='grc' dir='ltr'><em>Α</em></span> <span class='ocrx_word' id='word_1_607' title='bbox 807 5753 937 5809; x_wconf 85' lang='lat' dir='ltr'><strong>clivo</strong></span> <span class='ocrx_word' id='word_1_608' title='bbox 961 5752 1221 5810; x_wconf 75' lang='lat' dir='ltr'><strong>Publicio.</strong></span> <span class='ocrx_word' id='word_1_609' title='bbox 1244 5749 1478 5809; x_wconf 85' lang='lat' dir='ltr'><strong>Servant</strong></span> <span class='ocrx_word' id='word_1_610' title='bbox 1497 5750 1637 5809; x_wconf 89' lang='lat' dir='ltr'><strong>hanc</strong></span> <span class='ocrx_word' id='word_1_611' title='bbox 1654 5755 1978 5824; x_wconf 88' lang='lat' dir='ltr'><strong>scripturam</strong></span> <span class='ocrx_word' id='word_1_612' title='bbox 2001 5756 2144 5813; x_wconf 90' lang='lat' dir='ltr'><strong>inter</strong></span> 
     </span>
    </p>
   </div>
   <div class='ocr_carea' id='block_1_90' title="bbox 2194 3386 2242 3450">
    <p class='ocr_par' dir='ltr' id='par_1_90' title="bbox 2194 3386 2242 3450">
     <span class='ocr_line' id='line_1_91' title="bbox 2194 3386 2242 3450; baseline 0 0"><span class='ocrx_word' id='word_1_613' title='bbox 2194 3386 2242 3450; x_wconf 89' lang='lat' dir='ltr'><strong><em>C</em></strong></span> 
     </span>
    </p>
   </div>
   <div class='ocr_carea' id='block_1_91' title="bbox 2285 2565 3882 2637">
    <p class='ocr_par' dir='ltr' id='par_1_91' title="bbox 2285 2565 3882 2637">
     <span class='ocr_line' id='line_1_92' title="bbox 2285 2565 3882 2637; baseline 0.001 -15"><span class='ocrx_word' id='word_1_614' title='bbox 2285 2566 2444 2622; x_wconf 91' lang='lat' dir='ltr'><strong>codd.</strong></span> <span class='ocrx_word' id='word_1_615' title='bbox 2490 2582 2622 2622; x_wconf 87' lang='lat' dir='ltr'><strong>mss.</strong></span> <span class='ocrx_word' id='word_1_616' title='bbox 2673 2565 2918 2623; x_wconf 84' lang='lat' dir='ltr'><strong>Florent.</strong></span> <span class='ocrx_word' id='word_1_617' title='bbox 2971 2574 3098 2624; x_wconf 92' lang='lat' dir='ltr'><strong>tert.</strong></span> <span class='ocrx_word' id='word_1_618' title='bbox 3149 2577 3205 2625; x_wconf 90' lang='lat' dir='ltr'><strong>et</strong></span> <span class='ocrx_word' id='word_1_619' title='bbox 3248 2568 3504 2626; x_wconf 85' lang='lat' dir='ltr'><strong>Perizon.</strong></span> <span class='ocrx_word' id='word_1_620' title='bbox 3560 2571 3882 2637; x_wconf 84' lang='lat' dir='ltr'><strong>meliorem,</strong></span> 
     </span>
    </p>
   </div>
   <div class='ocr_carea' id='block_1_92' title="bbox 2285 2639 3884 2713">
    <p class='ocr_par' dir='ltr' id='par_1_92' title="bbox 2285 2639 3884 2713">
     <span class='ocr_line' id='line_1_93' title="bbox 2285 2639 3884 2713; baseline 0.003 -21"><span class='ocrx_word' id='word_1_621' title='bbox 2285 2653 2446 2713; x_wconf 81' lang='lat' dir='ltr'><strong>quam</strong></span> <span class='ocrx_word' id='word_1_622' title='bbox 2492 2655 2612 2709; x_wconf 73' lang='lat' dir='ltr'><strong>qua:</strong></span> <span class='ocrx_word' id='word_1_623' title='bbox 2669 2639 2876 2713; x_wconf 68' lang='lat' dir='ltr'><strong>inaliis</strong></span> <span class='ocrx_word' id='word_1_624' title='bbox 2924 2647 3085 2713; x_wconf 76' lang='lat' dir='ltr'><strong>atque</strong></span> <span class='ocrx_word' id='word_1_625' title='bbox 3120 2642 3523 2713; x_wconf 80' lang='lat' dir='ltr'><strong>posterioribus</strong></span> <span class='ocrx_word' id='word_1_626' title='bbox 3563 2643 3884 2713; x_wconf 83' lang='lat' dir='ltr'><strong>quibusdam</strong></span> 
     </span>
    </p>
   </div>
   <div class='ocr_carea' id='block_1_93' title="bbox 2283 2708 3883 2784">
    <p class='ocr_par' dir='ltr' id='par_1_93' title="bbox 2283 2708 3883 2784">
     <span class='ocr_line' id='line_1_94' title="bbox 2283 2708 3883 2784; baseline 0.001 -21"><span class='ocrx_word' id='word_1_627' title='bbox 2283 2709 2410 2784; x_wconf 69' lang='lat' dir='ltr'><strong>edd.</strong></span> <span class='ocrx_word' id='word_1_628' title='bbox 2443 2708 2557 2784; x_wconf 72' lang='lat' dir='ltr'><strong>est,</strong></span> <span class='ocrx_word' id='word_1_629' title='bbox 2590 2708 2827 2784; x_wconf 52' lang='lat' dir='ltr'><strong>puplico.</strong></span> <span class='ocrx_word' id='word_1_630' title='bbox 2853 2711 2898 2764; x_wconf 81' lang='grc' dir='ltr'><strong>Α</strong></span> <span class='ocrx_word' id='word_1_631' title='bbox 2928 2711 3184 2784; x_wconf 70' lang='lat' dir='ltr'><strong>Publiciis</strong></span> <span class='ocrx_word' id='word_1_632' title='bbox 3222 2713 3367 2784; x_wconf 74' lang='lat' dir='ltr'><strong>enim</strong></span> <span class='ocrx_word' id='word_1_633' title='bbox 3407 2708 3606 2784; x_wconf 77' lang='lat' dir='ltr'><strong>nomen</strong></span> <span class='ocrx_word' id='word_1_634' title='bbox 3655 2715 3883 2784; x_wconf 85' lang='lat' dir='ltr'><strong>accepit.</strong></span> 
     </span>
    </p>
   </div>
   <div class='ocr_carea' id='block_1_94' title="bbox 2283 2778 3882 2852">
    <p class='ocr_par' dir='ltr' id='par_1_94' title="bbox 2283 2778 3882 2852">
     <span class='ocr_line' id='line_1_95' title="bbox 2283 2778 3882 2852; baseline 0.003 -21"><span class='ocrx_word' id='word_1_635' title='bbox 2283 2778 2457 2852; x_wconf 72' lang='lat' dir='ltr'><strong>Varro</strong></span> <span class='ocrx_word' id='word_1_636' title='bbox 2504 2778 2866 2852; x_wconf 44' lang='grc' dir='ltr'><strong>δεξιὴ-111).</strong></span> <span class='ocrx_word' id='word_1_637' title='bbox 2908 2797 2983 2842; x_wconf 83' lang='lat' dir='ltr'><strong>tv.</strong></span> <span class='ocrx_word' id='word_1_638' title='bbox 3027 2799 3079 2852; x_wconf 90' lang='lat' dir='ltr'><strong>p.</strong></span> <span class='ocrx_word' id='word_1_639' title='bbox 3125 2783 3195 2837; x_wconf 83' lang='grc'><strong>58</strong></span> <span class='ocrx_word' id='word_1_640' title='bbox 3228 2801 3240 2834; x_wconf 77' lang='grc' dir='ltr'><strong>τ</strong></span> <span class='ocrx_word' id='word_1_641' title='bbox 3276 2782 3450 2838; x_wconf 78' lang='lat' dir='ltr'><strong>Clivus</strong></span> <span class='ocrx_word' id='word_1_642' title='bbox 3502 2778 3882 2839; x_wconf 47' lang='lat' dir='ltr'><strong>Publicius&#39;ab</strong></span> 
     </span>
    </p>
   </div>
   <div class='ocr_carea' id='block_1_95' title="bbox 2282 2849 3882 2923">
    <p class='ocr_par' dir='ltr' id='par_1_95' title="bbox 2282 2849 3882 2923">
     <span class='ocr_line' id='line_1_96' title="bbox 2282 2849 3882 2923; baseline 0.004 -20"><span class='ocrx_word' id='word_1_643' title='bbox 2282 2849 2519 2923; x_wconf 58' lang='lat' dir='ltr'><strong>gdilibus</strong></span> <span class='ocrx_word' id='word_1_644' title='bbox 2537 2851 2704 2923; x_wconf 77' lang='lat' dir='ltr'><strong>plebis</strong></span> <span class='ocrx_word' id='word_1_645' title='bbox 2734 2849 3003 2911; x_wconf 85' lang='lat' dir='ltr'><strong>Publiciis.</strong></span> <span class='ocrx_word' id='word_1_646' title='bbox 3028 2849 3127 2922; x_wconf 74' lang='lat' dir='ltr'><strong>qui</strong></span> <span class='ocrx_word' id='word_1_647' title='bbox 3155 2855 3270 2907; x_wconf 81' lang='lat' dir='ltr'><strong>cum</strong></span> <span class='ocrx_word' id='word_1_648' title='bbox 3298 2854 3504 2919; x_wconf 82' lang='lat' dir='ltr'><strong>publice</strong></span> <span class='ocrx_word' id='word_1_649' title='bbox 3527 2856 3882 2923; x_wconf 60' lang='lat' dir='ltr'><strong>aediﬁcarunt.</strong></span> 
     </span>
    </p>
   </div>
   <div class='ocr_carea' id='block_1_96' title="bbox 2283 2919 3886 2997">
    <p class='ocr_par' dir='ltr' id='par_1_96' title="bbox 2283 2919 3886 2997">
     <span class='ocr_line' id='line_1_97' title="bbox 2283 2919 3886 2997; baseline 0.003 -23"><span class='ocrx_word' id='word_1_650' title='bbox 2283 2919 2508 2997; x_wconf 69' lang='lat' dir='ltr'><strong>Fratres</strong></span> <span class='ocrx_word' id='word_1_651' title='bbox 2528 2921 2748 2997; x_wconf 84' lang='lat' dir='ltr'><strong>fuerunt</strong></span> <span class='ocrx_word' id='word_1_652' title='bbox 2771 2967 2785 2991; x_wconf 96' lang='lat'><strong>,</strong></span> <span class='ocrx_word' id='word_1_653' title='bbox 2812 2931 2950 2997; x_wconf 80' lang='lat' dir='ltr'><strong>teste</strong></span> <span class='ocrx_word' id='word_1_654' title='bbox 2981 2919 3142 2997; x_wconf 71' lang='lat' dir='ltr'><strong>Festo</strong></span> <span class='ocrx_word' id='word_1_655' title='bbox 3163 2964 3178 2990; x_wconf 94' lang='lat'><strong>,</strong></span> <span class='ocrx_word' id='word_1_656' title='bbox 3211 2923 3484 2997; x_wconf 63' lang='lat' dir='ltr'><strong>Publicius</strong></span> <span class='ocrx_word' id='word_1_657' title='bbox 3517 2919 3687 2980; x_wconf 75' lang='lat' dir='ltr'><strong>clivus</strong></span> <span class='ocrx_word' id='word_1_658' title='bbox 3706 2929 3886 2997; x_wconf 73' lang='lat' dir='ltr'><strong>appel-</strong></span> 
     </span>
    </p>
   </div>
   <div class='ocr_carea' id='block_1_97' title="bbox 2278 2992 3882 3064">
    <p class='ocr_par' dir='ltr' id='par_1_97' title="bbox 2278 2992 3882 3064">
     <span class='ocr_line' id='line_1_98' title="bbox 2278 2992 3882 3064; baseline 0.001 -17"><span class='ocrx_word' id='word_1_659' title='bbox 2278 2992 2434 3064; x_wconf 80' lang='lat' dir='ltr'><strong>latur,</strong></span> <span class='ocrx_word' id='word_1_660' title='bbox 2468 3009 2619 3064; x_wconf 87' lang='lat' dir='ltr'><strong>quem</strong></span> <span class='ocrx_word' id='word_1_661' title='bbox 2647 2995 2753 3048; x_wconf 84' lang='lat' dir='ltr'><strong>duo</strong></span> <span class='ocrx_word' id='word_1_662' title='bbox 2798 2994 3006 3064; x_wconf 78' lang='lat' dir='ltr'><strong>fratres,</strong></span> <span class='ocrx_word' id='word_1_663' title='bbox 3051 2993 3117 3050; x_wconf 85' lang='lat' dir='ltr'><strong>L.</strong></span> <span class='ocrx_word' id='word_1_664' title='bbox 3159 2995 3308 3049; x_wconf 83' lang='lat' dir='ltr'><strong>etM.</strong></span> <span class='ocrx_word' id='word_1_665' title='bbox 3336 2995 3566 3051; x_wconf 83' lang='lat' dir='ltr'><strong>Publicii</strong></span> <span class='ocrx_word' id='word_1_666' title='bbox 3604 2992 3882 3063; x_wconf 70' lang='lat' dir='ltr'><strong>Malleoli,</strong></span> 
     </span>
    </p>
   </div>
   <div class='ocr_carea' id='block_1_98' title="bbox 2275 3062 3882 3135">
    <p class='ocr_par' dir='ltr' id='par_1_98' title="bbox 2275 3062 3882 3135">
     <span class='ocr_line' id='line_1_99' title="bbox 2275 3062 3882 3135; baseline 0.003 -18"><span class='ocrx_word' id='word_1_667' title='bbox 2275 3062 2454 3119; x_wconf 77' lang='lat' dir='ltr'><strong>tediles</strong></span> <span class='ocrx_word' id='word_1_668' title='bbox 2481 3062 2695 3120; x_wconf 76' lang='lat' dir='ltr'><strong>curules</strong></span> <span class='ocrx_word' id='word_1_669' title='bbox 2718 3105 2733 3129; x_wconf 86' lang='lat'><strong>,</strong></span> <span class='ocrx_word' id='word_1_670' title='bbox 2783 3062 3038 3135; x_wconf 72' lang='lat' dir='ltr'><strong>pecuariis</strong></span> <span class='ocrx_word' id='word_1_671' title='bbox 3082 3067 3477 3132; x_wconf 75' lang='lat' dir='ltr'><strong>condemnatis,</strong></span> <span class='ocrx_word' id='word_1_672' title='bbox 3509 3084 3576 3122; x_wconf 73' lang='lat' dir='ltr'><strong>ea:</strong></span> <span class='ocrx_word' id='word_1_673' title='bbox 3617 3062 3882 3132; x_wconf 76' lang='lat' dir='ltr'><strong>pecunia,</strong></span> 
     </span>
    </p>
   </div>
   <div class='ocr_carea' id='block_1_99' title="bbox 2311 3137 3878 3205">
    <p class='ocr_par' dir='ltr' id='par_1_99' title="bbox 2311 3137 3878 3205">
     <span class='ocr_line' id='line_1_100' title="bbox 2311 3137 3878 3205; baseline 0.004 -18"><span class='ocrx_word' id='word_1_674' title='bbox 2311 3151 2429 3205; x_wconf 75' lang='lat' dir='ltr'><strong>nam</strong></span> <span class='ocrx_word' id='word_1_675' title='bbox 2456 3146 2733 3205; x_wconf 84' lang='lat' dir='ltr'><strong>ceperunt,</strong></span> <span class='ocrx_word' id='word_1_676' title='bbox 2768 3137 3097 3202; x_wconf 83' lang='lat' dir='ltr'><strong>munierunt,</strong></span> <span class='ocrx_word' id='word_1_677' title='bbox 3129 3147 3185 3190; x_wconf 88' lang='lat' dir='ltr'><strong>ut</strong></span> <span class='ocrx_word' id='word_1_678' title='bbox 3219 3143 3272 3190; x_wconf 78' lang='lat' dir='ltr'><strong>in</strong></span> <span class='ocrx_word' id='word_1_679' title='bbox 3304 3139 3615 3193; x_wconf 81' lang='lat' dir='ltr'><strong>Aventinum</strong></span> <span class='ocrx_word' id='word_1_680' title='bbox 3642 3139 3878 3193; x_wconf 75' lang='lat' dir='ltr'><strong>vehicula</strong></span> 
     </span>
    </p>
   </div>
   <div class='ocr_carea' id='block_1_100' title="bbox 2331 3205 3876 3281">
    <p class='ocr_par' dir='ltr' id='par_1_100' title="bbox 2331 3205 3876 3281">
     <span class='ocr_line' id='line_1_101' title="bbox 2331 3205 3876 3281; baseline 0.005 -22"><span class='ocrx_word' id='word_1_681' title='bbox 2331 3205 2433 3281; x_wconf 66' lang='lat' dir='ltr'><strong>alia</strong></span> <span class='ocrx_word' id='word_1_682' title='bbox 2455 3207 2626 3281; x_wconf 73' lang='lat' dir='ltr'><strong>venire</strong></span> <span class='ocrx_word' id='word_1_683' title='bbox 2645 3207 3075 3281; x_wconf 80' lang='lat' dir='ltr'><strong>possent._Quare</strong></span> <span class='ocrx_word' id='word_1_684' title='bbox 3097 3207 3400 3264; x_wconf 89' lang='lat' dir='ltr'><strong>Publicium</strong></span> <span class='ocrx_word' id='word_1_685' title='bbox 3423 3224 3640 3281; x_wconf 90' lang='lat' dir='ltr'><strong>quoque</strong></span> <span class='ocrx_word' id='word_1_686' title='bbox 3656 3215 3876 3266; x_wconf 75' lang='lat' dir='ltr'><strong>vocavit</strong></span> 
     </span>
    </p>
   </div>
   <div class='ocr_carea' id='block_1_101' title="bbox 2275 3277 3023 3335">
    <p class='ocr_par' dir='ltr' id='par_1_101' title="bbox 2275 3277 3023 3335">
     <span class='ocr_line' id='line_1_102' title="bbox 2275 3277 3023 3335; baseline 0.005 -4"><span class='ocrx_word' id='word_1_687' title='bbox 2275 3277 2497 3333; x_wconf 91' lang='lat' dir='ltr'><strong>Ovidius</strong></span> <span class='ocrx_word' id='word_1_688' title='bbox 2527 3277 2742 3334; x_wconf 76' lang='lat' dir='ltr'><strong>Faster.</strong></span> <span class='ocrx_word' id='word_1_689' title='bbox 2774 3293 2828 3332; x_wconf 90' lang='lat' dir='ltr'><strong>v.</strong></span> <span class='ocrx_word' id='word_1_690' title='bbox 2865 3278 2974 3335; x_wconf 72' lang='lat'><strong>293</strong></span> <span class='ocrx_word' id='word_1_691' title='bbox 3008 3295 3023 3335; x_wconf 91' lang='lat'><strong>:</strong></span> 
     </span>
    </p>
   </div>
   <div class='ocr_carea' id='block_1_102' title="bbox 2401 3452 3656 3522">
    <p class='ocr_par' dir='ltr' id='par_1_102' title="bbox 2401 3452 3656 3522">
     <span class='ocr_line' id='line_1_103' title="bbox 2401 3452 3656 3522; baseline 0.006 -19"><span class='ocrx_word' id='word_1_692' title='bbox 2401 3452 2562 3522; x_wconf 65' lang='lat' dir='ltr'><strong>Parte</strong></span> <span class='ocrx_word' id='word_1_693' title='bbox 2575 3453 2739 3504; x_wconf 90' lang='lat' dir='ltr'><strong>locant</strong></span> <span class='ocrx_word' id='word_1_694' title='bbox 2761 3454 2897 3522; x_wconf 84' lang='lat' dir='ltr'><strong>clivi,</strong></span> <span class='ocrx_word' id='word_1_695' title='bbox 2921 3457 3150 3522; x_wconf 83' lang='lat' dir='ltr'><strong>qui_tun_c</strong></span> <span class='ocrx_word' id='word_1_696' title='bbox 3175 3462 3285 3522; x_wconf 85' lang='lat' dir='ltr'><strong>erat</strong></span> <span class='ocrx_word' id='word_1_697' title='bbox 3308 3458 3458 3508; x_wconf 82' lang='lat' dir='ltr'><strong>ardua</strong></span> <span class='ocrx_word' id='word_1_698' title='bbox 3481 3470 3656 3522; x_wconf 84' lang='lat' dir='ltr'><strong>rupes,</strong></span> 
     </span>
    </p>
   </div>
   <div class='ocr_carea' id='block_1_103' title="bbox 2469 3516 3599 3584">
    <p class='ocr_par' dir='ltr' id='par_1_103' title="bbox 2469 3516 3599 3584">
     <span class='ocr_line' id='line_1_104' title="bbox 2469 3516 3599 3584; baseline 0.004 -18"><span class='ocrx_word' id='word_1_699' title='bbox 2469 3516 2599 3567; x_wconf 90' lang='lat' dir='ltr'><strong>Utile</strong></span> <span class='ocrx_word' id='word_1_700' title='bbox 2622 3530 2753 3568; x_wconf 89' lang='lat' dir='ltr'><strong>nunc</strong></span> <span class='ocrx_word' id='word_1_701' title='bbox 2769 3518 2865 3569; x_wconf 90' lang='lat' dir='ltr'><strong>iter</strong></span> <span class='ocrx_word' id='word_1_702' title='bbox 2884 3516 2985 3582; x_wconf 79' lang='lat' dir='ltr'><strong>est,</strong></span> <span class='ocrx_word' id='word_1_703' title='bbox 3008 3519 3382 3584; x_wconf 87' lang='lat' dir='ltr'><strong>Publiciumque</strong></span> <span class='ocrx_word' id='word_1_704' title='bbox 3407 3516 3599 3572; x_wconf 82' lang='lat' dir='ltr'><strong>vocant.</strong></span> 
     </span>
    </p>
   </div>
   <div class='ocr_carea' id='block_1_104' title="bbox 2347 3703 3864 3767">
    <p class='ocr_par' dir='ltr' id='par_1_104' title="bbox 2347 3703 3864 3767">
     <span class='ocr_line' id='line_1_105' title="bbox 2347 3703 3864 3767; baseline 0.005 -7"><span class='ocrx_word' id='word_1_705' title='bbox 2347 3703 2436 3760; x_wconf 76' lang='grc'><strong>14.</strong></span> <span class='ocrx_word' id='word_1_706' title='bbox 2481 3704 2780 3760; x_wconf 82' lang='lat' dir='ltr'><strong>Inlcrvemu</strong></span> <span class='ocrx_word' id='word_1_707' title='bbox 2846 3705 3075 3762; x_wconf 65' lang='lat' dir='ltr'><strong>Lictorii.</strong></span> <span class='ocrx_word' id='word_1_708' title='bbox 3129 3707 3343 3764; x_wconf 72' lang='lat' dir='ltr'><strong>Laztorii</strong></span> <span class='ocrx_word' id='word_1_709' title='bbox 3388 3710 3732 3766; x_wconf 84' lang='lat' dir='ltr'><strong>restituimus</strong></span> <span class='ocrx_word' id='word_1_710' title='bbox 3804 3728 3864 3767; x_wconf 68' lang='lat' dir='ltr'><strong>ex</strong></span> 
     </span>
    </p>
   </div>
   <div class='ocr_carea' id='block_1_105' title="bbox 2273 3776 3865 3850">
    <p class='ocr_par' dir='ltr' id='par_1_105' title="bbox 2273 3776 3865 3850">
     <span class='ocr_line' id='line_1_106' title="bbox 2273 3776 3865 3850; baseline 0.006 -22"><span class='ocrx_word' id='word_1_711' title='bbox 2273 3776 2482 3850; x_wconf 78' lang='lat' dir='ltr'><strong>optimo</strong></span> <span class='ocrx_word' id='word_1_712' title='bbox 2514 3777 2652 3850; x_wconf 88' lang='lat' dir='ltr'><strong>libro</strong></span> <span class='ocrx_word' id='word_1_713' title='bbox 2678 3777 2979 3850; x_wconf 73' lang='lat' dir='ltr'><strong>Gualtheri,</strong></span> <span class='ocrx_word' id='word_1_714' title='bbox 3006 3794 3104 3847; x_wconf 82' lang='lat' dir='ltr'><strong>pro</strong></span> <span class='ocrx_word' id='word_1_715' title='bbox 3127 3795 3235 3850; x_wconf 93' lang='lat' dir='ltr'><strong>quo</strong></span> <span class='ocrx_word' id='word_1_716' title='bbox 3256 3781 3308 3835; x_wconf 92' lang='lat' dir='ltr'><strong>in</strong></span> <span class='ocrx_word' id='word_1_717' title='bbox 3338 3783 3553 3836; x_wconf 60' lang='lat' dir='ltr'><strong>caeteris</strong></span> <span class='ocrx_word' id='word_1_718' title='bbox 3585 3783 3865 3844; x_wconf 85' lang='lat' dir='ltr'><strong>mendose.</strong></span> 
     </span>
    </p>
   </div>
   <div class='ocr_carea' id='block_1_106' title="bbox 2276 3845 3861 3922">
    <p class='ocr_par' dir='ltr' id='par_1_106' title="bbox 2276 3845 3861 3922">
     <span class='ocr_line' id='line_1_107' title="bbox 2276 3845 3861 3922; baseline 0.003 -23"><span class='ocrx_word' id='word_1_719' title='bbox 2276 3845 2500 3922; x_wconf 68' lang='lat' dir='ltr'><strong>Lictoris</strong></span> <span class='ocrx_word' id='word_1_720' title='bbox 2523 3848 2738 3918; x_wconf 87' lang='lat' dir='ltr'><strong>legitur.</strong></span> <span class='ocrx_word' id='word_1_721' title='bbox 2766 3848 2932 3922; x_wconf 65' lang='lat' dir='ltr'><strong>Origo</strong></span> <span class='ocrx_word' id='word_1_722' title='bbox 2950 3845 3164 3922; x_wconf 80' lang='lat' dir='ltr'><strong>erroris</strong></span> <span class='ocrx_word' id='word_1_723' title='bbox 3188 3851 3312 3906; x_wconf 91' lang='lat' dir='ltr'><strong>inde</strong></span> <span class='ocrx_word' id='word_1_724' title='bbox 3327 3853 3494 3918; x_wconf 82' lang='lat' dir='ltr'><strong>venit,</strong></span> <span class='ocrx_word' id='word_1_725' title='bbox 3519 3853 3666 3922; x_wconf 88' lang='lat' dir='ltr'><strong>quod</strong></span> <span class='ocrx_word' id='word_1_726' title='bbox 3689 3855 3861 3922; x_wconf 75' lang='lat' dir='ltr'><strong>vulgo,</strong></span> 
     </span>
    </p>
   </div>
   <div class='ocr_carea' id='block_1_107' title="bbox 2274 3916 3866 3993">
    <p class='ocr_par' dir='ltr' id='par_1_107' title="bbox 2274 3916 3866 3993">
     <span class='ocr_line' id='line_1_108' title="bbox 2274 3916 3866 3993; baseline 0.004 -24"><span class='ocrx_word' id='word_1_727' title='bbox 2274 3916 2595 3993; x_wconf 65' lang='lat' dir='ltr'><strong>Lectorium,</strong></span> <span class='ocrx_word' id='word_1_728' title='bbox 2640 3933 2739 3993; x_wconf 64' lang='lat' dir='ltr'><strong>pro</strong></span> <span class='ocrx_word' id='word_1_729' title='bbox 2769 3916 2992 3993; x_wconf 59' lang='lat' dir='ltr'><strong>Lictorio</strong></span> <span class='ocrx_word' id='word_1_730' title='bbox 3037 3921 3303 3976; x_wconf 87' lang='lat' dir='ltr'><strong>scribunt.</strong></span> <span class='ocrx_word' id='word_1_731' title='bbox 3335 3923 3405 3978; x_wconf 83' lang='lat' dir='ltr'><strong>At</strong></span> <span class='ocrx_word' id='word_1_732' title='bbox 3445 3916 3496 3978; x_wconf 83' lang='lat' dir='ltr'><strong>in</strong></span> <span class='ocrx_word' id='word_1_733' title='bbox 3537 3916 3752 3993; x_wconf 78' lang='lat' dir='ltr'><strong>optimo</strong></span> <span class='ocrx_word' id='word_1_734' title='bbox 3781 3916 3866 3979; x_wconf 80' lang='lat' dir='ltr'><strong>illo</strong></span> 
     </span>
    </p>
   </div>
   <div class='ocr_carea' id='block_1_108' title="bbox 2275 3988 3865 4062">
    <p class='ocr_par' dir='ltr' id='par_1_108' title="bbox 2275 3988 3865 4062">
     <span class='ocr_line' id='line_1_109' title="bbox 2275 3988 3865 4062; baseline 0.005 -20"><span class='ocrx_word' id='word_1_735' title='bbox 2275 3988 2416 4062; x_wconf 78' lang='lat' dir='ltr'><strong>libro</strong></span> <span class='ocrx_word' id='word_1_736' title='bbox 2442 4004 2548 4062; x_wconf 88' lang='lat' dir='ltr'><strong>non</strong></span> <span class='ocrx_word' id='word_1_737' title='bbox 2582 3989 2745 4044; x_wconf 77' lang='lat' dir='ltr'><strong>modo</strong></span> <span class='ocrx_word' id='word_1_738' title='bbox 2772 3990 2864 4062; x_wconf 74' lang='lat' dir='ltr'><strong>hic</strong></span> <span class='ocrx_word' id='word_1_739' title='bbox 2885 4033 2900 4055; x_wconf 95' lang='lat'><strong>,</strong></span> <span class='ocrx_word' id='word_1_740' title='bbox 2935 4005 3120 4045; x_wconf 87' lang='lat' dir='ltr'><strong>verum</strong></span> <span class='ocrx_word' id='word_1_741' title='bbox 3152 3994 3315 4047; x_wconf 90' lang='lat' dir='ltr'><strong>etiam</strong></span> <span class='ocrx_word' id='word_1_742' title='bbox 3347 3993 3483 4048; x_wconf 84' lang='lat' dir='ltr'><strong>infra</strong></span> <span class='ocrx_word' id='word_1_743' title='bbox 3513 3988 3693 4061; x_wconf 77' lang='lat' dir='ltr'><strong>capite</strong></span> <span class='ocrx_word' id='word_1_744' title='bbox 3724 3997 3865 4062; x_wconf 74' lang='lat' dir='ltr'><strong>vige-</strong></span> 
     </span>
    </p>
   </div>
   <div class='ocr_carea' id='block_1_109' title="bbox 2271 4059 3862 4128">
    <p class='ocr_par' dir='ltr' id='par_1_109' title="bbox 2271 4059 3862 4128">
     <span class='ocr_line' id='line_1_110' title="bbox 2271 4059 3862 4128; baseline 0.003 -15"><span class='ocrx_word' id='word_1_745' title='bbox 2271 4059 2414 4128; x_wconf 85' lang='lat' dir='ltr'><strong>simo</strong></span> <span class='ocrx_word' id='word_1_746' title='bbox 2447 4061 2622 4128; x_wconf 90' lang='lat' dir='ltr'><strong>primo</strong></span> <span class='ocrx_word' id='word_1_747' title='bbox 2648 4070 2731 4113; x_wconf 90' lang='lat' dir='ltr'><strong>est</strong></span> <span class='ocrx_word' id='word_1_748' title='bbox 2759 4059 3054 4126; x_wconf 57' lang='lat' dir='ltr'><strong>Laetorius,</strong></span> <span class='ocrx_word' id='word_1_749' title='bbox 3101 4063 3191 4116; x_wconf 91' lang='lat' dir='ltr'><strong>ubi</strong></span> <span class='ocrx_word' id='word_1_750' title='bbox 3221 4065 3292 4117; x_wconf 88' lang='lat' dir='ltr'><strong>ita</strong></span> <span class='ocrx_word' id='word_1_751' title='bbox 3325 4063 3431 4119; x_wconf 91' lang='lat' dir='ltr'><strong>hoc</strong></span> <span class='ocrx_word' id='word_1_752' title='bbox 3461 4059 3662 4120; x_wconf 85' lang='lat' dir='ltr'><strong>nomen</strong></span> <span class='ocrx_word' id='word_1_753' title='bbox 3706 4059 3862 4120; x_wconf 85' lang='lat' dir='ltr'><strong>scribi</strong></span> 
     </span>
    </p>
   </div>
   <div class='ocr_carea' id='block_1_110' title="bbox 2273 4127 3861 4204">
    <p class='ocr_par' dir='ltr' id='par_1_110' title="bbox 2273 4127 3861 4204">
     <span class='ocr_line' id='line_1_111' title="bbox 2273 4127 3861 4204; baseline 0.003 -21"><span class='ocrx_word' id='word_1_754' title='bbox 2273 4127 2477 4204; x_wconf 79' lang='lat' dir='ltr'><strong>debere</strong></span> <span class='ocrx_word' id='word_1_755' title='bbox 2508 4131 2880 4186; x_wconf 88' lang='lat' dir='ltr'><strong>ostendemus.</strong></span> <span class='ocrx_word' id='word_1_756' title='bbox 2922 4132 3288 4204; x_wconf 11' lang='lat' dir='ltr'><strong>luiPlutarchi</strong></span> <span class='ocrx_word' id='word_1_757' title='bbox 3319 4134 3440 4190; x_wconf 88' lang='lat' dir='ltr'><strong>loco</strong></span> <span class='ocrx_word' id='word_1_758' title='bbox 3463 4176 3479 4200; x_wconf 95' lang='lat'><strong>,</strong></span> <span class='ocrx_word' id='word_1_759' title='bbox 3515 4152 3677 4204; x_wconf 87' lang='lat' dir='ltr'><strong>quem</strong></span> <span class='ocrx_word' id='word_1_760' title='bbox 3711 4139 3861 4190; x_wconf 82' lang='lat' dir='ltr'><strong>modo</strong></span> 
     </span>
    </p>
   </div>
   <div class='ocr_carea' id='block_1_111' title="bbox 2273 4199 3856 4277">
    <p class='ocr_par' dir='ltr' id='par_1_111' title="bbox 2273 4199 3856 4277">
     <span class='ocr_line' id='line_1_112' title="bbox 2273 4199 3856 4277; baseline 0.007 -26"><span class='ocrx_word' id='word_1_761' title='bbox 2273 4199 2596 4254; x_wconf 81' lang='lat' dir='ltr'><strong>adduximus</strong></span> <span class='ocrx_word' id='word_1_762' title='bbox 2621 4242 2636 4277; x_wconf 52' lang='grc' dir='ltr'><em>ε</em></span> <span class='ocrx_word' id='word_1_763' title='bbox 2666 4205 2916 4277; x_wconf 53' lang='grc' dir='ltr'><strong>Λιῃννίου</strong></span> <span class='ocrx_word' id='word_1_764' title='bbox 2937 4243 2953 4269; x_wconf 91' lang='grc'><em>,</em></span> <span class='ocrx_word' id='word_1_765' title='bbox 2983 4202 3122 4277; x_wconf 78' lang='lat' dir='ltr'><strong>haud</strong></span> <span class='ocrx_word' id='word_1_766' title='bbox 3151 4204 3313 4277; x_wconf 74' lang='lat' dir='ltr'><strong>dubie</strong></span> <span class='ocrx_word' id='word_1_767' title='bbox 3341 4199 3618 4277; x_wconf 77' lang='lat' dir='ltr'><strong>corrupte,</strong></span> <span class='ocrx_word' id='word_1_768' title='bbox 3655 4209 3856 4277; x_wconf 86' lang='lat' dir='ltr'><strong>legitur,</strong></span> 
     </span>
    </p>
   </div>
   <div class='ocr_carea' id='block_1_112' title="bbox 2272 4272 3856 4352">
    <p class='ocr_par' dir='ltr' id='par_1_112' title="bbox 2272 4272 3856 4352">
     <span class='ocr_line' id='line_1_113' title="bbox 2272 4272 3856 4352; baseline 0.006 -30"><span class='ocrx_word' id='word_1_769' title='bbox 2272 4272 2716 4352; x_wconf 46' lang='grc' dir='ltr'><strong>ῃιοο-Λαιτωρίουἒ</strong></span> <span class='ocrx_word' id='word_1_770' title='bbox 2741 4273 3011 4352; x_wconf 39' lang='grc' dir='ltr'><strong>Ν-ιξῃῃμξῇ-</strong></span> <span class='ocrx_word' id='word_1_771' title='bbox 3036 4274 3106 4329; x_wconf 91' lang='lat' dir='ltr'><strong>ibi</strong></span> <span class='ocrx_word' id='word_1_772' title='bbox 3140 4275 3459 4352; x_wconf 61' lang='lat' dir='ltr'><strong>Pomponius</strong></span> <span class='ocrx_word' id='word_1_773' title='bbox 3484 4272 3542 4352; x_wconf 71' lang='lat' dir='ltr'><strong>et</strong></span> <span class='ocrx_word' id='word_1_774' title='bbox 3562 4272 3856 4352; x_wconf 66' lang='lat' dir='ltr'><strong>Licinum,</strong></span> 
     </span>
    </p>
   </div>
   <div class='ocr_carea' id='block_1_113' title="bbox 2274 4341 3854 4416">
    <p class='ocr_par' dir='ltr' id='par_1_113' title="bbox 2274 4341 3854 4416">
     <span class='ocr_line' id='line_1_114' title="bbox 2274 4341 3854 4416; baseline 0.004 -25"><span class='ocrx_word' id='word_1_775' title='bbox 2341 4342 2410 4394; x_wconf 89' lang='lat' dir='ltr'><strong>ab</strong></span> <span class='ocrx_word' id='word_1_776' title='bbox 2439 4341 2659 4397; x_wconf 70' lang='lat' dir='ltr'><strong>auctare</strong></span> <span class='ocrx_word' id='word_1_777' title='bbox 2685 4342 2753 4397; x_wconf 87' lang='lat' dir='ltr'><strong>de</strong></span> <span class='ocrx_word' id='word_1_778' title='bbox 2779 4341 2930 4398; x_wconf 78' lang='lat' dir='ltr'><strong>Viris</strong></span> <span class='ocrx_word' id='word_1_779' title='bbox 2955 4341 3335 4416; x_wconf 47' lang='lat' dir='ltr'><strong>lllustrihus‘et</strong></span> <span class='ocrx_word' id='word_1_780' title='bbox 3367 4347 3581 4402; x_wconf 72' lang='lat' dir='ltr'><strong>Valerio</strong></span> <span class='ocrx_word' id='word_1_781' title='bbox 3609 4350 3854 4416; x_wconf 70' lang='lat' dir='ltr'><strong>Maximo,</strong></span> 
     </span>
    </p>
   </div>
   <div class='ocr_carea' id='block_1_114' title="bbox 2271 4412 3856 4482">
    <p class='ocr_par' dir='ltr' id='par_1_114' title="bbox 2271 4412 3856 4482">
     <span class='ocr_line' id='line_1_115' title="bbox 2271 4412 3856 4482; baseline 0.004 -17"><span class='ocrx_word' id='word_1_782' title='bbox 2271 4412 2408 4465; x_wconf 82' lang='lat' dir='ltr'><strong>libro</strong></span> <span class='ocrx_word' id='word_1_783' title='bbox 2439 4421 2634 4482; x_wconf 84' lang='lat' dir='ltr'><strong>quarto</strong></span> <span class='ocrx_word' id='word_1_784' title='bbox 2661 4416 2836 4480; x_wconf 86' lang='lat' dir='ltr'><strong>capite</strong></span> <span class='ocrx_word' id='word_1_785' title='bbox 2880 4417 2928 4482; x_wconf 87' lang='lat'><strong>7,</strong></span> <span class='ocrx_word' id='word_1_786' title='bbox 2963 4414 3281 4480; x_wconf 82' lang='lat' dir='ltr'><strong>Pomponius</strong></span> <span class='ocrx_word' id='word_1_787' title='bbox 3308 4428 3352 4471; x_wconf 90' lang='lat' dir='ltr'><strong>et</strong></span> <span class='ocrx_word' id='word_1_788' title='bbox 3384 4416 3643 4472; x_wconf 67' lang='lat' dir='ltr'><strong>Laetorius</strong></span> <span class='ocrx_word' id='word_1_789' title='bbox 3675 4412 3856 4474; x_wconf 51' lang='lat' dir='ltr'><strong>dicunt;</strong></span> 
     </span>
    </p>
   </div>
   <div class='ocr_carea' id='block_1_115' title="bbox 2269 4484 3853 4555">
    <p class='ocr_par' dir='ltr' id='par_1_115' title="bbox 2269 4484 3853 4555">
     <span class='ocr_line' id='line_1_116' title="bbox 2269 4484 3853 4555; baseline 0.006 -20"><span class='ocrx_word' id='word_1_790' title='bbox 2269 4489 2378 4555; x_wconf 80' lang='lat' dir='ltr'><strong>tur.</strong></span> <span class='ocrx_word' id='word_1_791' title='bbox 2409 4485 2488 4555; x_wconf 72' lang='lat' dir='ltr'><strong>pe</strong></span> <span class='ocrx_word' id='word_1_792' title='bbox 2523 4484 2824 4550; x_wconf 88' lang='lat' dir='ltr'><strong>Pomponii.</strong></span> <span class='ocrx_word' id='word_1_793' title='bbox 2845 4487 3044 4554; x_wconf 91' lang='lat' dir='ltr'><strong>equitis</strong></span> <span class='ocrx_word' id='word_1_794' title='bbox 3067 4487 3316 4555; x_wconf 85' lang='lat' dir='ltr'><strong>Romani,</strong></span> <span class='ocrx_word' id='word_1_795' title='bbox 3344 4490 3449 4544; x_wconf 82' lang='lat' dir='ltr'><strong>fide</strong></span> <span class='ocrx_word' id='word_1_796' title='bbox 3475 4488 3529 4544; x_wconf 93' lang='lat' dir='ltr'><strong>in</strong></span> <span class='ocrx_word' id='word_1_797' title='bbox 3555 4489 3853 4546; x_wconf 86' lang='lat' dir='ltr'><strong>Gracchum</strong></span> 
     </span>
    </p>
   </div>
   <div class='ocr_carea' id='block_1_116' title="bbox 2269 4553 3828 4623">
    <p class='ocr_par' dir='ltr' id='par_1_116' title="bbox 2269 4553 3828 4623">
     <span class='ocr_line' id='line_1_117' title="bbox 2269 4553 3828 4623; baseline 0.003 -17"><span class='ocrx_word' id='word_1_798' title='bbox 2269 4553 2386 4623; x_wconf 82' lang='lat' dir='ltr'><strong>lege</strong></span> <span class='ocrx_word' id='word_1_799' title='bbox 2403 4553 2776 4623; x_wconf 86' lang='lat' dir='ltr'><strong>Paterculurn.</strong></span> <span class='ocrx_word' id='word_1_800' title='bbox 2804 4553 2968 4613; x_wconf 68' lang='lat' dir='ltr'><strong>Fiunt.</strong></span> <span class='ocrx_word' id='word_1_801' title='bbox 3304 4553 3309 4555; x_wconf 53' lang='grc'><strong><em>⁷</em></strong></span> <span class='ocrx_word' id='word_1_802' title='bbox 3825 4615 3828 4620; x_wconf 95' lang='lat'><em>_</em></span> 
     </span>
    </p>
   </div>
   <div class='ocr_carea' id='block_1_117' title="bbox 2346 4622 3853 4696">
    <p class='ocr_par' dir='ltr' id='par_1_117' title="bbox 2346 4622 3853 4696">
     <span class='ocr_line' id='line_1_118' title="bbox 2346 4622 3853 4696; baseline 0.007 -20"><span class='ocrx_word' id='word_1_803' title='bbox 2346 4622 2431 4696; x_wconf 63' lang='lat' dir='ltr'><strong>f5.</strong></span> <span class='ocrx_word' id='word_1_804' title='bbox 2473 4623 2706 4696; x_wconf 86' lang='lat' dir='ltr'><strong>Tandem</strong></span> <span class='ocrx_word' id='word_1_805' title='bbox 2749 4628 3029 4696; x_wconf 81' lang='lat' dir='ltr'><strong>sagittarii.</strong></span> <span class='ocrx_word' id='word_1_806' title='bbox 3061 4629 3275 4694; x_wconf 81' lang='grc' dir='ltr'><strong>Τοξὸται</strong></span> <span class='ocrx_word' id='word_1_807' title='bbox 3296 4638 3498 4694; x_wconf 77' lang='grc' dir='ltr'><strong>Κρῆτες,</strong></span> <span class='ocrx_word' id='word_1_808' title='bbox 3527 4629 3853 4686; x_wconf 72' lang='lat' dir='ltr'><strong>Plutarchus.</strong></span> 
     </span>
    </p>
   </div>
   <div class='ocr_carea' id='block_1_118' title="bbox 2342 4694 3755 4768">
    <p class='ocr_par' dir='ltr' id='par_1_118' title="bbox 2342 4694 3755 4768">
     <span class='ocr_line' id='line_1_119' title="bbox 2342 4694 3755 4768; baseline 0.006 -20"><span class='ocrx_word' id='word_1_809' title='bbox 2342 4694 2430 4768; x_wconf 63' lang='lat' dir='ltr'><strong>lli.</strong></span> <span class='ocrx_word' id='word_1_810' title='bbox 2473 4695 2547 4768; x_wconf 67' lang='lat' dir='ltr'><strong>Ab</strong></span> <span class='ocrx_word' id='word_1_811' title='bbox 2581 4694 2822 4762; x_wconf 46' lang='lat' dir='ltr'><strong>Opimio;</strong></span> <span class='ocrx_word' id='word_1_812' title='bbox 2845 4697 2945 4752; x_wconf 88' lang='lat' dir='ltr'><strong>Ed.</strong></span> <span class='ocrx_word' id='word_1_813' title='bbox 2977 4701 3134 4767; x_wconf 66' lang='lat' dir='ltr'><strong>Aug,</strong></span> <span class='ocrx_word' id='word_1_814' title='bbox 3175 4700 3250 4754; x_wconf 85' lang='lat' dir='ltr'><strong>Ab</strong></span> <span class='ocrx_word' id='word_1_815' title='bbox 3282 4701 3490 4768; x_wconf 75' lang='lat' dir='ltr'><strong>Opimio</strong></span> <span class='ocrx_word' id='word_1_816' title='bbox 3524 4705 3755 4757; x_wconf 74' lang='lat' dir='ltr'><strong>consule.</strong></span> 
     </span>
    </p>
   </div>
   <div class='ocr_carea' id='block_1_119' title="bbox 2337 4766 3852 4850">
    <p class='ocr_par' dir='ltr' id='par_1_119' title="bbox 2337 4766 3852 4850">
     <span class='ocr_line' id='line_1_120' title="bbox 2337 4766 3852 4850; baseline 0.007 -31"><span class='ocrx_word' id='word_1_817' title='bbox 2337 4766 2425 4850; x_wconf 63' lang='grc'><strong>17.</strong></span> <span class='ocrx_word' id='word_1_818' title='bbox 2467 4766 2534 4821; x_wconf 80' lang='lat' dir='ltr'><strong>In</strong></span> <span class='ocrx_word' id='word_1_819' title='bbox 2582 4768 2805 4850; x_wconf 47' lang='lat' dir='ltr'><strong>domum.</strong></span> <span class='ocrx_word' id='word_1_820' title='bbox 2838 4766 3110 4850; x_wconf 66' lang='lat' dir='ltr'><strong>privatam.</strong></span> <span class='ocrx_word' id='word_1_821' title='bbox 3137 4781 3244 4850; x_wconf 73' lang='lat' dir='ltr'><strong>_‘Ec</strong></span> <span class='ocrx_word' id='word_1_822' title='bbox 3293 4766 3634 4850; x_wconf 66' lang='grc' dir='ltr'><strong>ξριιᾳστῇριον</strong></span> 
     </span>
    </p>
   </div>
   <div class='ocr_carea' id='block_1_120' title="bbox 2261 4839 3848 4913">
    <p class='ocr_par' dir='ltr' id='par_1_120' title="bbox 2261 4839 3848 4913">
     <span class='ocr_line' id='line_1_121' title="bbox 2261 4839 3848 4913; baseline 0.004 -22"><span class='ocrx_word' id='word_1_823' title='bbox 2261 4840 2544 4913; x_wconf 53' lang='grc' dir='ltr'><strong>γνῳρίμορ,</strong></span> <span class='ocrx_word' id='word_1_824' title='bbox 2582 4839 2923 4913; x_wconf 79' lang='lat' dir='ltr'><strong>in_o[ﬁci_nant</strong></span> <span class='ocrx_word' id='word_1_825' title='bbox 2951 4841 3175 4896; x_wconf 81' lang='lat' dir='ltr'><strong>hominis</strong></span> <span class='ocrx_word' id='word_1_826' title='bbox 3201 4839 3332 4906; x_wconf 64' lang='lat' dir='ltr'><strong>uoti;</strong></span> <span class='ocrx_word' id='word_1_827' title='bbox 3357 4839 3662 4913; x_wconf 56' lang='lat' dir='ltr'><strong>&#39;Appiainus.</strong></span> <span class='ocrx_word' id='word_1_828' title='bbox 3697 4839 3848 4900; x_wconf 69' lang='lat' dir='ltr'><strong>Filia.</strong></span> 
     </span>
    </p>
   </div>
   <div class='ocr_carea' id='block_1_121' title="bbox 2337 4907 3850 4990">
    <p class='ocr_par' dir='ltr' id='par_1_121' title="bbox 2337 4907 3850 4990">
     <span class='ocr_line' id='line_1_122' title="bbox 2337 4907 3850 4990; baseline 0.006 -28"><span class='ocrx_word' id='word_1_829' title='bbox 2337 4907 2732 4990; x_wconf 40' lang='lat' dir='ltr'><strong>litifs&#39;racchns</strong></span> <span class='ocrx_word' id='word_1_830' title='bbox 2781 4910 2872 4990; x_wconf 77' lang='lat' dir='ltr'><strong>diu</strong></span> <span class='ocrx_word' id='word_1_831' title='bbox 2920 4927 3119 4990; x_wconf 76' lang='lat' dir='ltr'><strong>prose.</strong></span> <span class='ocrx_word' id='word_1_832' title='bbox 3154 4907 3429 4990; x_wconf 77' lang='lat' dir='ltr'><strong>Appianus</strong></span> <span class='ocrx_word' id='word_1_833' title='bbox 3450 4907 3475 4966; x_wconf 76' lang='grc' dir='ltr'><strong>ἐ</strong></span> <span class='ocrx_word' id='word_1_834' title='bbox 3499 4918 3746 4990; x_wconf 76' lang='grc' dir='ltr'><strong>Γράκχος</strong></span> <span class='ocrx_word' id='word_1_835' title='bbox 3771 4915 3850 4971; x_wconf 69' lang='grc' dir='ltr'><strong>διὰ</strong></span> 
     </span>
    </p>
   </div>
   <div class='ocr_carea' id='block_1_122' title="bbox 2260 4980 3850 5074">
    <p class='ocr_par' dir='ltr' id='par_1_122' title="bbox 2260 4980 3850 5074">
     <span class='ocr_line' id='line_1_123' title="bbox 2260 4980 3850 5074; baseline 0.001 0"><span class='ocrx_word' id='word_1_836' title='bbox 2260 4980 2571 5074; x_wconf 44' lang='lat' dir='ltr'><strong>ferirer?</strong></span> <span class='ocrx_word' id='word_1_837' title='bbox 2599 5001 2978 5074; x_wconf 60' lang='lat' dir='ltr'><strong>7:‘?.3P‘;“.‘,‘.&quot;?</strong></span> <span class='ocrx_word' id='word_1_838' title='bbox 2998 5003 3158 5070; x_wconf 59' lang='lat' dir='ltr'><strong>rw</strong></span> <span class='ocrx_word' id='word_1_839' title='bbox 3181 5005 3531 5072; x_wconf 58' lang='grc' dir='ltr'><strong>,ποταμον</strong></span> <span class='ocrx_word' id='word_1_840' title='bbox 3559 5009 3850 5074; x_wconf 59' lang='grc' dir='ltr'><strong>ξαεαγυτυν</strong></span> 
     </span>
    </p>
   </div>
   <div class='ocr_carea' id='block_1_123' title="bbox 2261 5048 3846 5134">
    <p class='ocr_par' dir='ltr' id='par_1_123' title="bbox 2261 5048 3846 5134">
     <span class='ocr_line' id='line_1_124' title="bbox 2261 5048 3846 5134; baseline 0.006 -30"><span class='ocrx_word' id='word_1_841' title='bbox 2261 5054 2337 5134; x_wconf 52' lang='grc' dir='ltr'><strong>ξεί</strong></span> <span class='ocrx_word' id='word_1_842' title='bbox 2359 5048 2513 5134; x_wconf 57' lang='grc' dir='ltr'><strong>ἄλσος·</strong></span> <span class='ocrx_word' id='word_1_843' title='bbox 2541 5048 2737 5134; x_wconf 34' lang='lat' dir='ltr'><strong>scits—9&#39;&quot;</strong></span> <span class='ocrx_word' id='word_1_844' title='bbox 2762 5048 3222 5134; x_wconf 47' lang='lat' dir='ltr'><strong>ivoc‘Ospo&#39;urovt-og,</strong></span> <span class='ocrx_word' id='word_1_845' title='bbox 3273 5048 3603 5134; x_wconf 35' lang='lat' dir='ltr'><strong>{inscia-regi</strong></span> <span class='ocrx_word' id='word_1_846' title='bbox 3619 5048 3846 5134; x_wconf 59' lang='grc' dir='ltr'><strong>δρᾶπὸιςτξ</strong></span> 
     </span>
    </p>
   </div>
   <div class='ocr_carea' id='block_1_124' title="bbox 2261 5119 3846 5200">
    <p class='ocr_par' dir='ltr' id='par_1_124' title="bbox 2261 5119 3846 5200">
     <span class='ocr_line' id='line_1_125' title="bbox 2261 5119 3846 5200; baseline 0.005 -28"><span class='ocrx_word' id='word_1_847' title='bbox 2261 5119 2446 5200; x_wconf 80' lang='lat' dir='ltr'><strong>(Forte</strong></span> <span class='ocrx_word' id='word_1_848' title='bbox 2459 5137 2568 5200; x_wconf 42' lang='grc' dir='ltr'><strong>ιρτο</strong></span> <span class='ocrx_word' id='word_1_849' title='bbox 2598 5119 2894 5200; x_wconf 58' lang='grc' dir='ltr'><strong>Θεράποντι)</strong></span> <span class='ocrx_word' id='word_1_850' title='bbox 2913 5119 3004 5184; x_wconf 51' lang='lat' dir='ltr'><strong>sint</strong></span> <span class='ocrx_word' id='word_1_851' title='bbox 3030 5119 3774 5200; x_wconf 48' lang='lat' dir='ltr'><strong>dqm_gufdaiséavo‘ujm,</strong></span> <span class='ocrx_word' id='word_1_852' title='bbox 3793 5128 3846 5180; x_wconf 78' lang='lat' dir='ltr'><strong>id</strong></span> 
     </span>
    </p>
   </div>
   <div class='ocr_carea' id='block_1_125' title="bbox 2256 5190 3842 5263">
    <p class='ocr_par' dir='ltr' id='par_1_125' title="bbox 2256 5190 3842 5263">
     <span class='ocr_line' id='line_1_126' title="bbox 2256 5190 3842 5263; baseline 0.003 -19"><span class='ocrx_word' id='word_1_853' title='bbox 2256 5199 2341 5244; x_wconf 86' lang='lat' dir='ltr'><strong>est</strong></span> <span class='ocrx_word' id='word_1_854' title='bbox 2371 5208 2399 5263; x_wconf 13' lang='grc' dir='ltr'><strong>με</strong></span> <span class='ocrx_word' id='word_1_855' title='bbox 2451 5190 2718 5247; x_wconf 72' lang='lat' dir='ltr'><strong>Gracchus</strong></span> <span class='ocrx_word' id='word_1_856' title='bbox 2758 5210 2848 5261; x_wconf 84' lang='lat' dir='ltr'><strong>per</strong></span> <span class='ocrx_word' id='word_1_857' title='bbox 2874 5190 3094 5263; x_wconf 50' lang='lat' dir='ltr'><strong>&#39;ponten&#39;t</strong></span> <span class='ocrx_word' id='word_1_858' title='bbox 3137 5190 3409 5250; x_wconf 73' lang='lat' dir='ltr'><strong>iubliciurn</strong></span> <span class='ocrx_word' id='word_1_859' title='bbox 3437 5190 3582 5252; x_wconf 72' lang='lat' dir='ltr'><strong>trans</strong></span> <span class='ocrx_word' id='word_1_860' title='bbox 3608 5190 3842 5253; x_wconf 65' lang='lat' dir='ltr'><strong>Tiberini</strong></span> 
     </span>
    </p>
   </div>
   <div class='ocr_carea' id='block_1_126' title="bbox 2255 5261 3844 5334">
    <p class='ocr_par' dir='ltr' id='par_1_126' title="bbox 2255 5261 3844 5334">
     <span class='ocr_line' id='line_1_127' title="bbox 2255 5261 3844 5334; baseline 0.004 -21"><span class='ocrx_word' id='word_1_861' title='bbox 2255 5261 2558 5332; x_wconf 82' lang='lat' dir='ltr'><strong>confugiens</strong></span> <span class='ocrx_word' id='word_1_862' title='bbox 2585 5263 2640 5316; x_wconf 88' lang='lat' dir='ltr'><strong>in</strong></span> <span class='ocrx_word' id='word_1_863' title='bbox 2669 5264 2840 5317; x_wconf 89' lang='lat' dir='ltr'><strong>lucum</strong></span> <span class='ocrx_word' id='word_1_864' title='bbox 2865 5261 3136 5334; x_wconf 79' lang='lat' dir='ltr'><strong>quemdam</strong></span> <span class='ocrx_word' id='word_1_865' title='bbox 3163 5283 3280 5320; x_wconf 88' lang='lat' dir='ltr'><strong>cum</strong></span> <span class='ocrx_word' id='word_1_866' title='bbox 3308 5283 3414 5321; x_wconf 86' lang='lat' dir='ltr'><strong>uno</strong></span> <span class='ocrx_word' id='word_1_867' title='bbox 3442 5285 3606 5332; x_wconf 81' lang='lat' dir='ltr'><strong>serra,</strong></span> <span class='ocrx_word' id='word_1_868' title='bbox 3640 5287 3751 5324; x_wconf 80' lang='lat' dir='ltr'><strong>cum</strong></span> <span class='ocrx_word' id='word_1_869' title='bbox 3779 5269 3844 5321; x_wconf 65' lang='lat' dir='ltr'><strong>ibi</strong></span> 
     </span>
    </p>
   </div>
   <div class='ocr_carea' id='block_1_127' title="bbox 2245 5333 3839 5408">
    <p class='ocr_par' dir='ltr' id='par_1_127' title="bbox 2245 5333 3839 5408">
     <span class='ocr_line' id='line_1_128' title="bbox 2245 5333 3839 5408; baseline 0.008 -27"><span class='ocrx_word' id='word_1_870' title='bbox 2245 5333 2365 5402; x_wconf 85' lang='lat' dir='ltr'><strong>jam</strong></span> <span class='ocrx_word' id='word_1_871' title='bbox 2403 5333 2941 5408; x_wconf 70' lang='lat' dir='ltr'><strong>comprehenderetur,</strong></span> <span class='ocrx_word' id='word_1_872' title='bbox 2978 5338 3224 5408; x_wconf 75' lang='lat' dir='ltr'><strong>cervicem</strong></span> <span class='ocrx_word' id='word_1_873' title='bbox 3245 5354 3412 5408; x_wconf 48' lang='lat' dir='ltr'><strong>gerro</strong></span> <span class='ocrx_word' id='word_1_874' title='bbox 3451 5341 3691 5408; x_wconf 69' lang='lat' dir='ltr'><strong>prmbuit.</strong></span> <span class='ocrx_word' id='word_1_875' title='bbox 3735 5342 3839 5394; x_wconf 60' lang='lat' dir='ltr'><strong>Atto</strong></span> 
     </span>
    </p>
   </div>
   <div class='ocr_carea' id='block_1_128' title="bbox 2254 5403 3838 5465">
    <p class='ocr_par' dir='ltr' id='par_1_128' title="bbox 2254 5403 3838 5465">
     <span class='ocr_line' id='line_1_129' title="bbox 2254 5403 3838 5465; baseline 0.006 -11"><span class='ocrx_word' id='word_1_876' title='bbox 2254 5411 2373 5456; x_wconf 92' lang='lat' dir='ltr'><strong>ctor</strong></span> <span class='ocrx_word' id='word_1_877' title='bbox 2401 5403 2470 5458; x_wconf 87' lang='lat' dir='ltr'><strong>de</strong></span> <span class='ocrx_word' id='word_1_878' title='bbox 2505 5404 2644 5458; x_wconf 87' lang='lat' dir='ltr'><strong>Viris</strong></span> <span class='ocrx_word' id='word_1_879' title='bbox 2670 5405 2968 5460; x_wconf 89' lang='lat' dir='ltr'><strong>illustribus</strong></span> <span class='ocrx_word' id='word_1_880' title='bbox 3013 5406 3189 5461; x_wconf 87' lang='lat' dir='ltr'><strong>lucum</strong></span> <span class='ocrx_word' id='word_1_881' title='bbox 3237 5403 3632 5465; x_wconf 55' lang='lat' dir='ltr'><strong>Furiumvocat</strong></span> <span class='ocrx_word' id='word_1_882' title='bbox 3661 5430 3674 5464; x_wconf 88' lang='lat'><strong>:</strong></span> <span class='ocrx_word' id='word_1_883' title='bbox 3707 5410 3838 5464; x_wconf 83' lang='lat' dir='ltr'><strong>forte</strong></span> 
     </span>
    </p>
   </div>
   <div class='ocr_carea' id='block_1_129' title="bbox 2253 5469 3832 5558">
    <p class='ocr_par' dir='ltr' id='par_1_129' title="bbox 2253 5469 3832 5558">
     <span class='ocr_line' id='line_1_130' title="bbox 2253 5469 3832 5558; baseline 0.006 -33"><span class='ocrx_word' id='word_1_884' title='bbox 2253 5469 2570 5558; x_wconf 50' lang='lat' dir='ltr'><strong>&quot;Furiarum,-</strong></span> <span class='ocrx_word' id='word_1_885' title='bbox 2588 5490 2708 5558; x_wconf 73' lang='lat' dir='ltr'><strong>nam</strong></span> <span class='ocrx_word' id='word_1_886' title='bbox 2732 5475 3074 5558; x_wconf 72' lang='lat' dir='ltr'><strong>Plutarchus,</strong></span> <span class='ocrx_word' id='word_1_887' title='bbox 3104 5477 3410 5558; x_wconf 44' lang='grc' dir='ltr'><strong>ἱερῇ-ἄλης</strong></span> <span class='ocrx_word' id='word_1_888' title='bbox 3429 5489 3529 5537; x_wconf 79' lang='grc' dir='ltr'><strong>τῶν</strong></span> <span class='ocrx_word' id='word_1_889' title='bbox 3556 5482 3832 5558; x_wconf 50' lang='grc' dir='ltr'><strong>Ἐριννύων.</strong></span> 
     </span>
    </p>
   </div>
   <div class='ocr_carea' id='block_1_130' title="bbox 2253 5543 3833 5617">
    <p class='ocr_par' dir='ltr' id='par_1_130' title="bbox 2253 5543 3833 5617">
     <span class='ocr_line' id='line_1_131' title="bbox 2253 5543 3833 5617; baseline 0.003 -19"><span class='ocrx_word' id='word_1_890' title='bbox 2253 5543 2486 5617; x_wconf 73' lang='lat' dir='ltr'><strong>Servum</strong></span> <span class='ocrx_word' id='word_1_891' title='bbox 2519 5546 2789 5613; x_wconf 84' lang='lat' dir='ltr'><strong>Velleius,</strong></span> <span class='ocrx_word' id='word_1_892' title='bbox 2812 5557 2866 5602; x_wconf 90' lang='lat' dir='ltr'><strong>et</strong></span> <span class='ocrx_word' id='word_1_893' title='bbox 2895 5547 2940 5602; x_wconf 92' lang='lat' dir='ltr'><strong>is</strong></span> <span class='ocrx_word' id='word_1_894' title='bbox 2981 5549 3071 5617; x_wconf 89' lang='lat' dir='ltr'><strong>qui</strong></span> <span class='ocrx_word' id='word_1_895' title='bbox 3099 5543 3168 5603; x_wconf 79' lang='lat' dir='ltr'><strong>dé</strong></span> <span class='ocrx_word' id='word_1_896' title='bbox 3195 5549 3338 5604; x_wconf 80' lang='lat' dir='ltr'><strong>Viris</strong></span> <span class='ocrx_word' id='word_1_897' title='bbox 3367 5543 3668 5607; x_wconf 78' lang='lat' dir='ltr'><strong>illustribus</strong></span> <span class='ocrx_word' id='word_1_898' title='bbox 3703 5551 3833 5604; x_wconf 80' lang='lat' dir='ltr'><strong>scri-</strong></span> 
     </span>
    </p>
   </div>
   <div class='ocr_carea' id='block_1_131' title="bbox 2251 5613 3825 5686">
    <p class='ocr_par' dir='ltr' id='par_1_131' title="bbox 2251 5613 3825 5686">
     <span class='ocr_line' id='line_1_132' title="bbox 2251 5613 3825 5686; baseline 0.004 -18"><span class='ocrx_word' id='word_1_899' title='bbox 2251 5615 2378 5686; x_wconf 88' lang='lat' dir='ltr'><strong>psit,</strong></span> <span class='ocrx_word' id='word_1_900' title='bbox 2429 5613 2700 5686; x_wconf 88' lang='lat' dir='ltr'><strong>Euporum</strong></span> <span class='ocrx_word' id='word_1_901' title='bbox 2741 5613 3054 5684; x_wconf 79' lang='lat' dir='ltr'><strong>nominaut,</strong></span> <span class='ocrx_word' id='word_1_902' title='bbox 3103 5618 3422 5677; x_wconf 83' lang='lat' dir='ltr'><strong>Plutarchus</strong></span> <span class='ocrx_word' id='word_1_903' title='bbox 3471 5621 3825 5678; x_wconf 72' lang='lat' dir='ltr'><strong>Philocratem.</strong></span> 
     </span>
    </p>
   </div>
   <div class='ocr_carea' id='block_1_132' title="bbox 2248 5685 3300 5754">
    <p class='ocr_par' dir='ltr' id='par_1_132' title="bbox 2248 5685 3300 5754">
     <span class='ocr_line' id='line_1_133' title="bbox 2248 5685 3300 5754; baseline 0.006 -14"><span class='ocrx_word' id='word_1_904' title='bbox 2248 5685 2394 5753; x_wconf 80' lang='lat' dir='ltr'><strong>Lege</strong></span> <span class='ocrx_word' id='word_1_905' title='bbox 2437 5685 2705 5742; x_wconf 87' lang='lat' dir='ltr'><strong>Valerium</strong></span> <span class='ocrx_word' id='word_1_906' title='bbox 2739 5689 2832 5744; x_wconf 89' lang='lat' dir='ltr'><strong>lib.</strong></span> <span class='ocrx_word' id='word_1_907' title='bbox 2860 5703 2935 5754; x_wconf 81' lang='lat' dir='ltr'><strong>vr,</strong></span> <span class='ocrx_word' id='word_1_908' title='bbox 2963 5703 3016 5744; x_wconf 87' lang='lat' dir='ltr'><strong>c.</strong></span> <span class='ocrx_word' id='word_1_909' title='bbox 3049 5690 3103 5744; x_wconf 90' lang='lat'><strong>8.</strong></span> <span class='ocrx_word' id='word_1_910' title='bbox 3134 5689 3300 5746; x_wconf 71' lang='lat' dir='ltr'><strong>FABR.</strong></span> 
     </span>
    </p>
   </div>
   <div class='ocr_carea' id='block_1_133' title="bbox 2322 5755 3620 5832">
    <p class='ocr_par' dir='ltr' id='par_1_133' title="bbox 2322 5755 3620 5832">
     <span class='ocr_line' id='line_1_134' title="bbox 2322 5755 3620 5832; baseline 0.009 -21"><span class='ocrx_word' id='word_1_911' title='bbox 2322 5755 2411 5812; x_wconf 72' lang='lat' dir='ltr'><strong>l9.</strong></span> <span class='ocrx_word' id='word_1_912' title='bbox 2454 5756 2577 5813; x_wconf 87' lang='lat' dir='ltr'><strong>Diu.</strong></span> <span class='ocrx_word' id='word_1_913' title='bbox 2611 5758 2780 5816; x_wconf 86' lang='lat' dir='ltr'><strong>Abest</strong></span> <span class='ocrx_word' id='word_1_914' title='bbox 2823 5773 2854 5816; x_wconf 84' lang='lat' dir='ltr'><strong>a</strong></span> <span class='ocrx_word' id='word_1_915' title='bbox 2883 5759 3204 5832; x_wconf 85' lang='lat' dir='ltr'><strong>quibusdam</strong></span> <span class='ocrx_word' id='word_1_916' title='bbox 3251 5776 3383 5822; x_wconf 84' lang='lat' dir='ltr'><strong>mss.</strong></span> <span class='ocrx_word' id='word_1_917' title='bbox 3415 5771 3472 5823; x_wconf 85' lang='lat' dir='ltr'><strong>et</strong></span> <span class='ocrx_word' id='word_1_918' title='bbox 3497 5764 3620 5823; x_wconf 89' lang='lat' dir='ltr'><strong>edd.</strong></span> 
     </span>
    </p>
   </div>
  </div>
