4072 6156
528 235 634 296 967

1927 217 2132 276 PAULI
2169 213 2398 272 OROSII

3724 203 3822 263 9η

528 354 617 409 nis
647 365 838 423 parum
870 363 995 408 esse
1025 349 1378 421 intelligeret,
1419 345 1584 402 alium
1612 341 1908 412 compactis
1939 339 2115 394 liutri-
2144 341 2195 399 Α
2222 332 2457 402 Micipsa:
2501 327 2853 385 Numidarum
2906 327 3053 423 regis
3106 322 3415 423 adoptivus,
3475 321 3498 352 ⁸
3539 319 3819 423 hiemsque

530 447 633 501 bus
678 443 1002 512 catenisque
1047 456 1379 507 connexum,
1422 441 1443 470 ⁵
1470 435 1824 508 superstratis
1873 431 2131 489 confixis-

531 552 637 603 que
687 536 887 591 tabulis
932 534 952 564 ‘
982 533 1260 589 instruxit.
1302 532 1320 562 ⁷
1362 531 1628 586 Conserta
1685 542 1885 597 pugna,
1933 534 1988 580 ct
2037 524 2128 578 ditt

531 629 771 700 graviter
799 628 1024 697 agitata,
1058 625 1191 681 victi
1234 623 1398 688 Galli,
1446 621 1811 689 conversique
1837 618 1890 673 in
1926 617 2128 686 fugam,

533 719 662 775 dum
693 719 927 790 quisque
963 718 1069 774 sibi
1101 719 1276 781 timet,
1324 713 1667 770 coacervatis
1699 708 2006 767 inconsulte
2030 722 2129 777 ag-

532 809 836 877 minibus,"
857 819 913 865 et
945 822 1296 878 praepropero
1325 806 1554 861 transitu
1589 803 1768 874 pontis
1799 802 2011 857 vincula
2042 816 2130 855 ru-

535 909 758 974 perunt,
787 916 852 956 ac
882 915 1007 955 mox
1031 915 1152 955 cum
1184 899 1318 969 ipsis
1343 898 1597 953 lintribus
1619 893 1785 952 mersi
1811 903 1958 948 sunt.
1989 890 2133 947 Cen-

537 1002 650 1049 tum
679 993 955 1060 octoginta
987 991 1157 1046 millia
1195 998 1530 1045 armntoruui
1574 988 1624 1042 in
1657 985 1901 1043 exercitu
1946 982 2129 1039 Bituiti

535 1084 707 1141 fuisse
745 1082 1056 1149 traduntur,
1095 1097 1165 1138 ex
1203 1079 1440 1152 quibus“
1465 1089 1694 1136 centum
1739 1074 2131 1148 quinquaginta

530 1176 708 1232 millia
741 1175 829 1230 vel
860 1190 1002 1231 caesa
1034 1174 1121 1230 vel
1156 1189 1333 1230 mersa
1367 1180 1512 1228 sunt.
1548 1171 1591 1204 ¹⁰
1620 1171 1688 1240 ρ.
1718 1170 1951 1227 Marcius
1994 1184 2130 1232 con-

534 1269 622 1326 sul
653 1269 935 1326 Gallorum
976 1277 1199 1340 gentem
1233 1269 1273 1300 “
1303 1267 1406 1323 sub
1455 1266 1641 1322 radice
1672 1265 1910 1335 Alpium.
1938 1265 2128 1330 sitam,

538 1361 683 1416 bello
731 1374 1024 1432 aggressus
1069 1367 1156 1416 est
1190 1378 1201 1412 :
1235 1360 1324 1430 qui
1373 1373 1499 1415 cum
1549 1374 1610 1414 se
1656 1356 1913 1414 Romanis
1955 1356 2131 1426 copiis

543 1454 938 1524 circumseptos
966 1452 1235 1518 viderent,
1266 1451 1523 1521 belloque
1563 1450 1799 1520 impares
1829 1450 1945 1504 fore
1967 1449 2132 1507 intel-

538 1545 794 1615 ligerent,
837 1543 1041 1599 occisis
1078 1541 1402 1613 conjugibus
1446 1556 1511 1596 ac
1542 1541 1752 1605 liberis,
1802 1539 1856 1594 in
1886 1538 2132 1594 flammas

541 1651 666 1693 sese
695 1637 1068 1707 proiecerunt.
1101 1635 1205 1702 Qui
1232 1649 1363 1691 vero
1394 1632 1906 1705 praeoccupantibus
1932 1631 2135 1686 Roma-

2233 428 2374 481 intcr
2404 423 2681 478 naturales
2703 421 2817 491 ejus
2843 420 2981 474 filios
3014 418 3215 483 factus,
3251 417 3483 488 primum
3514 411 3820 469 cohmrcdes

2231 534 2392 586 suos,
2439 518 2492 573 id
2539 524 2654 582 est,
2691 514 3058 584 Hiempsalem
3106 511 3340 574 occidit,
3380 510 3402 541 "
3445 508 3823 573 Adherbalem,

2231 611 2377 668 bello
2422 611 2664 674 victum,
2716 606 2899 662 Africa
2949 605 3178 676 expulit.
3230 603 3579 674 Calpurnium
3638 601 3824 657 deinde

2231 707 2514 760 consulem
2545 701 2834 757 adversum
2881 715 2942 756 se
2983 700 3230 763 missum,
3279 698 3506 768 pecunia
3547 696 3820 764 corrupit,

2231 805 2393 867 atque
2415 796 2481 850 ad
2507 794 2851 864 turpissimos
2874 793 3215 848 cenditiones
3239 790 3387 862 pacis
3410 789 3658 844 adduxit.
3688 789 3818 843 Pric-

2235 899 2380 946 terea
2409 905 2541 944 cum
2565 888 2790 943 Romam
2821 888 2936 958 ipse
2973 887 2992 918 ⁸⁵
3024 886 3283 953 venisset,
3313 884 3569 940 omnibus
3597 884 3813 953 pecunia

2231 993 2325 1038 aut
2370 983 2670 1052 corruptis,
2705 989 2798 1036 aut
2842 979 3142 1047 attentatis,
3189 977 3487 1033 seditiones
3530 976 3824 1031 dissensio-

2234 1091 2439 1146 nesque
2464 1073 2782 1144 permiscuit
2806 1091 2819 1126 :
2845 1073 2866 1102 °
2893 1087 3053 1142 quam
3076 1087 3198 1127 cum
3231 1070 3609 1140 egrederetur,
3644 1068 3819 1124 infami

2235 1170 2368 1225 satis
2417 1169 2623 1224 notavit
2666 1168 2882 1238 elogio,
2937 1165 3122 1220 dicens
3150 1182 3164 1220 :
3195 1164 3239 1218 Ο
3288 1165 3466 1218 urbem
3509 1162 3746 1217 venalem
3783 1173 3824 1217 et

2236 1270 2438 1316 mature
2476 1261 2792 1332 perituram,
2819 1259 2864 1313 si
2895 1267 3177 1329 emptorem
3207 1256 3498 1310 invenerit!
3529 1254 3822 1324 lnsequcnti

2235 1366 2382 1407 anno
2427 1352 2495 1410 Α.
2543 1350 2912 1417 Postumium,
2967 1348 3229 1404 Postumii
3285 1347 3532 1403 consulis
3579 1347 3821 1411 fratrem,

2236 1458 2398 1514 quem
2427 1443 2472 1498 is
2503 1444 2522 1473 "
2556 1442 2912 1512 quadraginta
2942 1441 3172 1496 millium
3198 1449 3542 1495 armatorum
3573 1439 3820 1495 exercitui

2234 1534 2584 1604 praefecerat,
2612 1533 2754 1604 apud
2784 1533 3061 1588 Calamam
3091 1573 3107 1598 ,
3140 1532 3329 1587 urbem
3365 1531 3638 1587 thesauris
3675 1533 3821 1602 regiis

2239 1630 2404 1703 322
2433 1629 2667 1686 conditis
2715 1627 3015 1684 inhiantem
3047 1626 3191 1683 bello
3238 1626 3553 1696 Oppressit:
3587 1627 3608 1657 ⁸
3647 1625 3818 1694 cuique

545 1729 629 1784 nis
659 1729 981 1799 peragenda:
1015 1737 1143 1784 tunc
1173 1728 1365 1782 mortis
1395 1741 1509 1782 sua:
1536 1725 1749 1794 copiam
1795 1739 1900 1779 non
1933 1723 2140 1779 habue-
2173 1719 2215 1780 Β
2244 1725 2387 1779 victo
2416 1722 2989 1794 ignominiosissimum
3022 1721 3197 1778 fmdus
3227 1724 3247 1754 θ
3275 1719 3489 1791 exegit,
3525 1720 3814 1774 universam

546 1831 694 1887 rant,
719 1820 970 1890 captique
993 1819 1236 1886 fuerant,
1257 1819 1349 1872 alii
1373 1817 1542 1881 ferro,
1571 1816 1666 1871 alii
1693 1815 2013 1885 suspendio,
2042 1814 2134 1870 alii

539 1908 809 1982 abnegato
835 1911 958 1967 cibo
985 1925 1113 1966 sese
1151 1915 1650 1980 consumpserunt:
1697 1907 1990 1978 nullusque
2017 1921 2134 1962 om-

539 2002 667 2056 nino
689 2001 775 2056 vel
805 2001 1072 2071 parvulus
1091 2000 1387 2072 superfuit,
1422 1999 1464 2031 “
1493 1999 1588 2070 qui
1629 1998 1910 2054 servitutis
1947 1997 2135 2054 condi-

539 2093 746 2149 tionem
765 2081 901 2148 vitaa
924 2106 1114 2148 amore
1149 2092 1433 2148 toleraret.

1040 2225 1200 2299 321
1234 2223 1461 2284 CAPUT
1500 2223 1620 2281 xv.

533 2340 614 2397 De
643 2339 778 2396 bello
802 2339 1224 2411 JugurthinoLin
1255 2357 1354 2410 quo
1386 2339 1610 2393 Romani
1635 2340 1771 2393 varie
1796 2353 1912 2392 cum
1937 2335 2136 2411 Jugur-

841 2410 933 2465 tﬁa
963 2427 1083 2486 rege
1119 2410 1472 2466 Numidarum
1504 2417 1827 2483 pugnarunt.

612 2551 630 2582 ³
661 2549 820 2606 Anno
866 2550 936 2606 ab
985 2547 1132 2606 Urbe
1185 2549 1398 2604 condita
1451 2563 1712 2613 ncxxxrx,
1771 2549 1830 2603 P.
1879 2546 2135 2618 Scipione

539 2643 734 2700 Nasica
760 2651 814 2698 et
839 2642 900 2699 L.
926 2643 1227 2713 Calpurnio
1261 2642 1440 2698 Bestia
1483 2641 1819 2712 consulibus,
1855 2641 2134 2713 Jugurtha:

532 2735 890 2793 Numidarum
913 2735 1028 2806 regi
1058 2736 1263 2792 bellum
1290 2750 1560 2791 consensu
1584 2736 1767 2806 populi
1791 2735 2018 2791 Romani
2050 2751 2136 2791 se-

534 2837 696 2884 natus
723 2827 936 2883 indixit.
954 2828 1063 2884 Sed
1086 2843 1188 2898 ego
1213 2827 1282 2884 de
1304 2826 1568 2899 Jugurtha
1590 2828 1802 2886 ordinis
1824 2836 2034 2884 tantum
2054 2830 2136 2884 lo-

534 2935 624 2990 co,
655 2928 710 2976 et
743 2934 904 2976 causa
932 2919 1500 2988 commcmorationis,
1530 2918 1770 2975 breviter
1800 2922 2136 2990 perstrinxe-

535 3015 638 3071 rim
672 3056 688 3081 ,
744 3013 866 3084 quia
898 3023 956 3069 ut
1003 3013 1072 3069 de
1109 3021 1300 3069 natura
1334 3012 1453 3083 ejus
1496 3014 1646 3069 varia
1688 3022 1848 3083 atque
1877 3013 2137 3070 intolera-

2238 1831 2380 1888 pcne
2407 1817 2649 1872 Africam
2677 1831 2708 1870 a
2737 1813 2994 1870 Romanis
3035 1814 3405 1880 deficientem,
3448 1813 3490 1844 ¹⁰
3532 1827 3700 1882 regno
3735 1827 3817 1887 suo

2233 1908 2432 1978 junxit.
2479 1908 2673 1963 Postea
2719 1916 2898 1964 tamen
2929 1905 3129 1963 Metelli
3159 1905 3402 1961 consulis
3445 1903 3749 1974 integritate
3775 1912 3820 1958 ct

2238 1997 2527 2069 disciplina
2571 1998 2871 2060 coercitus.
2917 1997 3131 2052 duobus
3177 1997 3340 2052 etiam
3387 1995 3594 2066 praeliis
3645 1995 3817 2058 rictus,

2236 2090 2369 2146 vidit
2401 2099 2668 2160 praesente
2687 2104 2748 2146 se
2776 2098 2831 2145 et
2859 2088 3062 2144 vaSIai-i
3107 2086 3413 2142 Numidiam
3460 2101 3616 2141 suam
3645 2096 3694 2140 et
3715 2101 3808 2140 nan

2236 2195 2400 2252 posse
2429 2181 2643 2238 defendi
2673 2199 2684 2234 :
2719 2196 2746 2234 a
2779 2195 2886 2252 quo
2906 2180 2976 2236 ad
2999 2180 3327 2235 deditionem
3354 2187 3598 2243 coactus,
3617 2187 3814 2233 trecen-

2237 2283 2321 2330 tos
2345 2273 2564 2330 obsides
2589 2272 2768 2337 dedit,
2814 2272 3146 2327 frumentum
3173 2281 3337 2342 atque
3381 2270 3519 2324 alios
3570 2283 3819 2324 commeao

2238 2376 2323 2424 tus
2380 2367 2791 2438 persoluturum
2837 2381 2960 2422 sese
3002 2365 3325 2436 Spopondit,
3359 2365 3396 2395 “
3434 2363 3537 2417 tria
3583 2362 3817 2433 perfuga-

2237 2476 2360 2516 rum
2401 2461 2633 2531 amplius
2664 2459 2829 2515 millia
2858 2457 3112 2514 rcddidit.
3169 2457 3307 2511 Exin
3336 2470 3460 2510 cum
3512 2456 3555 2486 ¹²
3599 2456 3814 2510 incertus

2252 2552 2306 2607 in
2341 2566 2471 2623 paco
2501 2551 2778 2622 improbos
2801 2565 2907 2606 non
2932 2550 2974 2582 ¹⁸
2995 2549 3273 2604 cohiberet
3292 2562 3578 2611 excursus.
3603 2548 3663 2601 (Σ.
3682 2546 3816 2601 Marii

2237 2646 2508 2712 consulis,
2541 2661 2647 2699 non
2683 2645 2893 2699 minore
2923 2657 3061 2713 pene
3087 2657 3248 2713 quam
3283 2641 3398 2710 ipse
3429 2639 3694 2709 praeditus
3718 2647 3819 2694 erat

2237 2739 2456 2803 astutia,
2499 2737 2871 2807 Romanisque
2909 2735 3119 2789 viribus
3166 2732 3372 2790 fractus
3415 2742 3502 2788 est
3545 2749 3561 2787 :
3605 2733 3819 2788 maxime

2237 2841 2521 2902 postquam
2579 2830 2780 2885 Marius
2828 2827 3018 2884 urbem
3069 2827 3111 2859 “
3160 2827 3424 2896 Capsam,
3488 2827 3556 2881 ab
3609 2826 3818 2881 Hercule

2240 2924 2496 2981 Phoenice
2522 2923 2604 2995 (ut
2625 2921 2832 2994 ferunt)
2859 2920 3151 2986 conditam,
3172 2919 3334 2990 regiis
3358 2919 3402 2952 "
3424 2927 3551 2974 tunc
3569 2918 3814 2973 thesauris

2238 3015 2724 3084 confertissimam,
2751 3013 2876 3070 dolo
2906 3013 3268 3069 circumvenit
3293 3019 3347 3067 et
3375 3012 3536 3082 cepit.
3573 3009 3812 3066 Difﬁdens

534 3107 654 3176 bili,
677 3107 754 3163 ita
777 3115 833 3164 et
857 3106 927 3163 de
953 3106 1116 3162 rebus
1137 3114 1244 3161 tam
1267 3105 1476 3173 dolose,
1501 3121 1662 3177 quam
1685 3116 1906 3162 strenue
1934 3107 2124 3178 gestis,
2156 3107 2204 3172 (ἶ.
2233 3109 2429 3165 deinde
2448 3109 2491 3142 ¹⁶
2516 3109 2749 3180 propriis
2780 3109 2941 3164 rebus
2956 3116 3011 3164 et
3032 3107 3238 3162 viribus
3259 3105 3522 3176 Jugurtha
3545 3148 3562 3173 ,
3601 3106 3812 3161 societa-

537 3212 762 3273 pr0pter
783 3202 1024 3273 opimam
1055 3201 1384 3272 scriptorum
1418 3199 1772 3256 luculentiam
1802 3201 1822 3232 '
1854 3201 1988 3255 satis
2015 3199 2131 3256 suf-

537 3293 730 3354 ﬁciens
778 3293 923 3365 apud
969 3307 1160 3352 omnes
1211 3293 1403 3350 notitia
1452 3283 1556 3350 est.
1611 3291 1778 3364 Igitur
1835 3293 2125 3363 Jugurtha,

2239 3210 2345 3257 tem
2367 3215 2489 3257 cum
2521 3200 2736 3256 Boccho
2757 3200 3066 3255 Maurorum
3089 3213 3218 3268 rege
3249 3197 3401 3265 fecit,
3417 3197 3572 3267 cujus
3594 3197 3808 3267 equitatu

2235 3295 2290 3350 in
2303 3295 2627 3352 immensum
2645 3304 2856 3364 auctus,
2873 3293 3170 3350 Marianum
3184 3292 3478 3349 exercitum
3495 3291 3810 3348 creberrimis

1832 3405 2288 3466 HAVERCAMPI
2327 3409 2560 3468 ΝΟΤΕ.

609 3525 665 3582 5.
709 3523 1078 3596 Superslratis.
1103 3524 1274 3590 Meus,
1311 3524 1659 3596 superductis.

609 3596 665 3652 6.
707 3595 987 3651 Instruxit.
1031 3597 1200 3659 Meus,
1253 3595 1565 3651 construxit.
1612 3595 1868 3651 Perizon.
1922 3604 1977 3651 et
2016 3596 2127 3653 duo

536 3667 834 3731 Florentt.,
861 3669 1070 3723 struxit.
1105 3667 1212 3722 Sed
1241 3667 1510 3735 Longoh.,
1544 3669 1812 3722 instruxit.

609 3739 664 3794 7.
705 3739 958 3794 Conserta
978 3756 1174 3810 pugna.
1199 3739 1502 3807 Pugnatum
1525 3748 1606 3791 cst
1628 3741 1767 3810 apud
1792 3737 1989 3794 flumen
2018 3739 2129 3793 Isa-

537 3826 654 3867 ram
678 3819 804 3865 ante
832 3810 977 3866 diem
1011 3825 1064 3865 vt
1107 3809 1182 3865 id.
1223 3810 1452 3882 August.
1498 3809 1704 3865 Plinius
1736 3809 1876 3866 libro
1911 3827 2010 3878 vu,
2044 3825 2135 3866 ea-

537 3883 650 3936 nite
671 3880 762 3934 50.
788 3880 953 3936 Fann.

536 3883 650 3952 pile
671 3880 762 3952 59.
788 3880 953 3936 Fann.

609 3953 663 4006 8.
706 3951 775 4004 Et
807 3967 1138 4019 prazpropero
1178 3953 1426 4006 transitu.
1455 3952 1612 4007 Deest
1641 3951 1951 4021 coniunctio
1989 3961 2036 4006 et
2065 3953 2119 4006 in

539 4021 630 4078 ed.
660 4023 797 4091 Attg.
833 4036 928 4089 pro
967 4023 1211 4076 transitu.
1235 4022 1409 4091 Lugd.
1441 4022 1560 4074 Bat.
1603 4038 1689 4090 pr.
1720 4025 1912 4078 scribit
1942 4040 2119 4076 censu.

2300 3529 2354 3583 5.
2407 3528 2660 3584 Venisset.
2695 3529 2823 3584 Mss.
2855 3530 3042 3598 iidem,
3074 3531 3409 3600 pervenisset.

2301 3601 2354 3672 6.
2402 3600 2589 3672 Quam.
2626 3600 2728 3654 Ed.
2762 3600 3021 3672 August.,
3043 3617 3145 3670 qua
3166 3617 3288 3655 cum
3307 3601 3656 3672 egrederetur.

2305 3671 2356 3724 7.
2390 3670 2755 3739 Quadraginta
2780 3671 3029 3726 millium.
3063 3672 3152 3727 Sie
3177 3670 3393 3741 reposui
3418 3688 3487 3728 ex
3519 3686 3675 3726 mss.:
3699 3687 3802 3725 nam

2231 3741 2373 3811 quod
2401 3745 2449 3796 in
2492 3743 2669 3812 vulgg.
2697 3752 2802 3807 est,
2826 3743 3178 3812 quadraginta
3204 3743 3458 3808 millibus,
3491 3743 3699 3798 tolerari
3726 3760 3803 3796 nc-

2233 3815 2347 3883 quit
2376 3821 2600 3883 propter
2621 3813 2854 3868 similem
2881 3828 3090 3877 casum,
3113 3815 3204 3883 qui
3231 3815 3478 3883 sequitur
3502 3815 3756 3868 exercitui.

2308 3881 2594 3951 8.7Cuique
2620 3886 2776 3940 vieto.
2805 3885 2944 3940 Puto
2973 3899 3097 3939 esse
3119 3881 3472 3939 scribendum
3506 3887 3648 3954 eique
3670 3886 3801 3944 uicto.

2233 3955 2317 4008 vel
2347 3955 2433 4007 cui
2461 3971 2659 4022 quoque
2685 3957 2837 4008 ricta.
2857 3955 3042 4010 Deleta
3073 3955 3286 4021 cenula.
3311 3956 3533 4012 Veneta:
3564 3957 3680 4009 cdd.
3702 3971 3802 4010 (‘Ulll

2227 4027 2397 4095 prima
2445 4027 2674 4096 malunt,
2710 4029 2790 4079 cui
2818 4027 3114 4096 ricto._Pro
3162 4028 3436 4096 Oppressit,
3473 4027 3562 4082 ed.
3593 4027 3801 4094 August.

610 4092 664 4144 9.
705 4089 922 4166 Centum
952 4108 984 4147 ι.
1021 4092 1209 4166 millia.
1256 4089 1369 4166 llic
1397 4089 1684 4166 numerus_
1702 4101 1794 4166 est
1829 4095 1881 4148 in
1916 4095 2125 4166 nostris
2225 4089 2279 4152 et
2308 4095 2477 4166 Lugd.
2503 4097 2619 4149 Bal.
2647 4089 2796 4161 t'crt.,
2824 4112 2948 4152 cum
2970 4094 3112 4151 Coll.
3142 4089 3748 4166 Gronov.,'compres§it.

541 4163 924 4232 Manuseriptis
947 4162 1224 4218 omnibus.
1256 4163 1443 4217 Livius
1464 4162 1542 4216 ait
1566 4177 1629 4217 ex
1656 4163 1840 4219 Bituiti
1875 4165 2123 4219 exercitu

543 4247 690 4307 caesa
710 4233 1196 4307 milliaghominum
1221 4248 1347 4290 cxx.
1379 4233 1658 4304 Appianus
1688 4251 1906 4307 quoque
1932 4233 2126 4292 δώδεκα

540 4303 797 4382 “oppida;
825 4305 956 4382 edit.
987 4305 1156 4382 ABR.

2301 4169 2356 4221 9.
2399 4165 2609 4236 Exegit.
2643 4167 2918 4233 Peri20u.,
2949 4169 3189 4221 extorsit.

2302 4237 2391 4310 10.
2436 4236 2614 4310 Regna
2643 4254 2736 4292 suo
2767 4241 2956 4307 iunxit.
2990 4239 3091 4293 Ed.
3125 4241 3286 4308 Aug..
3314 4255 3473 4310 regno
3505 4240 3780 4310 subjuua’it.

2304 4306 2571 4382 μηΤῙὶα⁸
2584 4306 2924 4382 perfugarum
2955 4309 3175 4382 amplius
3205 4306 3393 4364 suam:
3432 4311 3506 4364 lla
3537 4306 3656 4382 cod.
3687 4309 3803 4366 Lon-

613 4362 837 4450 30._
861 4362 1094 4450 Marcius
1133 4376 1350 4450 consu_l._
1380 4375 1447 4442 Ω.
1497 4375 1735 4432 Marcius
1779 4377 1901 4450 Rea;
1937 4376 2124 4432 consul
2144 4362 2206 4444 ’1)
2231 4362 2364 4450 gob.
2383 4362 2494 4450 Sed
2524 4362 2616 4450 alii
2648 4362 2765 4432 tria"
2781 4380 3007 4449 amplius
3041 4362 3475 4436 'milliawvelvlria
3498 4362 3666 4436 millia
3688 4362 3807 4434 ius-

539 4461 664 4500 cum
703 4445 775 4501 Μ.
808 4447 1002 4502 Porcio
1031 4447 1240 4504 Catone
1277 4447 1379 4502 fuit
1422 4463 1566 4503 anno
1595 4463 1824 4507 ccxxxv.
1881 4449 1957 4506 De
1996 4462 2056 4504 re
2094 4463 2124 4504 a

542 4515 748 4571 Marcio
773 4528 938 4587 gesta,
966 4519 1150 4574 Livius
1181 4519 1277 4574 lib.
1312 4535 1440 4573 Lxu.
1474 4519 1638 4574 Fann.

612 4589 702 4642 11.
745 4589 856 4643 Sub
876 4591 1076 4645 radice.
1103 4589 1272 4656 Meus,
1305 4591 1398 4644 sub
1421 4591 1708 4648 radicibus.

611 4659 847 4742 12‘..Qui
893 4663 1178 4742 servitutis,
1222 4672 1347 4742 etc;
1384 4661 1678 4742 Perizon.,
1723 4663 1815 4734 qui
1863 4661 2126 4717 servitutis

541 4730 840 4786 conditione
863 4732 1020 4786 vitam
1040 4749 1074 4786 a
1095 4742 1257 4786 morte
1287 4732 1549 4788 liberavit.

609 4800 738 4856 CAP.
771 4800 964 4858 XV.--
985 4806 1038 4858 1.
1067 4803 1220 4857 Anno
1246 4803 1308 4857 ab
1350 4802 1478 4859 Urb.
1507 4804 1661 4858 cond.
1705 4819 1962 4860 ncxxnx.
1989 4802 2129 4859 Aliis

533 4880 619 4952 est
647 4887 822 4927 annus
849 4872 937 4928 hic
964 4890 1162 4952 ncgut.
1195 4873 1406 4952 Bellum
1421 4873 1824 4952 Iugurthinum,
1858 4891 1923 4930 ex
1950 4875 2128 4931 Sallu-

538 4945 644 4995 stio
671 4952 856 4998 notum
887 4959 991 5017 est.
1034 4945 1283 5017 Legenda
1314 4945 1560 5017 Epitouia
1604 4946 1825 5001 Liviana
1870 4961 1992 5001 thv
2022 4961 2127 5017 una

537 5025 661 5092 cum
682 5016 1052 5092 sequentibus.
1080 5015 1137 5071 lii
1169 5016 1362 5092 Orosio
1391 5015 1638 5092 invenies
1667 5017 1921 5092 quasdam
1941 5034 1970 5071 τι
2002 5016 2126 5092 Sal-

535 5081 699 5164 lustio
727 5098 832 5164 non
873 5085 944 5140 ita
987 5102 1267 5164 expressa.
1301 5085 1466 5164 ιζηῐι.
1494 5087 1641 5142 —ln
1681 5081 1854 5158 Lugd.
1888 5088 2028 5164 Datt.
2072 5087 2124 5141 in

540 5159 668 5234 tert.
697 5153 940 5223 quidem,
973 5168 1032 5212 ut
1060 5153 1126 5234 ct_
1141 5157 1282 5234 Coll.
1319 5157 1582 5234 Gronov,
1629 5153 1853 5215 ncxx'rtu
1895 5157 2125 5229 legitur;

539 5229 675 5306 at‘i‘n
707 5238 820 5306 sec.
853 5240 1065 5306 quanto,
1100 5229 1356 5306 Perizon.
1378 5238 1432 5284 et
1459 5229 1601 5298 Meo,
1632 5246 1830 5306 nxxxv.

610 5295 666 5348 2.
699 5295 841 5377 Soalis
867 5299 1152 5377 sufﬁciens.
1188 5300 1285 5377 Ed.
1329 5295 1595 5377 August,
1631 5303 1984 5377 satisfaciens.
2023 5301 2129 5377 Pro

542 5368 943 5448 prtestrinxerim
975 5368 1121 5424 Flor.
1156 5377 1236 5448 pr}
1272 5368 1436 5448 habet
1460 5368 1776 5428 strinxeritis.
1809 5373 1929 5427 Mox
1960 5375 2013 5428 in
2053 5375 2129 5428 ita

542 5446 588 5491 et
613 5439 1049 5502 coniunctionem
1080 5451 1127 5494 et
1149 5442 1292 5496 delet
1313 5441 1460 5497 Flor.
1495 5459 1608 5499 sec.

609 5509 662 5562 5.
683 5505 736 5562 11
741 5526 982 5586 lenesque.
1003 5511 1150 5568 Meus
1165 5511 1424 5585 Itan'csquc
1440 5516 1721 5581 institutus,
1744 5513 1886 5569 idem
1907 5516 2016 5586 ejus
2034 5513 2128 5571 dc-

538 5577 613 5634 let
633 5589 757 5634 ante
786 5577 942 5650 ﬁlios.

607 5650 664 5705 Ii.
705 5651 1066 5727 sta/icrtiatem.
1095 5655 1229 5717 Tres
1252 5653 1421 5727 Lugd.
1460 5655 1626 5727 Batt.,
1653 5671 1774 5714 cum
1806 5655 1945 5714 Coll.
1978 5656 2122 5714 Gro-

533 5734 659 5774 nov.
673 5761 686 5787 ,
724 5721 1089 5785 Iladerbalem.

2231 4449 2392 4521 ptius.
2424 4449 2560 4506 Cod.
2595 4449 2874 4519 Perlzou.,
2909 4453 3008 4506 tria
3054 4459 3100 4506 et
3139 4453 3364 4523 amplius
3391 4451 3558 4506 millia
3586 4455 3812 4524 perfugae

2231 4538 2396 4677 7mg.
2437 4593 2676 4679 Incertus
2703 4593 2756 4646 in
2806 4610 2970 4679 pace.
2987 4592 3084 4647 Ed.
3117 4593 3346 4679 august.
3402 4594 3564 4679 habet
3594 4608 3810 4679 rerepIus

2229 4665 2285 4718 in
2315 4679 2440 4734 pace
2463 4664 2549 4718 vel
2578 4679 2775 4732 pacem.
2810 4665 2916 4720 Sed
2943 4663 3226 4734 Jugurtha
3253 4679 3355 4735 pax
3390 4665 3511 4720 data
3544 4682 3646 4720 non
3683 4663 3773 4720 fuit
3794 4708 3807 4727 .

2231 4734 2870 4806 Metelloiautem‘statim
2903 4735 3166 4791 successit
3203 4735 3428 4791 Marius.
3454 4739 3524 4792 At
3561 4736 3806 4806 Jugurtha

2230 4808 2343 4861 suis
2371 4805 2578 4862 artibus
2598 4821 2628 4861 a
2659 4803 2876 4860 Metello
2897 4807 3117 4874 petitus,
3149 4808 3427 4875 quamvis,
3462 4803 3668 4862 traditis
3697 4823 3807 4876 per-

2231 4876 2393 4947 fugis,
2429 4877 2690 4932 hactenus
2720 4876 2987 4947 imperata
3008 4875 3252 4946 fecisset,
3277 4877 3477 4933 dillldit
3508 4887 3677 4934 tamen
3699 4875 3813 4933 me-

2231 4947 2337 5003 rito
2361 4948 2641 5005 Romanis.

2306 5019 2393 5074 15.
2433 5017 2667 5090 Cohibet.
2696 5017 2866 5090 Lugd.
2890 5019 3043 5090 ,Batt.
3079 5026 3214 5085 tres,
3246 5033 3370 5074 eum
3408 5020 3542 5076 Coll.
3574 5021 3803 5077 Gronov.

2231 5091 2489 5214 ztbtrilius
2529 5089 2824 5156 Florentt.,
2854 5089 2934 5146 sic
2962 5091 3206 5146 scribere
3229 5090 3464 5164 jubenta
3482 5091 3664 5164 Vulgo,
3690 5109 3808 5163 pro-

2271 5177 2284 5214 ι
2324 5177 2449 5215 ere-

2304 5201 2678 5303 '11:..Capsani,
2715 5232 2780 5303 ab
2827 5231 3051 5287 Hercule
3084 5231 3349 5303 Phoenice.
3386 5233 3635 5289 Hercules
3661 5233 3807 5303 Libys

2233 5303 2425 5379 dicitur
2453 5317 2483 5356 a
2512 5301 2795 5379 Sallustio.
2835 5303 3030 5360 Strabo
3056 5305 3147 5379 lib.
3177 5301 3276 5358 ult.
3321 5305 3495 5377 ιὰψαν
3519 5308 3576 5362 τὸ
3602 5301 3808 5379 79:97.5-

2232 5375 2396 5450 )o'ottou
2421 5382 2512 5450 φῦ
2541 5374 2836 5450 Ἰουγούρθα
2864 5385 3040 5450 vocat,
3074 5375 3242 5450 Facit.

2233 5447 2392 5572 arts.
2433 5445 2602 5501 Tunc.
2652 5443 2825 5502 'Abest
2874 5463 2904 5501 a
2953 5443 3124 5502 tribus
3177 5446 3350 5519 Lugd.
3403 5448 3543 5505 Batt.
3590 5457 3644 5505 et
3672 5447 3800 5504 Coll.

2350 5534 2474 5572 llOV.

2305 5559 2417 5664 ξ’
2431 5559 2672 5662 Pmpriis
2698 5591 2868 5648 rebus.
2896 5589 3111 5663 Vulgg.,
3145 5599 3192 5647 et
3221 5593 3446 5664 oropriis
3482 5594 3650 5663 rebus,
3679 5601 3802 5660 etc.,

2234 5659 2328 5718 sed
2359 5659 2555 5718 contra
2575 5675 2706 5719 mss.
2777 5673 2781 5677 '
