4088 6170
528 243 633 303 951

1935 244 2143 305 PAULI
2179 247 2406 312 OROSll

3715 259 3825 316 952

530 358 644 430 pho
669 363 793 412 ante
817 355 978 429 325
1000 367 1221 412 currum
1247 367 1370 412 cum
1404 353 1617 414 duobus
1654 355 1780 414 ﬁliis
1805 357 1920 415 suis
1951 369 2128 428 actus,
2155 362 2213 426 Α
2233 367 2444 435 consul,
2479 365 2536 423 in
2561 364 2738 424 Gallia
2763 364 3059 437 Tigurinos
3081 406 3096 433 ,
3125 366 3173 399 ³³
3199 380 3373 439 usque
3403 366 3677 426 Oceanum
3705 387 3828 442 pero

533 453 580 485 ³³
601 459 657 507 et
676 465 801 505 mox
816 452 870 505 in
886 464 1112 505 carcere
1126 449 1497 520 strangulatus
1515 459 1619 506 est.
1651 450 1699 483 ³⁸
1717 450 1916 508 Iisdem
1939 452 2134 509 diebus

533 546 830 601 obscenum
863 542 1167 614 prodigium
1207 556 1271 596 ac
1310 542 1468 597 triste
1491 543 1666 599 visum
1694 551 1797 599 est.
1836 542 1882 577 ³⁸
1909 544 1970 599 L.
2004 545 2134 601 [lel-

531 642 676 710 vius,
713 653 882 710 eques
909 638 1206 706 Romanus,
1227 653 1350 693 cum
1363 653 1534 694 uxore
1563 648 1619 694 et
1640 639 1772 706 lilia,
1798 640 1844 672 ³⁸
1864 640 1931 697 dc
1955 641 2134 721 Poma

531 737 589 792 in
623 733 874 805 Apuliam
924 731 1174 795 rediens,
1206 740 1536 802 tempestate
1565 741 1882 804 correptus,
1920 750 2046 790 cum
2074 735 2138 790 fi-

534 830 664 886 liam
697 833 1104 886 consternatam
1135 825 1382 893 videret,
1407 835 1467 881 ut
1493 825 1654 882 citius
1683 827 2031 898 prepioribus
2058 837 2137 885 te-

535 923 642 978 ctis
697 919 1086 984 succederent,
1130 916 1337 972 relictis
1381 917 1648 973 vehiculis
1703 917 1748 949 ⁸⁷
1796 918 2138 990 arreptisque

535 1014 712 1085 cquis,
741 1011 905 1066 ﬁliam
939 1010 1228 1080 virginem,
1259 1024 1402 1080 equo
1431 1009 1787 1079 insidentem,
1820 1010 1873 1065 in
1900 1011 2135 1066 medium

533 1119 729 1175 agmen
761 1101 995 1172 accepit.
1019 1100 1065 1132 ³⁸
1095 1099 1280 1156 Puella
1310 1101 1570 1156 continuo
1601 1101 1710 1157 ictu
1737 1100 1982 1158 fulminis
2012 1118 2138 1158 exa-

535 1199 744 1255 nimata
772 1205 878 1253 est.
913 1194 1022 1251 Sed
1050 1194 1307 1250 omnibus
1337 1193 1459 1249 sine
1495 1194 1734 1250 scissura
1768 1193 1944 1265 aliqua
1972 1195 2141 1250 vesti-

539 1291 748 1348 mentis
774 1288 1065 1358 ademptis,
1096 1301 1160 1341 ac
1183 1286 1416 1357 pectoris
1440 1286 1748 1357 pedumque
1775 1286 2004 1342 vinculis
2026 1286 2138 1342 dis-

543 1381 772 1449 solutis,
813 1377 1106 1435 monilibus
1143 1375 1306 1432 etiam
1337 1377 1660 1448 annulisque
1688 1376 1982 1446 discussis,
2016 1377 2140 1447 ipso

540 1488 758 1545 quoque
784 1486 1018 1542 corpore
1058 1469 1272 1540 illmso,
1305 1470 1408 1526 nisi
1441 1470 1584 1541 quod
1616 1469 1917 1526 obscenum
1944 1471 2000 1526 in
2027 1486 2146 1526 mo-

539 1568 665 1625 dum
692 1566 858 1631 nuda,
887 1573 943 1621 et
964 1565 1146 1636 lingua
1167 1563 1444 1634 paululum
1473 1563 1895 1634 exscrtajacuit,
1916 1564 1960 1598 ³³
1973 1579 2145 1635 equus

536 1673 755 1729 quoque
795 1657 942 1727 ipse,
982 1670 1092 1726 quo
1138 1654 1434 1722 utebatur,
1467 1654 1514 1687 ³ο
1551 1658 1842 1720 straturis,
1887 1655 2055 1712 frenis
2092 1665 2148 1712 et

2237 469 2457 518 secutus
2474 503 2489 529 ,
2518 475 2844 531 rursumque
2865 461 2936 516 ab
2949 460 3155 517 eisdem
3179 462 3392 518 insidiis
3406 464 3828 535 circumventus,

2237 555 2452 626 occisus
2483 562 2589 610 est.
2621 553 2668 586 ⁸⁸
2695 553 2896 609 Lucius
2931 570 3149 626 quoque
3189 556 3335 623 Piso,
3373 557 3460 614 vir
3498 560 3830 628 consularis,

2235 646 2445 716 legatus
2467 644 2643 702 Cassii
2675 645 2939 713 consulis,
2969 645 3014 678 ‘7
3037 647 3375 704 interfectus.
3395 649 3516 705 “C.
3549 650 3831 722 Popillius,

2237 735 2377 791 alter
2404 737 2649 808 legatus,
2679 751 2746 792 ne
2785 736 3003 792 residua
3041 738 3318 793 exercitus
3359 741 3582 809 portio,
3621 756 3745 811 qua:
3789 743 3838 797 in

2238 835 2415 883 castra
2466 826 2820 898 confugerat,
2854 828 3163 895 deleretur,
3206 829 3429 886 obsides
3456 841 3516 886 et
3556 830 3840 889 dimidiam

2239 931 2447 992 partem
2477 937 2664 977 rerum
2702 921 2944 976 omnium
2975 921 3256 993 Tigurinis
3285 923 3607 994 turpissimo
3639 924 3841 981 findere

2239 1013 2412 1080 dedit,
2445 1013 2534 1083 qui
2566 1012 2794 1067 Romam
2828 1027 3086 1068 reversus
3107 1055 3123 1080 ,
3157 1028 3188 1068 a
3216 1013 3390 1070 Coelio
3424 1014 3643 1070 tribuno
3670 1016 3841 1086 plebis

2240 1107 2331 1163 die
2371 1106 2538 1173 dicta,
2590 1119 2658 1161 eo
2701 1106 2847 1175 quod
2904 1105 3182 1176 Tigurinis
3225 1106 3448 1163 obsides
3496 1107 3760 1173 dederat,
3794 1110 3840 1163 in

2242 1197 2495 1254 exsilium
2529 1195 2784 1268 profugit,
2815 1196 2860 1230 "
2889 1195 3076 1267 Cmpio
3114 1199 3476 1266 proconsule,
3517 1209 3676 1268 capta
3714 1199 3844 1254 urbe

2243 1289 2565 1354 Gallorum;
2597 1289 2686 1344 cui
2718 1302 2920 1343 nomen
2958 1297 3042 1343 est
3080 1288 3317 1355 Tolosa),
3354 1289 3400 1320 '°
3440 1298 3659 1345 centum
3701 1292 3844 1346 mille

2244 1381 2425 1454 pondo
2475 1382 2617 1447 auri,
2650 1388 2708 1436 et
2734 1380 2948 1451 argenti
2982 1389 3204 1435 centum
3246 1389 3303 1437 et
3349 1381 3539 1438 decem
3590 1382 3782 1448 mille,
3816 1398 3845 1439 e

2246 1475 2451 1544 templo
2481 1473 2749 1542 Apollinis
2787 1457 3052 1528 sustulit:
3076 1471 3222 1542 quod
3264 1487 3388 1528 cum
3413 1472 3482 1528 ad
3512 1473 3806 1528 Massiliam
3827 1513 3841 1538 ,

2245 1567 2472 1621 amicam
2503 1564 2708 1635 populo
2737 1563 2982 1619 Romano
3017 1562 3211 1619 urbem
3233 1604 3248 1629 ,
3281 1578 3407 1619 cum
3436 1564 3715 1636 praesidiis
3744 1566 3842 1621 mi-

2247 1660 2441 1725 sisset,
2475 1657 2778 1715 interfectis
2807 1658 2946 1713 clam
2981 1656 3164 1731 (sicut
3190 1657 3410 1728 quidam
3437 1658 3844 1732 contestantur)

539 1749 775 1820 cingulis
820 1745 1105 1801 dissolutis
1156 1744 1361 1815 passim
1415 1758 1496 1815 ac.
1527 1745 1828 1815 dispersis,
1869 1744 2144 1801 exanimis
2170 1751 2219 1812 B
2247 1752 2444 1822 quibus
2478 1765 2544 1807 ea
2577 1750 2935 1806 custodienda
2965 1759 3022 1806 ct
3061 1749 3410 1821 pervehenda
3457 1751 3838 1817 commiserat,

540 1839 735 1912 procul
756 1837 951 1907 jacuit.
985 1835 1163 1890 Parvo
1196 1845 1320 1904 post
1347 1834 1451 1890 hoc
1472 1833 1514 1867 “
1548 1835 1853 1891 intercessu
1886 1838 2148 1907 temporis

540 1932 586 1965 "
617 1933 683 1988 L.
701 1930 976 1996 _Veturius
994 1969 1009 1994 ,
1039 1942 1212 1998 eques
1231 1927 1534 1998 Romanus,
1563 1927 1835 1984 IEmiliam
1852 1931 2017 2002 326
2039 1931 2148 1986 vir-

541 2026 724 2096 ginem
750 2021 1021 2078 Vestalem
1053 2019 1262 2076 furtivo
1301 2029 1490 2091 stupro
1521 2021 1735 2091 polluit.
1760 2021 1807 2053 "
1840 2023 1980 2078 Duas
2008 2038 2147 2092 prae-

544 2129 696 2174 terea
722 2115 960 2186 virgines
993 2113 1242 2170 Vestales
1269 2113 1459 2169 eadem
1496 2113 1718 2170 Emilia
1741 2114 1816 2170 ad
1857 2115 2150 2187 participa-

541 2209 745 2264 tionem
775 2204 970 2261 incesti
997 2203 1317 2259 sollicitatas
1339 2246 1355 2272 ,
1385 2205 1874 2266 contubernalibus
1902 2205 1985 2261 sui
2015 2221 2145 2262 cor-

544 2297 786 2368 ruptoris
831 2295 1085 2366 exposuit
1123 2309 1189 2350 ac
1228 2294 1470 2352 tradidit.
1514 2294 1722 2352 Indicio
1773 2312 1872 2368 per
1922 2312 2141 2355 servum

542 2388 712 2454 facto,
745 2385 1070 2457 supplicium
1108 2385 1180 2442 de
1212 2385 1468 2441 omnibus
1497 2396 1773 2458 sumptum
1811 2396 1913 2443 est.
1945 2388 2144 2446 Iisdem

542 2492 811 2554 pratterea
854 2479 1168 2554 Jugurtbini
1212 2480 1345 2537 belli
1374 2480 1711 2553 temporibus
1743 2481 1790 2514 “
1822 2482 1887 2539 L.
1923 2481 2145 2539 Cassius

2245 1853 2442 1898 cuncta
2481 1856 2583 1912 per
2632 1840 2814 1897 scelus
2869 1841 3080 1896 furatus
3131 1839 3303 1896 fuisse
3349 1849 3606 1896 narratur
3647 1859 3665 1896 :
3707 1841 3841 1896 unde

2245 1935 2410 1992 etiam
2441 1947 2632 2006 magna
2662 1934 2897 2006 qumstio
2927 1941 3051 2004 post
3074 1933 3265 1988 Roma:
3294 1932 3338 1966 "
3367 1942 3489 1989 acta
3516 1943 3631 1990 est.

2735 2067 2896 2140 327
2935 2065 3164 2144 CAPUT
3203 2065 3347 2122 XVI.

2251 2207 2332 2265 De
2380 2207 2512 2262 bello
2560 2206 2916 2262 Romanorum
2964 2203 3213 2259 adversus
3260 2201 3518 2267 Cimbros,
3561 2202 3842 2269 Teutonas,

2323 2277 2555 2348 aliasque
2602 2286 2778 2348 gentes
2809 2283 2955 2348 gesto
2982 2290 3006 2348 _:
3049 2276 3137 2348 ubi
3169 2283 3229 2348 et
3259 2274 3411 2348 uarie
3449 2277 3710 2346 utrimque
3753 2293 3847 2346 pu-

2320 2344 2555 2422 gnatum,
2585 2344 2675 2403 sed
2701 2344 2861 2402 Marii
2899 2346 3162 2401 industria
3188 2344 3413 2400 Romani
3434 2344 3773 2415 superarunt.
3820 2420 3845 2431 γ’

2325 2485 2340 2517 ⁸
2369 2483 2528 2540 Anno
2556 2483 2626 2540 ab
2646 2481 2796 2540 Urbe
2833 2479 3051 2538 condita
3083 2494 3287 2547 DCXLII,
3316 2477 3380 2535 C.
3405 2479 3426 2512 ³
3453 2478 3693 2536 Manlius
3719 2495 3844 2537 con-

1835 2593 2290 2654 IIAVERCAMPI
2327 2595 2560 2655 NOTE.

620 2711 714 2768 35.
745 2709 818 2765 Et
849 2727 971 2766 mox
1005 2711 1063 2766 in
1087 2725 1312 2782 carcere.
1341 2710 1798 2782 Conjunctionem
1827 2717 1876 2764 et
1905 2725 1974 2782 ex
2004 2726 2136 2782 mss.

551 2782 842 2848 omnibus,
870 2782 1200 2853 astipulante
1228 2780 1317 2836 ed.
1361 2780 1501 2851 Aug.
1526 2781 1893 2853 reposuimus.
1927 2780 1985 2835 In
2016 2781 2142 2850 ﬁliis

556 2854 664 2917 suis
693 2851 1066 2923 posteriorem
1085 2866 1273 2907 vocem
1303 2853 1550 2923 quaedam
1577 2851 1935 2923 edd.__delent.

624 2921 714 2979 54.
750 2922 946 2977 Iisdem
966 2922 1143 2977 diebus
1187 2921 1462 2978 obscenum
1497 2923 1649 2989 prod.
1693 2921 1809 2977 Hoc
1837 2921 2146 2993 prodigium

549 2993 790 3051 triennio
826 3003 962 3064 ante
1028 2993 1228 3064 bellum
1284 2993 1667 3064 Jugurthinum
1730 2994 1944 3059 evenit,
2001 2993 2143 3048 Man.

551 3065 725 3121 Acilio
746 3063 939 3132 Balbo,
977 3064 1036 3119 C.
1069 3063 1266 3120 Porcio
1293 3063 1499 3120 Catone
1524 3079 1667 3120 coss.
1701 3079 1844 3119 anno
1870 3078 2111 3128 pcxxnx
2129 3106 2145 3133 ,

555 3145 617 3193 ut
638 3135 831 3192 scribit
857 3134 1195 3205 Obsequens.
1232 3135 1400 3190 Fann.

602 3209 714 3262 55.
747 3205 813 3260 L.
847 3204 1100 3272 Helvius,
1139 3220 1291 3275 eques
1337 3208 1629 3261 Romanus.
1673 3205 1848 3277 Vulgo
1886 3205 2150 3262 mendose

555 3287 748 3348 contra
767 3278 1012 3348 om_mum
1032 3285 1285 3348 veterum
1317 3278 1576 3348 librorum
1610 3283 1988 3333 auctoritatem
2019 3279 2152 3348 legi-

557 3360 668 3413 tur,
696 3347 762 3401 L.
803 3345 1008 3402 /Elius.
1057 3347 1260 3402 Eadem
1294 3350 1488 3416 injuria
1522 3347 1714 3402 Helvio
1749 3349 1888 3403 facta
1918 3357 2038 3403 erat
2075 3345 2149 3404 ab

560 3418 714 3472 {Elia
745 3416 886 3484 apud
933 3417 1141 3471 Livium
1193 3418 1291 3472 lib.
1330 3434 1503 3484 χχιιι,
1553 3434 1712 3488 quam
1761 3417 2034 3487 Sigonius,
2069 3421 2151 3474 vir

559 3489 861 3544 acerrimus
884 3489 936 3540 in
961 3487 1269 3555 hujusmodi
1296 3491 1556 3544 monstris
1574 3487 1952 3555 conﬁciendis,
1978 3490 2152 3544 vindi-

560 3531 861 3614 ἓςῖἷιῖίῗῖἵ
881 3531 1269 3627 ὃύὲίἑῖιῖιὶῖῐῖιζ
1294 3531 1557 3628 ξὶἓόὶίἷίςὶίἔ.
1578 3531 2152 3629 ”ῐδὶ;ἰἷῆἓέἓὲι“ὲ’”ὶ1ἓείἰὶῖιὶε
2181 3531 2226 3593 C

558 3632 756 3685 vitioso
796 3629 979 3698 priore
1022 3630 1244 3683 nomine
1288 3629 1504 3699 legitur.
1543 3629 1788 3684 Helvium
1827 3641 1976 3686 recte
2015 3632 2156 3686 hunc

561 3701 837 3756 nominari
865 3700 1028 3754 etiam
1059 3714 1125 3754 ex
1156 3702 1560 3768 Quaestionibus
1583 3701 1842 3755 Romanis
1881 3702 2156 3757 Plutarchi

560 3772 910 3844 cognoscitur
943 3788 955 3824 :
988 3769 1392 3844 ubivirgolttec
1417 3771 1640 3826 fulmine
1670 3773 1772 3827 icta
1787 3773 1958 3828 Ἐλϐία
1985 3776 2157 3827 nomi-

563 3854 746 3910 natur.
782 3843 1049 3896 Diaconus
1087 3843 1188 3896 hoc
1221 3843 1522 3912 prodigium
1553 3858 1675 3898 cum
1718 3844 2000 3898 Ciceronis
2033 3853 2156 3898 ortu

563 3915 873 3984 conjungit,
926 3913 1120 3984 credo,
1168 3913 1314 3982 quod
1359 3915 1513 3984 virgo
1564 3915 1651 3967 illa
1682 3912 1918 3976 Helviis,
1968 3915 2156 3968 matris

568 3983 639 4036 Μ.
673 3982 1104 4052 'l‘nlliiLgcntilis
1127 3993 1301 4046 esset;
1331 3999 1435 4052 qua
1455 3982 1534 4036 'de
1563 3999 1620 4037 re
1651 3985 1802 4051 plura
1832 3985 2075 4039 dixeram
2104 3987 2157 4040 in

568 4052 834 4106 Ciceronis
876 4052 1014 4114 Vita,
1062 4066 1224 4118 quam
1249 4053 1360 4120 jam
1400 4055 1763 4121 publicasscm
1809 4056 1909 4108 nisi
1931 4071 1998 4108 eo
2021 4064 2158 4112 tem-

567 4139 704 4194 pore
727 4123 856 4194 Sch.
880 4122 1118 4194 Corradj
1149 4121 1408 4194 Egnatius
1438 4123 1630 4177 fuisset
1655 4122 1852 4178 editus.
1883 4125 2049 4178 Faun.

639 4196 727 4248 56.
764 4190 1060 4266 De_R_oma.
1082 4191 1478 4266 ﬂectiusdicas
1509 4194 1679 4248 Roma
1713 4195 1768 4248 in
1799 4195 2046 4266 Apuliam
2071 4212 2159 4251 re-

566 4263 737 4330 diens,
772 4273 829 4318 ut
850 4263 1050 4318 habent
1082 4263 1273 4334 Vulgg.
1297 4264 1405 4319 Sed
1435 4280 1557 4318 cum
1592 4280 1723 4318 mss.
1757 4266 1824 4320 ad
1849 4263 2015 4320 unum
2043 4282 2159 4322 om-

566 4351 703 4400 nes,
752 4335 1082 4404 astipulante
1125 4336 1216 4388 ed.
1250 4340 1505 4406 August.,
1543 4335 1834 4403 praeferant
1874 4339 1938 4390 de
1967 4337 2157 4406 Roma,

566 4408 854 4462 immutare
881 4406 1170 4460 lectionem
1198 4407 1473 4476 antiquam
1507 4406 1678 4460 nolui.

639 4479 730 4531 57.
752 4475 1083 4549 Arrcptisque
1106 4479 1268 4547 cquis.
1299 4475 1434 4533 Tres
1464 4478 1634 4548 Lugd.
1682 4479 1825 4534 Batt.
1862 4493 1986 4535 cum
2015 4477 2158 4536 Coll.

565 4547 808 4618 Gronov.
840 4547 1092 4618 correptis
1124 4551 1287 4618 equis.
1554 4547 1565 4548 ί
1939 4595 1951 4606 .

631 4619 731 4691 ὃὸ.
760 4617 971 4691 Puella.
1011 4618 1146 4672 Edd.
1170 4618 1415 4691 quaedam
1443 4620 1621 4691 puella
1650 4620 1788 4684 vero,
1819 4629 2006 4676 contra
2028 4637 2157 4679 mss.

642 4689 731 4744 39.
759 4687 939 4760 Equus
961 4687 1322 4763 quoqua—etc.
1350 4690 1406 4744 In
1434 4687 1552 4745 illeo
1573 4699 1732 4760 atque
1750 4692 1998 4747 Perizou.
2033 4694 2165 4763 legi-

464 4782 470 4783 ν
568 4771 679 4828 tur,
699 4776 1108 4834 _equus_quoque,
1140 4777 1240 4830 quo
1261 4762 1370 4834 ipse
1400 4763 1661 4827 utebatur,
1687 4765 1837 4832 quasi
1866 4764 1932 4816 ad
1965 4762 2162 4834 equum

568 4831 749 4904 patris
790 4832 968 4904 l-lelvii
1017 4832 1119 4887 hoc
1151 4833 1486 4902 pertineret,
1525 4836 1670 4902 quod
1706 4831 1817 4889 non
1869 4831 2032 4904 puto:
2057 4835 2162 4891 Ed.

569 4906 710 4971 Aug.
737 4903 845 4971 ipse
866 4902 1032 4957 delet.

641 4977 731 5030 40.
761 4976 1043 5046 Straluris.
1085 4975 1258 5046 Lugd.
1293 4975 1435 5030 Batt.
1485 4984 1717 5044 quatuor
1759 4984 1814 5032 et
1855 4976 1995 5034 Ultr.
2034 4993 2157 5034 cum

571 5045 713 5173 Cgll.
740 5045 1006 5116 Gronov.,
1035 5045 1309 5103 δίναισι-ἥδ.
1338 5046 1396 5102 lu
1419 5047 1668 5103 Perizou.
1702 5063 1830 5104 mox
1859 5050 2045 5121 procul
2066 5051 2162 5107 de-

571 5136 616 5173 51
659 5127 863 5173 oratur.

566 5119 648 5176 sid
659 5127 863 5176 eratur.

640 5188 733 5245 41.
764 5188 1078 5244 lntercessu.
1109 5190 1357 5248 Perizon.
1379 5198 1435 5246 et
1461 5190 1582 5247 cdd.
1606 5191 2158 5261 qumtlaminteruallo,

573 5277 694 5333 qua:
727 5261 1042 5331 glossa‘est,
1076 5277 1204 5317 nam
1228 5263 1284 5318 in
1312 5264 1560 5319 Perizon.
1595 5264 1812 5319 additur
1840 5264 2164 5334 iusupcrin-

574 5345 818 5389 ῑενοεεδα.

644 5405 737 5486 42.
867 5401 1134 5486 Veturius.
1177 5409 1437 5486 Ιξουτέτιος
1465 5410 1728 5486 Βᾲρϐαρος
1765 5407 2073 5486 nominatur
2112 5407 2166 5460 in

571 5479 727 5536 libris
759 5475 1068 5549 Plutarchi,
1117 5478 1212 5549 sed
1240 5494 1360 5549 ego
1413 5475 1648 5534 malt'cm'
1687 5485 1869 5549 legere
1906 5476 2166 5549 Βετούτιος

572 5547 949 5629 suppositam
984 5546 1316 5629 Porphyrio,
1353 5550 1623 5620 interpres
1664 5546 1901 5616 Horatii,
1941 5549 1994 5604 in
2035 5547 2168 5604 illud

577 5617 764 5693 Sa't'yr.
793 5617 826 5673 6
857 5617 952 5673 lib.
986 5635 1002 5672 1
1029 5617 1355 5675 Sermonqu
1383 5638 1397 5676 :

701 5712 766 5777 1_J't
784 5713 826 5762 si
847 5713 932 5776 qui
949 5719 1161 5777 aegrotet
1182 5727 1280 5777 quo
1302 5714 1472 5768 morbo
1491 5713 1703 5776 Barrus,
1726 5711 1898 5764 haberi

699 5773 763 5834 ἢ,
778 5773 941 5835 cupiat
963 5773 1240 5828 formosus:

2225 2712 2453 2767 Scribit
2475 2709 2700 2764 Barrum
2723 2709 2999 2766 incestum
3023 2722 3148 2764 cum
3167 2706 3242 2763 /E
3247 2706 3392 2762 milia
3419 2709 3611 2764 vestali
3633 2709 3842 2767 fecisse.

2246 2782 2312 2838 T.
2339 2781 2573 2853 Betutius
2600 2781 2817 2853 Barrus,
2851 2779 3163 2853 Asculanus,
3186 2779 3291 2836 illis
3314 2781 3658 2851 temporibus
3681 2797 3844 2853 agno-

2247 2854 2420 2910 scitur
2450 2868 2481 2906 a
2511 2852 2776 2908 Cicerone
2800 2852 2854 2906 in
2883 2851 3071 2905 Bruto.
3095 2849 3264 2906 FABR.

2320 2925 2413 2979 45.
2447 2923 2592 2978 Duas
2615 2930 2866 2995 pralcrea
2901 2921 3162 2995 virgines,
3185 2921 3442 2995 Liciniam
3471 2920 3841 2995 ethMarciam,

2252 2995 2531 3050 Plutarch.
2570 2991 2625 3050 et
2652 2994 2770 3050 Liv.
2803 2993 2899 3049 lib.
2939 2991 3101 3058 Lsm,
3137 2991 3339 3048 Ascon.
3384 2992 3438 3046 in
3477 2991 3840 3050 Milonianam.

2253 3066 2419 3122 FABR.

2323 3138 2414 3192 44.
2449 3135 2513 3190 ι..
2536 3134 2751 3190 Cassius
2779 3133 2982 3189 consul.
3008 3131 3230 3189 Cassius
3257 3133 3446 3190 consul
3477 3150 3602 3189 cum
3631 3135 3698 3190 C.
3731 3137 3846 3192 Ma-

2252 3208 2336 3262 rio
2363 3223 2505 3262 anno
2534 3221 2725 3261 θοςινι
2759 3207 2812 3260 in
2844 3205 3020 3261 Gallia
3063 3221 3094 3258 a
3135 3204 3407 3274 Tigurinis
3456 3206 3674 3260 occisus
3715 3207 3838 3275 fuit,

2253 3279 2375 3333 Liv.
2409 3280 2502 3333 lib.
2532 3292 2634 3332 va
2653 3318 2668 3344 ,
2695 3277 2882 3330 Caesar
2919 3275 3016 3331 lib.
3045 3291 3063 3330 ι
3097 3275 3166 3331 de
3189 3276 3335 3331 bello
3354 3276 3581 3332 Gallico.
3611 3276 3777 3334 FABR.

2330 3349 2422 3405 45.
2475 3349 2646 3418 Usque
2698 3347 2984 3400 Oceanum.
3036 3347 3131 3418 Sic
3175 3355 3364 3418 amant
3420 3362 3556 3402 mss.
3608 3351 3842 3406 melioris

2256 3430 2400 3476 nota:
2427 3417 2638 3474 omnes.
2662 3419 2854 3488 Vulgo,
2888 3434 3046 3488 usque
3065 3417 3134 3470 ad
3166 3417 3450 3488 Oceanum.

2325 3490 2418 3545 46.
2449 3489 2639 3544 Lucius
2656 3500 2860 3559 quoque
2883 3487 3029 3541 Piso.
3066 3490 3209 3542 Arus
3231 3487 3532 3559 L.Pisonis
3550 3487 3840 3557 Cmsonini,

2262 3560 2314 3617 in
2347 3577 2508 3630 quem
2538 3557 2714 3614 exstat
2745 3559 3021 3614 Ciceronis
3052 3559 3243 3612 oratio.
3275 3557 3441 3613 FABR.

2329 3631 2420 3685 47.
2451 3631 2782 3701 Inlerfeclus.
2813 3630 3038 3684 Plurimi
3068 3645 3132 3684 ex
3161 3645 3297 3701 mss.
3327 3631 3531 3686 addunt
3552 3641 3652 3687 est.

2281 3703 2301 3720 ‘
2328 3701 2419 3756 48.
2453 3701 2514 3757 C.
2540 3700 2824 3772 Papillius.
2852 3701 3025 3771 Vulgo
3054 3701 3119 3766 ρ.
3155 3700 3375 3772 Publius
3402 3703 3454 3756 in
3483 3717 3619 3758 mss.
3653 3715 3708 3760 et
3727 3703 3844 3759 edd.

2257 3783 2455 3841 exstat,
2487 3769 2826 3840 licet—plures
2852 3786 2920 3826 es
2963 3769 3098 3826 inss.
3144 3769 3241 3825 Cai
3278 3787 3594 3842 praenomen
3642 3777 3841 3829 malint.

2258 3844 2398 3900 Ante
2427 3857 2601 3899 annos
2623 3842 3253 3912 aliquotemendavimus
3277 3843 3378 3898 hoc
3401 3843 3581 3899 Orosii
3597 3845 3774 3901 locum
3798 3847 3843 3899 in

2258 3914 2892 3986 Connuentarig'nostro
2940 3913 3006 3966 ad
3046 3912 3566 3986 Thesaur.rblorell.
3608 3932 3665 3986 p.
3713 3915 3843 3972 l04:

2260 3987 2406 4040 clare
2437 3987 2581 4042 enim
2629 3985 2915 4054 Popillium
2968 3984 3266 4052 appellavit
3304 3985 3496 4041 Cicero
3549 3984 3647 4041 lib.
3697 4003 3753 4042 ιιι
3784 3989 3844 4040 de

2259 4057 2451 4125 Legib.
2484 4072 2603 4123 cap.
2630 4054 2698 4109 16
2716 4053 2738 4109 “;
2762 4053 2917 4108 Dedit
2945 4053 3065 4125 huic
3088 4071 3296 4125 quoque
3316 4056 3522 4125 judicio
3554 4056 3747 4111 Caelius
3776 4068 3844 4110 ta-

2260 4124 2466 4192 bellam,
2501 4126 2766 4198 doluitque
2793 4124 2963 4198 quoad
2995 4124 3287 4198 virit._§ed
3313 4124 3368 4179 ut
3396 4128 3708 4198 opprimeret
3737 4129 3841 4183 Cte-

2262 4198 2364 4251 lius
2392 4197 2701 4268 Papillium,
2731 4197 2902 4249 nocuit
2929 4204 2974 4268 et
2998 4195 3316 4268 reipublicae.

2332 4268 2422 4325 49.
2466 4266 2639 4333 Caepio
2670 4266 2996 4336 proconsule.
3029 4267 3095 4332 Ω.
3139 4266 3403 4323 Servilius
3443 4268 3628 4336 Caepio
3667 4270 3840 4325 consul

2261 4357 2386 4398 cum
2427 4339 2665 4396 Serrano
2702 4336 2804 4392 fuit
2837 4352 2987 4408 anno
3010 4352 3224 4391 nchvn
3247 4379 3260 4401 ,
3293 4354 3401 4408 quo
3429 4340 3501 4395 Μ.
3535 4336 3744 4394 Tullius
3768 4342 3842 4393 (2i-

2263 4427 2390 4468 cero
2423 4409 2609 4478 Arpini
2640 4416 2724 4462 est
2753 4419 2931 4462 natus.
2956 4406 3159 4462 Gellius
3187 4409 3280 4462 lib.
3312 4406 3405 4476 itv,
3427 4427 3547 4477 cap.
3575 4410 3840 4466 28.Fasa.

2335 4483 2425 4537 50.
2457 4480 2673 4536 Centum
2723 4481 2865 4532 mille
2911 4478 3081 4547 pondo
3125 4479 3263 4534 auri.
3288 4479 3431 4547 Lege
3467 4482 3749 4536 Erasmum
3793 4483 3842 4536 in

2264 4555 2549 4618 Proverb.,
2577 4550 2775 4604 Aurum
2797 4548 2947 4604 habet
2976 4547 3312 4605 Tolosanum.
3346 4547 3509 4608 [ἥβη.

2335 4623 2426 4682 51.
2452 4624 2582 4677 Actu
2603 4629 2697 4676 est.
2727 4620 3041 4693 Lugd.Bat.
3071 4635 3156 4691 pr.
3175 4660 3192 4687 ,
3221 4621 3398 4677 habita
3425 4633 3538 4692 est;
3565 4624 3841 4692 Perizou.,

2263 4697 2458 4750 aaitata
2477 4704 2571 4749 est.

2299 4715 2458 4768 guata
2477 4715 2571 4749 εει.

2339 4768 2467 4822 Car.
2518 4763 2661 4821 XVI.
2691 4793 2761 4805 ——
2791 4764 2846 4820 1.
2898 4763 3048 4818 Anno
3093 4765 3155 4819 ab
3209 4764 3350 4822 Urbe
3397 4766 3608 4822 condita
3648 4782 3839 4824 ucsut.

2246 4832 2405 4896 'Aliis
2441 4838 2529 4894 hic
2557 4851 2734 4892 annus
2761 4845 2844 4889 est
2873 4835 2942 4890 ab
2977 4835 3119 4891 Urbe
3146 4837 3368 4892 condita
3397 4853 3650 4894 DchVlll.
3690 4839 3764 4894 De
3792 4853 3844 4892 rc

2191 4908 2241 4966 D
2265 4919 2416 4981 gesta
2445 4923 2570 4963 cum
2594 4905 2852 4981 Cimbris
2877 4921 2905 4958 a
2934 4907 3153 4981 manilio
3187 4917 3256 4981 et
3280 4907 3536 4978 Caepione
3566 4911 3842 4966 Sallustius

2266 4978 2334 5042 (le
2387 4981 2529 5037 bello
2581 4978 2935 5048 Jugurthino,
2989 4978 3173 5035 Livius
3230 4980 3367 5035 libro
3424 4994 3605 5046 stn,
3657 4981 3842 5036 Florus

2263 5055 2362 5181 trib.
2414 5067 2470 5107 ιιι
2517 5054 2698 5122 capite
2726 5050 2781 5117 3,
2826 5048 3119 5120 Eutropius
3165 5051 3261 5107 lib.
3293 5067 3327 5106 v
3360 5053 3598 5111 Velleius
3642 5068 3698 5114 ct
3738 5057 3838 5114 alii.

2309 5141 2429 5180 sua.

2309 5141 2429 5180 ABR.

2334 5198 2389 5251 2.
2429 5196 2492 5270 ς.
2522 5195 2776 5270 Manilius
2817 5194 2996 5270 consul
3034 5205 3081 5270 et
3114 5196 3182 5265 Q.
3210 5195 3394 5270 Ctrpior
3416 5199 3740 5270 proconsule.
3773 5201 3839 5257 lla

2265 5268 2384 5323 hcce
2427 5269 2482 5323 in
2524 5269 2726 5323 nostris
2764 5268 3163 5339 exemplaribus
3211 5268 3431 5337 scriptis
3475 5272 3729 5327 omnibus
3772 5274 3840 5328 lc~

2269 5349 2488 5410 guutur,
2523 5340 2627 5394 nisi
2659 5339 2801 5410 quod
2835 5353 2932 5408 pro
2957 5339 3200 5403 Manilio,
3224 5355 3383 5410 quem
3409 5340 3693 5398 Cualtheri
3718 5344 3842 5398 liber

2271 5409 2540 5480 agnoscit,
2579 5410 2672 5466 alii
2711 5409 2971 5464 Manlium
3020 5409 3251 5473 habent,
3292 5411 3544 5466 Manilius
3579 5414 3682 5468 hoc
3707 5431 3838 5468 anno

2273 5484 2462 5538 consul
2493 5491 2636 5540 erat:
2682 5482 2884 5550 Caepio,
2917 5481 3006 5551 qui
3036 5495 3181 5535 anno
3208 5482 3491 5550 superiore
3517 5486 3708 5539 consul
3737 5487 3838 5539 fuc-

2275 5561 2377 5621 rat,
2415 5554 2526 5624 jam
2583 5552 3471 5624 prorogatorimpcrioproconsul
3508 5565 3645 5610 erat.
3690 5555 3837 5612 Recte

2275 5626 2439 5692 igitur
2481 5624 2736 5694 Sigonius
2786 5623 3406 5694 iuiLivianaEpitoma
3462 5626 3742 5694 restituit:
3771 5627 3837 5679 Ab

2273 5691 2458 5750 iisdem
2485 5691 2712 5769 hostibus
2846 5691 3100 5769 Manilius
3124 5691 3327 5769 consul,
3359 5694 3493 5769 et
3526 5693 3703 5769 prio
3729 5713 3838 5769 pro-

2277 5769 2459 5823 consul
2485 5767 2604 5822 victi
2632 5764 2833 5836 prwlio,
2863 5767 3144 5837 castrisque
3168 5764 3297 5822 binis
3326 5766 3469 5822 exuti
3498 5764 3638 5823 sunt.
3671 5764 3839 5824 luno-
