4088 6170
328 274 436 334 955

1373 275 1846 336 ιιιδτοιηλιιωι
1886 276 2094 336 LIBER
2133 278 2197 335 V.
2239 278 2392 336 CAP.
2435 279 2574 337 XVI.

3515 283 3626 345 951

328 392 415 446 sul
460 397 516 447 ct
554 389 620 460 Q.
665 387 850 462 Caepio
893 391 1218 462 proconsule
1260 391 1524 449 adversus
1570 394 1819 450 Cimbros
1873 403 1922 449 et
1954 409 2005 470 Α
2034 395 2266 462 terl’ccit,
2296 396 2550 468 ipsosque
2589 395 3074 455 coutinuo’servos
3107 396 3160 453 in
3191 399 3424 469 pretium
3455 404 3628 460 scele-

328 481 605 538 Teutouas
630 490 685 538 et
713 482 1005 552 'I‘igurinos
1026 493 1078 539 et
1114 483 1440 550 Ambronas,
1483 486 1763 541 Gallorum
1792 486 1926 542 Ger-

329 591 724 646 manorumque
750 587 960 645 gentes,
993 592 1111 645 qum
1140 587 1286 638 tunc,
1324 588 1380 631 ut
1414 577 1702 647 imperium
1736 579 1927 634 Roma-

332 687 461 726 num
491 673 927 740 exsﬂnguereut,
961 673 982 704 ³
1001 673 1472 741 cnnSpiravcrant,
1507 673 1678 739 missi,
1708 674 1928 742 provin-

327 764 442 818 cias
480 762 583 818 sibi
639 761 901 818 Rhodano
945 761 1167 818 ﬂumine
1212 764 1390 819 medio
1443 764 1768 820 diviserunt.
1824 764 1924 820 Ubi

329 857 460 912 dum
502 858 645 912 inter
689 871 749 912 se
794 856 1117 928 gravissima
1167 856 1370 912 invidia
1417 865 1475 912 et
1518 857 1539 889 ⁸
1577 859 1928 913 contentione

328 949 658 1020 disceptant,
709 965 830 1003 cum
881 963 1076 1020 magna
1107 949 1399 1018 ignominia
1451 958 1506 1004 et
1533 949 1774 1016 periculo
1814 948 1924 1003 Ro-

330 1042 476 1096 mani
505 1040 742 1097 nominis
769 1039 897 1096 victi
923 1050 1052 1096 sunt
1082 1058 1095 1094 :
1129 1041 1398 1112 siquidem
1429 1041 1484 1097 in
1511 1057 1573 1098 ea
1602 1057 1777 1113 pugna
1807 1045 1828 1075 ³⁵
1851 1043 1923 1099 bl.

330 1133 589 1189 Aurelius
641 1131 942 1188 consularis
983 1142 1180 1201 captus
1227 1145 1392 1204 atque
1446 1134 1769 1191 interfectus
1818 1146 1924 1192 cst.

335 1225 453 1282 Duo
474 1225 568 1282 lilii
590 1226 833 1282 consulis
863 1227 1014 1292 cmsi,
1045 1231 1316 1296 octoginta
1356 1229 1528 1285 millia
1554 1229 1924 1286 Romanorum

331 1313 712 1386 sociorumque
737 1329 801 1371 ea
835 1325 1156 1386 tempestate
1195 1318 1488 1382 trucidata,
1513 1318 1534 1350 ⁸
1564 1320 1925 1390 quadraginta

334 1406 504 1462 millia
555 1408 808 1464 calonum
866 1417 1031 1478 atque
1086 1408 1319 1463 lixarum
1377 1410 1683 1477 interfecta,
1737 1412 1927 1469 Antias

333 1501 545 1562 scribit.
571 1501 648 1556 Ita
675 1516 742 1557 ex
782 1502 928 1556 omni
962 1501 1174 1571 penitus
1199 1503 1441 1557 exercitu
1471 1503 1662 1560 decem
1692 1515 1928 1561 tantum-

341 1593 502 1650 modo
542 1593 814 1662 homines,
855 1593 1226 1660 qnimisernm
1270 1594 1516 1650 nuntium
1555 1596 1622 1651 ad
1651 1597 1926 1667 augendas

333 1685 581 1743 miserias
596 1695 966 1755 reportarem,
990 1686 1327 1756 superfuisse
1349 1687 1678 1743 referuntur.
1705 1689 1924 1755 Hostes,

2032 489 2106 542 ris
2149 490 2485 544 manumisit.
2523 489 2620 545 Die
2647 489 2814 556 dicta,
2856 490 2960 546 Cn.
3005 491 3264 562 Pompeio
3302 503 3619 563 accusante,

2030 580 2316 638 damnatus
2346 589 2450 637 est.
2488 581 2654 651 Igitur
2694 582 2891 638 Marius
2921 593 3171 654 quartum
3213 587 3421 653 consul,
3456 596 3477 626 ³
3501 603 3626 645 cum

2025 674 2178 744 juxta
2211 675 2371 730 Isara:
2395 674 2759 746 Rhodanique
2788 675 3031 744 ﬂumina,
3067 679 3110 710 ¹⁰
3140 678 3228 734 ubi
3259 680 3314 734 in
3346 695 3471 736 sese
3496 696 3628 736 con-

2029 768 2228 834 ﬂuunt,
2257 778 2434 823 castra
2457 769 2752 840 posuisset,
2777 768 3076 838 Teutones,
3107 770 3338 838 Cimbri,
3381 782 3437 828 et
3464 773 3628 844 Tigu-

2030 862 2133 915 rini
2181 872 2234 916 et
2271 861 2600 929 Ambrones,
2633 872 2918 934 postquam
2967 867 3227 921 continuo
3266 867 3446 923 triduo
3480 867 3627 930 circa

1989 1015 2003 1024 Α
2029 949 2396 1007 Romanorum
2425 964 2600 1008 castra
2641 963 2968 1023 pugnarunt,
3003 956 3047 1009 si
3077 971 3185 1026 quo
3224 968 3378 1026 pacto
3407 973 3502 1014 eos
3531 975 3628 1015 ex-

2028 1053 2272 1100 culcrent
2295 1046 2460 1115 vallo,
2490 1055 2652 1118 atque
2677 1047 2718 1079 ¹¹
2748 1046 2803 1102 in
2845 1063 3030 1119 :cquor
3059 1047 3420 1117 eﬂ'uuderent,
3453 1050 3625 1107 tribus

2028 1137 2329 1206 agminibus
2352 1137 2554 1193 Italiam
2573 1147 2761 1211 petere
2775 1139 3136 1196 destinarunt.
3154 1141 3374 1208 Marius.
3397 1154 3517 1214 post
3539 1145 3621 1200 di-

2027 1244 2270 1300 gressum
2300 1231 2560 1299 hostium,
2594 1241 2772 1287 castra
2803 1234 2994 1299 movit,
3015 1242 3072 1289 et
3093 1235 3290 1290 collem
3313 1237 3623 1308 occupavit,

2027 1318 2123 1390 qui
2151 1335 2346 1392 campo
2375 1329 2432 1377 et
2460 1320 2646 1389 ﬂuvio,
2677 1322 2764 1378 ubi
2791 1321 2975 1378 hostes
2997 1338 3119 1380 sese
3144 1323 3494 1393 diﬂuderant,
3528 1327 3630 1383 im-

2029 1411 2288 1468 minebat.
2312 1413 2551 1482 Cumque
2571 1413 2837 1469 exercitui
2859 1415 3038 1485 ejus"
3061 1431 3200 1487 aqua
3226 1416 3294 1472 ad
3327 1418 3627 1488 potandum

2027 1505 2193 1576 329
2238 1504 2488 1576 deesset,
2539 1507 2885 1578 querelisque
2922 1510 3163 1565 omnium
3215 1521 3624 1583 coargueretur,

2026 1610 2219 1663 aquam
2241 1597 2458 1666 quidem
2487 1598 2542 1652 in
2571 1609 2868 1669 conspectu
2896 1615 3024 1656 esse
3058 1601 3362 1672 respondit,
3384 1603 3482 1659 sed
3502 1620 3622 1660 eam

2028 1685 2172 1741 lci-ro
2219 1687 2623 1746 vindicandam.
2675 1691 2874 1748 Primis
2930 1693 3115 1765 itaque
3165 1695 3452 1753 calonibus
3498 1715 3626 1755 cum

334 1777 476 1835 binis
501 1778 697 1834 castris
725 1788 891 1847 atque
940 1779 1142 1849 ingenti
1179 1779 1359 1850 prada
1406 1779 1589 1849 potiti,
1622 1795 1759 1835 nova
1788 1797 1922 1850 qua-
1955 1788 2004 1849 Β
2029 1778 2274 1834 clamore
2295 1781 2348 1835 in
2374 1795 2606 1852 pugnam
2635 1783 2943 1853 ruentibus,
2976 1788 3301 1844 subsecutus
3328 1791 3624 1861 exercitus,

331 1869 457 1924 dam
497 1878 658 1940 atque
689 1870 909 1925 insolita
940 1872 1343 1939 exsecratione,
1385 1880 1578 1925 cuncta
1610 1873 1777 1944 328
1797 1888 1921 1943 qua:

330 1971 612 2033 ceperant,
657 1962 1170 2033 pessumdederunt.
1219 1963 1398 2018 Vestis
1437 1963 1666 2020 discissa
1711 1976 1763 2020 et
1797 1981 1922 2036 pro-

326 2053 474 2122 jecta
519 2061 626 2121 est,
658 2068 848 2108 aurum
876 2063 1270 2124 argentumque
1302 2053 1357 2108 in
1394 2054 1596 2110 ﬂumen
1625 2055 1919 2127 abiectum,

330 2143 516 2199 lorica:
546 2144 781 2198 virorum
809 2146 1070 2212 concisse,
1098 2146 1334 2215 phalerae
1361 2162 1622 2217 equorum
1655 2149 1925 2219 disperdi-

334 2246 423 2304 ιω,
466 2235 592 2306 equi
637 2236 740 2306 ipsi
790 2237 1099 2308 gurgitibus
1136 2239 1400 2304 immersi,
1436 2240 1688 2297 homines
1718 2243 1925 2314 laqueis

333 2329 476 2385 collo
510 2329 699 2385 inditis
728 2345 795 2385 ex
815 2331 1108 2388 arboribus
1133 2334 1385 2403 suspensi
1419 2344 1548 2390 sunt
1577 2336 1672 2403 ita,
1705 2345 1762 2390 ut
1791 2336 1926 2392 nihil

332 2421 528 2488 prmda:
551 2421 750 2489 victor,
784 2421 915 2478 nihil
948 2423 1341 2479 misericordia:
1370 2424 1546 2481 victus
1574 2436 1920 2496 agnosceret.

331 2513 595 2570 Maximus
621 2523 748 2570 tunc
768 2513 958 2570 Romae
981 2529 1090 2570 non
1121 2516 1298 2571 solum
1325 2516 1525 2581 luctus,
1565 2520 1922 2575 verumetiam

336 2617 518 2660 metus
544 2604 671 2671 fuit,
717 2619 787 2660 ne
829 2603 1114 2661 confestim
1145 2604 1354 2662 Cimbri
1384 2607 1552 2679 Alpes
1581 2610 1932 2680 transgredeo

334 2706 523 2752 rentur
545 2695 863 2768 Italiamque
903 2696 1174 2754 delerent.
1216 2698 1412 2754 Iisdem
1456 2701 1828 2771 temporibus’
1857 2703 1923 2768 Q.

335 2787 533 2844 Fabius
553 2787 816 2844 Maximus
843 2787 1013 2842 ﬂlium
1044 2803 1200 2844 suum
1226 2790 1656 2857 adolescentcm,
1679 2791 1701 2822 ⁸
1727 2807 1819 2847 rus
1840 2809 1926 2846 rc-

334 2881 594 2955 Iegatum,
634 2897 759 2940 cum
788 2881 1001 2938 duobus
1024 2884 1197 2940 servis
1226 2885 1506 2956 parricidii
1536 2887 1802 2942 ministris
1832 2887 1915 2942 iu-

2031 1887 2155 1926 mox
2193 1872 2350 1943 justo
2394 1875 2699 1932 certamine
2740 1877 3056 1948 compositis
3103 1879 3384 1938 ordinibus
3425 1883 3628 1940 bellum

2027 1971 2267 2031 gestum,
2305 1973 2359 2019 et
2388 1966 2568 2021 vicere
2601 1961 2857 2022 Romani.
2898 1966 3108 2036 Quarto
3134 1968 3223 2026 die
3268 1987 3458 2029 rursus
3501 1989 3630 2044 pro-

2029 2053 2204 2110 ductze
2255 2054 2524 2127 utrimque
2573 2055 2628 2112 in
2661 2072 2911 2128 campum
2951 2061 3098 2118 acies
3145 2077 3317 2134 usque
3362 2065 3429 2120 ad
3461 2069 3632 2124 meri-

2031 2151 2174 2205 diem
2206 2167 2340 2220 pene
2374 2155 2488 2222 pari
2521 2170 2831 2224 pugnavere
2863 2157 3201 2214 discrimine.
3234 2158 3365 2215 Post
3400 2158 3494 2214 ubi
3541 2159 3630 2215 in-

2031 2244 2340 2300 calescente
2383 2245 2499 2299 sole
2542 2245 2684 2301 ﬂuxa
2713 2248 2988 2303 Gallorum
3033 2265 3262 2319 corpora
3315 2252 3366 2304 in
3405 2250 3626 2305 modum

2032 2336 2246 2392 nivium
2272 2337 2666 2405 dista’bucrunt,
2699 2354 2872 2411 usque
2904 2342 2956 2396 in
2987 2351 3204 2397 noctem
3232 2341 3412 2398 caedes
3444 2341 3625 2412 potius

2028 2443 2186 2498 quam
2219 2443 2394 2501 pugna
2429 2439 2700 2500 protracta
2729 2439 2831 2486 est.
2861 2430 2906 2464 “
2929 2432 3172 2488 Ducenta
3195 2432 3361 2488 millia
3392 2441 3631 2487 armato-

2028 2536 2147 2575 rum
2190 2522 2242 2576 in
2293 2536 2359 2576 eo
2409 2521 2554 2578 bello
2596 2522 2884 2579 interfecta
2918 2535 3079 2592 sunt,
3127 2525 3403 2596 octoginta
3453 2523 3625 2581 millia

2026 2620 2202 2681 capta,
2251 2610 2294 2643 “
2337 2613 2426 2668 vix
2469 2613 2572 2668 tria
2621 2612 2826 2684 fugisse
2863 2614 3192 2672 referuntur.
3250 2616 3370 2672 Dux
3411 2631 3632 2689 quoque

2032 2719 2223 2759 eorum
2246 2704 2289 2736 “
2317 2704 2666 2762 Teutobodus
2687 2706 2902 2764 occisus
2929 2718 3033 2764 est.
3065 2708 3110 2740 ¹⁶
3141 2707 3395 2765 Mulieres
3414 2722 3627 2773 eorum,

2031 2796 2408 2854 constantiore
2435 2797 2620 2852 animo
2652 2797 2694 2831 "
2726 2813 2886 2869 quam
2917 2800 2962 2854 si
2994 2798 3278 2866 vicissent,
3304 2799 3632 2864 consuluere

2031 2889 2333 2956 consulem,
2364 2900 2441 2960 ut,
2474 2889 2522 2945 si
2565 2891 2823 2947 inviolata
2854 2891 3102 2950 castitate
3135 2893 3179 2925 “
3207 2891 3513 2964 virginibus
3543 2905 3635 2947 sa-

1618 3045 2066 3102 HAVERCAMI‘I
2106 3046 2341 3103 NOTAE.
2420 3051 2426 3058 '

335 3173 451 3220 stro
479 3165 857 3234 manuscripto
895 3162 1162 3234 Eutropio
1199 3161 1357 3218 initio
1400 3161 1496 3218 lib.
1526 3177 1560 3216 v
1587 3160 1710 3216 duas
1737 3175 1921 3234 voces,
1953 3159 1998 3222 C
2033 3171 2128 3223 est.
2163 3162 2300 3234 unde
2328 3162 2618 3234 progressis
2645 3161 2790 3234 breve
2817 3162 2924 3234 iter,
2944 3161 3174 3216 restabat
3199 3161 3269 3215 ad
3288 3162 3465 3234 Alpes.

336 3235 562 3290 Romani
616 3231 878 3302 consules,
935 3251 1042 3290 non
1074 3231 1367 3301 leguntur,
1416 3244 1474 3289 et
1516 3231 1924 3302 recteiabsunt.

337 3308 494 3375 Apud
525 3306 792 3363 Vclleium
823 3301 925 3376 ego
966 3306 1124 3375 lego;
1157 3305 1288 3360 Cum
1316 3303 1610 3376 Cazpiouem
1640 3301 1929 3357 Manlium-

337 3374 438 3450 que
463 3394 571 3450 cos.
605 3392 736 3443 non,
763 3387 821 3432 ut
841 3374 927 3432 est
955 3374 1286 3450 impressum
1317 3391 1452 3450 coss.
1482 3374 1651 3431 ΕΔΜ.

409 3451 463 3504 3.
506 3447 958 3518 Conspiraverant.
990 3446 1140 3502 Flor.
1179 3462 1291 3517 pr.,
1319 3447 1748 3518 coniuraverunt.

407 3521 466 3574 4.
517 3517 863 3575 ϐοηιίεηιὶοηθ
898 3518 1210 3590 disceptant.
1265 3517 1369 3572 Alii
1402 3517 1569 3590 _Iibri,
1596 3518 1927 3590 rdissertant.

339 3591 522 3645 malim
554 3598 734 3644 tamen
774 3586 1060 3644 decertant.
1100 3589 1274 3644 Laur.
1301 3617 1372 3628 —-
1401 3588 1456 3642 In
1487 3587 1572 3642 ed.
1610 3591 1748 3657 Aug.
1797 3586 1929 3656 legi-

337 3670 426 3716 tur
453 3665 736 3717 decertarat.
771 3661 908 3716 Edd.
937 3659 1160 3716 Veneta:
1190 3674 1292 3730 pro
1323 3657 1410 3711 ubi
1434 3657 1698 3730 exhibent
1725 3657 1818 3730 ibi.

410 3734 467 3788 5.
508 3731 588 3787 Μ.
611 3732 874 3787 Aurelius.
911 3730 981 3787 Μ.
1025 3728 1312 3785 Aurelium
1352 3730 1618 3784 Scaurum
1650 3728 1926 3797 intelligit,

338 3806 430 3871 qui
461 3813 590 3858 ante
633 3802 925 3858 triennium
973 3803 1161 3856 consul
1204 3801 1403 3868 fuerat,
1439 3799 1624 3871 Livius
1654 3799 1751 3852 lib.
1785 3813 1927 3853 um

342 3870 503 3942 vulgo
533 3873 790 3928 mendose
823 3872 898 3928 Μ.
938 3871 1197 3927 ίΕηιὶιὶιιδ
1228 3872 1444 3940 legitur.
1479 3870 1644 3942 ΡΑιςει.

413 3938 465 3999 ϐῖ
510 3944 888 4016 Quadraginta.
936 3943 1087 4016 Edd.
1129 3938 1402 4016 quadam,
1455 3957 1520 3995 ιι
1569 3938 1757 3993 millia.
1803 3939 1926 3994 Mox

340 4018 557 4085 quidam
588 4014 958 4085 nissﬁmalnnt
991 4015 1214 4081 scripsit.

415 4088 466 4142 7.
511 4086 575 4153 ρ.
617 4084 818 4139 Fabius
843 4080 1105 4138 Maximus
1129 4085 1317 4152 ﬁlium.
1341 4081 1540 4138 Fabius
1563 4080 1925 4150 Servilianus,

341 4157 425 4212 vir
449 4156 750 4224 censorius,
777 4171 805 4210 a
836 4156 948 4210 lilio
985 4155 1163 4210 dubia:
1199 4157 1463 4211 castitatis
1491 4167 1683 4221 pmnas
1703 4153 1882 4223 exegit
1907 4193 1924 4218 ,

342 4237 399 4284 et
425 4232 611 4298 punito
652 4225 926 4298 pependit,
967 4227 1272 4282 voluntario
1307 4238 1553 4298 secessu_
1575 4237 1927 4290 conspectum

344 4294 533 4368 patriae
553 4294 795 4354 vitando.
832 4296 1013 4352 Valer.
1046 4299 1139 4352 lib.
1168 4313 1245 4363 vt,
1272 4311 1393 4365 cap.
1429 4297 1483 4351 1.
1513 4294 1683 4368 Ελβιι.

344 4364 361 4368 ’
415 4371 472 4426 8.
510 4370 644 4426 Rus.
682 4368 957 4435 Perison.,
997 4383 1137 4423 rure.
1171 4364 1354 4424 Paulo
1378 4376 1506 4422 ante
1550 4365 1720 4434 idem,
1747 4364 1837 4434 qui
1868 4365 1932 4433 ﬁ-

341 4440 474 4494 lium
493 4457 661 4494 suum.

365 4457 661 4496 tuntsuunu

416 4512 471 4603 9;
511 4511 639 4603 92m
654 4513 840 4603 ira“.
854 4512 1024 4603 {fere
1059 4509 1402 4603 iciticit?
1438 4509 1693 4603 [3"2'33'5:
1710 4508 1813 4603 5‘9.
1826 4506 1928 4603 [ιε-
1959 4543 2008 4603 o

345 4583 476 4638 bent
514 4583 606 4639 lib.
654 4579 764 4639 vet.
814 4597 1025 4640 omnes.
1067 4579 1388 4636 Plutarchus
1437 4583 1488 4634 in
1529 4581 1718 4647 Mario,
1760 4579 1930 4649 τειχει

341 4676 445 4731 est;
472 4653 824 4731 στραςρπιᾷον
841 4658 992 4731 ποιρᾴ
1011 4662 1085 4727 τῷ
1099 4651 1316 4731 Ῥοξανῷ
1335 4659 1572 4726 ποταμῷ,
1602 4653 1787 4706 castris
1817 4665 1934 4702 mu-

345 4726 470 4779 nitis
499 4722 1146 4797 aiLRdeanum'ﬂumen.
1174 4722 1342 4797 ῈΛΒξιξ.
1409 4792 1433 4797 _
1475 4722 1479 4723 ⁷
1514 4722 1534 4797 ς
1583 4781 1598 4787 ,

420 4797 509 4851 10.
553 4795 651 4852 Ubi
697 4799 751 4851 in
805 4790 1245 4865 sese'con/luunt.
1282 4792 1626 4865 Conﬂuvinm
1675 4790 1934 4865 illudest

347 4866 768 4940 post_Viennam
796 4869 863 4923 ad
894 4862 1249 4940 Segalaunosl
1297 4877 1405 4919 non
1439 4863 1629 4940 procul
1668 4877 1699 4916 a
1732 4862 1931 4940 valen-

346 4933 442 4994 tia.
475 4937 532 4994 In
569 4939 761 4995 codice
789 4933 1172 5007 autem'Lugd.
1215 4933 1454 5007 Batipr;
1488 4935 1686 5007 legitur
1710 4933 1929 5007 quidem

345 5008 535 5084 parte,
564 5010 658 5084 sed
681 5003 1143 5084 superscribiturL
1167 5004 1451 5084 legendum
1479 5003 1600 5084 esse
1625 5005 1830 5058 Ararw.

348 5075 542 5135 ﬂuvius
575 5083 714 5136 Arar
743 5075 954 5151 longius
1003 5081 1056 5134 in
1104 5075 1337 5151 Galliam
1381 5077 1612 5151 recedit,
1659 5075 1926 5151 atqueibi

348 5151 676 5206 conﬂuvium
703 5145 1133 5218 cum'Rhodano
1157 5147 1286 5203 facit
1305 5147 1460 5218 juxta
1488 5148 1683 5218 urbem
1709 5145 1926 5213 Lugdu-

350 5239 501 5277 num.
551 5220 718 5276 Movit
757 5231 938 5277 autem
993 5217 1192 5275 Marius
1239 5234 1268 5272 a
1308 5216 1624 5274 conﬂuente
1667 5217 1829 5271 Isara:
1877 5223 1931 5269 et

349 5293 598 5349 Rhodani
634 5308 824 5349 versus
859 5293 1026 5360 Alpes
1052 5301 1107 5346 et
1129 5289 1360 5357 Italiam,
1393 5290 1652 5360 hostium,
1685 5288 1778 5360 qui
1808 5301 1928 5360 eam

351 5364 835 5439 petebant,__tergis
869 5358 1160 5439 inlimrens,
1205 5376 1376 5439 usque
1403 5358 1931 5439 ad__A_quas_Sextias

347 5430 465 5491 sive
495 5430 780 5504 Sextilias:
804 5444 863 5490 ut
892 5432 1216 5504 Plutarchus
1245 5432 1442 5504 docci,
1480 5430 1662 5504 ibique
1702 5430 1928 5504 immani

346 5518 532 5575 strage
579 5499 788 5561 hostem
830 5505 1124 5575 superavit.
1168 5503 1343 5575 Verba
1387 5499 1658 5555 Plutarchi
1703 5509 1830 5575 sunt
1877 5499 1931 5552 in

348 5573 520 5632 Mario
540 5592 595 5647 p.
624 5577 730 5632 415
757 5573 938 5633 εΟὗτὼ
967 5576 1028 5636 δή
1073 5574 1358 5648 προίόίίτες,
1386 5574 1613 5648 ἐγένοντο
1657 5573 1787 5648 πρὸς
1830 5577 1938 5648 τοῖς

351 5643 675 5720 καλονμξένρις
721 5648 875 5720 {idem
903 5643 1162 5720 Σεξτιλίοὶς
1183 5689 1196 5712 ,
1230 5643 1337 5720 ὅθεν
1377 5643 1480 5720 ἔδει
1525 5643 1855 5720 πορευθέντας
1877 5643 1937 5694 οὐ

352 5713 532 5778 πολ).ήῦ
560 5718 695 5784 ὁδὸν,
726 5717 776 5774 ἐν
819 5728 927 5780 ταῖς
957 5717 1192 5774 "natatu
1235 5713 1377 5772 εἶναι.
1430 5715 1498 5769 1η
1545 5713 1683 5767 hunc
1723 5713 1937 5766 modum

351 5792 555 5861 agmine
581 5793 742 5862 facta,
766 5791 834 5845 ad
854 5790 1028 5861 Aquas
1057 5788 1328 5858 Sextilius,
1351 5803 1479 5856 quas
1500 5793 1704 5856 vocant,
1728 5793 1936 5840 ventum

2107 3234 2195 3287 11.
2239 3230 2307 3285 In
2336 3230 2534 3303 aequor.
2563 3231 2640 3287 Ita
2672 3233 2866 3288 Colon.
2896 3233 3132 3299 diserte;
3174 3230 3428 3303 quodque
3464 3231 3626 3302 hujus

2035 3302 2211 3358 locum
2253 3302 2574 3371 occupabat,
2624 3305 2679 3357 in
2709 3319 2885 3374 (equos
2926 3320 3155 3375 campos.
3198 3302 3228 3358 a
3261 3319 3409 3375 mera
3439 3304 3626 3374 glossa

2034 3376 2333 3442 proiectum
2379 3381 2481 3429 est.
2528 3376 2697 3431 Laur.
2726 3375 2876 3429 —Id
2921 3374 3057 3428 sane
3085 3374 3426 3430 verissimum
3469 3390 3626 3429 com-

2035 3446 2170 3514 peri,
2202 3453 2258 3499 et
2279 3447 2331 3499 in
2364 3445 2528 3500 nullis
2559 3459 2689 3500 mss.
2720 3445 2972 3501 Glossam
3007 3447 3145 3501 hanc
3173 3454 3423 3512 exstare;
3446 3460 3624 3516 ωιτηου-

2033 3517 2176 3587 cnim
2202 3515 2289 3571 hic
2315 3531 2568 3585 campum
2596 3517 2819 3584 planum
2848 3516 3146 3586 signiﬁcat,
3179 3518 3393 3587 placido
3419 3517 3626 3586 u-quori

2031 3586 2308 3658 similem;
2339 3595 2529 3658 estque
2574 3587 2804 3647 imitatio
2837 3587 3129 3658 Virgiliana
3160 3586 3296 3643 satis
3334 3597 3524 3658 aperta
3553 3603 3620 3643 cx

2033 3657 2127 3712 lib.
2161 3672 2214 3711 tx
2243 3655 2467 3714 Eneid‘.
2495 3672 2634 3712 vers.
2671 3659 2742 3713 63
2774 3676 2788 3711 :

2157 3769 2264 3832 Qua
2287 3774 2454 3832 tentet
2474 3771 2669 3818 ratione
2693 3769 2870 3832 aditus,
2897 3775 2950 3819 et
2971 3783 3069 3832 qua
3093 3769 3170 3832 via
3192 3769 3385 3819 clausos

2155 3831 2384 3882 Excutiat
2401 3831 2624 3886 Teucros
2650 3831 2795 3892 vallo,
2821 3839 2973 3894 atque
2990 3830 3216 3882 ‘eﬂ'undat
3242 3833 3293 3880 in
3313 3843 3500 3895 arquos.

2030 3932 2140 3990 Pro
2167 3932 2453 4001 eﬁunderet
2482 3933 2729 4003 plerique
2765 3948 2897 3988 mss.
2929 3933 3132 3989 habent
3160 3933 3482 4004 refunderet.

2107 4007 2193 4060 ιε.
2235 4005 2384 4075 Aqua
2413 4007 2482 4059 ad
2522 4005 2808 4077 potandum
2825 4006 3045 4077 deesset.
3087 4005 3212 4059 Ilzec
3248 4005 3430 4058 omnia
3462 4019 3624 4073 accu-_

2032 4088 2150 4203 Fate
2194 4077 2442 4132 simulet
2481 4075 2706 4147 cepiose
2749 4092 2780 4130 a
2823 4075 3120 4133 Plutarcho
3161 4077 3428 4146 explicata
3473 4084 3627 4131 sunt.

2079 4164 2200 4203 ann.

2079 4164 2200 4203 ABR.

2107 4221 2193 4274 l3.
2222 4221 2461 4274 Ducenta
2489 4217 2656 4272 millia
2683 4227 2871 4274 armat.
2899 4216 3048 4274 Idem
3082 4232 3341 4273 numerus
3360 4231 3628 4273 caesorum

2032 4301 2090 4348 et
2126 4300 2405 4360 captorum
2439 4301 2539 4344 'est
2584 4287 2727 4358 apud
2773 4290 3110 4358 Eutropium.
3169 4289 3224 4343 In
3260 4286 3634 4360 EpitomaALi-

2032 4357 2206 4417 viana’
2238 4376 2404 4418 vant
2445 4357 2631 4428 capta
2658 4361 2910 4414 dicuntur
2945 4357 3128 4414 millia
3169 4373 3256 4413 xc.
3304 4357 3630 4413 Plutarchus

2032 4434 2108 4488 ait
2152 4447 2416 4487 crcsorum
2462 4440 2518 4484 et
2561 4438 2845 4499 captorum
2899 4430 3064 4484 fuisse
3126 4428 3360 4495 amplius
3409 4436 3630 4499 centum

2035 4503 2225 4558 millia.
2272 4501 2510 4557 Velleius
2539 4498 2772 4570 amplius
2811 4514 2878 4555 Cl.
2907 4501 3074 4554 millia
3103 4499 3328 4553 hostium
3373 4498 3633 4553 trucidata

2033 4573 2220 4630 refert.
2255 4573 2420 4628 Fusa.

2111 4641 2198 4698 M.
2236 4643 2338 4698 Vix
2377 4642 2478 4697 tria
2523 4641 2713 4696 millia.
2758 4641 2893 4697 Tres
2935 4639 3106 4712 Lugd.
3141 4639 3285 4696 Batt.
3327 4655 3452 4696 cum
3491 4638 3632 4696 Coll.

2033 4714 2274 4772 Gronov.
2304 4718 2390 4769 via:
2417 4723 2639 4778 quatuor
2662 4712 2847 4767 millia.

2108 4786 2198 4842 15.
2227 4783 2578 4840 Teutobodus.
2611 4783 2670 4839 In
2699 4783 3021 4854 quibusdam
3060 4781 3297 4854 antiquis
3325 4791 3408 4838 est
3437 4780 3628 4854 Teate-3
3665 4848 3670 4852 .

2036 4857 2219 4922 dobus,
2250 4857 2346 4912 sed
2382 4859 2434 4910 in
2468 4851 2733 4924 Eutroliii'
2757 4854 2909 4910 libris
2953 4862 3038 4910 est
3091 4851 3442 4922 Teutobodus,
3484 4852 3628 4924 apud

2034 4926 2256 4983 Florum
2283 4923 2662 4981 Teutobochus.
2697 4925 2864 4983 FABR.

2107 4999 2214 5124 16.1
2239 4997 2485 5124 ὒέαιὶετεε
2511 5012 2710 5052 eorum.
2757 4996 2902 5068 Lege
2935 4995 3210 5053 Valerium
3239 4993 3383 5051 Max.
3425 4993 3523 5052 lib.
3555 5011 3634 5063 vt,

2107 5087 2152 5124 ιι.
2229 5110 2241 5124 .
2311 5085 2432 5124 .taa.
3411 5118 3428 5124 ,

2033 5083 2152 5135 cap.
2191 5071 2241 5124 1.
2267 5071 2432 5124 FABR.
3411 5118 3429 5134 ,

2109 5141 2195 5195 17.
2233 5141 2399 5206 Quam
2425 5139 2473 5194 si
2501 5139 2760 5209 vicissent.
2801 5138 2918 5194 Non
2951 5139 3130 5209 placet
3155 5137 3274 5195 hac
3299 5135 3502 5202 lectio;
3554 5145 3635 5191 ta-

2034 5227 2182 5275 men,
2209 5222 2267 5266 ut
2294 5210 2411 5265 sine
2444 5208 2636 5277 opibus
2662 5210 2910 5264 codicum
2941 5208 3208 5274 scribam,
3235 5211 3280 5265 si
3316 5209 3412 5264 viri
3443 5215 3630 5273 essent,

2036 5297 2144 5409 Eon
2188 5282 2379 5349 ausim,
2428 5282 2740 5351 priusquam
2795 5281 3034 5351 codices,
3087 5280 3340 5351 doctique
3375 5278 3627 5348 jubeant.

2081 5364 2221 5408 Λυτ.

2081 5364 2221 5408 Λυτ.

2110 5425 2199 5480 18.
2239 5423 2538 5498 Virginibus
2566 5423 2745 5498 sacris.
2776 5423 2946 5498 idest
2977 5422 3307 5498 Vestalibus.
3343 5419 3399 5498 In
3444 5416 3630 5498 Indice

2039 5503 2220 5570 autem
2250 5491 2610 5570 amplissimo,
2644 5497 2734 5566 qui
2786 5495 2932 5570 It'lori
2976 5492 3290 5570 melioribus
3327 5491 3634 5570 adnectitur

2039 5567 2162 5622 edd.
2199 5560 2616 5636 reprehenditur
2646 5560 2888 5631 Orosius,
2921 5568 3096 5633 cujus,
3123 5562 3212 5636 vei
3238 5567 3387 5614 certe
3429 5560 3632 5636 librarii

2040 5637 2245 5711 incuria
2263 5630 2366 5691 'aut
2393 5639 2626 5711 inscitia,
2656 5654 2846 5711 vocem
2877 5630 3154 5711 virginibus
3199 5632 3502 5711 importune
3533 5630 3630 5711 ad-

2039 5709 2206 5764 ditam
2245 5719 2438 5764 auctor
2465 5709 2586 5778 ejus
2614 5701 2810 5763 Indicis
2835 5701 3134 5778 exisiimat,
3161 5704 3310 5778 quia,
3333 5701 3381 5756 si
3402 5701 3630 5778 vox__illa

2038 5779 2348 5850 inducatur,
2379 5771 2521 5838 idem
2549 5779 2726 5837 Orosii
2754 5786 2916 5849 atque
2943 5775 3090 5834 Flori
3128 5771 3201 5832 sit
3232 5788 3446 5833 sensus.
3484 5771 3634 5831 Flori
