4072 6156
286 181 393 240 957

1337 178 1816 241 HISTORIARUM
1854 181 2061 245 LIBER
2101 181 2165 241 ν.
2207 179 2361 240 CAP.
2403 181 2566 241 XVII.

3477 192 3585 254 958

287 298 393 363 lus,
434 293 610 351 servis
659 292 1053 371 adnitentibus,
1100 300 1329 350 matrem
1378 308 1530 350 suam
1581 295 1871 353 interfecit.
1902 298 2324 369 Aspiraverunt
2352 297 2624 355 Metellum
2673 296 3013 357 Numidicum
3055 302 3108 357 in
3163 302 3413 360 exsilium
3441 322 3579 377 qua-

286 391 582 445 Damnatus
613 386 916 461 parricidii,
959 386 1003 419 ‘°
1030 388 1348 460 insutusque
1379 390 1430 443 in
1466 389 1700 445 culleum
1733 400 1786 446 et
1828 391 1882 446 in

286 498 435 540 mare
472 481 750 553 projectus
778 490 862 537 est
894 499 906 534 :
952 480 1419 553 impleveruutque
1461 480 1688 537 Romani
1727 481 1771 513 “
1828 491 1884 538 et

284 576 584 635 facinusct
627 590 865 645 pmnam,
900 572 947 606 ⁸³
976 572 1118 629 unde
1148 583 1203 630 et
1232 572 1397 629 Solon
1421 574 1766 631 Atheniensis
1790 574 1884 631 dc-

283 680 512 722 cernere
553 681 660 719 non
694 678 863 718 ausus
892 662 1091 731 fuerat,
1118 662 1259 719 dum"
1279 662 1394 719 fieri
1432 679 1727 736 possenon
1762 680 1884 722 cre-

282 759 418 812 didit
452 776 466 812 :
500 768 556 812 et
596 755 847 822 Romani,
896 756 987 827 qui
1026 772 1085 811 se
1122 764 1273 811 ortos
1312 773 1341 811 a
1383 757 1615 813 Romulo
1655 757 1878 826 scirent,

281 851 444 906 etiam
489 847 595 904 hoc
635 848 751 904 fieri
783 862 945 920 posse
976 848 1366 921 intelligentes,
1411 850 1738 923 supplicium
1767 851 1882 908 siu-

282 943 472 1014 gulare
501 950 835 997 sanxerunt.

777 1077 942 1150 332
969 1077 1198 1135 caeu'r
1244 1077 1411 1136 xvu.

279 1193 364 1251 De
402 1194 600 1272 ingenti
646 1194 824 1272 Roma:
862 1196 1136 1272 seditione,
1174 1196 1474 1272 auctoribus
1519 1196 1578 1250 L.
1621 1197 1878 1272 Appuleio

506 1265 824 1336 Saturnino,
857 1265 916 1321 C.
951 1267 1149 1335 Mario,
1180 1269 1479 1341 ueterisque
1509 1277 1645 1325 orta.

352 1398 369 1436 ί
394 1403 557 1459 Anno
579 1403 651 1459 ab
684 1402 829 1461 Urbe
855 1402 1072 1460 condita
1097 1420 1289 1477 βεγιν,
1325 1406 1798 1477 post-Cimbricum
1822 1420 1877 1466 et

277 1492 637 1555 Teutonicum
670 1498 895 1567 bellum,
928 1513 981 1555 et
1017 1501 1265 1572 quintum
1311 1500 1464 1557 Marii
1510 1503 1871 1570 consulatum,

276 1606 386 1662 quo
416 1599 589 1646 status
619 1590 829 1662 imperii
864 1590 1092 1646 Romani
1131 1592 1256 1663 jure
1282 1603 1638 1650 Conservatus
1659 1594 1871 1665 judica-

1985 406 2217 461 cumque
2265 392 2315 446 vi
2362 407 2543 463 agere.
2579 393 2599 424 "
2656 392 2752 448 Dic
2790 392 2956 460 dicta,
3016 410 3043 448 a
3093 397 3387 465 suppositis
3433 402 3581 467 ejus-

1984 482 2106 539 dem
2165 481 2409 539 factionis
2458 483 2730 555 judicibus
2781 501 2878 557 per
2926 487 3108 543 scelus
3155 488 3418 544 innocens
3460 492 3573 547 tile-

1985 575 2142 630 tellus
2192 574 2514 644 damnatus,
2567 576 2621 631 in
2689 578 2941 633 exsilium
3010 594 3132 635 cum
3193 581 3358 637 totius
3418 581 3578 640 Urbis

1983 668 2145 742 333
2211 669 2398 725 dolore
2449 669 2718 726 discessit.
2770 674 2793 704 “
2840 668 2984 728 Idem
3049 673 3372 731 Saturninus
3399 675 3566 732 Niem-

1985 761 2151 817 tnium
2202 763 2377 817 virum
2430 777 2609 819 acrem
2654 770 2710 819 et
2754 764 3047 837 integrum,
3115 767 3231 823 fieri
3291 771 3570 828 consulem

1982 855 2197 922 timens,
2225 862 2340 909 orta
2368 854 2549 909 subito
2579 854 2845 912 seditione
2863 855 3152 929 fugientem
3178 874 3273 929 per
3292 863 3313 894 θ
3344 860 3402 916 Ρ.
3433 863 3569 918 Met-

1948 946 2118 1011 Vtium
2148 946 2435 1003 satellitem
2461 946 2688 1011 informi
2728 948 2917 1020 stipite
2965 951 3359 1007 comminutum
3404 954 3577 1009 inter-

1980 1039 2126 1095 fecit.
2171 1039 2457 1096 Frcmente
2495 1054 2594 1110 pro
2622 1040 2788 1097 tantis
2817 1042 3132 1112 reipublica:
3177 1044 3335 1100 malis
3383 1054 3574 1103 senatu

1981 1131 2282 1204 pupuloque
2308 1130 2575 1201 Rounano,
2597 1132 2798 1188 Marius
2826 1135 3037 1203 consul,
3063 1136 3473 1195 accommodato
3501 1136 3568 1195 ad

1981 1235 2191 1296 tempus
2221 1225 2458 1297 ingenio,
2485 1227 2771 1282 consensui
2795 1228 3059 1284 bonorum
3091 1242 3212 1285 sese
3244 1232 3565 1302 immiscuit,

1977 1326 2412 1387 commotamque
2440 1317 2651 1386 plebem
2683 1318 2790 1373 leni
2817 1319 3063 1375 oratione
3110 1320 3337 1377 sedavit.
3370 1321 3566 1379 Satur-

1978 1412 2137 1467 ninus
2169 1412 2212 1444 ¹⁰
2258 1411 2547 1467 infamibus
2578 1414 2725 1467 ausis
2751 1413 3073 1470 concionem
3128 1414 3275 1470 do:ui
3326 1432 3439 1472 sua:
3474 1415 3571 1471 ha-

1978 1502 2113 1567 buit,
2156 1503 2340 1575 ibique
2395 1505 2461 1557 ah
2514 1503 2637 1559 aliis
2685 1519 2814 1566 rex,
2856 1506 2924 1560 ab
2974 1506 3099 1561 aliis
3142 1506 3439 1577 imperator
3485 1516 3573 1564 est

1975 1596 2298 1666 appel'atus.
2360 1595 2581 1662 Marius,
2637 1595 3010 1666 manipulatim
3062 1597 3218 1666 plebe
3272 1599 3568 1670 descripta,

278 1690 388 1752 tur,
417 1692 572 1738 sexto
599 1682 891 1737 consulatu
921 1683 1166 1754 ejusdem
1193 1682 1255 1740 C.
1291 1684 1445 1741 Marii
1476 1686 1548 1741 ita
1581 1686 1874 1742 labefacta—
1906 1686 1953 1746 Β
1982 1688 2021 1719 ¹¹
2055 1689 2288 1742 alterum
2338 1687 2619 1742 consulem
2647 1703 2770 1742 cum
2817 1688 3082 1757 prasidiis
3111 1690 3164 1744 in
3200 1693 3340 1745 colle
3378 1692 3567 1761 dispo-

275 1778 363 1831 lus
390 1783 494 1841 est,
537 1784 597 1830 ut
628 1791 766 1846 pene
799 1792 970 1846 usque
996 1777 1062 1831 ad
1093 1786 1397 1834 extremum
1430 1778 1685 1834 intestina
1716 1779 1875 1835 clade

275 1866 595 1923 conciderit.
640 1866 909 1924 Evolvere
945 1884 1009 1924 ac
1051 1884 1370 1940 percurrere
1411 1869 1544 1925 mihi
1576 1869 1875 1926 discordia-

277 1975 399 2015 rum
431 1960 685 2031 ambages
709 1968 765 2015 et
788 1960 1195 2017 inextricabiles
1223 1961 1548 2017 seditionum
1576 1976 1769 2018 causas
1793 1962 1876 2019 in-

274 2054 616 2110 commodum
650 2055 813 2111 simul
844 2070 908 2110 ac
940 2054 1163 2127 longum
1190 2054 1405 2112 videtur
1432 2074 1444 2110 :
1476 2070 1606 2112 sane
1636 2056 1875 2113 breviter

274 2145 563 2202 strinxisse
587 2145 822 2201 sufficiat
851 2146 1000 2217 quod
1033 2146 1237 2215 primus
1267 2146 1330 2202 L.
1363 2144 1659 2219 Appuleius
1685 2138 1873 2204 Satur-

277 2242 436 2296 ninus
465 2238 680 2296 excitati
716 2240 977 2295 tumultus
1005 2249 1196 2297 auctor
1226 2240 1527 2309 exstiterit,
1552 2240 1620 2310 Q.
1658 2240 1873 2296 Metello

272 2331 581 2399 Numidico,
627 2333 746 2388 viro
786 2348 917 2389 sane
946 2335 1226 2406 primario,
1271 2337 1570 2390 acerrimus
1597 2333 1867 2403 inimicus,

274 2427 295 2457 ²
324 2426 414 2497 qui
442 2441 566 2480 eum
596 2440 881 2481 censorem
912 2437 1152 2481 creatum
1200 2434 1532 2498 protractum
1565 2425 1747 2497 domo,
1794 2434 1875 2481 at-

273 2533 379 2590 que
414 2517 469 2572 in
495 2516 821 2584 Capitolium
855 2518 876 2549 ³
911 2517 1339 2591 confugientem,
1386 2528 1591 2574 armata
1631 2520 1874 2575 multitu-

274 2606 399 2665 dine
444 2609 680 2678 obsedit,
724 2609 865 2666 undc
910 2611 1151 2681 equitnm
1204 2610 1575 2668 Romanorum
1631 2612 1875 2684 indigna-

275 2703 422 2759 tione
452 2703 700 2774 dejectus
737 2715 843 2769 est,
893 2704 1121 2776 plurima
1159 2716 1287 2762 ante
1311 2706 1635 2778 Capitolium
1663 2706 1685 2738 ⁸
1722 2706 1873 2763 carde

272 2793 433 2849 facta.
470 2794 491 2825 ⁸
535 2792 602 2849 Α.
645 2795 872 2850 Nanium
924 2796 1124 2852 deinde
1152 2839 1167 2863 ,
1222 2799 1636 2869 competitorem
1691 2814 1869 2871 suum,

270 2886 601 2941 Saturninus
624 2894 679 2942 et
715 2886 938 2943 Glaucia
966 2886 1155 2945 fraude
1180 2887 1242 2945 C.
1273 2888 1428 2945 Marii
1457 2890 1694 2946 consulis
1724 2890 1871 2945 occi-

270 2980 488 3035 derunt.
523 2978 900 3054 Subsequente
925 2997 1068 3037 anno
1094 2982 1297 3039 Marius
1327 2992 1538 3040 sextum
1570 2984 1786 3051 consul,
1815 2991 1873 3040 et

1977 1779 2107 1845 suit,
2138 1777 2252 1849 ipse
2280 1787 2466 1850 portas
2486 1780 2861 1834 communivit.
2890 1780 2945 1833 ln
2978 1780 3094 1836 foro
3126 1782 3368 1852 praelium
3409 1799 3560 1840 com-

1978 1870 2205 1925 missum
2236 1877 2340 1924 est.
2388 1868 2717 1924 Saturninus
2745 1885 2776 1924 a
2822 1871 3078 1925 Marianis
3125 1873 3245 1927 foro
3274 1873 3483 1943 pulsus,
3518 1876 3571 1930 in

1974 1960 2302 2031 Capitolium
2333 1961 2597 2032 confugit.
2653 1962 2695 1999 ¹³
2747 1961 2948 2016 Marius
2990 1958 3217 2026 ﬁstulas.
3263 1966 3459 2035 quibus
3506 1980 3575 2022 eo

1974 2067 2109 2124 aqua
2143 2051 2532 2122 deducebatur,
2567 2052 2779 2110 incidit.
2811 2053 3022 2113 Bellum
3067 2055 3267 2112 deinde
3320 2057 3374 2115 in
3420 2059 3571 2116 aditu

1976 2143 2231 2214 Capitolii
2263 2144 2546 2200 horridum
2597 2146 2731 2201 satis
2757 2156 2940 2202 actum
2974 2158 3082 2213 est,
3128 2149 3285 2207 multi
3335 2150 3381 2182 ”
3425 2152 3570 2207 circa

1975 2235 2251 2291 Saufeium
2303 2245 2360 2292 et
2396 2236 2748 2292 Saturninum
2795 2237 2947 2294 cresi.
2991 2239 3343 2312 Saturninus,
3390 2242 3567 2313 palam

1972 2326 2283 2393 clamitans,
2312 2326 2538 2384 Marium
2569 2336 2849 2385 auctorem
2889 2345 3015 2385 esse
3044 2334 3288 2388 omnium
3331 2335 3569 2392 molitio-

1972 2434 2101 2474 num
2130 2434 2355 2476 suarum
2411 2424 2746 2477 coutestatus
2773 2431 2876 2477 est.
2906 2423 3043 2478 Cum
3086 2435 3269 2481 autem
3323 2427 3437 2499 ipse
3463 2429 3565 2485 Sa-

1975 2510 2227 2569 turninus
2253 2519 2310 2569 et
2355 2512 2610 2570 Saufeius
2656 2523 2711 2571 et
2754 2514 3054 2584 Labienus,
3112 2528 3340 2589 cogente
3374 2520 3565 2589 Mario,

1976 2602 2021 2638 ⁸⁵
2054 2606 2107 2660 ἰη
2158 2604 2365 2661 curiam
2418 2608 2815 2679 confugissent,
2863 2625 2958 2679 per
3010 2611 3220 2681 equites
3267 2611 3565 2682 Romanos,

1969 2697 2214 2755 effractis
2256 2698 2483 2767 forihus,
2524 2700 2694 2757 occisi
2732 2710 2877 2780 sunt.
2910 2701 2974 2758 C.
3009 2702 3231 2760 Glaucia
3284 2716 3566 2764 extractus

1974 2792 2019 2825 ¹⁸
2045 2807 2076 2849 e
2106 2792 2267 2848 domo
2290 2791 2527 2858 Claudii,
2557 2793 2857 2850 trucidatus
2878 2804 2983 2851 est.
3011 2797 3056 2829 ¹⁶
3076 2796 3566 2869 Furius,‘tribunus

1975 2885 2168 2955 plebis,
2197 2885 2337 2941 bona
2369 2886 2612 2942 omnium
2646 2884 2971 2957 publicanda
3001 2888 3263 2947 decrevit.
3318 2888 3417 2949 Cn.
3452 2892 3563 2947 Do-

1974 2976 2192 3047 labella,
2225 2980 2510 3035 Saturnini
2552 2977 2737 3047 frater,
2787 2995 2895 3052 pcr,
2928 2980 3101 3037 forum
3150 2984 3426 3041 olitorium
3478 2984 3565 3040 fu-

270 3078 494 3136 Glaucia
529 3088 752 3152 prmtor,
782 3090 837 3138 et
867 3081 1200 3141 Saturninus
1227 3081 1249 3113 ⁸
1273 3082 1522 3138 tribunus
1546 3080 1716 3154 plebis
1746 3095 1880 3135 con-
1987 3077 2162 3147 gieus,
2193 3089 2316 3130 cum
2365 3072 2431 3129 L.
2483 3071 2527 3106 ι’
2576 3072 2818 3146 Geganio
2857 3074 3173 3134 interfectus
3224 3088 3331 3135 est.
3375 3078 3564 3149 lla-tua

1559 3193 2013 3253 llAVERCAMPl
2055 3189 2285 3249 ΝΟΤᾹΞ.

337 3286 433 3342 40.
482 3283 799 3360 insulasque
826 3289 879 3343 in
906 3289 1151 3344 culleum.
1186 3288 1261 3345 De
1291 3289 1390 3345 hac
1429 3304 1588 3360 pmna
1634 3288 1861 3357 parrici-

265 3357 460 3433 darum
488 3356 902 3433 Diodesti'uusc.
932 3361 986 3416 9.
1022 3361 1085 3415 Β.
1115 3361 1182 3417 de
1213 3360 1332 3433 lege
1361 3356 1611 3433 P‘tt‘lllpt'itl
1638 3356 1713 3433 de
1724 3377 1865 3433 par-

264 3429 527 3502 ricidiis._
526 3427 771 3484 Meminit
800 3430 999 3487 Cicero
1024 3446 1121 3502 pro
1151 3427 1355 3488 Roscio
1381 3427 1664 3489 Amerino.
1696 3427 1860 3488 Finit.

338 3500 433 3556 41.
478 3498 548 3576 Et
577 3502 779 3571 [acinus
804 3511 855 3557 et
886 3498 1110 3576 poenam.
1154 3506 1286 3558 Cum
1330 3503 1772 3576 conjunctioueut
1809 3513 1866 3560 et

267 3578 518 3646 utroque
538 3573 657 3646 loco
681 3573 895 3646 ponant
917 3589 1049 3630 mss.
1074 3590 1193 3630 eam
1221 3586 1409 3631 contra
1440 3573 1624 3646 vulgg.
1656 3576 1860 3643 recepi.

336 3641 432 3717 42.
472 3641 623 3717 (inde
664 3641 712 3698 et
740 3643 927 3700 Solon.
970 3648 1175 3704 Sensus
1206 3655 1321 3717 est,
1356 3641 1717 3717 impleverunt
1757 3641 1866 3701 lio-

266 3714 413 3787 tuaui
436 3713 703 3787 etfacinus
716 3723 775 3787 et
797 3731 1011 3785 pmnam
1029 3717 1146 3787 ejus
1169 3718 1271 3782 rei,
1295 3716 1364 3774 de
1385 3713 1486 3786 qua
1510 3717 1699 3777 Solon.
1726 3725 1830 3773 etc.
1840 3733 1862 3784 ;

267 3785 407 3858 unde
435 3796 479 3839 et
512 3784 678 3841 Solon
706 3784 973 3842 it‘lorentt.
1004 3784 1166 3843 trium
1207 3784 1547 3858 aliorumque
1578 3789 1863 3843 meliorum

268 3856 432 3911 codd.
465 3869 549 3911 est
577 3859 866 3931 scriptura,
900 3873 1022 3913 nam
1050 3860 1366 3930 conjunctio
1389 3856 1522 3914 etin
1546 3861 1727 3931 vulgg.
1753 3876 1861 3915 non

264 3937 567 3998 comparet.
612 3927 783 3999 Lugd.
819 3930 935 3983 flat.
968 3945 1108 3999 sec.,
1155 3927 1291 3986 unde
1322 3932 1418 3986 hoc
1446 3937 1494 3985 et
1536 3927 1739 3997 Solon;
1770 3931 1859 3988 ed.

265 4000 435 4074 lingu,
466 3998 602 4055 unde
631 3998 805 4074 etpltoc
850 3999 1037 4056 Solon.
1067 4002 1201 4074 Aliae
1235 4009 1368 4059 vett.
1422 4004 1537 4071 etl.,
1569 4002 1632 4057 de
1670 4018 1769 4074 qua
1807 4020 1865 4058 re

265 4068 458 4136 Solon,
493 4071 822 4142 quzeglossa
853 4080 938 4127 est
966 4073 1115 4130 vocis
1144 4074 1303 4130 unde.
1399 4135 1405 4142 _

337 4142 466 4196 Car.
502 4141 666 4197 XVII.
699 4173 768 4183 --
803 4142 852 4198 i.
883 4143 1033 4199 Anno
1062 4160 1250 4203 nchv.
1299 4141 1494 4202 Sextus
1535 4144 1689 4201 Marii
1731 4160 1863 4201 con-

259 4211 475 4337 gnatus
530 4230 595 4270 ex
639 4214 765 4270 aliis
798 4214 1106 4274 Annalibus
1150 4217 1296 4274 cadit
1342 4219 1394 4273 in
1439 4233 1636 4272 annum
1679 4232 1859 4274 ucun.

308 4298 435 4337 ann.

308 4298 435 4339 ABR.

334 4353 389 4408 ‘2.
432 4355 532 4425 Qui
574 4372 690 4413 eum
718 4373 999 4413 censorem.

257 4440 294 4480 ν
322 4427 957 4501 εοηξιιιε,βαιυι·ηἰηυιη
981 4427 1351 4485 Tribu‘nirium
1376 4432 1606 4493 notavit.
1628 4442 1863 4501 tumque

257 4513 291 4551 a
340 4498 692 4556 multitudine
722 4502 942 4557 incitata
973 4502 1322 4559 contumeliis
1360 4501 1584 4557 affectus
1615 4500 1734 4569 fuit,
1768 4498 1860 4558 (2i-

1033 4358 1098 4428 Q.
1132 4359 1383 4416 Metellus
1425 4374 1643 4426 censor,
1691 4359 1862 4416 Mario

257 4583 408 4660 gero
437 4584 557 4660 pro
573 4570 787 4660 Sextio,
814 4571 1069 4659 .Valerius
1108 4572 1204 4630 lib.
1233 4588 1310 4641 1x,
1333 4588 1453 4646 cap.
1484 4572 1541 4639 7,
1579 4573 1859 4646 Appianus

1970 4569 2120 4624 ἁπέκο

2043 4641 2060 4660 Ι
2072 4641 2102 4660 η

257 4638 363 4695 ιιι).
390 4638 621 4699 ιξῖδΑΒιι.

335 4712 390 4790 ξ.
424 4711 835 4790 Confugieutem.
865 4714 998 4790 Mss.
1044 4724 1101 4774 et
1137 4715 1264 4773 edd.
1294 4715 1514 4789 quidam
1556 4715 1854 4790 fugientem.

332 4780 390 4837 4.
415 4783 569 4859 εοεαε
594 4780 754 4859 facta.
780 4787 951 4859 Lugd.
982 4802 1097 4844 sec.
1125 4797 1181 4845 et
1218 4780 1371 4856 terti,
1403 4802 1525 4844 cum
1553 4780 1693 4845 Cdll.
1720 4786 1857 4845 Gro-

255 4868 417 4931 nov”
447 4858 610 4931 civiles
639 4869 781 4927 acta,
812 4858 1200 4931 subintellecto
1228 4868 1327 4916 est.

336 4927 392 5001 ξ.
426 4925 773 5001 ΛᾷΝοηίιιηι.
820 4925 896 4986 lia
934 4932 1148 5001 scripsi.
1195 4946 1318 5001 cum
1368 4930 1420 4986 in
1466 4929 1854 4999 manttscriptis

253 4995 588 5068 quibusdam
620 5002 934 5067 Aunonium,
980 4995 1204 5058 in'aliis
1250 5000 1513 5065 Aminiam
1559 4995 1849 5068 legeretur.

253 5067 395 5141 Nam
426 5070 703 5141 Appianus
749 5073 893 5130 hunc
929 5075 1112 5132 Νώνιον
1154 5083 1332 5141 vocat,
1378 5083 1435 5129 et
1474 5074 1526 5128 in
1572 5067 1854 5128 Plutarchi

252 5139 433 5219 gat-io
468 5143 496 5201 ὁ
516 5139 699 5219 ’Ὀνίρυ
726 5143 909 5219 9620;,
939 5160 1039 5219 pro
1080 5139 1600 5219 6Nooioo'mendose
1629 5144 1848 5219 legitur.

251 5209 528 5285 Corrupto
572 5209 744 5271 etiam'
769 5209 910 5285 apud
939 5209 1174 5274 'Florum
1212 5216 1309 5271 lib.
1350 5231 1430 5283 Ill,
1477 5231 1597 5285 cap.
1644 5209 1731 5282 16,
1766 5223 1851 5271 est

250 5283 451 5357 43min,
496 5302 602 5357 una
655 5283 833 5343 littera
881 5288 1105 5355 eruisse,
1140 5303 1262 5344 cum
1316 5289 1387 5343 sit
1427 5283 1735 5357 legendum,
1783 5288 1846 5340 Α.

251 5353 461 5431 Nonio.
496 5355 662 5431 Esau.
692 5389 763 5399 —
789 5358 1014 5413 Annium
1043 5353 1128 5415 hic
1158 5374 1371 5431 quoque
1397 5353 1559 5415 habet
1594 5356 1846 5414 Pcrizon.

248 5427 455 5499 reliqui
480 5428 744 5484 Anuuium
775 5431 861 5486 vel
888 5427 1202 5485 Armenium.

326 5498 389 5555 ϐ.
420 5498 676 5573 Tribunus
705 5502 861 5573 plebi.
894 5499 968 5573 ita
998 5501 1188 5556 Colon.
1216 5509 1270 5556 et
1298 5516 1408 5557 non
1436 5500 1606 5557 semel
1638 5500 1844 5573 Livius,

244 5586 356 5643 pro
387 5570 569 5641 plebis.
604 5570 775 5630 ιωτ.
803 5602 877 5614 -
901 5572 978 5629 Ita
999 5574 1200 5645 passim
1233 5590 1363 5629 mss.
1410 5572 1661 5630 Orosiaui
1691 5571 1846 5627 exbl-

244 5646 408 5700 bent.

244 5754 259 5787 ι
326 5715 380 5769 7.
412 5713 515 5772 Die
540 5715 698 5774 dicta.
730 5716 884 5776 Diem
913 5715 1127 5776 Metello
1156 5716 1483 5777 Saturninus
1513 5714 1669 5784 dixit,
1703 5713 1850 5789 quod

1971 3288 2023 3363 i_n
2056 3284 2176 3363 ejus
2201 3285 2385 3363 legem
2414 3284 2682 3363 agrariam
2709 3286 2897 3363 jurare
2928 3288 3216 3363 noluisset.
3261 3289 3436 3348 Cicer.
3466 3309 3566 3363 pro

1968 3356 2121 3431 Sexi.
2154 3356 2285 3414 Liv.
2307 3357 2403 3413 lib.
2449 3373 2605 3429 uix,
2649 3356 2948 3431 Appianus,
2992 3361 3316 3419 Plutarchus
3346 3372 3402 3419 et
3445 3356 3560 3421 alii.

1967 3429 2279 3584 ng‘idem
2328 3499 2666 3559 Saturninus.
2702 3504 2873 3578 Lugd.
2920 3504 3041 3560 Bat.
3100 3518 3185 3577 pr,
3221 3505 3347 3562 inde
3371 3505 3563 3562 Satur.

1970 3590 2146 3626 mnus.

2040 3643 2093 3699 9.
2125 3642 2192 3697 P.
2221 3642 2477 3698 Mettium.
2503 3644 2557 3699 lu
2582 3643 2683 3700 hoc
2712 3647 2933 3702 nomine
2954 3646 3315 3702 descriheudo
3338 3658 3559 3703 secutus

1968 3728 2085 3769 smn
2117 3715 2379 3784 Optimum
2399 3715 2610 3784 librum
2639 3716 2767 3772 Cor.
2791 3717 3089 3780 Gualtheri.
3120 3716 3285 3771 ΕΔΜ.
3315 3747 3387 3757 -—
3411 3719 3468 3773 Ρ(
3488 3720 3561 3773 ri-

1967 3800 2091 3868 zon.
2123 3782 2177 3841 et
2198 3783 2365 3851 Meus,
2388 3782 2447 3838 P.
2488 3782 2725 3843 Metium.
2755 3788 2922 3860 Lugd.
2955 3786 3122 3855 Batt.,
3156 3787 3401 3843 Publium
3426 3788 3562 3845 Vec-

1967 3870 2148 3911 talum.

2160 3927 2448 4003 infamibus
2473 3930 2634 4003 ausis.
2658 3928 2747 4003 Ita_
2765 3944 2892 4003 mss.
2916 3947 3021 4003 non
3047 3929 3260 4003 ausibus
3279 3937 3337 3986 ut
3360 3930 3553 4003 vulgg.

2040 3999 2125 4054 Η.
2159 3999 2393 4054 Alterum
2422 4001 2702 4055 consulem.
2730 4001 2791 4057 L.
2825 4001 3097 4057 Valerium
3127 4000 3398 4060 Flaccum.
3422 3999 3556 4058 Νἷιῐη

1964 4067 2026 4143 C.
2060 4071 2245 4137 Mario,
2273 4070 2331 4126 L.
2359 4070 2580 4143 Valerio
2600 4086 2771 4138 eoss.,
2796 4083 3015 4129 senatus
3040 4074 3231 4143 Rettip.
3261 4072 3559 4129 defenden-

1964 4140 2088 4215 dam
2116 4143 2361 4215 dederat,
2392 4141 2586 4215 Cicero
2615 4144 2777 4215 Catil.
2811 4159 2850 4215 ι,
2876 4145 3077 4215 Philip.
3114 4140 3229 4199 vni.
3259 4144 3366 4201 Sed
3388 4145 3553 4199 histo-

1964 4212 2102 4296 riam
2137 4212 2431 4296 pleniorem
2463 4213 2584 4285 lege
2632 4216 2683 4285 in
2712 4212 2865 4271 Orat.
2917 4212 3277 4287 pro’Rabirio
3307 4215 3559 4287 perduci-

1962 4282 2122 4339 lionis
2144 4300 2260 4339 reo.
2295 4284 2460 4339 Faun.
2526 4282 2543 4285 ⁷
2632 4282 2639 4285 ⁷
2917 4282 2934 4287 ”
3307 4282 3324 4287 ⁷

2037 4354 2125 4410 12.
2157 4355 2359 4429 Marius
2377 4354 2823 4429 ﬁftulasLCicero
2857 4372 2870 4409 :
2904 4352 3107 4429 Marius
3129 4355 3557 4429 ﬁstulas,quibus

1963 4441 2099 4493 aqua
2124 4426 2551 4500 suppeditabatur
2578 4425 2722 4481 lovis
2753 4426 2877 4499 Opt.
2916 4425 3064 4481 Max.
3102 4427 3307 4495 templis
3327 4425 3391 4482 σέ
3417 4428 3557 4482 sedi-

1963 4494 2091 4573 bus,
2135 4498 2351 4573 pra:ct'_di
2396 4500 2678 4569 imperavit.
2737 4497 3098 4566 Plutarchus,
3153 4500 3277 4561 τοὺς
3330 4500 3555 4573 ὀχετοὺς

2038 4516 2091 4585 r,
2121 4516 2350 4641 ἕπεσθαι
2396 4516 2678 4569 imperavit.
2739 4516 3098 4566 rtutarcuus,
3153 4516 3277 4561 τους
3330 4516 3541 4573 exstant

2038 4589 2126 4696 ῗὲἶ
2161 4568 2632 4712 ἓὲεῐλὲἓίιίείαρι.
2679 4637 2740 4695 C.
2788 4637 3085 4712 Saufeium.
3133 4638 3346 4709 Cicero,
3391 4640 3541 4699 Γαΐαν

1964 4712 2175 4785 Σάφηον,
2209 4709 2509 4786 Appianus.
2556 4709 2726 4769 Fas.
2755 4740 2827 4793 -τ
2854 4709 3119 4785 capulam
3162 4727 3281 4785 qua:
3315 4714 3553 4787 expunxi

1963 4796 2220 4933 “1.237:
2251 4849 2478 4913 ’curiam.
2517 4852 2587 4911 In
2611 4856 2813 4911 curiam
2848 4853 3152 4933 Hostiliam,
3178 4853 3417 4915 Velleius
3444 4855 3549 4915 Pa-

1959 4926 2391 5120 ;:5:é;éit'iino.
2413 4997 2584 5072 Lugd.
2610 4997 2757 5056 Batt.
2782 4964 3117 5058 omnes'cum
3137 4996 3281 5057 Coll.
3304 4999 3549 5059 Gronov.

2123 5087 2224 5120 nto.

1997 5069 2231 5221 ῗίιέὶῗῃιὲ.
2273 5140 2470 5221 uritis
2516 5140 2779 5221 Tribunus
2834 5142 3026 5221 plebis1
3040 5143 3551 5221 ⁸,Πρᾳτλιος,ςιιούέηρς

1958 5208 2231 5294 ζρμςξρχρξ
2257 5216 2317 5294 of:
2361 5212 2404 5270 δ’
2426 5215 2680 5292 ἐλευθέρου
2724 5208 2945 5294 star-p535.
2977 5214 3083 5294 tax
3106 5208 3453 5294 ἐξελιυθέρργί
3476 5214 3547 5271 Ρ.

1956 5279 2170 5357 [furias
2184 5283 2438 5340 Tribunus
2456 5303 2510 5356 p.
2536 5279 2601 5340 ne'
2621 5297 2767 5354 patre
2787 5279 2994 5357 quidem
3016 5279 3257 5357 ingenuo,
3281 5279 3369 5357 se'd
3395 5284 3549 5339 liber-

1956 5352 2063 5407 tino
2085 5352 2577 5440 uatus,Appianus,
2610 5352 2855 5440 Cicero,
2876 5372 2972 5440 pro
2999 5352 3252 5440 lla'birio,
3289 5353 3548 5440 nominem

1957 5427 2194 5508 om_u_ibu_s
2241 5424 2495 5508 insignem
2523 5430 2669 5508 nolis
2696 5424 3037 5508 turpitudinis
3078 5428 3337 5508 appellat.
3366 5424 3542 5508 .Fann.

2034 5500 2120 5555 i7.
2150 5498 2212 5553 L.
2242 5497 2657 5572 Geganio._Nota
2704 5497 2793 5572 est
2812 5514 2947 5569 gens
2972 5497 3211 5569 Gegania
3243 5498 3296 5551 itt
3326 5498 3551 5572 historia

1955 5572 2223 5637 Romana,
2258 5567 2456 5641 cx'qua
2490 5570 2590 5627 fuit
2614 5570 2685 5627 Μ.
2721 5567 2995 5641 Geganius
3037 5567 3120 5641 ter
3152 5567 3364 5641 consul
3419 5576 3556 5641 tem:

1957 5659 2092 5714 pore
2119 5635 2247 5698 belli
2305 5635 2674 5698 lldmanorutu
2702 5635 2846 5714 cuui_
2880 5637 3122 5714 volscis;
3152 5635 3557 5714 balinei-unum

1958 5703 2183 5788 Geganii
2214 5728 2428 5788 quoque
2477 5724 2794 5786 praenomen
2825 5705 3006 5773 Lucii,
3061 5713 3124 5762 ut
3165 5703 3240 5769 L.
3294 5703 3569 5780 Geganius
