  <div class='ocr_page' id='page_1' title='image "/cluster/home/n/w/nwhite01/storage/ocr_20150623/31/hvd.32044096580543/485.png"; bbox 0 0 4076 6174; ppageno 0'>
   <div class='ocr_carea' id='block_1_1' title="bbox 513 275 620 332">
    <p class='ocr_par' dir='ltr' id='par_1_1' title="bbox 513 275 620 332">
     <span class='ocr_line' id='line_1_1' title="bbox 513 275 620 332; baseline 0 -1"><span class='ocrx_word' id='word_1_1' title='bbox 513 275 620 332; x_wconf 75' lang='lat'><strong>939</strong></span> 
     </span>
    </p>
   </div>
   <div class='ocr_carea' id='block_1_2' title="bbox 1927 267 2398 328">
    <p class='ocr_par' dir='ltr' id='par_1_2' title="bbox 1927 267 2398 328">
     <span class='ocr_line' id='line_1_2' title="bbox 1927 267 2398 328; baseline -0.008 0"><span class='ocrx_word' id='word_1_2' title='bbox 1927 267 2132 328; x_wconf 79' lang='lat' dir='ltr'><strong>PAULI</strong></span> <span class='ocrx_word' id='word_1_3' title='bbox 2169 267 2398 328; x_wconf 82' lang='lat' dir='ltr'><strong>OROSll</strong></span> 
     </span>
    </p>
   </div>
   <div class='ocr_carea' id='block_1_3' title="bbox 3700 263 3801 324">
    <p class='ocr_par' dir='ltr' id='par_1_3' title="bbox 3700 263 3801 324">
     <span class='ocr_line' id='line_1_3' title="bbox 3700 263 3801 324; baseline 0.05 -5"><span class='ocrx_word' id='word_1_4' title='bbox 3700 263 3801 324; x_wconf 74' lang='lat'><strong>960</strong></span> 
     </span>
    </p>
   </div>
   <div class='ocr_carea' id='block_1_4' title="bbox 513 375 3803 459">
    <p class='ocr_par' dir='ltr' id='par_1_4' title="bbox 513 375 3803 459">
     <span class='ocr_line' id='line_1_4' title="bbox 513 375 3803 459; baseline -0.004 -17"><span class='ocrx_word' id='word_1_5' title='bbox 513 385 679 459; x_wconf 62' lang='lat'><strong>334</strong></span> <span class='ocrx_word' id='word_1_6' title='bbox 702 384 1016 442; x_wconf 74' lang='lat' dir='ltr'><strong>auctoribus</strong></span> <span class='ocrx_word' id='word_1_7' title='bbox 1046 392 1212 441; x_wconf 68' lang='lat' dir='ltr'><strong>tanta:</strong></span> <span class='ocrx_word' id='word_1_8' title='bbox 1244 384 1530 442; x_wconf 71' lang='lat' dir='ltr'><strong>seditionis</strong></span> <span class='ocrx_word' id='word_1_9' title='bbox 1579 384 1800 453; x_wconf 86' lang='lat' dir='ltr'><strong>occisis,</strong></span> <span class='ocrx_word' id='word_1_10' title='bbox 1827 385 1985 456; x_wconf 81' lang='lat' dir='ltr'><strong>quies</strong></span> <span class='ocrx_word' id='word_1_11' title='bbox 2017 398 2085 454; x_wconf 87' lang='lat' dir='ltr'><strong>po</strong></span> <span class='ocrx_word' id='word_1_12' title='bbox 2137 385 2184 444; x_wconf 77' lang='grc' dir='ltr'><strong>Α</strong></span> <span class='ocrx_word' id='word_1_13' title='bbox 2215 380 2609 452; x_wconf 73' lang='lat' dir='ltr'><strong>frangerentur,</strong></span> <span class='ocrx_word' id='word_1_14' title='bbox 2639 394 2802 436; x_wconf 88' lang='lat' dir='ltr'><strong>cruor</strong></span> <span class='ocrx_word' id='word_1_15' title='bbox 2825 395 2857 436; x_wconf 91' lang='lat' dir='ltr'><strong>e</strong></span> <span class='ocrx_word' id='word_1_16' title='bbox 2887 379 3080 436; x_wconf 91' lang='lat' dir='ltr'><strong>mediis</strong></span> <span class='ocrx_word' id='word_1_17' title='bbox 3104 377 3356 450; x_wconf 88' lang='lat' dir='ltr'><strong>panibus,</strong></span> <span class='ocrx_word' id='word_1_18' title='bbox 3385 375 3542 449; x_wconf 85' lang='lat' dir='ltr'><strong>quasi</strong></span> <span class='ocrx_word' id='word_1_19' title='bbox 3569 389 3602 431; x_wconf 92' lang='lat' dir='ltr'><strong>e</strong></span> <span class='ocrx_word' id='word_1_20' title='bbox 3623 375 3803 430; x_wconf 85' lang='lat' dir='ltr'><strong>vulne-</strong></span> 
     </span>
    </p>
   </div>
   <div class='ocr_carea' id='block_1_5' title="bbox 517 478 2118 552">
    <p class='ocr_par' dir='ltr' id='par_1_5' title="bbox 517 478 2118 552">
     <span class='ocr_line' id='line_1_5' title="bbox 517 478 2118 552; baseline 0.001 -20"><span class='ocrx_word' id='word_1_21' title='bbox 517 482 643 550; x_wconf 85' lang='lat' dir='ltr'><strong>pulo</strong></span> <span class='ocrx_word' id='word_1_22' title='bbox 665 480 786 536; x_wconf 92' lang='lat' dir='ltr'><strong>fuit.</strong></span> <span class='ocrx_word' id='word_1_23' title='bbox 815 480 968 536; x_wconf 85' lang='lat' dir='ltr'><strong>Tunc</strong></span> <span class='ocrx_word' id='word_1_24' title='bbox 998 479 1135 536; x_wconf 91' lang='lat' dir='ltr'><strong>Cato</strong></span> <span class='ocrx_word' id='word_1_25' title='bbox 1159 487 1321 552; x_wconf 90' lang='lat' dir='ltr'><strong>atque</strong></span> <span class='ocrx_word' id='word_1_26' title='bbox 1351 479 1644 549; x_wconf 77' lang='lat' dir='ltr'><strong>Pompeius</strong></span> <span class='ocrx_word' id='word_1_27' title='bbox 1675 481 2018 550; x_wconf 82' lang='lat' dir='ltr'><strong>rogationem</strong></span> <span class='ocrx_word' id='word_1_28' title='bbox 2049 478 2118 534; x_wconf 92' lang='lat' dir='ltr'><strong>de</strong></span> 
     </span>
    </p>
   </div>
   <div class='ocr_carea' id='block_1_6' title="bbox 520 572 2116 645">
    <p class='ocr_par' dir='ltr' id='par_1_6' title="bbox 520 572 2116 645">
     <span class='ocr_line' id='line_1_6' title="bbox 520 572 2116 645; baseline -0.002 -15"><span class='ocrx_word' id='word_1_29' title='bbox 520 575 701 630; x_wconf 84' lang='lat' dir='ltr'><strong>reditu</strong></span> <span class='ocrx_word' id='word_1_30' title='bbox 728 574 930 631; x_wconf 79' lang='lat' dir='ltr'><strong>Metelli</strong></span> <span class='ocrx_word' id='word_1_31' title='bbox 961 573 1232 631; x_wconf 87' lang='lat' dir='ltr'><strong>Numidici</strong></span> <span class='ocrx_word' id='word_1_32' title='bbox 1256 575 1423 630; x_wconf 89' lang='lat' dir='ltr'><strong>totius</strong></span> <span class='ocrx_word' id='word_1_33' title='bbox 1444 573 1605 629; x_wconf 87' lang='lat' dir='ltr'><strong>Urbis</strong></span> <span class='ocrx_word' id='word_1_34' title='bbox 1646 572 1841 644; x_wconf 87' lang='lat' dir='ltr'><strong>gaudio</strong></span> <span class='ocrx_word' id='word_1_35' title='bbox 1868 572 2116 645; x_wconf 88' lang='lat' dir='ltr'><strong>promul-</strong></span> 
     </span>
    </p>
   </div>
   <div class='ocr_carea' id='block_1_7' title="bbox 518 663 2121 738">
    <p class='ocr_par' dir='ltr' id='par_1_7' title="bbox 518 663 2121 738">
     <span class='ocr_line' id='line_1_7' title="bbox 518 663 2121 738; baseline -0.001 -17"><span class='ocrx_word' id='word_1_36' title='bbox 518 675 714 737; x_wconf 83' lang='lat' dir='ltr'><strong>garunt</strong></span> <span class='ocrx_word' id='word_1_37' title='bbox 748 685 760 720; x_wconf 92' lang='lat'>:</span> <span class='ocrx_word' id='word_1_38' title='bbox 798 667 842 699; x_wconf 72' lang='grc'><strong>’⁸</strong></span> <span class='ocrx_word' id='word_1_39' title='bbox 869 681 991 738; x_wconf 83' lang='lat' dir='ltr'><strong>quae</strong></span> <span class='ocrx_word' id='word_1_40' title='bbox 1028 682 1096 722; x_wconf 89' lang='lat' dir='ltr'><strong>ne</strong></span> <span class='ocrx_word' id='word_1_41' title='bbox 1143 664 1503 736; x_wconf 76' lang='lat' dir='ltr'><strong>perferretur,</strong></span> <span class='ocrx_word' id='word_1_42' title='bbox 1557 665 1710 720; x_wconf 85' lang='lat' dir='ltr'><strong>Marii</strong></span> <span class='ocrx_word' id='word_1_43' title='bbox 1760 663 2025 730; x_wconf 88' lang='lat' dir='ltr'><strong>consulis,</strong></span> <span class='ocrx_word' id='word_1_44' title='bbox 2065 671 2121 719; x_wconf 91' lang='lat' dir='ltr'><strong>et</strong></span> 
     </span>
    </p>
   </div>
   <div class='ocr_carea' id='block_1_8' title="bbox 529 758 2115 829">
    <p class='ocr_par' dir='ltr' id='par_1_8' title="bbox 529 758 2115 829">
     <span class='ocr_line' id='line_1_8' title="bbox 529 758 2115 829; baseline -0.004 -14"><span class='ocrx_word' id='word_1_45' title='bbox 529 760 698 828; x_wconf 87' lang='lat' dir='ltr'><strong>Furii,</strong></span> <span class='ocrx_word' id='word_1_46' title='bbox 735 759 936 815; x_wconf 90' lang='lat' dir='ltr'><strong>tribuni</strong></span> <span class='ocrx_word' id='word_1_47' title='bbox 987 759 1181 829; x_wconf 82' lang='lat' dir='ltr'><strong>plebis,</strong></span> <span class='ocrx_word' id='word_1_48' title='bbox 1243 758 1565 814; x_wconf 91' lang='lat' dir='ltr'><strong>factionibus</strong></span> <span class='ocrx_word' id='word_1_49' title='bbox 1613 761 1974 813; x_wconf 84' lang='lat' dir='ltr'><strong>intercessum</strong></span> <span class='ocrx_word' id='word_1_50' title='bbox 2012 764 2115 811; x_wconf 90' lang='lat' dir='ltr'><strong>est.</strong></span> 
     </span>
    </p>
   </div>
   <div class='ocr_carea' id='block_1_9' title="bbox 527 847 2118 923">
    <p class='ocr_par' dir='ltr' id='par_1_9' title="bbox 527 847 2118 923">
     <span class='ocr_line' id='line_1_9' title="bbox 527 847 2118 923; baseline -0.004 -15"><span class='ocrx_word' id='word_1_51' title='bbox 527 856 568 886; x_wconf 78' lang='grc'><strong>¹⁹</strong></span> <span class='ocrx_word' id='word_1_52' title='bbox 625 853 864 909; x_wconf 80' lang='lat' dir='ltr'><strong>Rutilius</strong></span> <span class='ocrx_word' id='word_1_53' title='bbox 917 867 1153 923; x_wconf 81' lang='lat' dir='ltr'><strong>quoque,</strong></span> <span class='ocrx_word' id='word_1_54' title='bbox 1209 853 1292 907; x_wconf 93' lang='lat' dir='ltr'><strong>vir</strong></span> <span class='ocrx_word' id='word_1_55' title='bbox 1343 851 1763 922; x_wconf 88' lang='lat' dir='ltr'><strong>integerrimus,</strong></span> <span class='ocrx_word' id='word_1_56' title='bbox 1807 849 1943 905; x_wconf 90' lang='lat' dir='ltr'><strong>adeo</strong></span> <span class='ocrx_word' id='word_1_57' title='bbox 1993 847 2118 903; x_wconf 83' lang='lat' dir='ltr'><strong>ﬁdei</strong></span> 
     </span>
    </p>
   </div>
   <div class='ocr_carea' id='block_1_10' title="bbox 525 940 2121 1016">
    <p class='ocr_par' dir='ltr' id='par_1_10' title="bbox 525 940 2121 1016">
     <span class='ocr_line' id='line_1_10' title="bbox 525 940 2121 1016; baseline -0.004 -15"><span class='ocrx_word' id='word_1_58' title='bbox 525 957 688 1016; x_wconf 87' lang='lat' dir='ltr'><strong>atque</strong></span> <span class='ocrx_word' id='word_1_59' title='bbox 711 946 1040 1002; x_wconf 81' lang='lat' dir='ltr'><strong>innocentiae</strong></span> <span class='ocrx_word' id='word_1_60' title='bbox 1078 946 1384 1001; x_wconf 85' lang='lat' dir='ltr'><strong>constantia</strong></span> <span class='ocrx_word' id='word_1_61' title='bbox 1421 960 1553 1000; x_wconf 87' lang='lat' dir='ltr'><strong>usus</strong></span> <span class='ocrx_word' id='word_1_62' title='bbox 1583 953 1687 1009; x_wconf 89' lang='lat' dir='ltr'><strong>est,</strong></span> <span class='ocrx_word' id='word_1_63' title='bbox 1718 953 1776 998; x_wconf 92' lang='lat' dir='ltr'><strong>ut</strong></span> <span class='ocrx_word' id='word_1_64' title='bbox 1804 941 1897 998; x_wconf 91' lang='lat' dir='ltr'><strong>die</strong></span> <span class='ocrx_word' id='word_1_65' title='bbox 1919 940 2024 996; x_wconf 85' lang='lat' dir='ltr'><strong>sibi</strong></span> <span class='ocrx_word' id='word_1_66' title='bbox 2051 941 2121 995; x_wconf 91' lang='lat' dir='ltr'><strong>ab</strong></span> 
     </span>
    </p>
   </div>
   <div class='ocr_carea' id='block_1_11' title="bbox 523 1036 2121 1108">
    <p class='ocr_par' dir='ltr' id='par_1_11' title="bbox 523 1036 2121 1108">
     <span class='ocr_line' id='line_1_11' title="bbox 523 1036 2121 1108; baseline -0.002 -16"><span class='ocrx_word' id='word_1_67' title='bbox 523 1038 933 1094; x_wconf 88' lang='lat' dir='ltr'><strong>accusatoribus</strong></span> <span class='ocrx_word' id='word_1_68' title='bbox 977 1037 1142 1104; x_wconf 90' lang='lat' dir='ltr'><strong>dicta,</strong></span> <span class='ocrx_word' id='word_1_69' title='bbox 1198 1052 1369 1108; x_wconf 90' lang='lat' dir='ltr'><strong>usque</strong></span> <span class='ocrx_word' id='word_1_70' title='bbox 1412 1036 1481 1092; x_wconf 90' lang='lat' dir='ltr'><strong>ad</strong></span> <span class='ocrx_word' id='word_1_71' title='bbox 1521 1037 1892 1106; x_wconf 82' lang='lat' dir='ltr'><strong>cognitionem</strong></span> <span class='ocrx_word' id='word_1_72' title='bbox 1944 1048 2121 1103; x_wconf 86' lang='lat' dir='ltr'><strong>neque</strong></span> 
     </span>
    </p>
   </div>
   <div class='ocr_carea' id='block_1_12' title="bbox 525 1126 2120 1199">
    <p class='ocr_par' dir='ltr' id='par_1_12' title="bbox 525 1126 2120 1199">
     <span class='ocr_line' id='line_1_12' title="bbox 525 1126 2120 1199; baseline -0.002 -15"><span class='ocrx_word' id='word_1_73' title='bbox 525 1129 782 1199; x_wconf 75' lang='lat' dir='ltr'><strong>capillum</strong></span> <span class='ocrx_word' id='word_1_74' title='bbox 810 1129 1103 1185; x_wconf 85' lang='lat' dir='ltr'><strong>barbatnve</strong></span> <span class='ocrx_word' id='word_1_75' title='bbox 1129 1129 1462 1197; x_wconf 75' lang='lat' dir='ltr'><strong>promiserit,</strong></span> <span class='ocrx_word' id='word_1_76' title='bbox 1508 1143 1686 1199; x_wconf 88' lang='lat' dir='ltr'><strong>neque</strong></span> <span class='ocrx_word' id='word_1_77' title='bbox 1713 1126 1934 1182; x_wconf 89' lang='lat' dir='ltr'><strong>sordida</strong></span> <span class='ocrx_word' id='word_1_78' title='bbox 1965 1135 2120 1181; x_wconf 86' lang='lat' dir='ltr'><strong>veste</strong></span> 
     </span>
    </p>
   </div>
   <div class='ocr_carea' id='block_1_13' title="bbox 530 1202 2121 1293">
    <p class='ocr_par' dir='ltr' id='par_1_13' title="bbox 530 1202 2121 1293">
     <span class='ocr_line' id='line_1_13' title="bbox 530 1202 2121 1293; baseline -0.003 -15"><span class='ocrx_word' id='word_1_79' title='bbox 530 1202 791 1278; x_wconf 69' lang='lat' dir='ltr'><strong>Ituuiilive</strong></span> <span class='ocrx_word' id='word_1_80' title='bbox 820 1221 1008 1278; x_wconf 86' lang='lat' dir='ltr'><strong>habitu</strong></span> <span class='ocrx_word' id='word_1_81' title='bbox 1055 1221 1442 1293; x_wconf 69' lang='lat' dir='ltr'><strong>suifragatores</strong></span> <span class='ocrx_word' id='word_1_82' title='bbox 1489 1220 1822 1286; x_wconf 89' lang='lat' dir='ltr'><strong>conciliarit,</strong></span> <span class='ocrx_word' id='word_1_83' title='bbox 1871 1218 2121 1274; x_wconf 91' lang='lat' dir='ltr'><strong>inimicos</strong></span> 
     </span>
    </p>
   </div>
   <div class='ocr_carea' id='block_1_14' title="bbox 526 1313 2124 1387">
    <p class='ocr_par' dir='ltr' id='par_1_14' title="bbox 526 1313 2124 1387">
     <span class='ocr_line' id='line_1_14' title="bbox 526 1313 2124 1387; baseline -0.003 -17"><span class='ocrx_word' id='word_1_84' title='bbox 526 1315 896 1387; x_wconf 89' lang='lat' dir='ltr'><strong>permulserit,</strong></span> <span class='ocrx_word' id='word_1_85' title='bbox 941 1313 1152 1385; x_wconf 90' lang='lat' dir='ltr'><strong>judices</strong></span> <span class='ocrx_word' id='word_1_86' title='bbox 1181 1315 1527 1382; x_wconf 89' lang='lat' dir='ltr'><strong>temperarit,</strong></span> <span class='ocrx_word' id='word_1_87' title='bbox 1559 1313 1862 1368; x_wconf 89' lang='lat' dir='ltr'><strong>orationem</strong></span> <span class='ocrx_word' id='word_1_88' title='bbox 1905 1325 2124 1382; x_wconf 88' lang='lat' dir='ltr'><strong>quoque</strong></span> 
     </span>
    </p>
   </div>
   <div class='ocr_carea' id='block_1_15' title="bbox 524 1402 2122 1479">
    <p class='ocr_par' dir='ltr' id='par_1_15' title="bbox 524 1402 2122 1479">
     <span class='ocr_line' id='line_1_15' title="bbox 524 1402 2122 1479; baseline -0.004 -17"><span class='ocrx_word' id='word_1_89' title='bbox 524 1426 553 1462; x_wconf 90' lang='lat' dir='ltr'><strong>a</strong></span> <span class='ocrx_word' id='word_1_90' title='bbox 585 1419 818 1479; x_wconf 64' lang='lat' dir='ltr'><strong>praetore</strong></span> <span class='ocrx_word' id='word_1_91' title='bbox 837 1422 1152 1464; x_wconf 83' lang='lat' dir='ltr'><strong>concessam</strong></span> <span class='ocrx_word' id='word_1_92' title='bbox 1183 1406 1354 1462; x_wconf 86' lang='lat' dir='ltr'><strong>nihilo</strong></span> <span class='ocrx_word' id='word_1_93' title='bbox 1381 1405 1795 1462; x_wconf 90' lang='lat' dir='ltr'><strong>submissiorem</strong></span> <span class='ocrx_word' id='word_1_94' title='bbox 1817 1417 1976 1474; x_wconf 89' lang='lat' dir='ltr'><strong>quam</strong></span> <span class='ocrx_word' id='word_1_95' title='bbox 2001 1402 2122 1456; x_wconf 90' lang='lat' dir='ltr'><strong>ani-</strong></span> 
     </span>
    </p>
   </div>
   <div class='ocr_carea' id='block_1_16' title="bbox 529 1495 2122 1570">
    <p class='ocr_par' dir='ltr' id='par_1_16' title="bbox 529 1495 2122 1570">
     <span class='ocr_line' id='line_1_16' title="bbox 529 1495 2122 1570; baseline -0.006 -12"><span class='ocrx_word' id='word_1_96' title='bbox 529 1518 677 1558; x_wconf 87' lang='lat' dir='ltr'><strong>tnum</strong></span> <span class='ocrx_word' id='word_1_97' title='bbox 705 1501 971 1557; x_wconf 84' lang='lat' dir='ltr'><strong>habuerit.</strong></span> <span class='ocrx_word' id='word_1_98' title='bbox 997 1499 1131 1556; x_wconf 91' lang='lat' dir='ltr'><strong>Cum</strong></span> <span class='ocrx_word' id='word_1_99' title='bbox 1149 1500 1391 1556; x_wconf 76' lang='lat' dir='ltr'><strong>evidenti</strong></span> <span class='ocrx_word' id='word_1_100' title='bbox 1405 1505 1810 1570; x_wconf 75' lang='lat' dir='ltr'><strong>oppugnaretur</strong></span> <span class='ocrx_word' id='word_1_101' title='bbox 1829 1495 2122 1562; x_wconf 82' lang='lat' dir='ltr'><strong>calumnia,</strong></span> 
     </span>
    </p>
   </div>
   <div class='ocr_carea' id='block_1_17' title="bbox 525 1586 2122 1663">
    <p class='ocr_par' dir='ltr' id='par_1_17' title="bbox 525 1586 2122 1663">
     <span class='ocr_line' id='line_1_17' title="bbox 525 1586 2122 1663; baseline -0.005 -15"><span class='ocrx_word' id='word_1_102' title='bbox 525 1603 578 1648; x_wconf 92' lang='lat' dir='ltr'><strong>ct</strong></span> <span class='ocrx_word' id='word_1_103' title='bbox 608 1593 867 1663; x_wconf 89' lang='lat' dir='ltr'><strong>opinione</strong></span> <span class='ocrx_word' id='word_1_104' title='bbox 895 1593 1166 1648; x_wconf 88' lang='lat' dir='ltr'><strong>bonorum</strong></span> <span class='ocrx_word' id='word_1_105' title='bbox 1215 1591 1455 1646; x_wconf 89' lang='lat' dir='ltr'><strong>omnium</strong></span> <span class='ocrx_word' id='word_1_106' title='bbox 1478 1591 1601 1661; x_wconf 93' lang='lat' dir='ltr'><strong>jure</strong></span> <span class='ocrx_word' id='word_1_107' title='bbox 1621 1586 1990 1644; x_wconf 84' lang='lat' dir='ltr'><strong>absolvendus</strong></span> <span class='ocrx_word' id='word_1_108' title='bbox 2023 1602 2122 1656; x_wconf 85' lang='lat' dir='ltr'><strong>pu-</strong></span> 
     </span>
    </p>
   </div>
   <div class='ocr_carea' id='block_1_18' title="bbox 531 1678 2123 1755">
    <p class='ocr_par' dir='ltr' id='par_1_18' title="bbox 531 1678 2123 1755">
     <span class='ocr_line' id='line_1_18' title="bbox 531 1678 2123 1755; baseline -0.003 -18"><span class='ocrx_word' id='word_1_109' title='bbox 531 1695 762 1751; x_wconf 90' lang='lat' dir='ltr'><strong>taretur,</strong></span> <span class='ocrx_word' id='word_1_110' title='bbox 805 1684 1042 1755; x_wconf 85' lang='lat' dir='ltr'><strong>perjurio</strong></span> <span class='ocrx_word' id='word_1_111' title='bbox 1083 1684 1325 1754; x_wconf 91' lang='lat' dir='ltr'><strong>judicum</strong></span> <span class='ocrx_word' id='word_1_112' title='bbox 1354 1683 1752 1738; x_wconf 86' lang='lat' dir='ltr'><strong>condemnatus</strong></span> <span class='ocrx_word' id='word_1_113' title='bbox 1792 1689 1912 1736; x_wconf 91' lang='lat' dir='ltr'><strong>cst:</strong></span> <span class='ocrx_word' id='word_1_114' title='bbox 1945 1680 1990 1711; x_wconf 79' lang='grc'><strong>²⁰</strong></span> <span class='ocrx_word' id='word_1_115' title='bbox 2035 1678 2123 1748; x_wconf 88' lang='lat' dir='ltr'><strong>qui</strong></span> 
     </span>
    </p>
   </div>
   <div class='ocr_carea' id='block_1_19' title="bbox 2223 467 3803 543">
    <p class='ocr_par' dir='ltr' id='par_1_19' title="bbox 2223 467 3803 543">
     <span class='ocr_line' id='line_1_19' title="bbox 2223 467 3803 543; baseline -0.004 -15"><span class='ocrx_word' id='word_1_116' title='bbox 2223 475 2374 529; x_wconf 86' lang='lat' dir='ltr'><strong>ribus</strong></span> <span class='ocrx_word' id='word_1_117' title='bbox 2416 488 2704 542; x_wconf 85' lang='lat' dir='ltr'><strong>corporum</strong></span> <span class='ocrx_word' id='word_1_118' title='bbox 2738 473 2912 528; x_wconf 75' lang='lat' dir='ltr'><strong>fluxit.</strong></span> <span class='ocrx_word' id='word_1_119' title='bbox 2951 473 3216 528; x_wconf 82' lang='lat' dir='ltr'><strong>Praeterea</strong></span> <span class='ocrx_word' id='word_1_120' title='bbox 3260 487 3354 542; x_wconf 87' lang='lat' dir='ltr'><strong>per</strong></span> <span class='ocrx_word' id='word_1_121' title='bbox 3383 478 3596 543; x_wconf 84' lang='lat' dir='ltr'><strong>septem</strong></span> <span class='ocrx_word' id='word_1_122' title='bbox 3635 467 3803 523; x_wconf 87' lang='lat' dir='ltr'><strong>conti-</strong></span> 
     </span>
    </p>
   </div>
   <div class='ocr_carea' id='block_1_20' title="bbox 2225 564 3810 637">
    <p class='ocr_par' dir='ltr' id='par_1_20' title="bbox 2225 564 3810 637">
     <span class='ocr_line' id='line_1_20' title="bbox 2225 564 3810 637; baseline -0.004 -16"><span class='ocrx_word' id='word_1_123' title='bbox 2225 581 2361 621; x_wconf 88' lang='lat' dir='ltr'><strong>nuos</strong></span> <span class='ocrx_word' id='word_1_124' title='bbox 2391 565 2509 620; x_wconf 90' lang='lat' dir='ltr'><strong>dies</strong></span> <span class='ocrx_word' id='word_1_125' title='bbox 2538 566 2744 637; x_wconf 83' lang='lat' dir='ltr'><strong>grando</strong></span> <span class='ocrx_word' id='word_1_126' title='bbox 2773 565 3031 635; x_wconf 88' lang='lat' dir='ltr'><strong>lapidum,</strong></span> <span class='ocrx_word' id='word_1_127' title='bbox 3063 564 3327 620; x_wconf 77' lang='lat' dir='ltr'><strong>immixtis</strong></span> <span class='ocrx_word' id='word_1_128' title='bbox 3353 564 3516 619; x_wconf 84' lang='lat' dir='ltr'><strong>etiam</strong></span> <span class='ocrx_word' id='word_1_129' title='bbox 3552 570 3810 617; x_wconf 87' lang='lat' dir='ltr'><strong>testatum</strong></span> 
     </span>
    </p>
   </div>
   <div class='ocr_carea' id='block_1_21' title="bbox 2222 655 3812 729">
    <p class='ocr_par' dir='ltr' id='par_1_21' title="bbox 2222 655 3812 729">
     <span class='ocr_line' id='line_1_21' title="bbox 2222 655 3812 729; baseline -0.003 -15"><span class='ocrx_word' id='word_1_130' title='bbox 2222 659 2568 729; x_wconf 76' lang='lat' dir='ltr'><strong>fragmentis,</strong></span> <span class='ocrx_word' id='word_1_131' title='bbox 2611 667 2814 715; x_wconf 88' lang='lat' dir='ltr'><strong>terram</strong></span> <span class='ocrx_word' id='word_1_132' title='bbox 2842 659 3112 714; x_wconf 88' lang='lat' dir='ltr'><strong>latissime</strong></span> <span class='ocrx_word' id='word_1_133' title='bbox 3153 657 3482 714; x_wconf 77' lang='lat' dir='ltr'><strong>verberavit.</strong></span> <span class='ocrx_word' id='word_1_134' title='bbox 3516 656 3573 710; x_wconf 95' lang='lat' dir='ltr'><strong>In</strong></span> <span class='ocrx_word' id='word_1_135' title='bbox 3601 655 3812 710; x_wconf 87' lang='lat' dir='ltr'><strong>Samni-</strong></span> 
     </span>
    </p>
   </div>
   <div class='ocr_carea' id='block_1_22' title="bbox 2223 751 3810 822">
    <p class='ocr_par' dir='ltr' id='par_1_22' title="bbox 2223 751 3810 822">
     <span class='ocr_line' id='line_1_22' title="bbox 2223 751 3810 822; baseline -0.001 -17"><span class='ocrx_word' id='word_1_136' title='bbox 2223 752 2364 805; x_wconf 84' lang='lat' dir='ltr'><strong>tibus</strong></span> <span class='ocrx_word' id='word_1_137' title='bbox 2388 752 2693 807; x_wconf 88' lang='lat' dir='ltr'><strong>vastissimo</strong></span> <span class='ocrx_word' id='word_1_138' title='bbox 2721 751 2874 807; x_wconf 85' lang='lat' dir='ltr'><strong>hiatu</strong></span> <span class='ocrx_word' id='word_1_139' title='bbox 2905 760 3065 807; x_wconf 64' lang='lat' dir='ltr'><strong>terra:</strong></span> <span class='ocrx_word' id='word_1_140' title='bbox 3091 795 3105 816; x_wconf 95' lang='lat'><strong>,</strong></span> <span class='ocrx_word' id='word_1_141' title='bbox 3161 753 3378 807; x_wconf 87' lang='lat' dir='ltr'><strong>flamma</strong></span> <span class='ocrx_word' id='word_1_142' title='bbox 3418 752 3667 822; x_wconf 87' lang='lat' dir='ltr'><strong>prorupit</strong></span> <span class='ocrx_word' id='word_1_143' title='bbox 3694 791 3709 813; x_wconf 94' lang='lat'><strong>,</strong></span> <span class='ocrx_word' id='word_1_144' title='bbox 3757 760 3810 805; x_wconf 89' lang='lat' dir='ltr'><strong>et</strong></span> 
     </span>
    </p>
   </div>
   <div class='ocr_carea' id='block_1_23' title="bbox 2226 840 3815 913">
    <p class='ocr_par' dir='ltr' id='par_1_23' title="bbox 2226 840 3815 913">
     <span class='ocr_line' id='line_1_23' title="bbox 2226 840 3815 913; baseline -0.003 -15"><span class='ocrx_word' id='word_1_145' title='bbox 2226 858 2393 913; x_wconf 85' lang='lat' dir='ltr'><strong>usque</strong></span> <span class='ocrx_word' id='word_1_146' title='bbox 2442 844 2495 896; x_wconf 88' lang='lat' dir='ltr'><strong>in</strong></span> <span class='ocrx_word' id='word_1_147' title='bbox 2539 843 2738 898; x_wconf 77' lang='lat' dir='ltr'><strong>cmlum</strong></span> <span class='ocrx_word' id='word_1_148' title='bbox 2774 843 2992 899; x_wconf 83' lang='lat' dir='ltr'><strong>extendi</strong></span> <span class='ocrx_word' id='word_1_149' title='bbox 3027 844 3140 896; x_wconf 88' lang='lat' dir='ltr'><strong>visa</strong></span> <span class='ocrx_word' id='word_1_150' title='bbox 3173 852 3280 898; x_wconf 90' lang='lat' dir='ltr'><strong>est.</strong></span> <span class='ocrx_word' id='word_1_151' title='bbox 3327 840 3653 912; x_wconf 88' lang='lat' dir='ltr'><strong>Complures</strong></span> <span class='ocrx_word' id='word_1_152' title='bbox 3684 857 3815 910; x_wconf 70' lang='lat' dir='ltr'><strong>pra:-</strong></span> 
     </span>
    </p>
   </div>
   <div class='ocr_carea' id='block_1_24' title="bbox 2225 934 3813 1007">
    <p class='ocr_par' dir='ltr' id='par_1_24' title="bbox 2225 934 3813 1007">
     <span class='ocr_line' id='line_1_24' title="bbox 2225 934 3813 1007; baseline -0.003 -18"><span class='ocrx_word' id='word_1_153' title='bbox 2225 946 2371 992; x_wconf 88' lang='lat' dir='ltr'><strong>terea</strong></span> <span class='ocrx_word' id='word_1_154' title='bbox 2402 936 2453 990; x_wconf 94' lang='lat' dir='ltr'><strong>in</strong></span> <span class='ocrx_word' id='word_1_155' title='bbox 2486 937 2683 992; x_wconf 86' lang='lat' dir='ltr'><strong>itinere</strong></span> <span class='ocrx_word' id='word_1_156' title='bbox 2710 936 2901 992; x_wconf 89' lang='lat' dir='ltr'><strong>videre</strong></span> <span class='ocrx_word' id='word_1_157' title='bbox 2923 936 3150 990; x_wconf 72' lang='lat' dir='ltr'><strong>Romani</strong></span> <span class='ocrx_word' id='word_1_158' title='bbox 3171 935 3391 1007; x_wconf 82' lang='lat' dir='ltr'><strong>globum</strong></span> <span class='ocrx_word' id='word_1_159' title='bbox 3415 935 3614 990; x_wconf 88' lang='lat' dir='ltr'><strong>coloris</strong></span> <span class='ocrx_word' id='word_1_160' title='bbox 3641 934 3813 1001; x_wconf 88' lang='lat' dir='ltr'><strong>aurei,</strong></span> 
     </span>
    </p>
   </div>
   <div class='ocr_carea' id='block_1_25' title="bbox 2223 1025 3819 1098">
    <p class='ocr_par' dir='ltr' id='par_1_25' title="bbox 2223 1025 3819 1098">
     <span class='ocr_line' id='line_1_25' title="bbox 2223 1025 3819 1098; baseline -0.003 -16"><span class='ocrx_word' id='word_1_161' title='bbox 2223 1028 2363 1082; x_wconf 68' lang='lat' dir='ltr'><strong>curlo</strong></span> <span class='ocrx_word' id='word_1_162' title='bbox 2391 1028 2460 1082; x_wconf 90' lang='lat' dir='ltr'><strong>ad</strong></span> <span class='ocrx_word' id='word_1_163' title='bbox 2487 1039 2684 1083; x_wconf 90' lang='lat' dir='ltr'><strong>terram</strong></span> <span class='ocrx_word' id='word_1_164' title='bbox 2710 1027 2948 1092; x_wconf 82' lang='lat' dir='ltr'><strong>devolvi,</strong></span> <span class='ocrx_word' id='word_1_165' title='bbox 2980 1027 3352 1098; x_wconf 89' lang='lat' dir='ltr'><strong>majoremqtte</strong></span> <span class='ocrx_word' id='word_1_166' title='bbox 3375 1025 3605 1091; x_wconf 86' lang='lat' dir='ltr'><strong>factum,</strong></span> <span class='ocrx_word' id='word_1_167' title='bbox 3633 1040 3819 1080; x_wconf 84' lang='lat' dir='ltr'><strong>rursus</strong></span> 
     </span>
    </p>
   </div>
   <div class='ocr_carea' id='block_1_26' title="bbox 2222 1119 3824 1184">
    <p class='ocr_par' dir='ltr' id='par_1_26' title="bbox 2222 1119 3824 1184">
     <span class='ocr_line' id='line_1_26' title="bbox 2222 1119 3824 1184; baseline -0.003 -8"><span class='ocrx_word' id='word_1_168' title='bbox 2222 1136 2252 1175; x_wconf 90' lang='lat' dir='ltr'><strong>a</strong></span> <span class='ocrx_word' id='word_1_169' title='bbox 2303 1131 2444 1177; x_wconf 86' lang='lat' dir='ltr'><strong>terra</strong></span> <span class='ocrx_word' id='word_1_170' title='bbox 2497 1123 2551 1177; x_wconf 93' lang='lat' dir='ltr'><strong>in</strong></span> <span class='ocrx_word' id='word_1_171' title='bbox 2599 1122 2834 1178; x_wconf 89' lang='lat' dir='ltr'><strong>sublime</strong></span> <span class='ocrx_word' id='word_1_172' title='bbox 2881 1121 2949 1175; x_wconf 88' lang='lat' dir='ltr'><strong>ad</strong></span> <span class='ocrx_word' id='word_1_173' title='bbox 2995 1120 3274 1176; x_wconf 87' lang='lat' dir='ltr'><strong>Orientem</strong></span> <span class='ocrx_word' id='word_1_174' title='bbox 3320 1121 3492 1175; x_wconf 90' lang='lat' dir='ltr'><strong>solem</strong></span> <span class='ocrx_word' id='word_1_175' title='bbox 3533 1119 3714 1184; x_wconf 85' lang='lat' dir='ltr'><strong>ferri,</strong></span> <span class='ocrx_word' id='word_1_176' title='bbox 3760 1133 3824 1172; x_wconf 82' lang='lat' dir='ltr'><strong>ac</strong></span> 
     </span>
    </p>
   </div>
   <div class='ocr_carea' id='block_1_27' title="bbox 2225 1211 3824 1284">
    <p class='ocr_par' dir='ltr' id='par_1_27' title="bbox 2225 1211 3824 1284">
     <span class='ocr_line' id='line_1_27' title="bbox 2225 1211 3824 1284; baseline -0.003 -14"><span class='ocrx_word' id='word_1_177' title='bbox 2225 1214 2597 1284; x_wconf 87' lang='lat' dir='ltr'><strong>magnitudine</strong></span> <span class='ocrx_word' id='word_1_178' title='bbox 2634 1229 2733 1269; x_wconf 89' lang='lat' dir='ltr'><strong>sua</strong></span> <span class='ocrx_word' id='word_1_179' title='bbox 2780 1214 2958 1284; x_wconf 89' lang='lat' dir='ltr'><strong>ipsum</strong></span> <span class='ocrx_word' id='word_1_180' title='bbox 3002 1213 3174 1268; x_wconf 89' lang='lat' dir='ltr'><strong>solem</strong></span> <span class='ocrx_word' id='word_1_181' title='bbox 3215 1211 3508 1269; x_wconf 81' lang='lat' dir='ltr'><strong>obtexisse.</strong></span> <span class='ocrx_word' id='word_1_182' title='bbox 3543 1212 3565 1243; x_wconf 88' lang='grc'>⁶</span> <span class='ocrx_word' id='word_1_183' title='bbox 3616 1212 3824 1267; x_wconf 86' lang='lat' dir='ltr'><strong>Drusus</strong></span> 
     </span>
    </p>
   </div>
   <div class='ocr_carea' id='block_1_28' title="bbox 2227 1305 3824 1376">
    <p class='ocr_par' dir='ltr' id='par_1_28' title="bbox 2227 1305 3824 1376">
     <span class='ocr_line' id='line_1_28' title="bbox 2227 1305 3824 1376; baseline -0.001 -14"><span class='ocrx_word' id='word_1_184' title='bbox 2227 1309 2391 1363; x_wconf 88' lang='lat' dir='ltr'><strong>tantis</strong></span> <span class='ocrx_word' id='word_1_185' title='bbox 2419 1307 2574 1363; x_wconf 90' lang='lat' dir='ltr'><strong>malis</strong></span> <span class='ocrx_word' id='word_1_186' title='bbox 2601 1308 2795 1362; x_wconf 81' lang='lat' dir='ltr'><strong>anxius</strong></span> <span class='ocrx_word' id='word_1_187' title='bbox 2819 1348 2836 1373; x_wconf 89' lang='lat'><strong>,</strong></span> <span class='ocrx_word' id='word_1_188' title='bbox 2879 1307 3028 1362; x_wconf 91' lang='lat' dir='ltr'><strong>domi</strong></span> <span class='ocrx_word' id='word_1_189' title='bbox 3057 1321 3169 1362; x_wconf 75' lang='lat' dir='ltr'><strong>sua:</strong></span> <span class='ocrx_word' id='word_1_190' title='bbox 3195 1345 3212 1370; x_wconf 96' lang='lat'><strong>,</strong></span> <span class='ocrx_word' id='word_1_191' title='bbox 3242 1306 3450 1362; x_wconf 89' lang='lat' dir='ltr'><strong>incerto</strong></span> <span class='ocrx_word' id='word_1_192' title='bbox 3475 1305 3700 1376; x_wconf 88' lang='lat' dir='ltr'><strong>quidem</strong></span> <span class='ocrx_word' id='word_1_193' title='bbox 3729 1321 3824 1360; x_wconf 85' lang='lat' dir='ltr'><strong>au-</strong></span> 
     </span>
    </p>
   </div>
   <div class='ocr_carea' id='block_1_29' title="bbox 2222 1397 3820 1471">
    <p class='ocr_par' dir='ltr' id='par_1_29' title="bbox 2222 1397 3820 1471">
     <span class='ocr_line' id='line_1_29' title="bbox 2222 1397 3820 1471; baseline -0.003 -17"><span class='ocrx_word' id='word_1_194' title='bbox 2222 1408 2398 1466; x_wconf 89' lang='lat' dir='ltr'><strong>ctore,</strong></span> <span class='ocrx_word' id='word_1_195' title='bbox 2429 1399 2746 1456; x_wconf 88' lang='lat' dir='ltr'><strong>interfectus</strong></span> <span class='ocrx_word' id='word_1_196' title='bbox 2772 1407 2872 1454; x_wconf 90' lang='lat' dir='ltr'><strong>est.</strong></span> <span class='ocrx_word' id='word_1_197' title='bbox 2905 1399 3069 1471; x_wconf 76' lang='lat'><strong>336</strong></span> <span class='ocrx_word' id='word_1_198' title='bbox 3096 1397 3261 1468; x_wconf 90' lang='lat' dir='ltr'><strong>Igitur</strong></span> <span class='ocrx_word' id='word_1_199' title='bbox 3287 1398 3562 1463; x_wconf 85' lang='lat' dir='ltr'><strong>Picentes,</strong></span> <span class='ocrx_word' id='word_1_200' title='bbox 3592 1397 3820 1464; x_wconf 78' lang='lat' dir='ltr'><strong>Vestini,</strong></span> 
     </span>
    </p>
   </div>
   <div class='ocr_carea' id='block_1_30' title="bbox 2224 1479 3821 1564">
    <p class='ocr_par' dir='ltr' id='par_1_30' title="bbox 2224 1479 3821 1564">
     <span class='ocr_line' id='line_1_30' title="bbox 2224 1479 3821 1564; baseline -0.002 -17"><span class='ocrx_word' id='word_1_201' title='bbox 2224 1491 2406 1559; x_wconf 81' lang='lat' dir='ltr'><strong>Marsi,</strong></span> <span class='ocrx_word' id='word_1_202' title='bbox 2439 1479 2669 1564; x_wconf 88' lang='lat' dir='ltr'><strong>Peligni,</strong></span> <span class='ocrx_word' id='word_1_203' title='bbox 2702 1491 3036 1557; x_wconf 91' lang='lat' dir='ltr'><strong>Marrucini,</strong></span> <span class='ocrx_word' id='word_1_204' title='bbox 3067 1488 3376 1558; x_wconf 85' lang='lat' dir='ltr'><strong>Samnites,</strong></span> <span class='ocrx_word' id='word_1_205' title='bbox 3425 1489 3665 1555; x_wconf 82' lang='lat' dir='ltr'><strong>Lucani,</strong></span> <span class='ocrx_word' id='word_1_206' title='bbox 3694 1504 3821 1544; x_wconf 87' lang='lat' dir='ltr'><strong>cum</strong></span> 
     </span>
    </p>
   </div>
   <div class='ocr_carea' id='block_1_31' title="bbox 2226 1581 3822 1653">
    <p class='ocr_par' dir='ltr' id='par_1_31' title="bbox 2226 1581 3822 1653">
     <span class='ocr_line' id='line_1_31' title="bbox 2226 1581 3822 1653; baseline -0.004 -11"><span class='ocrx_word' id='word_1_207' title='bbox 2226 1587 2402 1643; x_wconf 90' lang='lat' dir='ltr'><strong>adhuc</strong></span> <span class='ocrx_word' id='word_1_208' title='bbox 2447 1588 2712 1642; x_wconf 90' lang='lat' dir='ltr'><strong>occultam</strong></span> <span class='ocrx_word' id='word_1_209' title='bbox 2785 1583 3660 1653; x_wconf 72' lang='lat' dir='ltr'><strong>defectionemlmedimrentur,</strong></span> <span class='ocrx_word' id='word_1_210' title='bbox 3692 1583 3715 1613; x_wconf 85' lang='grc'><strong>⁷</strong></span> <span class='ocrx_word' id='word_1_211' title='bbox 3758 1581 3822 1637; x_wconf 91' lang='lat' dir='ltr'><strong>C.</strong></span> 
     </span>
    </p>
   </div>
   <div class='ocr_carea' id='block_1_32' title="bbox 2231 1674 3826 1752">
    <p class='ocr_par' dir='ltr' id='par_1_32' title="bbox 2231 1674 3826 1752">
     <span class='ocr_line' id='line_1_32' title="bbox 2231 1674 3826 1752; baseline -0.005 -14"><span class='ocrx_word' id='word_1_212' title='bbox 2231 1681 2522 1738; x_wconf 81' lang='lat' dir='ltr'><strong>Servilium</strong></span> <span class='ocrx_word' id='word_1_213' title='bbox 2550 1688 2838 1752; x_wconf 78' lang='lat' dir='ltr'><strong>praetorem</strong></span> <span class='ocrx_word' id='word_1_214' title='bbox 2867 1719 2885 1746; x_wconf 96' lang='lat'><strong>,</strong></span> <span class='ocrx_word' id='word_1_215' title='bbox 2918 1679 3152 1750; x_wconf 90' lang='lat' dir='ltr'><strong>legatum</strong></span> <span class='ocrx_word' id='word_1_216' title='bbox 3184 1677 3252 1733; x_wconf 87' lang='lat' dir='ltr'><strong>ad</strong></span> <span class='ocrx_word' id='word_1_217' title='bbox 3282 1692 3342 1733; x_wconf 90' lang='lat' dir='ltr'><strong>se</strong></span> <span class='ocrx_word' id='word_1_218' title='bbox 3372 1676 3599 1732; x_wconf 89' lang='lat' dir='ltr'><strong>missum</strong></span> <span class='ocrx_word' id='word_1_219' title='bbox 3629 1719 3647 1741; x_wconf 92' lang='lat'><strong>,</strong></span> <span class='ocrx_word' id='word_1_220' title='bbox 3684 1674 3826 1745; x_wconf 85' lang='lat' dir='ltr'><strong>apud</strong></span> 
     </span>
    </p>
   </div>
   <div class='ocr_carea' id='block_1_33' title="bbox 523 1768 3818 1850">
    <p class='ocr_par' dir='ltr' id='par_1_33' title="bbox 523 1768 3818 1850">
     <span class='ocr_line' id='line_1_33' title="bbox 523 1768 3818 1850; baseline -0.004 -17"><span class='ocrx_word' id='word_1_221' title='bbox 523 1779 811 1850; x_wconf 83' lang='lat' dir='ltr'><strong>Smyrnam</strong></span> <span class='ocrx_word' id='word_1_222' title='bbox 842 1777 1236 1848; x_wconf 90' lang='lat' dir='ltr'><strong>commigrans,</strong></span> <span class='ocrx_word' id='word_1_223' title='bbox 1281 1776 1589 1832; x_wconf 85' lang='lat' dir='ltr'><strong>litterarum</strong></span> <span class='ocrx_word' id='word_1_224' title='bbox 1639 1773 1839 1830; x_wconf 88' lang='lat' dir='ltr'><strong>studiis</strong></span> <span class='ocrx_word' id='word_1_225' title='bbox 1881 1773 2121 1828; x_wconf 88' lang='lat' dir='ltr'><strong>intentus</strong></span> <span class='ocrx_word' id='word_1_226' title='bbox 2149 1784 2198 1844; x_wconf 76' lang='grc' dir='ltr'><strong>Β</strong></span> <span class='ocrx_word' id='word_1_227' title='bbox 2225 1777 2483 1834; x_wconf 77' lang='lat' dir='ltr'><strong>Asculum</strong></span> <span class='ocrx_word' id='word_1_228' title='bbox 2535 1774 2896 1842; x_wconf 80' lang='lat' dir='ltr'><strong>occiderunt,</strong></span> <span class='ocrx_word' id='word_1_229' title='bbox 2952 1772 3244 1843; x_wconf 87' lang='lat' dir='ltr'><strong>statimque</strong></span> <span class='ocrx_word' id='word_1_230' title='bbox 3305 1771 3492 1826; x_wconf 89' lang='lat' dir='ltr'><strong>clausa</strong></span> <span class='ocrx_word' id='word_1_231' title='bbox 3546 1768 3774 1849; x_wconf 82' lang='lat' dir='ltr'><strong>civitate</strong></span> <span class='ocrx_word' id='word_1_232' title='bbox 3801 1811 3818 1835; x_wconf 93' lang='lat'><strong>,</strong></span> 
     </span>
    </p>
   </div>
   <div class='ocr_carea' id='block_1_34' title="bbox 529 1869 834 1926">
    <p class='ocr_par' dir='ltr' id='par_1_34' title="bbox 529 1869 834 1926">
     <span class='ocr_line' id='line_1_34' title="bbox 529 1869 834 1926; baseline -0.003 -2"><span class='ocrx_word' id='word_1_233' title='bbox 529 1869 834 1926; x_wconf 85' lang='lat' dir='ltr'><strong>consenuit.</strong></span> 
     </span>
    </p>
   </div>
   <div class='ocr_carea' id='block_1_35' title="bbox 995 1976 1650 2052">
    <p class='ocr_par' dir='ltr' id='par_1_35' title="bbox 995 1976 1650 2052">
     <span class='ocr_line' id='line_1_35' title="bbox 995 1976 1650 2052; baseline -0.003 -18"><span class='ocrx_word' id='word_1_234' title='bbox 995 1979 1158 2052; x_wconf 80' lang='lat'><strong>335</strong></span> <span class='ocrx_word' id='word_1_235' title='bbox 1195 1976 1425 2036; x_wconf 84' lang='lat' dir='ltr'><strong>CAPUT</strong></span> <span class='ocrx_word' id='word_1_236' title='bbox 1461 1977 1650 2034; x_wconf 82' lang='lat' dir='ltr'><strong>xvnt.</strong></span> 
     </span>
    </p>
   </div>
   <div class='ocr_carea' id='block_1_36' title="bbox 528 2111 2126 2189">
    <p class='ocr_par' dir='ltr' id='par_1_36' title="bbox 528 2111 2126 2189">
     <span class='ocr_line' id='line_1_36' title="bbox 528 2111 2126 2189; baseline 0.004 -24"><span class='ocrx_word' id='word_1_237' title='bbox 528 2112 608 2168; x_wconf 90' lang='lat' dir='ltr'><strong>De</strong></span> <span class='ocrx_word' id='word_1_238' title='bbox 639 2112 773 2189; x_wconf 76' lang='lat' dir='ltr'><strong>bello</strong></span> <span class='ocrx_word' id='word_1_239' title='bbox 810 2112 994 2189; x_wconf 79' lang='lat' dir='ltr'><strong>sociali</strong></span> <span class='ocrx_word' id='word_1_240' title='bbox 1007 2156 1038 2189; x_wconf 84' lang='lat'><strong>_,_</strong></span> <span class='ocrx_word' id='word_1_241' title='bbox 1084 2129 1188 2184; x_wconf 89' lang='lat' dir='ltr'><strong>quo</strong></span> <span class='ocrx_word' id='word_1_242' title='bbox 1215 2111 1394 2189; x_wconf 54' lang='lat' dir='ltr'><strong>Italici</strong></span> <span class='ocrx_word' id='word_1_243' title='bbox 1426 2113 1612 2189; x_wconf 78' lang='lat' dir='ltr'><strong>papuli</strong></span> <span class='ocrx_word' id='word_1_244' title='bbox 1634 2131 1672 2189; x_wconf 64' lang='grc' dir='ltr'><strong>Δᾳ</strong></span> <span class='ocrx_word' id='word_1_245' title='bbox 1711 2113 1964 2189; x_wconf 67' lang='grc' dir='ltr'><strong>βοηιαηὶδ</strong></span> <span class='ocrx_word' id='word_1_246' title='bbox 1994 2116 2126 2189; x_wconf 84' lang='lat' dir='ltr'><strong>deﬁ-</strong></span> 
     </span>
    </p>
   </div>
   <div class='ocr_carea' id='block_1_37' title="bbox 669 2182 1974 2258">
    <p class='ocr_par' dir='ltr' id='par_1_37' title="bbox 669 2182 1974 2258">
     <span class='ocr_line' id='line_1_37' title="bbox 669 2182 1974 2258; baseline 0.005 -22"><span class='ocrx_word' id='word_1_247' title='bbox 669 2185 856 2240; x_wconf 76' lang='lat' dir='ltr'><strong>cientes</strong></span> <span class='ocrx_word' id='word_1_248' title='bbox 878 2182 1219 2240; x_wconf 80' lang='lat' dir='ltr'><strong>rebellarunt.</strong></span> <span class='ocrx_word' id='word_1_249' title='bbox 1252 2182 1389 2239; x_wconf 84' lang='lat' dir='ltr'><strong>Item</strong></span> <span class='ocrx_word' id='word_1_250' title='bbox 1417 2183 1483 2240; x_wconf 85' lang='lat' dir='ltr'><strong>de</strong></span> <span class='ocrx_word' id='word_1_251' title='bbox 1497 2182 1769 2258; x_wconf 80' lang='lat' dir='ltr'><strong>prodigiis</strong></span> <span class='ocrx_word' id='word_1_252' title='bbox 1793 2189 1974 2244; x_wconf 82' lang='lat' dir='ltr'><strong>uariis.</strong></span> 
     </span>
    </p>
   </div>
   <div class='ocr_carea' id='block_1_38' title="bbox 604 2318 2125 2390">
    <p class='ocr_par' dir='ltr' id='par_1_38' title="bbox 604 2318 2125 2390">
     <span class='ocr_line' id='line_1_38' title="bbox 604 2318 2125 2390; baseline 0.005 -14"><span class='ocrx_word' id='word_1_253' title='bbox 604 2322 618 2353; x_wconf 90' lang='grc'>¹</span> <span class='ocrx_word' id='word_1_254' title='bbox 655 2321 814 2376; x_wconf 81' lang='lat' dir='ltr'><strong>Anno</strong></span> <span class='ocrx_word' id='word_1_255' title='bbox 840 2320 910 2377; x_wconf 85' lang='lat' dir='ltr'><strong>ab</strong></span> <span class='ocrx_word' id='word_1_256' title='bbox 933 2319 1083 2377; x_wconf 89' lang='lat' dir='ltr'><strong>Urbe</strong></span> <span class='ocrx_word' id='word_1_257' title='bbox 1112 2318 1332 2376; x_wconf 90' lang='lat' dir='ltr'><strong>condita</strong></span> <span class='ocrx_word' id='word_1_258' title='bbox 1363 2335 1545 2390; x_wconf 79' lang='lat' dir='ltr'><strong>ncux,</strong></span> <span class='ocrx_word' id='word_1_259' title='bbox 1578 2320 1708 2378; x_wconf 76' lang='lat' dir='ltr'><strong>Sex.</strong></span> <span class='ocrx_word' id='word_1_260' title='bbox 1735 2321 1880 2387; x_wconf 74' lang='lat' dir='ltr'><strong>Julio</strong></span> <span class='ocrx_word' id='word_1_261' title='bbox 1908 2323 2125 2384; x_wconf 65' lang='lat' dir='ltr'><strong>Caesare</strong></span> 
     </span>
    </p>
   </div>
   <div class='ocr_carea' id='block_1_39' title="bbox 529 2411 2124 2483">
    <p class='ocr_par' dir='ltr' id='par_1_39' title="bbox 529 2411 2124 2483">
     <span class='ocr_line' id='line_1_39' title="bbox 529 2411 2124 2483; baseline 0.005 -17"><span class='ocrx_word' id='word_1_262' title='bbox 529 2421 585 2468; x_wconf 88' lang='lat' dir='ltr'><strong>et</strong></span> <span class='ocrx_word' id='word_1_263' title='bbox 614 2412 676 2467; x_wconf 92' lang='lat' dir='ltr'><strong>L.</strong></span> <span class='ocrx_word' id='word_1_264' title='bbox 709 2412 912 2468; x_wconf 87' lang='lat' dir='ltr'><strong>Marcio</strong></span> <span class='ocrx_word' id='word_1_265' title='bbox 938 2411 1192 2483; x_wconf 91' lang='lat' dir='ltr'><strong>Philippo</strong></span> <span class='ocrx_word' id='word_1_266' title='bbox 1215 2412 1532 2468; x_wconf 89' lang='lat' dir='ltr'><strong>consulibus</strong></span> <span class='ocrx_word' id='word_1_267' title='bbox 1555 2453 1572 2480; x_wconf 92' lang='lat'><strong>,</strong></span> <span class='ocrx_word' id='word_1_268' title='bbox 1627 2412 1905 2469; x_wconf 89' lang='lat' dir='ltr'><strong>intestinis</strong></span> <span class='ocrx_word' id='word_1_269' title='bbox 1945 2417 2124 2475; x_wconf 88' lang='lat' dir='ltr'><strong>causis</strong></span> 
     </span>
    </p>
   </div>
   <div class='ocr_carea' id='block_1_40' title="bbox 534 2487 2127 2577">
    <p class='ocr_par' dir='ltr' id='par_1_40' title="bbox 534 2487 2127 2577">
     <span class='ocr_line' id='line_1_40' title="bbox 534 2487 2127 2577; baseline 0.004 -20"><span class='ocrx_word' id='word_1_270' title='bbox 534 2503 738 2559; x_wconf 90' lang='lat' dir='ltr'><strong>sociale</strong></span> <span class='ocrx_word' id='word_1_271' title='bbox 768 2503 970 2559; x_wconf 88' lang='lat' dir='ltr'><strong>bellum</strong></span> <span class='ocrx_word' id='word_1_272' title='bbox 994 2504 1016 2535; x_wconf 83' lang='grc'>²</span> <span class='ocrx_word' id='word_1_273' title='bbox 1045 2509 1154 2558; x_wconf 88' lang='lat' dir='ltr'><strong>tota</strong></span> <span class='ocrx_word' id='word_1_274' title='bbox 1185 2505 1484 2560; x_wconf 91' lang='lat' dir='ltr'><strong>commovit</strong></span> <span class='ocrx_word' id='word_1_275' title='bbox 1511 2503 1661 2560; x_wconf 84' lang='lat' dir='ltr'><strong>Italia</strong></span> <span class='ocrx_word' id='word_1_276' title='bbox 1689 2545 1703 2570; x_wconf 92' lang='lat'><strong>,</strong></span> <span class='ocrx_word' id='word_1_277' title='bbox 1736 2506 2003 2577; x_wconf 87' lang='lat' dir='ltr'><strong>siquidem</strong></span> <span class='ocrx_word' id='word_1_278' title='bbox 2037 2487 2127 2564; x_wconf 89' lang='lat' dir='ltr'><strong>Li-</strong></span> 
     </span>
    </p>
   </div>
   <div class='ocr_carea' id='block_1_41' title="bbox 536 2597 2126 2673">
    <p class='ocr_par' dir='ltr' id='par_1_41' title="bbox 536 2597 2126 2673">
     <span class='ocr_line' id='line_1_41' title="bbox 536 2597 2126 2673; baseline 0.005 -23"><span class='ocrx_word' id='word_1_279' title='bbox 536 2599 654 2653; x_wconf 85' lang='lat' dir='ltr'><strong>vius</strong></span> <span class='ocrx_word' id='word_1_280' title='bbox 687 2597 930 2665; x_wconf 89' lang='lat' dir='ltr'><strong>Drusus,</strong></span> <span class='ocrx_word' id='word_1_281' title='bbox 981 2597 1228 2654; x_wconf 90' lang='lat' dir='ltr'><strong>tribunus</strong></span> <span class='ocrx_word' id='word_1_282' title='bbox 1258 2597 1432 2666; x_wconf 89' lang='lat' dir='ltr'><strong>plebis</strong></span> <span class='ocrx_word' id='word_1_283' title='bbox 1459 2637 1476 2664; x_wconf 91' lang='lat'><strong>,</strong></span> <span class='ocrx_word' id='word_1_284' title='bbox 1527 2597 1745 2654; x_wconf 84' lang='lat' dir='ltr'><strong>Latinos</strong></span> <span class='ocrx_word' id='word_1_285' title='bbox 1790 2616 1979 2657; x_wconf 88' lang='lat' dir='ltr'><strong>omnes</strong></span> <span class='ocrx_word' id='word_1_286' title='bbox 2027 2616 2126 2673; x_wconf 88' lang='lat' dir='ltr'><strong>spe</strong></span> 
     </span>
    </p>
   </div>
   <div class='ocr_carea' id='block_1_42' title="bbox 533 2687 2119 2762">
    <p class='ocr_par' dir='ltr' id='par_1_42' title="bbox 533 2687 2119 2762">
     <span class='ocr_line' id='line_1_42' title="bbox 533 2687 2119 2762; baseline 0.006 -23"><span class='ocrx_word' id='word_1_287' title='bbox 533 2687 799 2745; x_wconf 82' lang='lat' dir='ltr'><strong>libertatis</strong></span> <span class='ocrx_word' id='word_1_288' title='bbox 827 2688 1074 2754; x_wconf 90' lang='lat' dir='ltr'><strong>illectos,</strong></span> <span class='ocrx_word' id='word_1_289' title='bbox 1105 2688 1126 2719; x_wconf 87' lang='grc'><strong><em>⁸</em></strong></span> <span class='ocrx_word' id='word_1_290' title='bbox 1152 2703 1275 2743; x_wconf 91' lang='lat' dir='ltr'><strong>cum</strong></span> <span class='ocrx_word' id='word_1_291' title='bbox 1304 2688 1502 2758; x_wconf 89' lang='lat' dir='ltr'><strong>placita</strong></span> <span class='ocrx_word' id='word_1_292' title='bbox 1526 2689 1747 2760; x_wconf 78' lang='lat' dir='ltr'><strong>explere</strong></span> <span class='ocrx_word' id='word_1_293' title='bbox 1778 2703 1883 2745; x_wconf 91' lang='lat' dir='ltr'><strong>non</strong></span> <span class='ocrx_word' id='word_1_294' title='bbox 1917 2703 2119 2762; x_wconf 88' lang='lat' dir='ltr'><strong>posset,</strong></span> 
     </span>
    </p>
   </div>
   <div class='ocr_carea' id='block_1_43' title="bbox 532 2779 2120 2848">
    <p class='ocr_par' dir='ltr' id='par_1_43' title="bbox 532 2779 2120 2848">
     <span class='ocr_line' id='line_1_43' title="bbox 532 2779 2120 2848; baseline 0.004 -13"><span class='ocrx_word' id='word_1_295' title='bbox 532 2781 584 2836; x_wconf 94' lang='lat' dir='ltr'><strong>in</strong></span> <span class='ocrx_word' id='word_1_296' title='bbox 612 2794 762 2835; x_wconf 89' lang='lat' dir='ltr'><strong>arma</strong></span> <span class='ocrx_word' id='word_1_297' title='bbox 785 2779 1060 2837; x_wconf 78' lang='lat' dir='ltr'><strong>excitavit.</strong></span> <span class='ocrx_word' id='word_1_298' title='bbox 1089 2779 1112 2811; x_wconf 77' lang='grc'><strong>⁸</strong></span> <span class='ocrx_word' id='word_1_299' title='bbox 1140 2780 1220 2835; x_wconf 85' lang='grc' dir='ltr'><strong>Εο</strong></span> <span class='ocrx_word' id='word_1_300' title='bbox 1246 2782 1517 2848; x_wconf 88' lang='lat' dir='ltr'><strong>accessit,</strong></span> <span class='ocrx_word' id='word_1_301' title='bbox 1551 2790 1614 2836; x_wconf 94' lang='lat' dir='ltr'><strong>ut</strong></span> <span class='ocrx_word' id='word_1_302' title='bbox 1636 2794 1888 2838; x_wconf 73' lang='lat' dir='ltr'><strong>mmstam</strong></span> <span class='ocrx_word' id='word_1_303' title='bbox 1921 2783 2120 2842; x_wconf 89' lang='lat' dir='ltr'><strong>Urbem</strong></span> 
     </span>
    </p>
   </div>
   <div class='ocr_carea' id='block_1_44' title="bbox 532 2872 2121 2946">
    <p class='ocr_par' dir='ltr' id='par_1_44' title="bbox 532 2872 2121 2946">
     <span class='ocr_line' id='line_1_44' title="bbox 532 2872 2121 2946; baseline 0.005 -19"><span class='ocrx_word' id='word_1_304' title='bbox 532 2872 554 2903; x_wconf 81' lang='grc'>³</span> <span class='ocrx_word' id='word_1_305' title='bbox 589 2872 829 2943; x_wconf 88' lang='lat' dir='ltr'><strong>prodigia</strong></span> <span class='ocrx_word' id='word_1_306' title='bbox 853 2872 973 2928; x_wconf 89' lang='lat' dir='ltr'><strong>dira</strong></span> <span class='ocrx_word' id='word_1_307' title='bbox 1002 2880 1297 2928; x_wconf 90' lang='lat' dir='ltr'><strong>terrerent.</strong></span> <span class='ocrx_word' id='word_1_308' title='bbox 1321 2872 1456 2928; x_wconf 83' lang='lat' dir='ltr'><strong>Nunt</strong></span> <span class='ocrx_word' id='word_1_309' title='bbox 1485 2873 1587 2929; x_wconf 90' lang='lat' dir='ltr'><strong>sub</strong></span> <span class='ocrx_word' id='word_1_310' title='bbox 1615 2889 1735 2930; x_wconf 87' lang='lat' dir='ltr'><strong>ortu</strong></span> <span class='ocrx_word' id='word_1_311' title='bbox 1768 2876 1900 2932; x_wconf 88' lang='lat' dir='ltr'><strong>solis</strong></span> <span class='ocrx_word' id='word_1_312' title='bbox 1927 2877 2121 2946; x_wconf 78' lang='lat' dir='ltr'><strong>globus</strong></span> 
     </span>
    </p>
   </div>
   <div class='ocr_carea' id='block_1_45' title="bbox 530 2963 2120 3036">
    <p class='ocr_par' dir='ltr' id='par_1_45' title="bbox 530 2963 2120 3036">
     <span class='ocr_line' id='line_1_45' title="bbox 530 2963 2120 3036; baseline 0.004 -19"><span class='ocrx_word' id='word_1_313' title='bbox 530 2963 672 3036; x_wconf 86' lang='lat' dir='ltr'><strong>ignis</strong></span> <span class='ocrx_word' id='word_1_314' title='bbox 695 2979 725 3018; x_wconf 92' lang='lat' dir='ltr'><strong>a</strong></span> <span class='ocrx_word' id='word_1_315' title='bbox 757 2964 979 3035; x_wconf 87' lang='lat' dir='ltr'><strong>regione</strong></span> <span class='ocrx_word' id='word_1_316' title='bbox 1016 2964 1403 3035; x_wconf 88' lang='lat' dir='ltr'><strong>septentrionis</strong></span> <span class='ocrx_word' id='word_1_317' title='bbox 1444 2980 1566 3021; x_wconf 91' lang='lat' dir='ltr'><strong>cum</strong></span> <span class='ocrx_word' id='word_1_318' title='bbox 1596 2967 1832 3022; x_wconf 81' lang='lat' dir='ltr'><strong>maximo</strong></span> <span class='ocrx_word' id='word_1_319' title='bbox 1862 2969 1985 3025; x_wconf 66' lang='lat' dir='ltr'><strong>caeli</strong></span> <span class='ocrx_word' id='word_1_320' title='bbox 2017 2969 2120 3025; x_wconf 90' lang='lat' dir='ltr'><strong>fra-</strong></span> 
     </span>
    </p>
   </div>
   <div class='ocr_carea' id='block_1_46' title="bbox 529 3055 2118 3131">
    <p class='ocr_par' dir='ltr' id='par_1_46' title="bbox 529 3055 2118 3131">
     <span class='ocr_line' id='line_1_46' title="bbox 529 3055 2118 3131; baseline 0.003 -18"><span class='ocrx_word' id='word_1_321' title='bbox 529 3073 659 3131; x_wconf 87' lang='lat' dir='ltr'><strong>gore</strong></span> <span class='ocrx_word' id='word_1_322' title='bbox 679 3058 920 3116; x_wconf 86' lang='lat' dir='ltr'><strong>emicuit.</strong></span> <span class='ocrx_word' id='word_1_323' title='bbox 935 3055 1094 3130; x_wconf 84' lang='lat' dir='ltr'><strong>Apud</strong></span> <span class='ocrx_word' id='word_1_324' title='bbox 1117 3057 1395 3114; x_wconf 79' lang='lat' dir='ltr'><strong>Arretinos</strong></span> <span class='ocrx_word' id='word_1_325' title='bbox 1415 3071 1539 3114; x_wconf 89' lang='lat' dir='ltr'><strong>cum</strong></span> <span class='ocrx_word' id='word_1_326' title='bbox 1561 3073 1728 3130; x_wconf 88' lang='lat' dir='ltr'><strong>panes</strong></span> <span class='ocrx_word' id='word_1_327' title='bbox 1751 3075 1847 3129; x_wconf 87' lang='lat' dir='ltr'><strong>per</strong></span> <span class='ocrx_word' id='word_1_328' title='bbox 1868 3061 2118 3118; x_wconf 86' lang='lat' dir='ltr'><strong>convivia</strong></span> 
     </span>
    </p>
   </div>
   <div class='ocr_carea' id='block_1_47' title="bbox 2235 1853 3824 1932">
    <p class='ocr_par' dir='ltr' id='par_1_47' title="bbox 2235 1853 3824 1932">
     <span class='ocr_line' id='line_1_47' title="bbox 2235 1853 3824 1932; baseline -0.006 -9"><span class='ocrx_word' id='word_1_329' title='bbox 2235 1885 2426 1926; x_wconf 86' lang='lat' dir='ltr'><strong>omnes</strong></span> <span class='ocrx_word' id='word_1_330' title='bbox 2452 1868 2599 1925; x_wconf 88' lang='lat' dir='ltr'><strong>cives</strong></span> <span class='ocrx_word' id='word_1_331' title='bbox 2631 1867 2908 1923; x_wconf 80' lang='lat' dir='ltr'><strong>Romanos</strong></span> <span class='ocrx_word' id='word_1_332' title='bbox 2939 1867 2961 1899; x_wconf 81' lang='grc'>⁸</span> <span class='ocrx_word' id='word_1_333' title='bbox 3001 1864 3204 1920; x_wconf 87' lang='lat' dir='ltr'><strong>indicta</strong></span> <span class='ocrx_word' id='word_1_334' title='bbox 3232 1853 3384 1918; x_wconf 75' lang='lat' dir='ltr'><strong>cmde</strong></span> <span class='ocrx_word' id='word_1_335' title='bbox 3418 1862 3824 1932; x_wconf 82' lang='lat' dir='ltr'><strong>jugulaverunt.</strong></span> 
     </span>
    </p>
   </div>
   <div class='ocr_carea' id='block_1_48' title="bbox 2231 1955 3828 2029">
    <p class='ocr_par' dir='ltr' id='par_1_48' title="bbox 2231 1955 3828 2029">
     <span class='ocr_line' id='line_1_48' title="bbox 2231 1955 3828 2029; baseline -0.007 -10"><span class='ocrx_word' id='word_1_336' title='bbox 2231 1961 2504 2019; x_wconf 82' lang='lat' dir='ltr'><strong>Continuo</strong></span> <span class='ocrx_word' id='word_1_337' title='bbox 2531 1961 2928 2016; x_wconf 87' lang='lat' dir='ltr'><strong>atrocissimam</strong></span> <span class='ocrx_word' id='word_1_338' title='bbox 2954 1958 3248 2029; x_wconf 89' lang='lat' dir='ltr'><strong>perniciem</strong></span> <span class='ocrx_word' id='word_1_339' title='bbox 3271 1959 3292 1991; x_wconf 85' lang='lat'><strong><em>°</em></strong></span> <span class='ocrx_word' id='word_1_340' title='bbox 3315 1955 3667 2010; x_wconf 84' lang='lat' dir='ltr'><strong>infamissima</strong></span> <span class='ocrx_word' id='word_1_341' title='bbox 3695 1969 3828 2024; x_wconf 70' lang='lat' dir='ltr'><strong>prte-</strong></span> 
     </span>
    </p>
   </div>
   <div class='ocr_carea' id='block_1_49' title="bbox 2229 2047 3825 2124">
    <p class='ocr_par' dir='ltr' id='par_1_49' title="bbox 2229 2047 3825 2124">
     <span class='ocr_line' id='line_1_49' title="bbox 2229 2047 3825 2124; baseline -0.006 -14"><span class='ocrx_word' id='word_1_342' title='bbox 2229 2069 2448 2110; x_wconf 90' lang='lat' dir='ltr'><strong>cessere</strong></span> <span class='ocrx_word' id='word_1_343' title='bbox 2473 2053 2738 2124; x_wconf 87' lang='lat' dir='ltr'><strong>prodigia.</strong></span> <span class='ocrx_word' id='word_1_344' title='bbox 2755 2047 2996 2123; x_wconf 84' lang='lat' dir='ltr'><strong>Namque</strong></span> <span class='ocrx_word' id='word_1_345' title='bbox 3012 2051 3256 2106; x_wconf 88' lang='lat' dir='ltr'><strong>omnium</strong></span> <span class='ocrx_word' id='word_1_346' title='bbox 3274 2064 3534 2122; x_wconf 86' lang='lat' dir='ltr'><strong>generum</strong></span> <span class='ocrx_word' id='word_1_347' title='bbox 3550 2048 3825 2112; x_wconf 85' lang='lat' dir='ltr'><strong>animalia,</strong></span> 
     </span>
    </p>
   </div>
   <div class='ocr_carea' id='block_1_50' title="bbox 2232 2141 3827 2217">
    <p class='ocr_par' dir='ltr' id='par_1_50' title="bbox 2232 2141 3827 2217">
     <span class='ocr_line' id='line_1_50' title="bbox 2232 2141 3827 2217; baseline -0.001 -20"><span class='ocrx_word' id='word_1_348' title='bbox 2232 2161 2351 2217; x_wconf 62' lang='lat' dir='ltr'><strong>qua:</strong></span> <span class='ocrx_word' id='word_1_349' title='bbox 2397 2160 2589 2200; x_wconf 91' lang='lat' dir='ltr'><strong>manus</strong></span> <span class='ocrx_word' id='word_1_350' title='bbox 2620 2144 2904 2198; x_wconf 87' lang='lat' dir='ltr'><strong>hominum</strong></span> <span class='ocrx_word' id='word_1_351' title='bbox 2935 2141 3135 2197; x_wconf 87' lang='lat' dir='ltr'><strong>blande</strong></span> <span class='ocrx_word' id='word_1_352' title='bbox 3176 2141 3428 2212; x_wconf 86' lang='lat' dir='ltr'><strong>perpeti,</strong></span> <span class='ocrx_word' id='word_1_353' title='bbox 3477 2149 3644 2209; x_wconf 88' lang='lat' dir='ltr'><strong>atque</strong></span> <span class='ocrx_word' id='word_1_354' title='bbox 3692 2141 3827 2196; x_wconf 89' lang='lat' dir='ltr'><strong>inter</strong></span> 
     </span>
    </p>
   </div>
   <div class='ocr_carea' id='block_1_51' title="bbox 2231 2231 3826 2302">
    <p class='ocr_par' dir='ltr' id='par_1_51' title="bbox 2231 2231 3826 2302">
     <span class='ocr_line' id='line_1_51' title="bbox 2231 2231 3826 2302; baseline -0.004 -10"><span class='ocrx_word' id='word_1_355' title='bbox 2231 2237 2476 2292; x_wconf 90' lang='lat' dir='ltr'><strong>homines</strong></span> <span class='ocrx_word' id='word_1_356' title='bbox 2498 2235 2684 2292; x_wconf 88' lang='lat' dir='ltr'><strong>vivere</strong></span> <span class='ocrx_word' id='word_1_357' title='bbox 2711 2233 2871 2290; x_wconf 89' lang='lat' dir='ltr'><strong>solita</strong></span> <span class='ocrx_word' id='word_1_358' title='bbox 2898 2243 3074 2299; x_wconf 88' lang='lat' dir='ltr'><strong>erant,</strong></span> <span class='ocrx_word' id='word_1_359' title='bbox 3094 2232 3300 2289; x_wconf 90' lang='lat' dir='ltr'><strong>relictis</strong></span> <span class='ocrx_word' id='word_1_360' title='bbox 3324 2231 3558 2287; x_wconf 87' lang='lat' dir='ltr'><strong>stabulis</strong></span> <span class='ocrx_word' id='word_1_361' title='bbox 3585 2231 3826 2302; x_wconf 86' lang='lat' dir='ltr'><strong>pascuis-</strong></span> 
     </span>
    </p>
   </div>
   <div class='ocr_carea' id='block_1_52' title="bbox 2225 2324 3821 2400">
    <p class='ocr_par' dir='ltr' id='par_1_52' title="bbox 2225 2324 3821 2400">
     <span class='ocr_line' id='line_1_52' title="bbox 2225 2324 3821 2400; baseline -0.006 -14"><span class='ocrx_word' id='word_1_362' title='bbox 2225 2345 2365 2400; x_wconf 90' lang='lat' dir='ltr'><strong>que,</strong></span> <span class='ocrx_word' id='word_1_363' title='bbox 2397 2345 2520 2386; x_wconf 91' lang='lat' dir='ltr'><strong>cum</strong></span> <span class='ocrx_word' id='word_1_364' title='bbox 2562 2330 2778 2393; x_wconf 88' lang='lat' dir='ltr'><strong>balatu,</strong></span> <span class='ocrx_word' id='word_1_365' title='bbox 2812 2327 3023 2382; x_wconf 88' lang='lat' dir='ltr'><strong>hinnitu</strong></span> <span class='ocrx_word' id='word_1_366' title='bbox 3048 2367 3064 2393; x_wconf 89' lang='lat'><strong>,</strong></span> <span class='ocrx_word' id='word_1_367' title='bbox 3122 2327 3435 2398; x_wconf 86' lang='lat' dir='ltr'><strong>mugituque</strong></span> <span class='ocrx_word' id='word_1_368' title='bbox 3484 2324 3821 2392; x_wconf 88' lang='lat' dir='ltr'><strong>miserabili,</strong></span> 
     </span>
    </p>
   </div>
   <div class='ocr_carea' id='block_1_53' title="bbox 2227 2417 3826 2496">
    <p class='ocr_par' dir='ltr' id='par_1_53' title="bbox 2227 2417 3826 2496">
     <span class='ocr_line' id='line_1_53' title="bbox 2227 2417 3826 2496; baseline -0.005 -17"><span class='ocrx_word' id='word_1_369' title='bbox 2227 2423 2294 2479; x_wconf 91' lang='lat' dir='ltr'><strong>ad</strong></span> <span class='ocrx_word' id='word_1_370' title='bbox 2319 2423 2504 2496; x_wconf 84' lang='lat' dir='ltr'><strong>sylvas</strong></span> <span class='ocrx_word' id='word_1_371' title='bbox 2525 2429 2845 2492; x_wconf 89' lang='lat' dir='ltr'><strong>montesque</strong></span> <span class='ocrx_word' id='word_1_372' title='bbox 2866 2420 3144 2492; x_wconf 85' lang='lat' dir='ltr'><strong>fugerunt.</strong></span> <span class='ocrx_word' id='word_1_373' title='bbox 3166 2417 3343 2474; x_wconf 88' lang='lat' dir='ltr'><strong>Canes</strong></span> <span class='ocrx_word' id='word_1_374' title='bbox 3370 2434 3604 2490; x_wconf 88' lang='lat' dir='ltr'><strong>quoque,</strong></span> <span class='ocrx_word' id='word_1_375' title='bbox 3634 2419 3677 2450; x_wconf 82' lang='grc'><strong>¹⁶</strong></span> <span class='ocrx_word' id='word_1_376' title='bbox 3696 2434 3826 2489; x_wconf 83' lang='lat' dir='ltr'><strong>quo-</strong></span> 
     </span>
    </p>
   </div>
   <div class='ocr_carea' id='block_1_54' title="bbox 2227 2511 3825 2581">
    <p class='ocr_par' dir='ltr' id='par_1_54' title="bbox 2227 2511 3825 2581">
     <span class='ocr_line' id='line_1_54' title="bbox 2227 2511 3825 2581; baseline -0.004 -9"><span class='ocrx_word' id='word_1_377' title='bbox 2227 2533 2347 2573; x_wconf 90' lang='lat' dir='ltr'><strong>rum</strong></span> <span class='ocrx_word' id='word_1_378' title='bbox 2393 2525 2604 2571; x_wconf 68' lang='lat' dir='ltr'><strong>natura:</strong></span> <span class='ocrx_word' id='word_1_379' title='bbox 2643 2524 2725 2570; x_wconf 89' lang='lat' dir='ltr'><strong>est</strong></span> <span class='ocrx_word' id='word_1_380' title='bbox 2757 2525 2912 2569; x_wconf 80' lang='lat' dir='ltr'><strong>cxtra</strong></span> <span class='ocrx_word' id='word_1_381' title='bbox 2944 2512 3195 2569; x_wconf 88' lang='lat' dir='ltr'><strong>homines</strong></span> <span class='ocrx_word' id='word_1_382' title='bbox 3237 2527 3358 2567; x_wconf 85' lang='lat' dir='ltr'><strong>esse</strong></span> <span class='ocrx_word' id='word_1_383' title='bbox 3391 2527 3498 2566; x_wconf 89' lang='lat' dir='ltr'><strong>non</strong></span> <span class='ocrx_word' id='word_1_384' title='bbox 3529 2526 3717 2581; x_wconf 88' lang='lat' dir='ltr'><strong>posse,</strong></span> <span class='ocrx_word' id='word_1_385' title='bbox 3750 2511 3825 2566; x_wconf 86' lang='lat' dir='ltr'><strong>la-</strong></span> 
     </span>
    </p>
   </div>
   <div class='ocr_carea' id='block_1_55' title="bbox 2227 2604 3821 2678">
    <p class='ocr_par' dir='ltr' id='par_1_55' title="bbox 2227 2604 3821 2678">
     <span class='ocr_line' id='line_1_55' title="bbox 2227 2604 3821 2678; baseline -0.003 -13"><span class='ocrx_word' id='word_1_386' title='bbox 2227 2609 2480 2665; x_wconf 90' lang='lat' dir='ltr'><strong>crimosis</strong></span> <span class='ocrx_word' id='word_1_387' title='bbox 2523 2606 2978 2678; x_wconf 86' lang='lat' dir='ltr'><strong>ululatibtts.vagi</strong></span> <span class='ocrx_word' id='word_1_388' title='bbox 3025 2607 3278 2676; x_wconf 89' lang='lat' dir='ltr'><strong>luporum</strong></span> <span class='ocrx_word' id='word_1_389' title='bbox 3321 2605 3426 2660; x_wconf 86' lang='lat' dir='ltr'><strong>ritu</strong></span> <span class='ocrx_word' id='word_1_390' title='bbox 3470 2604 3821 2660; x_wconf 82' lang='lat' dir='ltr'><strong>aberrarunt.</strong></span> 
     </span>
    </p>
   </div>
   <div class='ocr_carea' id='block_1_56' title="bbox 2230 2695 3821 2770">
    <p class='ocr_par' dir='ltr' id='par_1_56' title="bbox 2230 2695 3821 2770">
     <span class='ocr_line' id='line_1_56' title="bbox 2230 2695 3821 2770; baseline -0.003 -14"><span class='ocrx_word' id='word_1_391' title='bbox 2230 2699 2399 2770; x_wconf 84' lang='lat' dir='ltr'><strong>Igitur</strong></span> <span class='ocrx_word' id='word_1_392' title='bbox 2439 2699 2536 2754; x_wconf 92' lang='lat' dir='ltr'><strong>Cu.</strong></span> <span class='ocrx_word' id='word_1_393' title='bbox 2571 2698 2859 2768; x_wconf 81' lang='lat' dir='ltr'><strong>Pompeius</strong></span> <span class='ocrx_word' id='word_1_394' title='bbox 2903 2706 3107 2769; x_wconf 70' lang='lat' dir='ltr'><strong>pra-tor</strong></span> <span class='ocrx_word' id='word_1_395' title='bbox 3147 2713 3270 2752; x_wconf 90' lang='lat' dir='ltr'><strong>cum</strong></span> <span class='ocrx_word' id='word_1_396' title='bbox 3313 2695 3630 2752; x_wconf 89' lang='lat' dir='ltr'><strong>Picentibus</strong></span> <span class='ocrx_word' id='word_1_397' title='bbox 3664 2696 3821 2766; x_wconf 88' lang='lat' dir='ltr'><strong>jussu</strong></span> 
     </span>
    </p>
   </div>
   <div class='ocr_carea' id='block_1_57' title="bbox 2229 2787 3820 2858">
    <p class='ocr_par' dir='ltr' id='par_1_57' title="bbox 2229 2787 3820 2858">
     <span class='ocr_line' id='line_1_57' title="bbox 2229 2787 3820 2858; baseline -0.001 -14"><span class='ocrx_word' id='word_1_398' title='bbox 2229 2800 2450 2844; x_wconf 85' lang='lat' dir='ltr'><strong>senatus</strong></span> <span class='ocrx_word' id='word_1_399' title='bbox 2492 2790 2692 2844; x_wconf 90' lang='lat' dir='ltr'><strong>bellum</strong></span> <span class='ocrx_word' id='word_1_400' title='bbox 2726 2789 2930 2858; x_wconf 83' lang='lat' dir='ltr'><strong>gessit,</strong></span> <span class='ocrx_word' id='word_1_401' title='bbox 2964 2797 3019 2844; x_wconf 91' lang='lat' dir='ltr'><strong>et</strong></span> <span class='ocrx_word' id='word_1_402' title='bbox 3056 2787 3230 2844; x_wconf 81' lang='lat' dir='ltr'><strong>victus</strong></span> <span class='ocrx_word' id='word_1_403' title='bbox 3260 2797 3374 2853; x_wconf 92' lang='lat' dir='ltr'><strong>cst;</strong></span> <span class='ocrx_word' id='word_1_404' title='bbox 3410 2797 3693 2858; x_wconf 66' lang='lat' dir='ltr'><strong>postquam</strong></span> <span class='ocrx_word' id='word_1_405' title='bbox 3719 2788 3820 2843; x_wconf 86' lang='lat' dir='ltr'><strong>sibi</strong></span> 
     </span>
    </p>
   </div>
   <div class='ocr_carea' id='block_1_58' title="bbox 2227 2879 3818 2951">
    <p class='ocr_par' dir='ltr' id='par_1_58' title="bbox 2227 2879 3818 2951">
     <span class='ocr_line' id='line_1_58' title="bbox 2227 2879 3818 2951; baseline -0.001 -14"><span class='ocrx_word' id='word_1_406' title='bbox 2227 2879 2502 2937; x_wconf 90' lang='lat' dir='ltr'><strong>Samnites</strong></span> <span class='ocrx_word' id='word_1_407' title='bbox 2527 2881 2568 2912; x_wconf 83' lang='lat'>“</span> <span class='ocrx_word' id='word_1_408' title='bbox 2603 2879 2824 2948; x_wconf 75' lang='lat' dir='ltr'><strong>Pupium</strong></span> <span class='ocrx_word' id='word_1_409' title='bbox 2864 2879 3110 2935; x_wconf 79' lang='lat' dir='ltr'><strong>Mutilum</strong></span> <span class='ocrx_word' id='word_1_410' title='bbox 3141 2881 3528 2951; x_wconf 87' lang='lat' dir='ltr'><strong>imperatorem</strong></span> <span class='ocrx_word' id='word_1_411' title='bbox 3558 2879 3818 2950; x_wconf 72' lang='lat' dir='ltr'><strong>prmfece-</strong></span> 
     </span>
    </p>
   </div>
   <div class='ocr_carea' id='block_1_59' title="bbox 2229 2963 3819 3041">
    <p class='ocr_par' dir='ltr' id='par_1_59' title="bbox 2229 2963 3819 3041">
     <span class='ocr_line' id='line_1_59' title="bbox 2229 2963 3819 3041; baseline -0.002 -14"><span class='ocrx_word' id='word_1_412' title='bbox 2229 2981 2370 3040; x_wconf 87' lang='lat' dir='ltr'><strong>rant,</strong></span> <span class='ocrx_word' id='word_1_413' title='bbox 2398 2971 2558 3026; x_wconf 87' lang='lat' dir='ltr'><strong>Marsi</strong></span> <span class='ocrx_word' id='word_1_414' title='bbox 2580 2981 2759 3026; x_wconf 86' lang='lat' dir='ltr'><strong>autem</strong></span> <span class='ocrx_word' id='word_1_415' title='bbox 2784 2963 3248 3041; x_wconf 79' lang='lat' dir='ltr'><strong>Agamemnonem</strong></span> <span class='ocrx_word' id='word_1_416' title='bbox 3271 2969 3658 3040; x_wconf 86' lang='lat' dir='ltr'><strong>archipiratam</strong></span> <span class='ocrx_word' id='word_1_417' title='bbox 3677 2987 3819 3041; x_wconf 73' lang='lat' dir='ltr'><strong>pra:-</strong></span> 
     </span>
    </p>
   </div>
   <div class='ocr_carea' id='block_1_60' title="bbox 2228 3061 3806 3135">
    <p class='ocr_par' dir='ltr' id='par_1_60' title="bbox 2228 3061 3806 3135">
     <span class='ocr_line' id='line_1_60' title="bbox 2228 3061 3806 3135; baseline -0.001 -18"><span class='ocrx_word' id='word_1_418' title='bbox 2228 3073 2570 3135; x_wconf 87' lang='lat' dir='ltr'><strong>optaverant.</strong></span> <span class='ocrx_word' id='word_1_419' title='bbox 2589 3065 2632 3096; x_wconf 84' lang='grc'>¹²</span> <span class='ocrx_word' id='word_1_420' title='bbox 2653 3064 2827 3120; x_wconf 84' lang='lat' dir='ltr'><strong>Julius</strong></span> <span class='ocrx_word' id='word_1_421' title='bbox 2849 3064 3053 3129; x_wconf 72' lang='lat' dir='ltr'><strong>Caesar,</strong></span> <span class='ocrx_word' id='word_1_422' title='bbox 3075 3061 3395 3119; x_wconf 88' lang='lat' dir='ltr'><strong>Samnitium</strong></span> <span class='ocrx_word' id='word_1_423' title='bbox 3420 3079 3595 3134; x_wconf 84' lang='lat' dir='ltr'><strong>pugna</strong></span> <span class='ocrx_word' id='word_1_424' title='bbox 3619 3063 3806 3131; x_wconf 84' lang='lat' dir='ltr'><strong>vietus,</strong></span> 
     </span>
    </p>
   </div>
   <div class='ocr_carea' id='block_1_61' title="bbox 1803 3177 2524 3238">
    <p class='ocr_par' dir='ltr' id='par_1_61' title="bbox 1803 3177 2524 3238">
     <span class='ocr_line' id='line_1_61' title="bbox 1803 3177 2524 3238; baseline 0.004 -3"><span class='ocrx_word' id='word_1_425' title='bbox 1803 3177 2254 3236; x_wconf 82' lang='lat' dir='ltr'><strong>HAVERCAMPI</strong></span> <span class='ocrx_word' id='word_1_426' title='bbox 2295 3182 2524 3238; x_wconf 68' lang='grc' dir='ltr'><strong>ΝΟΤᾹΞ.</strong></span> 
     </span>
    </p>
   </div>
   <div class='ocr_carea' id='block_1_62' title="bbox 532 3287 3804 3370">
    <p class='ocr_par' dir='ltr' id='par_1_62' title="bbox 532 3287 3804 3370">
     <span class='ocr_line' id='line_1_62' title="bbox 532 3287 3804 3370; baseline 0.003 -26"><span class='ocrx_word' id='word_1_427' title='bbox 532 3290 838 3370; x_wconf 65' lang='lat' dir='ltr'><strong>Macerinus</strong></span> <span class='ocrx_word' id='word_1_428' title='bbox 875 3289 1152 3370; x_wconf 40' lang='lat' dir='ltr'><strong>tribunus.</strong></span> <span class='ocrx_word' id='word_1_429' title='bbox 1169 3287 1399 3370; x_wconf 84' lang='lat' dir='ltr'><strong>militum</strong></span> <span class='ocrx_word' id='word_1_430' title='bbox 1423 3288 1729 3370; x_wconf 58' lang='lat' dir='ltr'><strong>consulari</strong></span> <span class='ocrx_word' id='word_1_431' title='bbox 1756 3299 2023 3370; x_wconf 64' lang='lat' dir='ltr'><strong>potestate</strong></span> <span class='ocrx_word' id='word_1_432' title='bbox 2049 3294 2112 3348; x_wconf 79' lang='grc' dir='ltr'><strong>Δ.</strong></span> <span class='ocrx_word' id='word_1_433' title='bbox 2145 3295 2191 3358; x_wconf 88' lang='lat' dir='ltr'><strong>C</strong></span> <span class='ocrx_word' id='word_1_434' title='bbox 2224 3310 2377 3370; x_wconf 52' lang='grc' dir='ltr'><strong>ηυγ..</strong></span> <span class='ocrx_word' id='word_1_435' title='bbox 2400 3293 2659 3370; x_wconf 76' lang='lat' dir='ltr'><strong>placitum</strong></span> <span class='ocrx_word' id='word_1_436' title='bbox 2687 3313 3003 3370; x_wconf 75' lang='lat' dir='ltr'><strong>expugnare.</strong></span> <span class='ocrx_word' id='word_1_437' title='bbox 3033 3297 3179 3370; x_wconf 88' lang='lat' dir='ltr'><strong>Puto</strong></span> <span class='ocrx_word' id='word_1_438' title='bbox 3196 3297 3483 3368; x_wconf 88' lang='lat' dir='ltr'><strong>legendum</strong></span> <span class='ocrx_word' id='word_1_439' title='bbox 3511 3313 3659 3367; x_wconf 88' lang='lat' dir='ltr'><strong>esse,</strong></span> <span class='ocrx_word' id='word_1_440' title='bbox 3692 3316 3804 3356; x_wconf 81' lang='lat' dir='ltr'><strong>cum</strong></span> 
     </span>
    </p>
   </div>
   <div class='ocr_carea' id='block_1_63' title="bbox 534 3359 2116 3430">
    <p class='ocr_par' dir='ltr' id='par_1_63' title="bbox 534 3359 2116 3430">
     <span class='ocr_line' id='line_1_63' title="bbox 534 3359 2116 3430; baseline 0.001 -12"><span class='ocrx_word' id='word_1_441' title='bbox 534 3362 600 3418; x_wconf 89' lang='lat' dir='ltr'><strong>U.</strong></span> <span class='ocrx_word' id='word_1_442' title='bbox 633 3360 692 3414; x_wconf 91' lang='lat' dir='ltr'><strong>C.</strong></span> <span class='ocrx_word' id='word_1_443' title='bbox 726 3375 1082 3430; x_wconf 60' lang='lat' dir='ltr'><strong>cccexxgvnt.</strong></span> <span class='ocrx_word' id='word_1_444' title='bbox 1112 3359 1336 3416; x_wconf 85' lang='lat' dir='ltr'><strong>Frustra</strong></span> <span class='ocrx_word' id='word_1_445' title='bbox 1365 3359 1530 3430; x_wconf 88' lang='lat' dir='ltr'><strong>igitur</strong></span> <span class='ocrx_word' id='word_1_446' title='bbox 1557 3362 1611 3416; x_wconf 87' lang='lat' dir='ltr'><strong>itt</strong></span> <span class='ocrx_word' id='word_1_447' title='bbox 1643 3359 1814 3418; x_wconf 89' lang='lat' dir='ltr'><strong>tribus</strong></span> <span class='ocrx_word' id='word_1_448' title='bbox 1844 3361 2116 3420; x_wconf 87' lang='lat' dir='ltr'><strong>Floreutt.</strong></span> 
     </span>
    </p>
   </div>
   <div class='ocr_carea' id='block_1_64' title="bbox 535 3427 1194 3501">
    <p class='ocr_par' dir='ltr' id='par_1_64' title="bbox 535 3427 1194 3501">
     <span class='ocr_line' id='line_1_64' title="bbox 535 3427 1194 3501; baseline -0.008 -14"><span class='ocrx_word' id='word_1_449' title='bbox 535 3431 792 3501; x_wconf 88' lang='lat' dir='ltr'><strong>scribitur</strong></span> <span class='ocrx_word' id='word_1_450' title='bbox 819 3429 881 3484; x_wconf 84' lang='lat' dir='ltr'><strong>L.</strong></span> <span class='ocrx_word' id='word_1_451' title='bbox 915 3427 1194 3501; x_wconf 82' lang='lat' dir='ltr'><strong>Giganius.</strong></span> 
     </span>
    </p>
   </div>
   <div class='ocr_carea' id='block_1_65' title="bbox 608 3500 2126 3624">
    <p class='ocr_par' dir='ltr' id='par_1_65' title="bbox 608 3500 2126 3624">
     <span class='ocr_line' id='line_1_65' title="bbox 608 3500 2126 3624; baseline 0.003 -69"><span class='ocrx_word' id='word_1_452' title='bbox 608 3502 698 3556; x_wconf 84' lang='grc'><strong>18.</strong></span> <span class='ocrx_word' id='word_1_453' title='bbox 733 3500 864 3566; x_wconf 77' lang='lat' dir='ltr'><strong>Qua:</strong></span> <span class='ocrx_word' id='word_1_454' title='bbox 890 3517 953 3554; x_wconf 87' lang='lat' dir='ltr'><strong>ne</strong></span> <span class='ocrx_word' id='word_1_455' title='bbox 973 3503 1310 3624; x_wconf 53' lang='lat' dir='ltr'><strong>perferretur.</strong></span> <span class='ocrx_word' id='word_1_456' title='bbox 1342 3501 1469 3556; x_wconf 83' lang='lat' dir='ltr'><strong>Mss.</strong></span> <span class='ocrx_word' id='word_1_457' title='bbox 1498 3517 1726 3557; x_wconf 93' lang='lat' dir='ltr'><strong>numero</strong></span> <span class='ocrx_word' id='word_1_458' title='bbox 1749 3504 1956 3572; x_wconf 90' lang='lat' dir='ltr'><strong>plures,</strong></span> <span class='ocrx_word' id='word_1_459' title='bbox 1985 3508 2126 3575; x_wconf 85' lang='lat' dir='ltr'><strong>quod</strong></span> 
     </span>
     <span class='ocr_line' id='line_1_66' title="bbox 660 3570 2124 3624; baseline 0 0"><span class='ocrx_word' id='word_1_460' title='bbox 660 3572 1013 3624; x_wconf 76' lang='lat' dir='ltr'><strong>perﬁceretur.</strong></span> <span class='ocrx_word' id='word_1_461' title='bbox 1083 3570 1330 3624; x_wconf 72' lang='lat' dir='ltr'><strong>“Iorentt.</strong></span> <span class='ocrx_word' id='word_1_462' title='bbox 1381 3581 1490 3624; x_wconf 89' lang='lat' dir='ltr'><strong>tres</strong></span> <span class='ocrx_word' id='word_1_463' title='bbox 1549 3574 1772 3624; x_wconf 88' lang='lat' dir='ltr'><strong>nronius</strong></span> <span class='ocrx_word' id='word_1_464' title='bbox 1813 3575 1883 3624; x_wconf 87' lang='lat' dir='ltr'><strong>ad</strong></span> <span class='ocrx_word' id='word_1_465' title='bbox 1939 3591 2124 3624; x_wconf 84' lang='lat' dir='ltr'><strong>veram</strong></span> 
     </span>
    </p>
   </div>
   <div class='ocr_carea' id='block_1_66' title="bbox 541 3570 2125 3643">
    <p class='ocr_par' dir='ltr' id='par_1_66' title="bbox 541 3570 2125 3643">
     <span class='ocr_line' id='line_1_67' title="bbox 541 3570 2125 3643; baseline 0.005 -18"><span class='ocrx_word' id='word_1_466' title='bbox 541 3588 604 3625; x_wconf 78' lang='lat' dir='ltr'><strong>ne</strong></span> <span class='ocrx_word' id='word_1_467' title='bbox 659 3572 1013 3640; x_wconf 79' lang='lat' dir='ltr'><strong>perﬁceretur.</strong></span> <span class='ocrx_word' id='word_1_468' title='bbox 1065 3570 1330 3643; x_wconf 81' lang='lat' dir='ltr'><strong>Florentt.</strong></span> <span class='ocrx_word' id='word_1_469' title='bbox 1381 3581 1490 3627; x_wconf 90' lang='lat' dir='ltr'><strong>tres</strong></span> <span class='ocrx_word' id='word_1_470' title='bbox 1549 3570 1772 3643; x_wconf 82' lang='lat' dir='ltr'><strong>prepius</strong></span> <span class='ocrx_word' id='word_1_471' title='bbox 1813 3575 1883 3630; x_wconf 89' lang='lat' dir='ltr'><strong>ad</strong></span> <span class='ocrx_word' id='word_1_472' title='bbox 1939 3570 2125 3633; x_wconf 84' lang='lat' dir='ltr'><strong>verant</strong></span> 
     </span>
    </p>
   </div>
   <div class='ocr_carea' id='block_1_67' title="bbox 535 3642 1468 3713">
    <p class='ocr_par' dir='ltr' id='par_1_67' title="bbox 535 3642 1468 3713">
     <span class='ocr_line' id='line_1_68' title="bbox 535 3642 1468 3713; baseline -0.004 -14"><span class='ocrx_word' id='word_1_473' title='bbox 535 3644 846 3713; x_wconf 84' lang='lat' dir='ltr'><strong>lectionem,</strong></span> <span class='ocrx_word' id='word_1_474' title='bbox 869 3658 992 3713; x_wconf 75' lang='lat' dir='ltr'><strong>qua:</strong></span> <span class='ocrx_word' id='word_1_475' title='bbox 1012 3658 1077 3696; x_wconf 82' lang='lat' dir='ltr'><strong>ne</strong></span> <span class='ocrx_word' id='word_1_476' title='bbox 1119 3642 1468 3713; x_wconf 78' lang='lat' dir='ltr'><strong>perﬁceretur.</strong></span> 
     </span>
    </p>
   </div>
   <div class='ocr_carea' id='block_1_68' title="bbox 610 3712 2124 3786">
    <p class='ocr_par' dir='ltr' id='par_1_68' title="bbox 610 3712 2124 3786">
     <span class='ocr_line' id='line_1_69' title="bbox 610 3712 2124 3786; baseline 0.003 -17"><span class='ocrx_word' id='word_1_477' title='bbox 610 3714 699 3769; x_wconf 82' lang='grc'><strong>19.</strong></span> <span class='ocrx_word' id='word_1_478' title='bbox 729 3712 981 3786; x_wconf 81' lang='lat' dir='ltr'><strong>Rutilius,</strong></span> <span class='ocrx_word' id='word_1_479' title='bbox 1037 3712 1127 3767; x_wconf 81' lang='lat' dir='ltr'><strong>uir</strong></span> <span class='ocrx_word' id='word_1_480' title='bbox 1143 3713 1521 3783; x_wconf 80' lang='lat' dir='ltr'><strong>integerrimus.</strong></span> <span class='ocrx_word' id='word_1_481' title='bbox 1555 3713 1618 3770; x_wconf 92' lang='lat' dir='ltr'><strong>P.</strong></span> <span class='ocrx_word' id='word_1_482' title='bbox 1650 3714 1883 3772; x_wconf 81' lang='lat' dir='ltr'><strong>Rutilius</strong></span> <span class='ocrx_word' id='word_1_483' title='bbox 1930 3717 2124 3786; x_wconf 80' lang='lat' dir='ltr'><strong>Rufus,</strong></span> 
     </span>
    </p>
   </div>
   <div class='ocr_carea' id='block_1_69' title="bbox 532 3784 2129 3859">
    <p class='ocr_par' dir='ltr' id='par_1_69' title="bbox 532 3784 2129 3859">
     <span class='ocr_line' id='line_1_70' title="bbox 532 3784 2129 3859; baseline 0.004 -22"><span class='ocrx_word' id='word_1_484' title='bbox 532 3787 622 3859; x_wconf 85' lang='lat' dir='ltr'><strong>qui</strong></span> <span class='ocrx_word' id='word_1_485' title='bbox 651 3800 761 3840; x_wconf 87' lang='lat' dir='ltr'><strong>eos.</strong></span> <span class='ocrx_word' id='word_1_486' title='bbox 798 3784 898 3859; x_wconf 83' lang='lat' dir='ltr'><strong>fuit</strong></span> <span class='ocrx_word' id='word_1_487' title='bbox 919 3800 1012 3859; x_wconf 74' lang='lat' dir='ltr'><strong>an.</strong></span> <span class='ocrx_word' id='word_1_488' title='bbox 1042 3799 1294 3859; x_wconf 71' lang='lat' dir='ltr'><strong>nexum,</strong></span> <span class='ocrx_word' id='word_1_489' title='bbox 1327 3801 1447 3841; x_wconf 91' lang='lat' dir='ltr'><strong>cum</strong></span> <span class='ocrx_word' id='word_1_490' title='bbox 1481 3786 1571 3840; x_wconf 92' lang='lat' dir='ltr'><strong>illo</strong></span> <span class='ocrx_word' id='word_1_491' title='bbox 1602 3802 1764 3859; x_wconf 80' lang='lat' dir='ltr'><strong>nemo</strong></span> <span class='ocrx_word' id='word_1_492' title='bbox 1791 3804 1963 3859; x_wconf 87' lang='lat' dir='ltr'><strong>neque</strong></span> <span class='ocrx_word' id='word_1_493' title='bbox 1991 3784 2129 3844; x_wconf 74' lang='lat' dir='ltr'><strong>inte-</strong></span> 
     </span>
    </p>
   </div>
   <div class='ocr_carea' id='block_1_70' title="bbox 532 3855 2125 3928">
    <p class='ocr_par' dir='ltr' id='par_1_70' title="bbox 532 3855 2125 3928">
     <span class='ocr_line' id='line_1_71' title="bbox 532 3855 2125 3928; baseline 0.006 -22"><span class='ocrx_word' id='word_1_494' title='bbox 532 3858 685 3928; x_wconf 79' lang='lat' dir='ltr'><strong>grior</strong></span> <span class='ocrx_word' id='word_1_495' title='bbox 715 3866 859 3910; x_wconf 91' lang='lat' dir='ltr'><strong>esset</strong></span> <span class='ocrx_word' id='word_1_496' title='bbox 885 3855 938 3910; x_wconf 91' lang='lat' dir='ltr'><strong>in</strong></span> <span class='ocrx_word' id='word_1_497' title='bbox 968 3856 1211 3928; x_wconf 81' lang='lat' dir='ltr'><strong>civitate,</strong></span> <span class='ocrx_word' id='word_1_498' title='bbox 1232 3871 1412 3928; x_wconf 87' lang='lat' dir='ltr'><strong>neque</strong></span> <span class='ocrx_word' id='word_1_499' title='bbox 1442 3855 2125 3928; x_wconf 83' lang='lat' dir='ltr'><strong>sanetior,‘conspiratiouc</strong></span> 
     </span>
    </p>
   </div>
   <div class='ocr_carea' id='block_1_71' title="bbox 535 3925 2126 3997">
    <p class='ocr_par' dir='ltr' id='par_1_71' title="bbox 535 3925 2126 3997">
     <span class='ocr_line' id='line_1_72' title="bbox 535 3925 2126 3997; baseline 0.008 -23"><span class='ocrx_word' id='word_1_500' title='bbox 535 3926 942 3997; x_wconf 74' lang='lat' dir='ltr'><strong>publicanorum</strong></span> <span class='ocrx_word' id='word_1_501' title='bbox 961 3925 1176 3997; x_wconf 86' lang='lat' dir='ltr'><strong>(quibus</strong></span> <span class='ocrx_word' id='word_1_502' title='bbox 1195 3925 1568 3996; x_wconf 82' lang='lat' dir='ltr'><strong>nihilagerein</strong></span> <span class='ocrx_word' id='word_1_503' title='bbox 1593 3930 1716 3981; x_wconf 80' lang='lat' dir='ltr'><strong>Asia</strong></span> <span class='ocrx_word' id='word_1_504' title='bbox 1737 3925 2007 3995; x_wconf 80' lang='lat' dir='ltr'><strong>provincia</strong></span> <span class='ocrx_word' id='word_1_505' title='bbox 2031 3947 2126 3987; x_wconf 88' lang='lat' dir='ltr'><strong>sua</strong></span> 
     </span>
    </p>
   </div>
   <div class='ocr_carea' id='block_1_72' title="bbox 536 3993 2126 4069">
    <p class='ocr_par' dir='ltr' id='par_1_72' title="bbox 536 3993 2126 4069">
     <span class='ocr_line' id='line_1_73' title="bbox 536 3993 2126 4069; baseline 0.006 -25"><span class='ocrx_word' id='word_1_506' title='bbox 536 4011 569 4066; x_wconf 62' lang='grc' dir='ltr'><strong>ι»</strong></span> <span class='ocrx_word' id='word_1_507' title='bbox 593 3993 882 4069; x_wconf 72' lang='lat' dir='ltr'><strong>rmiserat)</strong></span> <span class='ocrx_word' id='word_1_508' title='bbox 912 3993 1250 4069; x_wconf 23' lang='lat' dir='ltr'><strong>in&#39;j‘udicium</strong></span> <span class='ocrx_word' id='word_1_509' title='bbox 1284 3993 1525 4069; x_wconf 61' lang='lat' dir='ltr'><strong>vocatus,</strong></span> <span class='ocrx_word' id='word_1_510' title='bbox 1555 3993 1831 4054; x_wconf 79' lang='lat' dir='ltr'><strong>Socratem</strong></span> <span class='ocrx_word' id='word_1_511' title='bbox 1866 4002 2126 4069; x_wconf 86' lang='lat' dir='ltr'><strong>imitatus,</strong></span> 
     </span>
    </p>
   </div>
   <div class='ocr_carea' id='block_1_73' title="bbox 537 4065 2128 4138">
    <p class='ocr_par' dir='ltr' id='par_1_73' title="bbox 537 4065 2128 4138">
     <span class='ocr_line' id='line_1_74' title="bbox 537 4065 2128 4138; baseline 0.007 -20"><span class='ocrx_word' id='word_1_512' title='bbox 537 4065 737 4138; x_wconf 62' lang='lat' dir='ltr'><strong>iiutnini</strong></span> <span class='ocrx_word' id='word_1_513' title='bbox 768 4065 1278 4138; x_wconf 82' lang='lat' dir='ltr'><strong>supplicarevoluit.</strong></span> <span class='ocrx_word' id='word_1_514' title='bbox 1300 4067 1396 4121; x_wconf 89' lang='lat' dir='ltr'><strong>sed</strong></span> <span class='ocrx_word' id='word_1_515' title='bbox 1426 4083 1494 4121; x_wconf 88' lang='lat' dir='ltr'><strong>ne</strong></span> <span class='ocrx_word' id='word_1_516' title='bbox 1523 4070 1763 4123; x_wconf 88' lang='lat' dir='ltr'><strong>ornatius</strong></span> <span class='ocrx_word' id='word_1_517' title='bbox 1791 4071 2006 4138; x_wconf 83' lang='lat' dir='ltr'><strong>quidem</strong></span> <span class='ocrx_word' id='word_1_518' title='bbox 2036 4065 2128 4129; x_wconf 83' lang='lat' dir='ltr'><strong>aut</strong></span> 
     </span>
    </p>
   </div>
   <div class='ocr_carea' id='block_1_74' title="bbox 469 4135 2128 4207">
    <p class='ocr_par' dir='ltr' id='par_1_74' title="bbox 469 4135 2128 4207">
     <span class='ocr_line' id='line_1_75' title="bbox 469 4135 2128 4207; baseline 0.005 -18"><span class='ocrx_word' id='word_1_519' title='bbox 469 4185 474 4189; x_wconf 82' lang='lat'><strong>.</strong></span> <span class='ocrx_word' id='word_1_520' title='bbox 535 4135 757 4190; x_wconf 82' lang='lat' dir='ltr'><strong>liberius</strong></span> <span class='ocrx_word' id='word_1_521' title='bbox 775 4137 1104 4207; x_wconf 75' lang='lat' dir='ltr'><strong>causaindici</strong></span> <span class='ocrx_word' id='word_1_522' title='bbox 1124 4150 1468 4207; x_wconf 81' lang='lat' dir='ltr'><strong>suam,quam</strong></span> <span class='ocrx_word' id='word_1_523' title='bbox 1483 4138 1711 4207; x_wconf 81' lang='lat' dir='ltr'><strong>simplex</strong></span> <span class='ocrx_word' id='word_1_524' title='bbox 1735 4155 1792 4193; x_wconf 89' lang='lat' dir='ltr'><strong>ra</strong></span> <span class='ocrx_word' id='word_1_525' title='bbox 1803 4135 1873 4194; x_wconf 64' lang='lat' dir='ltr'><strong>tio</strong></span> <span class='ocrx_word' id='word_1_526' title='bbox 1891 4143 2128 4198; x_wconf 83' lang='lat' dir='ltr'><strong>veritatis</strong></span> 
     </span>
    </p>
   </div>
   <div class='ocr_carea' id='block_1_75' title="bbox 536 4205 2123 4285">
    <p class='ocr_par' dir='ltr' id='par_1_75' title="bbox 536 4205 2123 4285">
     <span class='ocr_line' id='line_1_76' title="bbox 536 4205 2123 4285; baseline 0.005 -26"><span class='ocrx_word' id='word_1_527' title='bbox 536 4205 934 4285; x_wconf 65' lang='lat' dir='ltr'><strong>f«_-rebat._l.ege</strong></span> <span class='ocrx_word' id='word_1_528' title='bbox 959 4205 1276 4285; x_wconf 76' lang='lat' dir='ltr'><strong>Ciceronem</strong></span> <span class='ocrx_word' id='word_1_529' title='bbox 1303 4205 1753 4285; x_wconf 45' lang='lat' dir='ltr'><strong>libr._t_de&#39;0rat.</strong></span> <span class='ocrx_word' id='word_1_530' title='bbox 1787 4219 1843 4285; x_wconf 86' lang='lat' dir='ltr'><strong>et</strong></span> <span class='ocrx_word' id='word_1_531' title='bbox 1863 4211 1915 4266; x_wconf 92' lang='lat' dir='ltr'><strong>in</strong></span> <span class='ocrx_word' id='word_1_532' title='bbox 1941 4213 2123 4285; x_wconf 70' lang='lat' dir='ltr'><strong>Bruto,</strong></span> 
     </span>
    </p>
   </div>
   <div class='ocr_carea' id='block_1_76' title="bbox 532 4277 2124 4347">
    <p class='ocr_par' dir='ltr' id='par_1_76' title="bbox 532 4277 2124 4347">
     <span class='ocr_line' id='line_1_77' title="bbox 532 4277 2124 4347; baseline 0.003 -14"><span class='ocrx_word' id='word_1_533' title='bbox 532 4278 715 4334; x_wconf 72' lang='lat' dir='ltr'><strong>Valer.</strong></span> <span class='ocrx_word' id='word_1_534' title='bbox 744 4277 833 4331; x_wconf 91' lang='lat' dir='ltr'><strong>lib.</strong></span> <span class='ocrx_word' id='word_1_535' title='bbox 860 4291 1070 4347; x_wconf 82' lang='lat' dir='ltr'><strong>Vt,cap.</strong></span> <span class='ocrx_word' id='word_1_536' title='bbox 1099 4278 1155 4344; x_wconf 72' lang='grc'><strong>4,</strong></span> <span class='ocrx_word' id='word_1_537' title='bbox 1179 4277 1378 4332; x_wconf 85' lang='lat' dir='ltr'><strong>Ascon.</strong></span> <span class='ocrx_word' id='word_1_538' title='bbox 1407 4277 1669 4334; x_wconf 82' lang='lat' dir='ltr'><strong>Velleittm</strong></span> <span class='ocrx_word' id='word_1_539' title='bbox 1700 4292 1755 4335; x_wconf 90' lang='lat' dir='ltr'><strong>et</strong></span> <span class='ocrx_word' id='word_1_540' title='bbox 1774 4283 1928 4337; x_wconf 79' lang='lat' dir='ltr'><strong>alios.</strong></span> <span class='ocrx_word' id='word_1_541' title='bbox 1957 4277 2124 4340; x_wconf 52' lang='lat' dir='ltr'><strong>Fanni</strong></span> 
     </span>
    </p>
   </div>
   <div class='ocr_carea' id='block_1_77' title="bbox 541 4349 2127 4476">
    <p class='ocr_par' dir='ltr' id='par_1_77' title="bbox 541 4349 2127 4476">
     <span class='ocr_line' id='line_1_78' title="bbox 541 4349 2127 4476; baseline 0.006 -72"><span class='ocrx_word' id='word_1_542' title='bbox 541 4419 572 4475; x_wconf 58' lang='grc' dir='ltr'><strong><em>ὁ</em></strong></span> <span class='ocrx_word' id='word_1_543' title='bbox 604 4349 694 4476; x_wconf 58' lang='grc'><strong>23.</strong></span> <span class='ocrx_word' id='word_1_544' title='bbox 728 4350 830 4476; x_wconf 53' lang='lat' dir='ltr'><strong>(Egi</strong></span> <span class='ocrx_word' id='word_1_545' title='bbox 870 4349 1150 4419; x_wconf 80' lang='lat' dir='ltr'><strong>Smyrnam</strong></span> <span class='ocrx_word' id='word_1_546' title='bbox 1198 4349 1566 4421; x_wconf 81' lang='lat' dir='ltr'><strong>commigrans.</strong></span> <span class='ocrx_word' id='word_1_547' title='bbox 1603 4351 1740 4408; x_wconf 86' lang='lat' dir='ltr'><strong>Hinc</strong></span> <span class='ocrx_word' id='word_1_548' title='bbox 1769 4353 1928 4412; x_wconf 82' lang='lat' dir='ltr'><strong>Ovid.</strong></span> <span class='ocrx_word' id='word_1_549' title='bbox 1972 4354 2069 4412; x_wconf 87' lang='lat' dir='ltr'><strong>lib.</strong></span> <span class='ocrx_word' id='word_1_550' title='bbox 2108 4371 2127 4412; x_wconf 88' lang='grc' dir='ltr'>ι</span> 
     </span>
     <span class='ocr_line' id='line_1_79' title="bbox 580 4437 1264 4476; baseline 0.003 0"><span class='ocrx_word' id='word_1_551' title='bbox 580 4437 609 4476; x_wconf 89' lang='lat' dir='ltr'><strong>e</strong></span> <span class='ocrx_word' id='word_1_552' title='bbox 675 4437 744 4475; x_wconf 88' lang='lat' dir='ltr'><strong>on</strong></span> <span class='ocrx_word' id='word_1_553' title='bbox 835 4437 850 4476; x_wconf 89' lang='lat'><strong>:</strong></span> <span class='ocrx_word' id='word_1_554' title='bbox 1259 4457 1264 4464; x_wconf 89' lang='lat'><strong><em>-</em></strong></span> 
     </span>
    </p>
   </div>
   <div class='ocr_carea' id='block_1_78' title="bbox 580 4430 1264 4476">
    <p class='ocr_par' dir='ltr' id='par_1_78' title="bbox 580 4430 1264 4476">
     <span class='ocr_line' id='line_1_80' title="bbox 580 4430 1264 4476; baseline 0.003 0"><span class='ocrx_word' id='word_1_555' title='bbox 580 4437 609 4476; x_wconf 89' lang='lat' dir='ltr'><strong>e</strong></span> <span class='ocrx_word' id='word_1_556' title='bbox 631 4430 806 4476; x_wconf 83' lang='lat' dir='ltr'><strong>Ponto</strong></span> <span class='ocrx_word' id='word_1_557' title='bbox 835 4437 850 4476; x_wconf 88' lang='lat'><strong>:</strong></span> <span class='ocrx_word' id='word_1_558' title='bbox 1259 4457 1264 4464; x_wconf 89' lang='lat'><strong><em>-</em></strong></span> 
     </span>
    </p>
   </div>
   <div class='ocr_carea' id='block_1_79' title="bbox 723 4509 1844 4601">
    <p class='ocr_par' dir='ltr' id='par_1_79' title="bbox 723 4509 1844 4601">
     <span class='ocr_line' id='line_1_81' title="bbox 723 4509 1844 4601; baseline 0.005 -17"><span class='ocrx_word' id='word_1_559' title='bbox 723 4509 1275 4601; x_wconf 30' lang='lat' dir='ltr'><strong>Et‘gravemagnanimi</strong></span> <span class='ocrx_word' id='word_1_560' title='bbox 1296 4534 1447 4601; x_wconf 73' lang='lat' dir='ltr'><strong>robur</strong></span> <span class='ocrx_word' id='word_1_561' title='bbox 1467 4536 1650 4601; x_wconf 85' lang='lat' dir='ltr'><strong>mirare</strong></span> <span class='ocrx_word' id='word_1_562' title='bbox 1673 4536 1844 4601; x_wconf 82' lang='lat' dir='ltr'><strong>Rutili,</strong></span> 
     </span>
    </p>
   </div>
   <div class='ocr_carea' id='block_1_80' title="bbox 823 4596 1628 4660">
    <p class='ocr_par' dir='ltr' id='par_1_80' title="bbox 823 4596 1628 4660">
     <span class='ocr_line' id='line_1_82' title="bbox 823 4596 1628 4660; baseline 0.002 -14"><span class='ocrx_word' id='word_1_563' title='bbox 823 4610 886 4646; x_wconf 94' lang='lat' dir='ltr'><strong>on</strong></span> <span class='ocrx_word' id='word_1_564' title='bbox 903 4597 988 4660; x_wconf 87' lang='lat' dir='ltr'><strong>usi</strong></span> <span class='ocrx_word' id='word_1_565' title='bbox 1003 4596 1194 4645; x_wconf 90' lang='lat' dir='ltr'><strong>reditus</strong></span> <span class='ocrx_word' id='word_1_566' title='bbox 1216 4596 1492 4660; x_wconf 88' lang='lat' dir='ltr'><strong>conditione</strong></span> <span class='ocrx_word' id='word_1_567' title='bbox 1508 4599 1628 4660; x_wconf 85' lang='lat' dir='ltr'><strong>dati,</strong></span> 
     </span>
    </p>
   </div>
   <div class='ocr_carea' id='block_1_81' title="bbox 719 4659 1426 4724">
    <p class='ocr_par' dir='ltr' id='par_1_81' title="bbox 719 4659 1426 4724">
     <span class='ocr_line' id='line_1_83' title="bbox 719 4659 1426 4724; baseline -0.003 -14"><span class='ocrx_word' id='word_1_568' title='bbox 719 4659 922 4724; x_wconf 82' lang='lat' dir='ltr'><strong>Smyrna</strong></span> <span class='ocrx_word' id='word_1_569' title='bbox 947 4659 1101 4709; x_wconf 87' lang='lat' dir='ltr'><strong>virum</strong></span> <span class='ocrx_word' id='word_1_570' title='bbox 1125 4659 1301 4721; x_wconf 86' lang='lat' dir='ltr'><strong>tenuit,</strong></span> <span class='ocrx_word' id='word_1_571' title='bbox 1327 4666 1426 4710; x_wconf 90' lang='lat' dir='ltr'><strong>etc.</strong></span> 
     </span>
    </p>
   </div>
   <div class='ocr_carea' id='block_1_82' title="bbox 536 4765 2122 4844">
    <p class='ocr_par' dir='ltr' id='par_1_82' title="bbox 536 4765 2122 4844">
     <span class='ocr_line' id='line_1_84' title="bbox 536 4765 2122 4844; baseline 0.008 -25"><span class='ocrx_word' id='word_1_572' title='bbox 536 4765 796 4844; x_wconf 70' lang='lat' dir='ltr'><strong>Rutilium</strong></span> <span class='ocrx_word' id='word_1_573' title='bbox 817 4779 949 4820; x_wconf 89' lang='lat' dir='ltr'><strong>vero</strong></span> <span class='ocrx_word' id='word_1_574' title='bbox 973 4779 1098 4844; x_wconf 76' lang='lat' dir='ltr'><strong>eum</strong></span> <span class='ocrx_word' id='word_1_575' title='bbox 1129 4765 1377 4844; x_wconf 62' lang='lat' dir='ltr'><strong>smyrnae</strong></span> <span class='ocrx_word' id='word_1_576' title='bbox 1406 4766 1706 4844; x_wconf 52' lang='lat' dir='ltr'><strong>exsulafet,</strong></span> <span class='ocrx_word' id='word_1_577' title='bbox 1739 4768 1979 4828; x_wconf 89' lang='lat' dir='ltr'><strong>civitatis</strong></span> <span class='ocrx_word' id='word_1_578' title='bbox 2006 4774 2122 4844; x_wconf 87' lang='lat' dir='ltr'><strong>ejus</strong></span> 
     </span>
    </p>
   </div>
   <div class='ocr_carea' id='block_1_83' title="bbox 534 4834 2116 4962">
    <p class='ocr_par' dir='ltr' id='par_1_83' title="bbox 534 4834 2116 4962">
     <span class='ocr_line' id='line_1_85' title="bbox 534 4834 2116 4962; baseline 0.009 -74"><span class='ocrx_word' id='word_1_579' title='bbox 534 4841 706 4962; x_wconf 39' lang='lat' dir='ltr'><strong>(lavem</strong></span> <span class='ocrx_word' id='word_1_580' title='bbox 758 4837 959 4893; x_wconf 88' lang='lat' dir='ltr'><strong>factum</strong></span> <span class='ocrx_word' id='word_1_581' title='bbox 992 4834 1178 4904; x_wconf 85' lang='lat' dir='ltr'><strong>fuisse,</strong></span> <span class='ocrx_word' id='word_1_582' title='bbox 1210 4834 1403 4893; x_wconf 90' lang='lat' dir='ltr'><strong>Cicero</strong></span> <span class='ocrx_word' id='word_1_583' title='bbox 1443 4853 1541 4910; x_wconf 91' lang='lat' dir='ltr'><strong>pro</strong></span> <span class='ocrx_word' id='word_1_584' title='bbox 1579 4834 1748 4894; x_wconf 88' lang='lat' dir='ltr'><strong>Balbo</strong></span> <span class='ocrx_word' id='word_1_585' title='bbox 1785 4851 1975 4900; x_wconf 89' lang='lat' dir='ltr'><strong>auctor</strong></span> <span class='ocrx_word' id='word_1_586' title='bbox 2013 4834 2116 4903; x_wconf 71' lang='lat' dir='ltr'><strong>est.</strong></span> 
     </span>
     <span class='ocr_line' id='line_1_86' title="bbox 582 4923 701 4962; baseline 0.008 -1"><span class='ocrx_word' id='word_1_587' title='bbox 582 4923 701 4962; x_wconf 76' lang='lat' dir='ltr'><strong>ABR.</strong></span> 
     </span>
    </p>
   </div>
   <div class='ocr_carea' id='block_1_84' title="bbox 582 4923 701 4962">
    <p class='ocr_par' dir='ltr' id='par_1_84' title="bbox 582 4923 701 4962">
     <span class='ocr_line' id='line_1_87' title="bbox 582 4923 701 4962; baseline 0.008 -1"><span class='ocrx_word' id='word_1_588' title='bbox 582 4923 701 4962; x_wconf 74' lang='lat' dir='ltr'><strong>ABR.</strong></span> 
     </span>
    </p>
   </div>
   <div class='ocr_carea' id='block_1_85' title="bbox 608 4977 2119 5045">
    <p class='ocr_par' dir='ltr' id='par_1_85' title="bbox 608 4977 2119 5045">
     <span class='ocr_line' id='line_1_88' title="bbox 608 4977 2119 5045; baseline 0.003 -13"><span class='ocrx_word' id='word_1_589' title='bbox 608 4981 736 5033; x_wconf 72' lang='lat' dir='ltr'><strong>CAP.</strong></span> <span class='ocrx_word' id='word_1_590' title='bbox 771 4994 926 5035; x_wconf 82' lang='lat' dir='ltr'><strong>xvnt.</strong></span> <span class='ocrx_word' id='word_1_591' title='bbox 952 5010 1023 5024; x_wconf 93' lang='lat'><strong>—</strong></span> <span class='ocrx_word' id='word_1_592' title='bbox 1052 4979 1105 5035; x_wconf 81' lang='lat' dir='ltr'><strong>l.</strong></span> <span class='ocrx_word' id='word_1_593' title='bbox 1146 4977 1300 5034; x_wconf 79' lang='lat' dir='ltr'><strong>Auno</strong></span> <span class='ocrx_word' id='word_1_594' title='bbox 1345 4979 1409 5034; x_wconf 82' lang='lat' dir='ltr'><strong>ab</strong></span> <span class='ocrx_word' id='word_1_595' title='bbox 1441 4978 1572 5036; x_wconf 86' lang='lat' dir='ltr'><strong>Urb.</strong></span> <span class='ocrx_word' id='word_1_596' title='bbox 1621 4982 1777 5036; x_wconf 84' lang='lat' dir='ltr'><strong>cond.</strong></span> <span class='ocrx_word' id='word_1_597' title='bbox 1827 5001 2013 5042; x_wconf 76' lang='lat' dir='ltr'><strong>ncux.</strong></span> <span class='ocrx_word' id='word_1_598' title='bbox 2059 4987 2119 5045; x_wconf 79' lang='lat' dir='ltr'><strong>In</strong></span> 
     </span>
    </p>
   </div>
   <div class='ocr_carea' id='block_1_86' title="bbox 538 5047 2118 5129">
    <p class='ocr_par' dir='ltr' id='par_1_86' title="bbox 538 5047 2118 5129">
     <span class='ocr_line' id='line_1_89' title="bbox 538 5047 2118 5129; baseline 0.009 -28"><span class='ocrx_word' id='word_1_599' title='bbox 538 5049 716 5129; x_wconf 57' lang='lat' dir='ltr'><strong>Fastis</strong></span> <span class='ocrx_word' id='word_1_600' title='bbox 741 5047 915 5129; x_wconf 59' lang='lat' dir='ltr'><strong>Capit.</strong></span> <span class='ocrx_word' id='word_1_601' title='bbox 943 5051 1032 5107; x_wconf 93' lang='lat' dir='ltr'><strong>hic</strong></span> <span class='ocrx_word' id='word_1_602' title='bbox 1051 5065 1224 5129; x_wconf 62' lang='lat' dir='ltr'><strong>minus</strong></span> <span class='ocrx_word' id='word_1_603' title='bbox 1245 5060 1326 5105; x_wconf 91' lang='lat' dir='ltr'><strong>est</strong></span> <span class='ocrx_word' id='word_1_604' title='bbox 1349 5051 1416 5129; x_wconf 82' lang='lat' dir='ltr'><strong>ab</strong></span> <span class='ocrx_word' id='word_1_605' title='bbox 1445 5051 1576 5129; x_wconf 83' lang='lat' dir='ltr'><strong>Urb.</strong></span> <span class='ocrx_word' id='word_1_606' title='bbox 1595 5053 1773 5129; x_wconf 36' lang='lat' dir='ltr'><strong>.cond.</strong></span> <span class='ocrx_word' id='word_1_607' title='bbox 1802 5072 1982 5113; x_wconf 71' lang='lat' dir='ltr'><strong>ncexn</strong></span> <span class='ocrx_word' id='word_1_608' title='bbox 2009 5074 2118 5129; x_wconf 90' lang='lat' dir='ltr'><strong>quo</strong></span> 
     </span>
    </p>
   </div>
   <div class='ocr_carea' id='block_1_87' title="bbox 540 5117 2114 5198">
    <p class='ocr_par' dir='ltr' id='par_1_87' title="bbox 540 5117 2114 5198">
     <span class='ocr_line' id='line_1_90' title="bbox 540 5117 2114 5198; baseline 0.008 -24"><span class='ocrx_word' id='word_1_609' title='bbox 540 5119 596 5174; x_wconf 85' lang='grc' dir='ltr'><em>Μ</em></span> <span class='ocrx_word' id='word_1_610' title='bbox 606 5159 618 5172; x_wconf 92' lang='grc'><strong>.</strong></span> <span class='ocrx_word' id='word_1_611' title='bbox 645 5117 1045 5198; x_wconf 64' lang='lat' dir='ltr'><strong>Lit&#39;iusprustts</strong></span> <span class='ocrx_word' id='word_1_612' title='bbox 1066 5119 1427 5198; x_wconf 8' lang='lat' dir='ltr'><strong>&#39;l&#39;ribunugspl.</strong></span> <span class='ocrx_word' id='word_1_613' title='bbox 1449 5121 1773 5198; x_wconf 78' lang='lat' dir='ltr'><strong>seditionem</strong></span> <span class='ocrx_word' id='word_1_614' title='bbox 1797 5117 2114 5198; x_wconf 50' lang='lat' dir='ltr'><strong>commoi&#39;it,</strong></span> 
     </span>
    </p>
   </div>
   <div class='ocr_carea' id='block_1_88' title="bbox 537 5189 2119 5263">
    <p class='ocr_par' dir='ltr' id='par_1_88' title="bbox 537 5189 2119 5263">
     <span class='ocr_line' id='line_1_91' title="bbox 537 5189 2119 5263; baseline 0.008 -18"><span class='ocrx_word' id='word_1_615' title='bbox 537 5206 643 5261; x_wconf 85' lang='lat' dir='ltr'><strong>qua</strong></span> <span class='ocrx_word' id='word_1_616' title='bbox 671 5191 739 5244; x_wconf 88' lang='lat' dir='ltr'><strong>tle</strong></span> <span class='ocrx_word' id='word_1_617' title='bbox 760 5189 942 5246; x_wconf 84' lang='lat' dir='ltr'><strong>Livius</strong></span> <span class='ocrx_word' id='word_1_618' title='bbox 971 5193 1063 5247; x_wconf 89' lang='lat' dir='ltr'><strong>lib.</strong></span> <span class='ocrx_word' id='word_1_619' title='bbox 1090 5208 1217 5247; x_wconf 76' lang='lat' dir='ltr'><strong>Lm</strong></span> <span class='ocrx_word' id='word_1_620' title='bbox 1242 5235 1257 5260; x_wconf 94' lang='lat'><strong>,</strong></span> <span class='ocrx_word' id='word_1_621' title='bbox 1294 5189 1526 5263; x_wconf 78' lang='lat' dir='ltr'><strong>Appian.</strong></span> <span class='ocrx_word' id='word_1_622' title='bbox 1562 5194 1656 5251; x_wconf 89' lang='lat' dir='ltr'><strong>lib.</strong></span> <span class='ocrx_word' id='word_1_623' title='bbox 1691 5210 1747 5257; x_wconf 80' lang='grc' dir='ltr'><strong>ι.</strong></span> <span class='ocrx_word' id='word_1_624' title='bbox 1797 5198 1990 5254; x_wconf 86' lang='lat' dir='ltr'><strong>Florus</strong></span> <span class='ocrx_word' id='word_1_625' title='bbox 2023 5189 2119 5262; x_wconf 58' lang='lat' dir='ltr'><strong>lib,</strong></span> 
     </span>
    </p>
   </div>
   <div class='ocr_carea' id='block_1_89' title="bbox 540 5263 2118 5337">
    <p class='ocr_par' dir='ltr' id='par_1_89' title="bbox 540 5263 2118 5337">
     <span class='ocr_line' id='line_1_92' title="bbox 540 5263 2118 5337; baseline 0.007 -18"><span class='ocrx_word' id='word_1_626' title='bbox 540 5279 598 5320; x_wconf 87' lang='grc' dir='ltr'><strong>ιιι</strong></span> <span class='ocrx_word' id='word_1_627' title='bbox 623 5308 637 5331; x_wconf 89' lang='grc'>,</span> <span class='ocrx_word' id='word_1_628' title='bbox 685 5277 803 5337; x_wconf 86' lang='lat' dir='ltr'><strong>cap.</strong></span> <span class='ocrx_word' id='word_1_629' title='bbox 839 5263 907 5337; x_wconf 69' lang='lat' dir='ltr'><strong>l7</strong></span> <span class='ocrx_word' id='word_1_630' title='bbox 933 5302 950 5328; x_wconf 91' lang='lat'><strong>,</strong></span> <span class='ocrx_word' id='word_1_631' title='bbox 1000 5263 1239 5337; x_wconf 81' lang='lat' dir='ltr'><strong>Velleius</strong></span> <span class='ocrx_word' id='word_1_632' title='bbox 1276 5265 1417 5321; x_wconf 92' lang='lat' dir='ltr'><strong>libro</strong></span> <span class='ocrx_word' id='word_1_633' title='bbox 1453 5281 1514 5322; x_wconf 86' lang='lat' dir='ltr'><strong>tt.</strong></span> <span class='ocrx_word' id='word_1_634' title='bbox 1568 5267 1710 5337; x_wconf 89' lang='lat' dir='ltr'><strong>Lege</strong></span> <span class='ocrx_word' id='word_1_635' title='bbox 1740 5267 2118 5330; x_wconf 65' lang='lat' dir='ltr'><strong>Praefationem</strong></span> 
     </span>
    </p>
   </div>
   <div class='ocr_carea' id='block_1_90' title="bbox 539 5333 1729 5396">
    <p class='ocr_par' dir='ltr' id='par_1_90' title="bbox 539 5333 1729 5396">
     <span class='ocr_line' id='line_1_93' title="bbox 539 5333 1729 5396; baseline 0.003 -3"><span class='ocrx_word' id='word_1_636' title='bbox 539 5334 816 5393; x_wconf 85' lang='lat' dir='ltr'><strong>Ciceronis</strong></span> <span class='ocrx_word' id='word_1_637' title='bbox 842 5333 898 5389; x_wconf 88' lang='lat' dir='ltr'><strong>in</strong></span> <span class='ocrx_word' id='word_1_638' title='bbox 925 5334 1143 5389; x_wconf 88' lang='lat' dir='ltr'><strong>tertium</strong></span> <span class='ocrx_word' id='word_1_639' title='bbox 1175 5335 1244 5391; x_wconf 91' lang='lat' dir='ltr'><strong>de</strong></span> <span class='ocrx_word' id='word_1_640' title='bbox 1268 5339 1517 5394; x_wconf 82' lang='lat' dir='ltr'><strong>Oratore.</strong></span> <span class='ocrx_word' id='word_1_641' title='bbox 1561 5333 1729 5396; x_wconf 66' lang='lat' dir='ltr'><strong>Fsén.</strong></span> 
     </span>
    </p>
   </div>
   <div class='ocr_carea' id='block_1_91' title="bbox 2234 3365 3811 3441">
    <p class='ocr_par' dir='ltr' id='par_1_91' title="bbox 2234 3365 3811 3441">
     <span class='ocr_line' id='line_1_94' title="bbox 2234 3365 3811 3441; baseline 0.004 -21"><span class='ocrx_word' id='word_1_642' title='bbox 2234 3367 2465 3441; x_wconf 75' lang='lat' dir='ltr'><strong>pollicita</strong></span> <span class='ocrx_word' id='word_1_643' title='bbox 2493 3365 2699 3441; x_wconf 72' lang='lat' dir='ltr'><strong>explere</strong></span> <span class='ocrx_word' id='word_1_644' title='bbox 2722 3365 2844 3441; x_wconf 57' lang='lat' dir='ltr'><strong>non&#39;</strong></span> <span class='ocrx_word' id='word_1_645' title='bbox 2864 3380 3053 3441; x_wconf 63' lang='lat' dir='ltr'><strong>posset.</strong></span> <span class='ocrx_word' id='word_1_646' title='bbox 3089 3365 3338 3440; x_wconf 72' lang='lat' dir='ltr'><strong>Epitotne</strong></span> <span class='ocrx_word' id='word_1_647' title='bbox 3378 3370 3495 3426; x_wconf 86' lang='lat' dir='ltr'><strong>Liv.</strong></span> <span class='ocrx_word' id='word_1_648' title='bbox 3527 3372 3622 3425; x_wconf 92' lang='lat' dir='ltr'><strong>lib.</strong></span> <span class='ocrx_word' id='word_1_649' title='bbox 3645 3365 3811 3438; x_wconf 68' lang='grc' dir='ltr'><strong>ιω,</strong></span> 
     </span>
    </p>
   </div>
   <div class='ocr_carea' id='block_1_92' title="bbox 2227 3436 3814 3519">
    <p class='ocr_par' dir='ltr' id='par_1_92' title="bbox 2227 3436 3814 3519">
     <span class='ocr_line' id='line_1_95' title="bbox 2227 3436 3814 3519; baseline 0.006 -29"><span class='ocrx_word' id='word_1_650' title='bbox 2227 3438 2296 3519; x_wconf 77' lang='lat' dir='ltr'><strong>de</strong></span> <span class='ocrx_word' id='word_1_651' title='bbox 2319 3436 2511 3519; x_wconf 75' lang='lat' dir='ltr'><strong>eodem</strong></span> <span class='ocrx_word' id='word_1_652' title='bbox 2539 3436 2694 3519; x_wconf 80' lang='lat' dir='ltr'><strong>Livio</strong></span> <span class='ocrx_word' id='word_1_653' title='bbox 2721 3436 2897 3494; x_wconf 81' lang='lat' dir='ltr'><strong>Druso</strong></span> <span class='ocrx_word' id='word_1_654' title='bbox 2928 3459 2941 3494; x_wconf 83' lang='lat'><strong>:</strong></span> <span class='ocrx_word' id='word_1_655' title='bbox 2991 3439 3122 3494; x_wconf 85' lang='lat' dir='ltr'><strong>Cum</strong></span> <span class='ocrx_word' id='word_1_656' title='bbox 3136 3436 3330 3496; x_wconf 63' lang='lat' dir='ltr'><strong>deinde</strong></span> <span class='ocrx_word' id='word_1_657' title='bbox 3355 3442 3616 3513; x_wconf 82' lang='lat' dir='ltr'><strong>promissa</strong></span> <span class='ocrx_word' id='word_1_658' title='bbox 3657 3436 3814 3500; x_wconf 72' lang='lat' dir='ltr'><strong>sociis</strong></span> 
     </span>
    </p>
   </div>
   <div class='ocr_carea' id='block_1_93' title="bbox 2233 3509 3031 3583">
    <p class='ocr_par' dir='ltr' id='par_1_93' title="bbox 2233 3509 3031 3583">
     <span class='ocr_line' id='line_1_96' title="bbox 2233 3509 3031 3583; baseline 0.01 -23"><span class='ocrx_word' id='word_1_659' title='bbox 2233 3509 2684 3583; x_wconf 44' lang='lat' dir='ltr'><strong>civitaiprwstari</strong></span> <span class='ocrx_word' id='word_1_660' title='bbox 2709 3526 2809 3583; x_wconf 71' lang='lat' dir='ltr'><strong>non</strong></span> <span class='ocrx_word' id='word_1_661' title='bbox 2837 3522 3031 3583; x_wconf 84' lang='lat' dir='ltr'><strong>posset.</strong></span> 
     </span>
    </p>
   </div>
   <div class='ocr_carea' id='block_1_94' title="bbox 2226 3577 3811 3656">
    <p class='ocr_par' dir='ltr' id='par_1_94' title="bbox 2226 3577 3811 3656">
     <span class='ocr_line' id='line_1_97' title="bbox 2226 3577 3811 3656; baseline 0.006 -24"><span class='ocrx_word' id='word_1_662' title='bbox 2226 3577 2360 3648; x_wconf 47' lang='lat' dir='ltr'><strong>L4.</strong></span> <span class='ocrx_word' id='word_1_663' title='bbox 2390 3577 2470 3632; x_wconf 87' lang='lat' dir='ltr'><strong>Eo</strong></span> <span class='ocrx_word' id='word_1_664' title='bbox 2494 3580 2726 3636; x_wconf 85' lang='lat' dir='ltr'><strong>accessit.</strong></span> <span class='ocrx_word' id='word_1_665' title='bbox 2757 3577 3019 3650; x_wconf 65' lang='lat' dir='ltr'><strong>lta&#39;mss.;</strong></span> <span class='ocrx_word' id='word_1_666' title='bbox 3051 3581 3319 3654; x_wconf 60' lang='lat' dir='ltr'><strong>quo,fedd.</strong></span> <span class='ocrx_word' id='word_1_667' title='bbox 3349 3592 3508 3650; x_wconf 90' lang='lat' dir='ltr'><strong>vett.;</strong></span> <span class='ocrx_word' id='word_1_668' title='bbox 3542 3582 3811 3656; x_wconf 82' lang='lat' dir='ltr'><strong>Perizon.,</strong></span> 
     </span>
    </p>
   </div>
   <div class='ocr_carea' id='block_1_95' title="bbox 2229 3665 2408 3718">
    <p class='ocr_par' dir='ltr' id='par_1_95' title="bbox 2229 3665 2408 3718">
     <span class='ocr_line' id='line_1_98' title="bbox 2229 3665 2408 3718; baseline -0.011 -14"><span class='ocrx_word' id='word_1_669' title='bbox 2229 3665 2408 3718; x_wconf 82' lang='lat' dir='ltr'><strong>eoque.</strong></span> 
     </span>
    </p>
   </div>
   <div class='ocr_carea' id='block_1_96' title="bbox 2300 3719 3809 3794">
    <p class='ocr_par' dir='ltr' id='par_1_96' title="bbox 2300 3719 3809 3794">
     <span class='ocr_line' id='line_1_99' title="bbox 2300 3719 3809 3794; baseline 0.004 -18"><span class='ocrx_word' id='word_1_670' title='bbox 2300 3723 2353 3776; x_wconf 83' lang='lat'><strong>5.</strong></span> <span class='ocrx_word' id='word_1_671' title='bbox 2398 3719 2646 3794; x_wconf 68' lang='lat' dir='ltr'><strong>Prgdigia</strong></span> <span class='ocrx_word' id='word_1_672' title='bbox 2675 3723 2813 3776; x_wconf 84' lang='lat' dir='ltr'><strong>dira.</strong></span> <span class='ocrx_word' id='word_1_673' title='bbox 2865 3722 2938 3777; x_wconf 86' lang='lat' dir='ltr'><strong>De</strong></span> <span class='ocrx_word' id='word_1_674' title='bbox 2979 3721 3065 3778; x_wconf 89' lang='lat' dir='ltr'><strong>his</strong></span> <span class='ocrx_word' id='word_1_675' title='bbox 3111 3723 3371 3794; x_wconf 91' lang='lat' dir='ltr'><strong>prodigiis</strong></span> <span class='ocrx_word' id='word_1_676' title='bbox 3417 3724 3594 3780; x_wconf 80' lang='lat' dir='ltr'><strong>Julius</strong></span> <span class='ocrx_word' id='word_1_677' title='bbox 3643 3726 3809 3782; x_wconf 87' lang='lat' dir='ltr'><strong>Obse-</strong></span> 
     </span>
    </p>
   </div>
   <div class='ocr_carea' id='block_1_97' title="bbox 2231 3789 3815 3863">
    <p class='ocr_par' dir='ltr' id='par_1_97' title="bbox 2231 3789 3815 3863">
     <span class='ocr_line' id='line_1_100' title="bbox 2231 3789 3815 3863; baseline 0.002 -17"><span class='ocrx_word' id='word_1_678' title='bbox 2231 3807 2424 3860; x_wconf 87' lang='lat' dir='ltr'><strong>quens.</strong></span> <span class='ocrx_word' id='word_1_679' title='bbox 2453 3789 2644 3863; x_wconf 84' lang='lat' dir='ltr'><strong>Cicero</strong></span> <span class='ocrx_word' id='word_1_680' title='bbox 2677 3809 2891 3863; x_wconf 86' lang='lat' dir='ltr'><strong>quoque</strong></span> <span class='ocrx_word' id='word_1_681' title='bbox 2921 3794 3045 3848; x_wconf 91' lang='lat' dir='ltr'><strong>libr.</strong></span> <span class='ocrx_word' id='word_1_682' title='bbox 3074 3811 3086 3849; x_wconf 96' lang='lat' dir='ltr'><strong>I</strong></span> <span class='ocrx_word' id='word_1_683' title='bbox 3114 3789 3185 3850; x_wconf 76' lang='lat' dir='ltr'><strong>de</strong></span> <span class='ocrx_word' id='word_1_684' title='bbox 3219 3789 3452 3850; x_wconf 59' lang='lat' dir='ltr'><strong>Di&#39;vinat.</strong></span> <span class='ocrx_word' id='word_1_685' title='bbox 3486 3795 3657 3851; x_wconf 87' lang='lat' dir='ltr'><strong>refert</strong></span> <span class='ocrx_word' id='word_1_686' title='bbox 3689 3813 3815 3851; x_wconf 84' lang='lat' dir='ltr'><strong>non-</strong></span> 
     </span>
    </p>
   </div>
   <div class='ocr_carea' id='block_1_98' title="bbox 2230 3862 3814 3935">
    <p class='ocr_par' dir='ltr' id='par_1_98' title="bbox 2230 3862 3814 3935">
     <span class='ocr_line' id='line_1_101' title="bbox 2230 3862 3814 3935; baseline 0.006 -19"><span class='ocrx_word' id='word_1_687' title='bbox 2230 3863 2376 3917; x_wconf 86' lang='lat' dir='ltr'><strong>nulla</strong></span> <span class='ocrx_word' id='word_1_688' title='bbox 2413 3862 2837 3935; x_wconf 33' lang='lat' dir='ltr'><strong>prodigi:t,’qua3</strong></span> <span class='ocrx_word' id='word_1_689' title='bbox 2866 3864 3101 3920; x_wconf 87' lang='lat' dir='ltr'><strong>Sisenna</strong></span> <span class='ocrx_word' id='word_1_690' title='bbox 3131 3865 3288 3922; x_wconf 87' lang='lat' dir='ltr'><strong>initio</strong></span> <span class='ocrx_word' id='word_1_691' title='bbox 3320 3865 3452 3922; x_wconf 89' lang='lat' dir='ltr'><strong>belli</strong></span> <span class='ocrx_word' id='word_1_692' title='bbox 3482 3866 3699 3923; x_wconf 76' lang='lat' dir='ltr'><strong>Marsici</strong></span> <span class='ocrx_word' id='word_1_693' title='bbox 3729 3887 3814 3926; x_wconf 79' lang='lat' dir='ltr'><strong>ex-</strong></span> 
     </span>
    </p>
   </div>
   <div class='ocr_carea' id='block_1_99' title="bbox 2233 3933 2700 4001">
    <p class='ocr_par' dir='ltr' id='par_1_99' title="bbox 2233 3933 2700 4001">
     <span class='ocr_line' id='line_1_102' title="bbox 2233 3933 2700 4001; baseline 0.013 -18"><span class='ocrx_word' id='word_1_694' title='bbox 2233 3944 2502 4001; x_wconf 85' lang='lat' dir='ltr'><strong>posuerat.</strong></span> <span class='ocrx_word' id='word_1_695' title='bbox 2536 3933 2700 3989; x_wconf 63' lang='lat' dir='ltr'><strong>Fann.</strong></span> 
     </span>
    </p>
   </div>
   <div class='ocr_carea' id='block_1_100' title="bbox 2303 4004 3812 4064">
    <p class='ocr_par' dir='ltr' id='par_1_100' title="bbox 2303 4004 3812 4064">
     <span class='ocr_line' id='line_1_103' title="bbox 2303 4004 3812 4064; baseline 0.005 -7"><span class='ocrx_word' id='word_1_696' title='bbox 2303 4004 2356 4058; x_wconf 84' lang='lat'><strong>6.</strong></span> <span class='ocrx_word' id='word_1_697' title='bbox 2401 4005 2606 4058; x_wconf 84' lang='lat' dir='ltr'><strong>Drusus</strong></span> <span class='ocrx_word' id='word_1_698' title='bbox 2656 4007 2808 4060; x_wconf 84' lang='lat' dir='ltr'><strong>tantis</strong></span> <span class='ocrx_word' id='word_1_699' title='bbox 2854 4007 3004 4061; x_wconf 85' lang='lat' dir='ltr'><strong>malis</strong></span> <span class='ocrx_word' id='word_1_700' title='bbox 3054 4007 3260 4060; x_wconf 79' lang='lat' dir='ltr'><strong>anxius.</strong></span> <span class='ocrx_word' id='word_1_701' title='bbox 3317 4007 3524 4064; x_wconf 90' lang='lat' dir='ltr'><strong>Drusus</strong></span> <span class='ocrx_word' id='word_1_702' title='bbox 3576 4008 3628 4061; x_wconf 88' lang='lat' dir='ltr'><strong>itt</strong></span> <span class='ocrx_word' id='word_1_703' title='bbox 3676 4009 3812 4064; x_wconf 89' lang='lat' dir='ltr'><strong>atrio</strong></span> 
     </span>
    </p>
   </div>
   <div class='ocr_carea' id='block_1_101' title="bbox 2233 4074 3812 4148">
    <p class='ocr_par' dir='ltr' id='par_1_101' title="bbox 2233 4074 3812 4148">
     <span class='ocr_line' id='line_1_104' title="bbox 2233 4074 3812 4148; baseline 0.005 -20"><span class='ocrx_word' id='word_1_704' title='bbox 2233 4074 2430 4148; x_wconf 82' lang='lat' dir='ltr'><strong>domus</strong></span> <span class='ocrx_word' id='word_1_705' title='bbox 2456 4091 2567 4130; x_wconf 77' lang='lat' dir='ltr'><strong>sua:</strong></span> <span class='ocrx_word' id='word_1_706' title='bbox 2590 4077 2807 4131; x_wconf 89' lang='lat' dir='ltr'><strong>cultello</strong></span> <span class='ocrx_word' id='word_1_707' title='bbox 2835 4092 3143 4146; x_wconf 87' lang='lat' dir='ltr'><strong>percussus,</strong></span> <span class='ocrx_word' id='word_1_708' title='bbox 3176 4078 3264 4146; x_wconf 81' lang='lat' dir='ltr'><strong>qui</strong></span> <span class='ocrx_word' id='word_1_709' title='bbox 3292 4078 3352 4132; x_wconf 90' lang='lat' dir='ltr'><strong>af</strong></span> <span class='ocrx_word' id='word_1_710' title='bbox 3353 4079 3493 4132; x_wconf 75' lang='lat' dir='ltr'><strong>fixus</strong></span> <span class='ocrx_word' id='word_1_711' title='bbox 3516 4079 3676 4134; x_wconf 58' lang='lat' dir='ltr'><strong>lateri</strong></span> <span class='ocrx_word' id='word_1_712' title='bbox 3700 4084 3812 4148; x_wconf 77' lang='lat' dir='ltr'><strong>ejus</strong></span> 
     </span>
    </p>
   </div>
   <div class='ocr_carea' id='block_1_102' title="bbox 2237 4146 3806 4216">
    <p class='ocr_par' dir='ltr' id='par_1_102' title="bbox 2237 4146 3806 4216">
     <span class='ocr_line' id='line_1_105' title="bbox 2237 4146 3806 4216; baseline 0.003 -16"><span class='ocrx_word' id='word_1_713' title='bbox 2237 4146 2458 4216; x_wconf 81' lang='lat' dir='ltr'><strong>relictus</strong></span> <span class='ocrx_word' id='word_1_714' title='bbox 2497 4155 2578 4201; x_wconf 83' lang='lat' dir='ltr'><strong>eSt</strong></span> <span class='ocrx_word' id='word_1_715' title='bbox 2603 4187 2618 4208; x_wconf 89' lang='lat'><strong>,</strong></span> <span class='ocrx_word' id='word_1_716' title='bbox 2661 4148 2800 4202; x_wconf 90' lang='lat' dir='ltr'><strong>intra</strong></span> <span class='ocrx_word' id='word_1_717' title='bbox 2833 4162 3028 4216; x_wconf 90' lang='lat' dir='ltr'><strong>paucas</strong></span> <span class='ocrx_word' id='word_1_718' title='bbox 3055 4149 3215 4202; x_wconf 79' lang='lat' dir='ltr'><strong>horas</strong></span> <span class='ocrx_word' id='word_1_719' title='bbox 3241 4148 3517 4214; x_wconf 89' lang='lat' dir='ltr'><strong>decessit,</strong></span> <span class='ocrx_word' id='word_1_720' title='bbox 3550 4146 3806 4205; x_wconf 81' lang='lat' dir='ltr'><strong>Velleius.</strong></span> 
     </span>
    </p>
   </div>
   <div class='ocr_carea' id='block_1_103' title="bbox 2230 4215 3811 4291">
    <p class='ocr_par' dir='ltr' id='par_1_103' title="bbox 2230 4215 3811 4291">
     <span class='ocr_line' id='line_1_106' title="bbox 2230 4215 3811 4291; baseline 0.003 -19"><span class='ocrx_word' id='word_1_721' title='bbox 2230 4215 2434 4272; x_wconf 85' lang='lat' dir='ltr'><strong>Seneca</strong></span> <span class='ocrx_word' id='word_1_722' title='bbox 2461 4216 2757 4291; x_wconf 87' lang='lat' dir='ltr'><strong>de__Brevit.</strong></span> <span class='ocrx_word' id='word_1_723' title='bbox 2783 4215 2910 4291; x_wconf 56' lang='lat' dir='ltr'><strong>vitae</strong></span> <span class='ocrx_word' id='word_1_724' title='bbox 2938 4220 3212 4291; x_wconf 87' lang='lat' dir='ltr'><strong>ail,illutn</strong></span> <span class='ocrx_word' id='word_1_725' title='bbox 3257 4222 3467 4274; x_wconf 80' lang='lat' dir='ltr'><strong>vulnere</strong></span> <span class='ocrx_word' id='word_1_726' title='bbox 3491 4238 3586 4290; x_wconf 84' lang='lat' dir='ltr'><strong>per</strong></span> <span class='ocrx_word' id='word_1_727' title='bbox 3610 4222 3811 4291; x_wconf 70' lang='lat' dir='ltr'><strong>inguen!</strong></span> 
     </span>
    </p>
   </div>
   <div class='ocr_carea' id='block_1_104' title="bbox 2229 4288 3812 4359">
    <p class='ocr_par' dir='ltr' id='par_1_104' title="bbox 2229 4288 3812 4359">
     <span class='ocr_line' id='line_1_107' title="bbox 2229 4288 3812 4359; baseline 0.003 -19"><span class='ocrx_word' id='word_1_728' title='bbox 2229 4296 2437 4356; x_wconf 82' lang='lat' dir='ltr'><strong>accepto</strong></span> <span class='ocrx_word' id='word_1_729' title='bbox 2463 4288 2787 4356; x_wconf 90' lang='lat' dir='ltr'><strong>collapsum,</strong></span> <span class='ocrx_word' id='word_1_730' title='bbox 2818 4289 3000 4359; x_wconf 87' lang='lat' dir='ltr'><strong>aliquo</strong></span> <span class='ocrx_word' id='word_1_731' title='bbox 3025 4290 3323 4355; x_wconf 87' lang='lat' dir='ltr'><strong>dubitante,</strong></span> <span class='ocrx_word' id='word_1_732' title='bbox 3351 4306 3421 4345; x_wconf 91' lang='lat' dir='ltr'><strong>an</strong></span> <span class='ocrx_word' id='word_1_733' title='bbox 3445 4288 3594 4346; x_wconf 85' lang='lat' dir='ltr'><strong>mors</strong></span> <span class='ocrx_word' id='word_1_734' title='bbox 3618 4288 3812 4346; x_wconf 81' lang='lat' dir='ltr'><strong>volun-</strong></span> 
     </span>
    </p>
   </div>
   <div class='ocr_carea' id='block_1_105' title="bbox 2231 4358 3814 4432">
    <p class='ocr_par' dir='ltr' id='par_1_105' title="bbox 2231 4358 3814 4432">
     <span class='ocr_line' id='line_1_108' title="bbox 2231 4358 3814 4432; baseline 0.004 -20"><span class='ocrx_word' id='word_1_735' title='bbox 2231 4360 2367 4432; x_wconf 79' lang='lat' dir='ltr'><strong>taria</strong></span> <span class='ocrx_word' id='word_1_736' title='bbox 2394 4369 2536 4432; x_wconf 82' lang='lat' dir='ltr'><strong>esset</strong></span> <span class='ocrx_word' id='word_1_737' title='bbox 2565 4358 2616 4412; x_wconf 89' lang='lat' dir='ltr'><strong>in</strong></span> <span class='ocrx_word' id='word_1_738' title='bbox 2646 4359 2762 4425; x_wconf 92' lang='lat' dir='ltr'><strong>illo,</strong></span> <span class='ocrx_word' id='word_1_739' title='bbox 2791 4375 2860 4414; x_wconf 90' lang='lat' dir='ltr'><strong>an</strong></span> <span class='ocrx_word' id='word_1_740' title='bbox 2887 4358 3227 4432; x_wconf 81' lang='lat' dir='ltr'><strong>tempestiva.</strong></span> <span class='ocrx_word' id='word_1_741' title='bbox 3256 4361 3400 4432; x_wconf 86' lang='lat' dir='ltr'><strong>Lege</strong></span> <span class='ocrx_word' id='word_1_742' title='bbox 3423 4371 3687 4432; x_wconf 64' lang='lat' dir='ltr'><strong>praeterea</strong></span> <span class='ocrx_word' id='word_1_743' title='bbox 3712 4363 3814 4418; x_wconf 84' lang='lat' dir='ltr'><strong>Pli-</strong></span> 
     </span>
    </p>
   </div>
   <div class='ocr_carea' id='block_1_106' title="bbox 2230 4430 3809 4555">
    <p class='ocr_par' dir='ltr' id='par_1_106' title="bbox 2230 4430 3809 4555">
     <span class='ocr_line' id='line_1_109' title="bbox 2230 4430 3809 4555; baseline 0.004 -72"><span class='ocrx_word' id='word_1_744' title='bbox 2230 4430 2379 4555; x_wconf 48' lang='lat' dir='ltr'><strong>tium:</strong></span> <span class='ocrx_word' id='word_1_745' title='bbox 2411 4430 2503 4485; x_wconf 93' lang='lat' dir='ltr'><strong>lib.</strong></span> <span class='ocrx_word' id='word_1_746' title='bbox 2537 4445 2722 4499; x_wconf 80' lang='lat' dir='ltr'><strong>xxvtn,</strong></span> <span class='ocrx_word' id='word_1_747' title='bbox 2749 4445 2869 4501; x_wconf 90' lang='lat' dir='ltr'><strong>cap.</strong></span> <span class='ocrx_word' id='word_1_748' title='bbox 2892 4431 2948 4499; x_wconf 86' lang='lat'><strong>9,</strong></span> <span class='ocrx_word' id='word_1_749' title='bbox 2965 4441 3020 4487; x_wconf 94' lang='lat' dir='ltr'><strong>ct</strong></span> <span class='ocrx_word' id='word_1_750' title='bbox 3045 4430 3435 4490; x_wconf 58' lang='lat' dir='ltr'><strong>Auctorem&#39;de</strong></span> <span class='ocrx_word' id='word_1_751' title='bbox 3451 4431 3594 4490; x_wconf 81' lang='lat' dir='ltr'><strong>Viris</strong></span> <span class='ocrx_word' id='word_1_752' title='bbox 3614 4432 3809 4490; x_wconf 88' lang='lat' dir='ltr'><strong>lllustr.</strong></span> 
     </span>
    </p>
   </div>
   <div class='ocr_carea' id='block_1_107' title="bbox 2303 4570 3808 4646">
    <p class='ocr_par' dir='ltr' id='par_1_107' title="bbox 2303 4570 3808 4646">
     <span class='ocr_line' id='line_1_110' title="bbox 2303 4570 3808 4646; baseline 0.002 -20"><span class='ocrx_word' id='word_1_753' title='bbox 2303 4573 2355 4626; x_wconf 93' lang='lat'><strong>7.</strong></span> <span class='ocrx_word' id='word_1_754' title='bbox 2391 4570 2457 4646; x_wconf 77' lang='lat'><strong>_(_.&#39;_.</strong></span> <span class='ocrx_word' id='word_1_755' title='bbox 2486 4571 2786 4646; x_wconf 70' lang='lat' dir='ltr'><strong>Seruiliam.</strong></span> <span class='ocrx_word' id='word_1_756' title='bbox 2816 4571 2878 4629; x_wconf 89' lang='lat' dir='ltr'><strong>C.</strong></span> <span class='ocrx_word' id='word_1_757' title='bbox 2921 4573 3156 4630; x_wconf 77' lang='lat' dir='ltr'><strong>Servium</strong></span> <span class='ocrx_word' id='word_1_758' title='bbox 3183 4615 3198 4640; x_wconf 91' lang='lat'><strong>,</strong></span> <span class='ocrx_word' id='word_1_759' title='bbox 3229 4575 3397 4646; x_wconf 87' lang='lat' dir='ltr'><strong>vulgo</strong></span> <span class='ocrx_word' id='word_1_760' title='bbox 3418 4574 3683 4631; x_wconf 85' lang='lat' dir='ltr'><strong>mendose</strong></span> <span class='ocrx_word' id='word_1_761' title='bbox 3713 4575 3808 4630; x_wconf 81' lang='lat' dir='ltr'><strong>ba-</strong></span> 
     </span>
    </p>
   </div>
   <div class='ocr_carea' id='block_1_108' title="bbox 2154 4640 3812 4735">
    <p class='ocr_par' dir='ltr' id='par_1_108' title="bbox 2154 4640 3812 4735">
     <span class='ocr_line' id='line_1_111' title="bbox 2154 4640 3812 4735; baseline 0 0"><span class='ocrx_word' id='word_1_762' title='bbox 2154 4673 2210 4735; x_wconf 83' lang='lat'><strong>1)</strong></span> <span class='ocrx_word' id='word_1_763' title='bbox 2233 4640 2536 4735; x_wconf 50' lang='lat' dir='ltr'><strong>Bent“!!!-</strong></span> <span class='ocrx_word' id='word_1_764' title='bbox 2568 4641 3220 4735; x_wconf 54' lang='lat' dir='ltr'><strong>idﬁn‘ilt&#39;ﬁ-_&#39;,&#39;.‘f?_“f&#39;&quot;&#39;&quot;f$‘</strong></span> <span class='ocrx_word' id='word_1_765' title='bbox 3245 4640 3602 4735; x_wconf 55' lang='lat' dir='ltr'><strong>ieiYs&#39;kias</strong></span> <span class='ocrx_word' id='word_1_766' title='bbox 3617 4646 3812 4735; x_wconf 65' lang='grc' dir='ltr'><strong>,ιξνεξιε</strong></span> 
     </span>
    </p>
   </div>
   <div class='ocr_carea' id='block_1_109' title="bbox 2233 4711 3810 4788">
    <p class='ocr_par' dir='ltr' id='par_1_109' title="bbox 2233 4711 3810 4788">
     <span class='ocr_line' id='line_1_112' title="bbox 2233 4711 3810 4788; baseline 0.005 -22"><span class='ocrx_word' id='word_1_767' title='bbox 2233 4711 2324 4768; x_wconf 76' lang='lat' dir='ltr'><strong>lzb.</strong></span> <span class='ocrx_word' id='word_1_768' title='bbox 2376 4728 2556 4788; x_wconf 53' lang='lat' dir='ltr'><strong>nant,</strong></span> <span class='ocrx_word' id='word_1_769' title='bbox 2609 4712 2675 4780; x_wconf 82' lang='grc' dir='ltr'><strong>Ω.</strong></span> <span class='ocrx_word' id='word_1_770' title='bbox 2713 4711 3003 4772; x_wconf 66' lang='lat' dir='ltr'><strong>&#39;Servilium</strong></span> <span class='ocrx_word' id='word_1_771' title='bbox 3038 4717 3441 4788; x_wconf 80' lang='lat' dir='ltr'><strong>proconsulem;</strong></span> <span class='ocrx_word' id='word_1_772' title='bbox 3493 4718 3810 4788; x_wconf 77' lang='lat' dir='ltr'><strong>Appianus,</strong></span> 
     </span>
    </p>
   </div>
   <div class='ocr_carea' id='block_1_110' title="bbox 2231 4783 3215 4860">
    <p class='ocr_par' dir='ltr' id='par_1_110' title="bbox 2231 4783 3215 4860">
     <span class='ocr_line' id='line_1_113' title="bbox 2231 4783 3215 4860; baseline 0.003 -22"><span class='ocrx_word' id='word_1_773' title='bbox 2231 4783 2523 4860; x_wconf 52' lang='lat' dir='ltr'><strong>Zspouiluou</strong></span> <span class='ocrx_word' id='word_1_774' title='bbox 2535 4787 2815 4860; x_wconf 62' lang='grc' dir='ltr'><strong>ἀνθύπατον</strong></span> <span class='ocrx_word' id='word_1_775' title='bbox 2834 4801 2974 4860; x_wconf 78' lang='lat' dir='ltr'><strong>voca</strong></span> <span class='ocrx_word' id='word_1_776' title='bbox 2983 4796 3021 4842; x_wconf 84' lang='grc' dir='ltr'><strong>ι.</strong></span> <span class='ocrx_word' id='word_1_777' title='bbox 3038 4783 3215 4844; x_wconf 67' lang='lat' dir='ltr'><strong>Fam.</strong></span> 
     </span>
    </p>
   </div>
   <div class='ocr_carea' id='block_1_111' title="bbox 2303 4853 3804 4928">
    <p class='ocr_par' dir='ltr' id='par_1_111' title="bbox 2303 4853 3804 4928">
     <span class='ocr_line' id='line_1_114' title="bbox 2303 4853 3804 4928; baseline 0.002 -17"><span class='ocrx_word' id='word_1_778' title='bbox 2303 4858 2358 4911; x_wconf 82' lang='lat'><strong>8.</strong></span> <span class='ocrx_word' id='word_1_779' title='bbox 2401 4853 2608 4928; x_wconf 75' lang='lat' dir='ltr'><strong>Iudicta</strong></span> <span class='ocrx_word' id='word_1_780' title='bbox 2637 4858 2796 4928; x_wconf 79' lang='lat' dir='ltr'><strong>ccede.</strong></span> <span class='ocrx_word' id='word_1_781' title='bbox 2833 4857 2871 4910; x_wconf 91' lang='grc' dir='ltr'><strong>Ι.</strong></span> <span class='ocrx_word' id='word_1_782' title='bbox 2899 4873 2951 4914; x_wconf 95' lang='lat' dir='ltr'><strong>e.</strong></span> <span class='ocrx_word' id='word_1_783' title='bbox 2975 4859 3150 4926; x_wconf 87' lang='lat' dir='ltr'><strong>jussa,</strong></span> <span class='ocrx_word' id='word_1_784' title='bbox 3177 4874 3298 4928; x_wconf 76' lang='lat' dir='ltr'><strong>qua:</strong></span> <span class='ocrx_word' id='word_1_785' title='bbox 3317 4858 3507 4914; x_wconf 89' lang='lat' dir='ltr'><strong>crebra</strong></span> <span class='ocrx_word' id='word_1_786' title='bbox 3539 4859 3684 4928; x_wconf 88' lang='lat' dir='ltr'><strong>apud</strong></span> <span class='ocrx_word' id='word_1_787' title='bbox 3714 4873 3804 4914; x_wconf 85' lang='lat' dir='ltr'><strong>au-</strong></span> 
     </span>
    </p>
   </div>
   <div class='ocr_carea' id='block_1_112' title="bbox 2232 4926 3805 4999">
    <p class='ocr_par' dir='ltr' id='par_1_112' title="bbox 2232 4926 3805 4999">
     <span class='ocr_line' id='line_1_115' title="bbox 2232 4926 3805 4999; baseline 0.002 -17"><span class='ocrx_word' id='word_1_788' title='bbox 2232 4937 2413 4983; x_wconf 89' lang='lat' dir='ltr'><strong>ctores</strong></span> <span class='ocrx_word' id='word_1_789' title='bbox 2455 4926 2611 4999; x_wconf 87' lang='lat' dir='ltr'><strong>huj_us</strong></span> <span class='ocrx_word' id='word_1_790' title='bbox 2641 4927 2800 4999; x_wconf 75' lang='lat' dir='ltr'><strong>verbi</strong></span> <span class='ocrx_word' id='word_1_791' title='bbox 2829 4930 3154 4999; x_wconf 80' lang='lat' dir='ltr'><strong>signiﬁcatio</strong></span> <span class='ocrx_word' id='word_1_792' title='bbox 3177 4926 3280 4987; x_wconf 88' lang='lat' dir='ltr'><strong>est.</strong></span> <span class='ocrx_word' id='word_1_793' title='bbox 3321 4931 3473 4998; x_wconf 85' lang='lat' dir='ltr'><strong>Quod</strong></span> <span class='ocrx_word' id='word_1_794' title='bbox 3497 4926 3717 4996; x_wconf 81' lang='lat' dir='ltr'><strong>moneo,</strong></span> <span class='ocrx_word' id='word_1_795' title='bbox 3742 4947 3805 4985; x_wconf 87' lang='lat' dir='ltr'><strong>ne</strong></span> 
     </span>
    </p>
   </div>
   <div class='ocr_carea' id='block_1_113' title="bbox 2229 4996 3805 5072">
    <p class='ocr_par' dir='ltr' id='par_1_113' title="bbox 2229 4996 3805 5072">
     <span class='ocr_line' id='line_1_116' title="bbox 2229 4996 3805 5072; baseline 0.004 -20"><span class='ocrx_word' id='word_1_796' title='bbox 2229 4999 2353 5067; x_wconf 91' lang='lat' dir='ltr'><strong>quis</strong></span> <span class='ocrx_word' id='word_1_797' title='bbox 2379 5013 2498 5053; x_wconf 78' lang='lat' dir='ltr'><strong>cum</strong></span> <span class='ocrx_word' id='word_1_798' title='bbox 2532 4996 2906 5072; x_wconf 79' lang='lat' dir='ltr'><strong>Freinshemio</strong></span> <span class='ocrx_word' id='word_1_799' title='bbox 2954 5000 3022 5056; x_wconf 89' lang='lat' dir='ltr'><strong>ad</strong></span> <span class='ocrx_word' id='word_1_800' title='bbox 3060 5000 3209 5058; x_wconf 86' lang='lat' dir='ltr'><strong>Flori</strong></span> <span class='ocrx_word' id='word_1_801' title='bbox 3241 4996 3434 5057; x_wconf 46' lang='lat' dir='ltr'><strong>lib.&#39;nt</strong></span> <span class='ocrx_word' id='word_1_802' title='bbox 3460 5041 3477 5069; x_wconf 92' lang='lat'><strong>,</strong></span> <span class='ocrx_word' id='word_1_803' title='bbox 3528 5015 3652 5072; x_wconf 86' lang='lat' dir='ltr'><strong>cap.</strong></span> <span class='ocrx_word' id='word_1_804' title='bbox 3702 5002 3766 5058; x_wconf 82' lang='grc'><strong>18</strong></span> <span class='ocrx_word' id='word_1_805' title='bbox 3790 5039 3805 5068; x_wconf 86' lang='grc'><strong><em>,</em></strong></span> 
     </span>
    </p>
   </div>
   <div class='ocr_carea' id='block_1_114' title="bbox 2229 5070 2981 5144">
    <p class='ocr_par' dir='ltr' id='par_1_114' title="bbox 2229 5070 2981 5144">
     <span class='ocr_line' id='line_1_117' title="bbox 2229 5070 2981 5144; baseline 0.001 -20"><span class='ocrx_word' id='word_1_806' title='bbox 2229 5070 2713 5144; x_wconf 31' lang='lat' dir='ltr'><strong>ten_tct_m_uta_re‘in</strong></span> <span class='ocrx_word' id='word_1_807' title='bbox 2746 5070 2981 5144; x_wconf 60' lang='lat' dir='ltr'><strong>indigna.</strong></span> 
     </span>
    </p>
   </div>
   <div class='ocr_carea' id='block_1_115' title="bbox 2299 5139 3383 5212">
    <p class='ocr_par' dir='ltr' id='par_1_115' title="bbox 2299 5139 3383 5212">
     <span class='ocr_line' id='line_1_118' title="bbox 2299 5139 3383 5212; baseline 0.002 -16"><span class='ocrx_word' id='word_1_808' title='bbox 2299 5140 2353 5196; x_wconf 91' lang='lat'><strong>9.</strong></span> <span class='ocrx_word' id='word_1_809' title='bbox 2395 5139 2767 5212; x_wconf 70' lang='lat' dir='ltr'><strong>Irtfautissima.</strong></span> <span class='ocrx_word' id='word_1_810' title='bbox 2803 5139 2974 5208; x_wconf 70' lang='lat' dir='ltr'><strong>meus,</strong></span> <span class='ocrx_word' id='word_1_811' title='bbox 3003 5143 3383 5212; x_wconf 78' lang='lat' dir='ltr'><strong>infandissima.</strong></span> 
     </span>
    </p>
   </div>
   <div class='ocr_carea' id='block_1_116' title="bbox 2296 5211 3799 5284">
    <p class='ocr_par' dir='ltr' id='par_1_116' title="bbox 2296 5211 3799 5284">
     <span class='ocr_line' id='line_1_119' title="bbox 2296 5211 3799 5284; baseline 0.003 -20"><span class='ocrx_word' id='word_1_812' title='bbox 2296 5214 2382 5265; x_wconf 82' lang='lat' dir='ltr'><strong>lo.</strong></span> <span class='ocrx_word' id='word_1_813' title='bbox 2428 5211 2654 5284; x_wconf 79' lang='lat' dir='ltr'><strong>Quorum</strong></span> <span class='ocrx_word' id='word_1_814' title='bbox 2686 5220 2884 5284; x_wconf 66' lang='lat' dir='ltr'><strong>natura:</strong></span> <span class='ocrx_word' id='word_1_815' title='bbox 2907 5225 3002 5269; x_wconf 86' lang='lat' dir='ltr'><strong>est.</strong></span> <span class='ocrx_word' id='word_1_816' title='bbox 3035 5211 3110 5268; x_wconf 87' lang='lat' dir='ltr'><strong>lta</strong></span> <span class='ocrx_word' id='word_1_817' title='bbox 3139 5213 3615 5284; x_wconf 86' lang='lat' dir='ltr'><strong>reponercjubent</strong></span> <span class='ocrx_word' id='word_1_818' title='bbox 3633 5211 3799 5270; x_wconf 86' lang='lat' dir='ltr'><strong>codd.</strong></span> 
     </span>
    </p>
   </div>
   <div class='ocr_carea' id='block_1_117' title="bbox 2225 5281 3487 5356">
    <p class='ocr_par' dir='ltr' id='par_1_117' title="bbox 2225 5281 3487 5356">
     <span class='ocr_line' id='line_1_120' title="bbox 2225 5281 3487 5356; baseline 0.004 -21"><span class='ocrx_word' id='word_1_819' title='bbox 2225 5294 2356 5356; x_wconf 77' lang='lat' dir='ltr'><strong>mss.</strong></span> <span class='ocrx_word' id='word_1_820' title='bbox 2383 5282 2656 5356; x_wconf 69' lang='lat' dir='ltr'><strong>meliores.</strong></span> <span class='ocrx_word' id='word_1_821' title='bbox 2689 5281 2906 5356; x_wconf 82' lang='lat' dir='ltr'><strong>_V_ulgg.,</strong></span> <span class='ocrx_word' id='word_1_822' title='bbox 2935 5301 3155 5356; x_wconf 73' lang='lat' dir='ltr'><strong>quorum</strong></span> <span class='ocrx_word' id='word_1_823' title='bbox 3182 5281 3368 5356; x_wconf 72' lang='lat' dir='ltr'><strong>natura</strong></span> <span class='ocrx_word' id='word_1_824' title='bbox 3393 5281 3487 5341; x_wconf 79' lang='lat' dir='ltr'><strong>est.</strong></span> 
     </span>
    </p>
   </div>
   <div class='ocr_carea' id='block_1_118' title="bbox 2297 5351 3807 5426">
    <p class='ocr_par' dir='ltr' id='par_1_118' title="bbox 2297 5351 3807 5426">
     <span class='ocr_line' id='line_1_121' title="bbox 2297 5351 3807 5426; baseline 0.003 -20"><span class='ocrx_word' id='word_1_825' title='bbox 2297 5352 2391 5426; x_wconf 25' lang='grc'><strong>1⁸1..</strong></span> <span class='ocrx_word' id='word_1_826' title='bbox 2425 5351 2648 5426; x_wconf 76' lang='lat' dir='ltr'><strong>Pupium</strong></span> <span class='ocrx_word' id='word_1_827' title='bbox 2679 5351 2957 5426; x_wconf 55' lang='lat' dir='ltr'><strong>Mutilum.</strong></span> <span class='ocrx_word' id='word_1_828' title='bbox 2999 5354 3203 5421; x_wconf 79' lang='lat' dir='ltr'><strong>Papius</strong></span> <span class='ocrx_word' id='word_1_829' title='bbox 3250 5355 3484 5410; x_wconf 77' lang='lat' dir='ltr'><strong>Mutilius</strong></span> <span class='ocrx_word' id='word_1_830' title='bbox 3533 5363 3620 5411; x_wconf 71' lang='lat' dir='ltr'><strong>est</strong></span> <span class='ocrx_word' id='word_1_831' title='bbox 3667 5353 3807 5426; x_wconf 84' lang='lat' dir='ltr'><strong>apud</strong></span> 
     </span>
    </p>
   </div>
   <div class='ocr_carea' id='block_1_119' title="bbox 609 5404 3806 5492">
    <p class='ocr_par' dir='ltr' id='par_1_119' title="bbox 609 5404 3806 5492">
     <span class='ocr_line' id='line_1_122' title="bbox 609 5404 3806 5492; baseline 0.006 -32"><span class='ocrx_word' id='word_1_832' title='bbox 609 5407 667 5460; x_wconf 75' lang='grc'><strong>2.</strong></span> <span class='ocrx_word' id='word_1_833' title='bbox 709 5404 842 5492; x_wconf 78' lang='lat' dir='ltr'><strong>Tota</strong></span> <span class='ocrx_word' id='word_1_834' title='bbox 870 5407 1140 5492; x_wconf 76' lang='lat' dir='ltr'><strong>commovit</strong></span> <span class='ocrx_word' id='word_1_835' title='bbox 1165 5405 1507 5492; x_wconf 51' lang='lat' dir='ltr'><strong>Italia.&#39;Mss.</strong></span> <span class='ocrx_word' id='word_1_836' title='bbox 1537 5412 1754 5481; x_wconf 83' lang='lat' dir='ltr'><strong>quidam</strong></span> <span class='ocrx_word' id='word_1_837' title='bbox 1781 5422 1837 5469; x_wconf 86' lang='lat' dir='ltr'><strong>et</strong></span> <span class='ocrx_word' id='word_1_838' title='bbox 1862 5413 1988 5471; x_wconf 87' lang='lat' dir='ltr'><strong>edd.</strong></span> <span class='ocrx_word' id='word_1_839' title='bbox 2020 5419 2122 5474; x_wconf 87' lang='lat' dir='ltr'><strong>mi—</strong></span> <span class='ocrx_word' id='word_1_840' title='bbox 2221 5404 2649 5487; x_wconf 15' lang='lat' dir='ltr'><strong>Velleiumrfsed</strong></span> <span class='ocrx_word' id='word_1_841' title='bbox 3646 5404 3806 5492; x_wconf 52' lang='lat' dir='ltr'><strong>fin}:</strong></span> 
     </span>
    </p>
   </div>
   <div class='ocr_carea' id='block_1_120' title="bbox 539 5477 1764 5544">
    <p class='ocr_par' dir='ltr' id='par_1_120' title="bbox 539 5477 1764 5544">
     <span class='ocr_line' id='line_1_123' title="bbox 539 5477 1764 5544; baseline 0 -8"><span class='ocrx_word' id='word_1_842' title='bbox 539 5495 639 5536; x_wconf 88' lang='lat' dir='ltr'><strong>nus</strong></span> <span class='ocrx_word' id='word_1_843' title='bbox 665 5489 832 5544; x_wconf 90' lang='lat' dir='ltr'><strong>recte,</strong></span> <span class='ocrx_word' id='word_1_844' title='bbox 865 5489 1025 5534; x_wconf 87' lang='lat' dir='ltr'><strong>totam</strong></span> <span class='ocrx_word' id='word_1_845' title='bbox 1051 5480 1317 5533; x_wconf 81' lang='lat' dir='ltr'><strong>commouit</strong></span> <span class='ocrx_word' id='word_1_846' title='bbox 1346 5477 1577 5537; x_wconf 60' lang='lat' dir='ltr'><strong>Italiam.</strong></span> <span class='ocrx_word' id='word_1_847' title='bbox 1757 5537 1764 5542; x_wconf 80' lang='grc'><strong>,</strong></span> 
     </span>
    </p>
   </div>
   <div class='ocr_carea' id='block_1_121' title="bbox 613 5551 2116 5625">
    <p class='ocr_par' dir='ltr' id='par_1_121' title="bbox 613 5551 2116 5625">
     <span class='ocr_line' id='line_1_124' title="bbox 613 5551 2116 5625; baseline 0.006 -21"><span class='ocrx_word' id='word_1_848' title='bbox 613 5551 668 5604; x_wconf 84' lang='grc'><strong>5.</strong></span> <span class='ocrx_word' id='word_1_849' title='bbox 709 5551 840 5625; x_wconf 74' lang='lat' dir='ltr'><strong>Cum</strong></span> <span class='ocrx_word' id='word_1_850' title='bbox 867 5552 1059 5623; x_wconf 85' lang='lat' dir='ltr'><strong>placita</strong></span> <span class='ocrx_word' id='word_1_851' title='bbox 1085 5552 1290 5621; x_wconf 75' lang='lat' dir='ltr'><strong>explere</strong></span> <span class='ocrx_word' id='word_1_852' title='bbox 1319 5560 1639 5625; x_wconf 35' lang='lat' dir='ltr'><strong>uou‘posset.</strong></span> <span class='ocrx_word' id='word_1_853' title='bbox 1658 5552 1938 5625; x_wconf 86' lang='lat' dir='ltr'><strong>_F|orentt.</strong></span> <span class='ocrx_word' id='word_1_854' title='bbox 1969 5565 2078 5613; x_wconf 87' lang='lat' dir='ltr'><strong>tres</strong></span> <span class='ocrx_word' id='word_1_855' title='bbox 2099 5600 2116 5625; x_wconf 86' lang='lat'><strong>,</strong></span> 
     </span>
    </p>
   </div>
   <div class='ocr_carea' id='block_1_122' title="bbox 546 5620 2115 5691">
    <p class='ocr_par' dir='ltr' id='par_1_122' title="bbox 546 5620 2115 5691">
     <span class='ocr_line' id='line_1_125' title="bbox 546 5620 2115 5691; baseline 0.005 -15"><span class='ocrx_word' id='word_1_856' title='bbox 546 5637 660 5676; x_wconf 81' lang='lat' dir='ltr'><strong>cum</strong></span> <span class='ocrx_word' id='word_1_857' title='bbox 689 5620 883 5691; x_wconf 81' lang='lat' dir='ltr'><strong>placito</strong></span> <span class='ocrx_word' id='word_1_858' title='bbox 906 5665 922 5688; x_wconf 90' lang='lat'><strong>,</strong></span> <span class='ocrx_word' id='word_1_859' title='bbox 964 5631 1019 5678; x_wconf 85' lang='lat' dir='ltr'><strong>et</strong></span> <span class='ocrx_word' id='word_1_860' title='bbox 1050 5625 1130 5676; x_wconf 90' lang='lat' dir='ltr'><strong>sic</strong></span> <span class='ocrx_word' id='word_1_861' title='bbox 1152 5620 1372 5691; x_wconf 13' lang='lat' dir='ltr'><strong>rquoque</strong></span> <span class='ocrx_word' id='word_1_862' title='bbox 1396 5620 1544 5677; x_wconf 77' lang='lat' dir='ltr'><strong>Meus</strong></span> <span class='ocrx_word' id='word_1_863' title='bbox 1573 5622 1745 5679; x_wconf 74' lang='lat' dir='ltr'><strong>codex</strong></span> <span class='ocrx_word' id='word_1_864' title='bbox 1777 5636 1830 5681; x_wconf 87' lang='lat' dir='ltr'><strong>et</strong></span> <span class='ocrx_word' id='word_1_865' title='bbox 1856 5627 1981 5683; x_wconf 87' lang='lat' dir='ltr'><strong>edd.</strong></span> <span class='ocrx_word' id='word_1_866' title='bbox 2008 5620 2115 5684; x_wconf 53' lang='lat' dir='ltr'><strong>Ve;</strong></span> 
     </span>
    </p>
   </div>
   <div class='ocr_carea' id='block_1_123' title="bbox 547 5690 2113 5764">
    <p class='ocr_par' dir='ltr' id='par_1_123' title="bbox 547 5690 2113 5764">
     <span class='ocr_line' id='line_1_126' title="bbox 547 5690 2113 5764; baseline 0.008 -19"><span class='ocrx_word' id='word_1_867' title='bbox 547 5701 706 5764; x_wconf 72' lang='lat' dir='ltr'><strong>neue.</strong></span> <span class='ocrx_word' id='word_1_868' title='bbox 731 5690 993 5748; x_wconf 84' lang='lat' dir='ltr'><strong>Placitum</strong></span> <span class='ocrx_word' id='word_1_869' title='bbox 1021 5690 1226 5764; x_wconf 72' lang='lat' dir='ltr'><strong>explere</strong></span> <span class='ocrx_word' id='word_1_870' title='bbox 1254 5692 1424 5764; x_wconf 81' lang='lat' dir='ltr'><strong>Lugd.</strong></span> <span class='ocrx_word' id='word_1_871' title='bbox 1452 5693 1592 5748; x_wconf 87' lang='lat' dir='ltr'><strong>Batt.</strong></span> <span class='ocrx_word' id='word_1_872' title='bbox 1625 5696 1918 5763; x_wconf 86' lang='lat' dir='ltr'><strong>sec.,Ultr.</strong></span> <span class='ocrx_word' id='word_1_873' title='bbox 1942 5708 1997 5756; x_wconf 89' lang='lat' dir='ltr'><strong>et</strong></span> <span class='ocrx_word' id='word_1_874' title='bbox 2024 5700 2113 5757; x_wconf 80' lang='lat' dir='ltr'><strong>eti.</strong></span> 
     </span>
    </p>
   </div>
   <div class='ocr_carea' id='block_1_124' title="bbox 545 5762 2118 5836">
    <p class='ocr_par' dir='ltr' id='par_1_124' title="bbox 545 5762 2118 5836">
     <span class='ocr_line' id='line_1_127' title="bbox 545 5762 2118 5836; baseline 0.01 -20"><span class='ocrx_word' id='word_1_875' title='bbox 545 5763 793 5830; x_wconf 77' lang='lat' dir='ltr'><strong>August.;</strong></span> <span class='ocrx_word' id='word_1_876' title='bbox 820 5764 917 5822; x_wconf 86' lang='lat' dir='ltr'><strong>sed</strong></span> <span class='ocrx_word' id='word_1_877' title='bbox 943 5775 1054 5823; x_wconf 83' lang='lat' dir='ltr'><strong>tres</strong></span> <span class='ocrx_word' id='word_1_878' title='bbox 1082 5762 1278 5836; x_wconf 78' lang='lat' dir='ltr'><strong>reliqui</strong></span> <span class='ocrx_word' id='word_1_879' title='bbox 1305 5762 1474 5836; x_wconf 83' lang='lat' dir='ltr'><strong>Lugd.</strong></span> <span class='ocrx_word' id='word_1_880' title='bbox 1502 5764 1646 5825; x_wconf 88' lang='lat' dir='ltr'><strong>Batt.</strong></span> <span class='ocrx_word' id='word_1_881' title='bbox 1668 5762 1794 5825; x_wconf 89' lang='lat' dir='ltr'><strong>cum</strong></span> <span class='ocrx_word' id='word_1_882' title='bbox 1817 5766 1955 5829; x_wconf 86' lang='lat' dir='ltr'><strong>Coll.</strong></span> <span class='ocrx_word' id='word_1_883' title='bbox 1980 5771 2118 5832; x_wconf 85' lang='lat' dir='ltr'><strong>Gro-</strong></span> 
     </span>
    </p>
   </div>
   <div class='ocr_carea' id='block_1_125' title="bbox 2222 5494 3805 5568">
    <p class='ocr_par' dir='ltr' id='par_1_125' title="bbox 2222 5494 3805 5568">
     <span class='ocr_line' id='line_1_128' title="bbox 2222 5494 3805 5568; baseline 0.003 -21"><span class='ocrx_word' id='word_1_884' title='bbox 2222 5494 2421 5568; x_wconf 82' lang='lat' dir='ltr'><strong>miuat;</strong></span> <span class='ocrx_word' id='word_1_885' title='bbox 2464 5494 2619 5568; x_wconf 79' lang='lat' dir='ltr'><strong>Diod.</strong></span> <span class='ocrx_word' id='word_1_886' title='bbox 2650 5497 2700 5549; x_wconf 92' lang='lat' dir='ltr'><strong>iu</strong></span> <span class='ocrx_word' id='word_1_887' title='bbox 2727 5500 3012 5568; x_wconf 81' lang='lat' dir='ltr'><strong>Excerptis</strong></span> <span class='ocrx_word' id='word_1_888' title='bbox 3042 5499 3137 5553; x_wconf 92' lang='lat' dir='ltr'><strong>lib.</strong></span> <span class='ocrx_word' id='word_1_889' title='bbox 3163 5513 3367 5567; x_wconf 79' lang='lat' dir='ltr'><strong>xxxvtt,</strong></span> <span class='ocrx_word' id='word_1_890' title='bbox 3395 5499 3546 5556; x_wconf 74' lang='grc' dir='ltr'><strong>Γαΐου</strong></span> <span class='ocrx_word' id='word_1_891' title='bbox 3569 5503 3805 5554; x_wconf 72' lang='grc' dir='ltr'><strong>’Δπώνιον</strong></span> 
     </span>
    </p>
   </div>
   <div class='ocr_carea' id='block_1_126' title="bbox 2217 5563 2662 5622">
    <p class='ocr_par' dir='ltr' id='par_1_126' title="bbox 2217 5563 2662 5622">
     <span class='ocr_line' id='line_1_129' title="bbox 2217 5563 2662 5622; baseline -0.004 -2"><span class='ocrx_word' id='word_1_892' title='bbox 2217 5563 2459 5620; x_wconf 77' lang='grc' dir='ltr'><strong>Μότυλον.</strong></span> <span class='ocrx_word' id='word_1_893' title='bbox 2491 5564 2662 5622; x_wconf 69' lang='lat' dir='ltr'><strong>FABR.</strong></span> 
     </span>
    </p>
   </div>
   <div class='ocr_carea' id='block_1_127' title="bbox 2296 5635 3792 5712">
    <p class='ocr_par' dir='ltr' id='par_1_127' title="bbox 2296 5635 3792 5712">
     <span class='ocr_line' id='line_1_130' title="bbox 2296 5635 3792 5712; baseline 0.003 -24"><span class='ocrx_word' id='word_1_894' title='bbox 2296 5635 2379 5712; x_wconf 58' lang='lat' dir='ltr'><strong>i2.</strong></span> <span class='ocrx_word' id='word_1_895' title='bbox 2420 5635 2596 5712; x_wconf 74' lang='lat' dir='ltr'><strong>Juliu_s</strong></span> <span class='ocrx_word' id='word_1_896' title='bbox 2628 5637 2817 5712; x_wconf 67' lang='lat' dir='ltr'><strong>Cwsar.</strong></span> <span class='ocrx_word' id='word_1_897' title='bbox 2853 5638 2914 5692; x_wconf 87' lang='lat' dir='ltr'><strong>L.</strong></span> <span class='ocrx_word' id='word_1_898' title='bbox 2947 5637 3122 5694; x_wconf 80' lang='lat' dir='ltr'><strong>Julius</strong></span> <span class='ocrx_word' id='word_1_899' title='bbox 3151 5639 3324 5696; x_wconf 73' lang='lat' dir='ltr'><strong>Cwsar</strong></span> <span class='ocrx_word' id='word_1_900' title='bbox 3355 5656 3512 5712; x_wconf 65' lang='grc' dir='ltr'><strong>ρος..</strong></span> <span class='ocrx_word' id='word_1_901' title='bbox 3565 5654 3663 5712; x_wconf 89' lang='lat' dir='ltr'><strong>pro</strong></span> <span class='ocrx_word' id='word_1_902' title='bbox 3690 5652 3792 5712; x_wconf 82' lang='lat' dir='ltr'><strong>quo</strong></span> 
     </span>
    </p>
   </div>
   <div class='ocr_carea' id='block_1_128' title="bbox 2221 5706 3794 5776">
    <p class='ocr_par' dir='ltr' id='par_1_128' title="bbox 2221 5706 3794 5776">
     <span class='ocr_line' id='line_1_131' title="bbox 2221 5706 3794 5776; baseline 0.003 -16"><span class='ocrx_word' id='word_1_903' title='bbox 2221 5706 2497 5775; x_wconf 84' lang='lat' dir='ltr'><strong>Appianus</strong></span> <span class='ocrx_word' id='word_1_904' title='bbox 2544 5707 2671 5766; x_wconf 72' lang='lat' dir='ltr'><strong>Sex.</strong></span> <span class='ocrx_word' id='word_1_905' title='bbox 2716 5709 2972 5767; x_wconf 69' lang='lat' dir='ltr'><strong>Cursarem</strong></span> <span class='ocrx_word' id='word_1_906' title='bbox 3013 5712 3190 5770; x_wconf 85' lang='lat' dir='ltr'><strong>habet.</strong></span> <span class='ocrx_word' id='word_1_907' title='bbox 3247 5712 3382 5770; x_wconf 82' lang='lat' dir='ltr'><strong>Vide</strong></span> <span class='ocrx_word' id='word_1_908' title='bbox 3431 5706 3647 5770; x_wconf 82' lang='lat' dir='ltr'><strong>Livium</strong></span> <span class='ocrx_word' id='word_1_909' title='bbox 3697 5711 3794 5776; x_wconf 84' lang='lat' dir='ltr'><strong>lib.</strong></span> 
     </span>
    </p>
   </div>
   <div class='ocr_carea' id='block_1_129' title="bbox 2221 5776 2604 5836">
    <p class='ocr_par' dir='ltr' id='par_1_129' title="bbox 2221 5776 2604 5836">
     <span class='ocr_line' id='line_1_132' title="bbox 2221 5776 2604 5836; baseline 0.005 -2"><span class='ocrx_word' id='word_1_910' title='bbox 2221 5793 2408 5834; x_wconf 74' lang='lat' dir='ltr'><strong>Lxxnt.</strong></span> <span class='ocrx_word' id='word_1_911' title='bbox 2439 5776 2604 5836; x_wconf 70' lang='lat' dir='ltr'><strong>Fasti.-</strong></span> 
     </span>
    </p>
   </div>
  </div>
