4072 6156
298 160 402 224 965
1079 160 1137 225 ’.

746 285 753 344 ζ
782 274 944 354 34],
973 277 1203 338 CAPUT
1234 280 1395 344 .Xlx.

306 395 381 453 De
399 392 533 451 bello
563 394 707 450 civili
737 393 982 450 Μανίανιο
1007 402 1056 450 et
1088 391 1471 465 Mithridatico,
1503 397 1558 452 in
1600 413 1698 467 quo
1730 394 1892 453 Sulla

371 479 418 541 et
448 468 652 541 Marius
688 468 942 522 maximos
985 468 1238 524 tumultus
1263 469 1683 541 calamitatesque
1711 470 1892 539 reipu-

278 609 287 616 '
369 539 513 596 blica:
537 540 859 595 invaserunt.

370 652 574 709 ‘Anoo
628 651 697 707 ab
745 649 895 708 Urbe
947 650 1165 708 condita
1198 667 1402 723 ncsxn,
1449 650 1688 708 nondum
1738 650 1889 707 linito

309 749 486 805 sociali
513 746 682 815 bello,
716 746 904 802 Romae
934 747 1170 818 primum
1213 748 1415 803 bellum
1445 746 1606 802 civile
1650 759 1891 802 commo-

306 852 410 898 tum
449 849 538 898 est
568 858 582 894 :
617 839 918 911 eodemque
962 854 1106 895 anno
1135 842 1157 872 ³
1190 838 1606 895 Mithridaticum
1660 837 1885 903 bellum,

317 933 414 991 etsi
434 933 616 988 minus
647 931 870 996 infame,
904 947 1010 986 non
1041 940 1216 987 tamen
1252 931 1430 986 minus
1452 943 1617 1001 grave
1651 936 1887 999 coeptum

322 1031 422 1080 est.
451 1002 521 1078 Et
538 1020 757 1091 quidem
781 1021 849 1076 de
878 1021 1225 1077 Mithridatici
1258 1020 1386 1076 belli
1412 1021 1589 1090 spatio
1617 1019 1890 1075 varietra—

308 1115 473 1172 ditum
510 1123 613 1181 est,
643 1123 822 1168 utrum
860 1112 1057 1168 abhinc
1089 1112 1323 1191 primum
1352 1114 1601 1180 cmperit,
1640 1126 1707 1165 an
1753 1119 1885 1165 tunc

316 1207 582 1279 prtccipne
612 1205 903 1275 exarserit,
939 1204 1174 1259 maxime
1207 1219 1328 1259 cum
1358 1203 1381 1235 ³
1409 1203 1499 1258 alii
1522 1202 1765 1274 triginta,
1796 1201 1893 1259 alii

306 1300 653 1372 quadraginta
684 1297 843 1354 annis
879 1306 1090 1370 gestum
1121 1295 1144 1329 ⁸
1170 1295 1431 1354 referant.
1482 1295 1591 1353 Sed
1644 1297 1892 1368 quamvis

309 1392 491 1449 iisdem
524 1393 1042 1463 temporibus‘gesta
1073 1389 1344 1462 perplexis
1386 1397 1703 1446 coacervata
1734 1390 1891 1447 malis

317 1486 639 1550 exarserint,
670 1499 699 1539 a
724 1498 812 1540 me
839 1494 1017 1540 tamen
1045 1483 1347 1555 speciatim,
1364 1465 1753 1548 etsi'breviter,
1778 1481 1894 1536 sin-

309 1578 427 1649 gula
460 1576 825 1648 proferentur.
862 1563 1080 1643 Maiins,
1115 1576 1262 1633 Sulla
1297 1573 1543 1639 consule,
1572 1574 1594 1605 ⁸
1619 1582 1674 1629 et
1699 1581 1888 1628 contra

1301 161 1778 225 tusrouutnuu
1817 154 2123 235 Ltnsnv.
2165 114 2323 222 CAP.
2365 150 2554 221 'xvnt.

1886 296 1896 307 '
1919 286 1976 354 Α
2004 296 2221 338 movere
2246 280 2608 347 nobilitatem,
2639 277 2975 337 inﬂammare
3006 279 3239 353 plebem,
3275 290 3586 353 equestrem

3485 156 3595 231 966

1999 375 2235 446 denique
2269 375 2514 431 ordinem
2549 388 2865 447 pcrarmare
2895 374 3158 431 adversus
3202 374 3406 431 Sullam
3453 375 3593 432 frus-

1998 480 2080 528 tra
2108 471 2497 538 ‘attentasset,
2540 478 2820 542 postremo
2862 469 3039 526 servis
3074 485 3173 541 spe
3216 469 3487 527 libertatis
3533 481 3590 526 ct

1998 563 2195 634 praedae
2225 563 2294 619 ad
2326 578 2475 618 arma
2509 562 2879 630 sollicitatis,9
2903 563 3264 635 nequidquam
3291 579 3592 634 repugnare

1997 670 2182 723 ausus,
2212 656 2427 711 tandem
2474 657 2525 710 in
2562 655 2895 726 Capitolium
2944 656 3231 711 c0ncessit.
3257 652 3301 687 ‘°
3324 655 3427 712 de
3459 671 3583 712 cum

1996 763 2061 802 cn
2093 746 2332 804 Sullanae
2355 746 2608 803 cohortes
2632 747 2942 814 irruisscnt,
2969 762 3161 816 magna
3185 762 3405 802 suorum
3431 747 3579 804 crede

1997 837 2228 910 diffugit.
2283 838 2362 894 ibi
2412 849 2540 894 tunc
2571 838 2614 871 ¹³
2643 826 2935 910 Sulpicius,
2960 838 3112 895 Marii
3157 841 3385 910 collega,
3413 856 3571 896 servo

1996 931 2041 967 ⁸³
2066 946 2163 987 suo
2185 930 2465 1002 prodente,
2498 940 2800 1000 prostratus
2830 940 2933 987 est.
2965 930 3192 988 Servum
3217 948 3346 987 vero
3373 931 3571 1002 ipsum,

1994 1025 2139 1096 quod
2170 1023 2382 1080 hostem
2406 1024 2762 1090 indicaverat,
2795 1023 3099 1079 manumitti
3123 1039 3138 1090 ;
3166 1023 3310 1095 quod
3342 1039 3473 1080 vero
3495 1025 3591 1080 do-

1996 1116 2209 1172 minum
2240 1116 2577 1187 prodiderat,
2602 1130 2735 1170 saxo
2764 1115 2997 1187 Tarpeio
3020 1115 3179 1186 dejici
3208 1116 3463 1172 consules
3494 1116 3591 1172 de-

1997 1217 2309 1266 creverunt.
2384 1208 2589 1265 Marius
2663 1207 2901 1280 fugiens,
2952 1222 3075 1265 cum
3142 1210 3589 1281 persequentium

1998 1300 2256 1356 instantia
2294 1300 2694 1371 circumseptus
2732 1309 2902 1367 esset,
2945 1300 2990 1333 ¹²
3029 1300 3081 1355 in
3137 1300 3591 1356 Minturnensium

1997 1391 2285 1463 paludibus
2312 1406 2434 1448 sese
2464 1391 2690 1457 abdidit,
2727 1393 2970 1461 equibus
2996 1390 3293 1448 infeliciter
3321 1394 3431 1447 luto
3455 1392 3595 1448 obli-

1999 1493 2108 1552 tus,
2147 1484 2617 1556 ignominioseque
2648 1492 2973 1555 protractus,
3007 1485 3146 1556 turpi
3176 1494 3355 1542 autem
3384 1497 3596 1557 specta-

1996 1577 2122 1633 culo
2146 1576 2451 1632 Minturnas
2471 1575 2754 1643 deductus,
2776 1587 3170 1648 contrususque
3194 1576 3248 1632 in
3280 1593 3552 1635 carcerem
3578 1595 3594 1647 ;

302 1670 663 1727 Mithridatem
695 1671 751 1724 in
782 1669 969 1725 Asiam
997 1684 1120 1724 cum
1147 1669 1389 1725 exercitu
1423 1669 1755 1739 profecturo,
1784 1667 1805 1699 °
1826 1667 1879 1722 in
1913 1676 1962 1738 Β
1990 1683 2363 1741 percussorem
2391 1669 2458 1723 ad
2481 1682 2540 1724 se
2560 1669 2779 1724 missum
2797 1670 2914 1724 solo
2943 1671 3092 1725 vultu
3118 1674 3399 1728 cxtetruit.
3435 1673 3594 1729 Dein-

297 1764 585 1836 Campania
620 1774 801 1819 tamen
834 1772 1064 1834 propter
1090 1762 1312 1819 socialis
1331 1761 1464 1817 belli
1487 1761 1740 1832 reliquias
1763 1775 1887 1815 con-

298 1860 545 1925 sistente,
577 1856 852 1914 affectavit
875 1857 1167 1929 septimum
1209 1857 1574 1924 causulatum,
1600 1867 1653 1912 ct
1682 1855 1885 1912 bellum

302 1952 573 2024 suscipere
615 1949 1058 2016 Mithridaticum,
1089 1966 1198 2021 quo
1243 1949 1390 2008 Sulla
1441 1950 1683 2021 cognito,
1715 1949 1888 2020 impa-

302 2045 437 2101 tiens
472 2059 665 2101 revera
718 2044 934 2115 juvenis
971 2043 1437 2115 intemperataque
1485 2044 1562 2099 ira
1618 2045 1886 2114 percitus,

301 2152 417 2193 cum
446 2143 684 2208 quatuor
711 2136 1021 2208 legionibus
1053 2138 1281 2205 primum
1305 2146 1433 2192 ante
1464 2134 1662 2191 Urbem
1696 2151 1890 2192 consc-

309 2230 405 2299 dit,
450 2230 541 2286 ubi
571 2230 940 2298 ’Gratidium,
977 2228 1131 2286 Marii
1176 2230 1433 2301 legatum,
1464 2230 1616 2302 quasi
1659 2230 1884 2301 primam

301 2323 571 2380 victimam
628 2321 755 2378 belli
820 2322 998 2379 civilis
1059 2322 1278 2393 occidit,
1336 2337 1461 2377 mox
1512 2322 1712 2380 Urbem
1764 2337 1885 2378 cum

302 2415 541 2472 exercitu
571 2414 786 2485 irrupit,
812 2414 959 2471 faces
990 2414 1058 2471 ad
1090 2414 1527 2471 inflammandam
1560 2415 1761 2472 Urbem
1793 2432 1890 2487 po-

301 2508 491 2580 poscit.
525 2507 788 2564 Omnibus
814 2516 963 2564 tnctu
998 2507 1216 2573 abditis,
1251 2498 1353 2578 per.
1376 2509 1597 2565 Sacram
1637 2510 1779 2565 viam
1813 2510 1891 2566 ci-

303 2609 414 2657 tato
436 2602 651 2674 agmine
693 2602 746 2659 in
779 2603 952 2658 forum
984 2601 1150 2675 3&2
1175 2602 1346 2660 venit.
1380 2602 1578 2660 Matius
1610 2620 1733 2661 cum
1764 2620 1889 2676 per-

1991 1762 2061 1818 de
2082 1762 2267 1832 lapsus
2290 1776 2322 1817 e
2340 1761 2592 1827 vinculis,
2624 1760 2677 1816 in
2730 1760 2964 1817 Africam
2990 1764 3297 1835 transfugit,
3330 1765 3374 1798 ιδ
3398 1758 3604 1824 sollici-

1990 1864 2212 1928 tatoque
2239 1871 2306 1911 ex
2355 1853 2509 1912 Utica
2537 1855 2674 1923 filio,
2705 1856 2748 1897 ὐ
2780 1854 2871 1912 ubi
2896 1856 2948 1911 in
2997 1858 3242 1913 custodia
3271 1858 3597 1916 observaba-

1993 1960 2102 2019 tur,
2149 1949 2409 2004 continuo
2458 1948 2684 2004 Romam
2734 1963 3038 2019 regressus,
3074 1949 3117 1982 "
3167 1950 3356 2006 Ciunte
3386 1955 3595 2010 consuli

1991 2043 2253 2099 societate
2279 2042 2546 2099 scelerum
2571 2040 2891 2113 coniunctus
2909 2052 3014 2098 est.
3036 2042 3196 2114 Igitur
3222 2043 3287 2098 ad
3305 2043 3597 2115 proﬂigan-

1992 2137 2117 2195 dam
2139 2134 2301 2209 343
2330 2137 2637 2192 universam
2661 2136 3077 2206 rempublicam,
3100 2136 3143 2168 "
3165 2139 3463 2193 exercitum
3489 2139 3594 2195 sibi

1997 2233 2051 2289 in
2085 2243 2317 2303 quatuor
2360 2241 2544 2305 partes
2570 2231 2895 2288 diviserunt.
2926 2231 3065 2288 Tres
3106 2232 3379 2303 siquidem
3412 2231 3589 2304 legio-

1997 2339 2097 2381 nes
2125 2324 2293 2381 .llario
2314 2324 2478 2391 data),
2505 2324 2646 2398 parti
2678 2326 2958 2396 c0piarum
2986 2322 3086 2378 Cu.
3120 2324 3297 2381 Carbo
3328 2326 3599 2397 prmposi-

1998 2425 2084 2472 tus
2132 2427 2240 2485 est,
2275 2417 2319 2449 “‘
2356 2423 2565 2488 partem
2610 2415 2890 2473 Sertorius
2942 2416 3155 2487 accepit
3188 2433 3203 2469 :
3240 2416 3332 2472 ille
3370 2417 3585 2473 scilicet

1993 2510 2293 2578 Sertorius,
2328 2509 2501 2579 “jam
2529 2509 2658 2565 hinc
2686 2509 2864 2565 civilis
2886 2509 3013 2566 belli
3046 2513 3300 2566 incentor
3333 2518 3388 2566 et
3428 2510 3597 2582 partl-

1993 2616 2146 2675 ceps,
2192 2603 2284 2674 qui
2324 2604 2486 2659 etiam
2518 2602 2621 2659 hoc
2651 2602 2832 2672 finito,
2881 2601 3025 2659 aliud
3058 2614 3178 2675 post
3219 2604 3273 2660 in
3317 2604 3580 2676 llispania

1584 2699 2035 2778 IIAVERCAMPI
2072 2719 2305 2777 norm.

372 2835 503 2891 Car.
550 2831 693 2890 XIX.
744 2832 798 2890 1.
835 2831 985 2888 Anno
1013 2830 1078 2888 ab
1135 2831 1277 2889 Urbe
1328 2831 1537 2889 condita
1578 2847 1779 2888 noun.
1814 2831 1891 2888 Ita

300 2913 551 2963 numerat
590 2905 821 2974 Eutrop.
854 2904 948 2958 lib.
982 2919 1034 2958 v.
1067 2902 1205 2959 Aliis
1235 2914 1319 2960 est
1354 2919 1527 2959 annus
1558 2919 1753 2967 ncnxv,
1782 2919 1891 2973 quo

298 2977 365 3035 L.
391 2975 679 3033 Cornelius
706 2973 877 3043 Stilla,
903 2983 960 3031 ct
996 2974 1063 3042 Q.
1094 2974 1385 3046 Pompeius
1428 2975 1599 3029 Rufus
1636 2976 1893 3031 consules

300 3053 540 3105 fuerunt.
564 3046 736 3103 Faun.
1546 3046 1551 3049 ’

371 3116 887 3197 2.-Hithrida‘ticum
921 3114 1134 3197 bellum_.
1168 3117 1344 3197 Abest
1370 3131 1473 3197 vox
1518 3115 1791 3197 posterior
1824 3114 1895 3197 ab
1924 3133 1971 3197 ο

300 3191 391 3247 ed.
427 3190 656 3260 AuguSt.
688 3186 813 3244 Mox
856 3190 1081 3259 primum
1110 3189 1162 3244 in
1193 3187 1320 3244 edd.
1368 3190 1543 3259 prima
1583 3196 1641 3243 et
1672 3185 1896 3244 Venetis

300 3260 666 3318 desideratur.

373 3334 427 3389 5.
458 3332 562 3386 Atii
593 3345 734 3397 xxx,
755 3329 849 3387 alii
877 3345 969 3385 η.
1003 3328 1061 3386 Si
1087 3347 1115 3384 a
1147 3330 1293 3387 Sulla
1325 3338 1379 3385 et
1414 3327 1677 3399 Pompeio
1704 3344 1897 3385 nume-

298 3418 391 3461 res
421 3404 487 3464 ad
519 3402 770 3457 Pisonem
799 3411 854 3456 et
879 3400 1181 3456 Messallam
1206 3401 1489 3465 consules,
1510 3399 1709 3471 quibus
1741 3400 1900 3455 Pom-

301 3476 456 3545 peius
499 3474 751 3530 confecto
794 3472 1373 3545 bello‘Mitltridatico
1400 3469 1782 3540 triumphavit,
1816 3471 1898 3545 iu-
1945 3490 1950 3496 ·

297 3541 490 3601 venies
527 3560 701 3600 annos
738 3558 909 3598 xxvn.
940 3541 1051 3600 Sed
1079 3542 1276 3599 Florus
1320 3543 1473 3598 libro-
1510 3556 1587 3607 ιιι,
1619 3544 1795 3611 capite
1838 3543 1894 3606 5,

297 3617 516 3680 scribit,
544 3615 908 3670 Mithridatem
950 3615 1110 3669 annis
1144 3630 1215 3669 xi.
1255 3613 1522 3669 restitisse
1564 3628 1580 3666 :
1620 3613 1898 3682 Appianus

298 3688 356 3742 in
374 3685 735 3743 Mithridatico
761 3686 835 3739 ait
858 3684 961 3739 hoc
980 3684 1181 3740 bellum
1207 3694 1416 3755 gestum
1435 3684 1592 3755 annis
1618 3698 1743 3737 xm.
1766 3682 1894 3737 Fas.

374 3760 428 3813 4.
457 3756 730 3828 Referam.
764 3755 857 3812 Sic
882 3755 1066 3828 scribo
1086 3772 1156 3810 ex
1178 3753 1309 3811 mss.
1331 3755 1521 3828 _t_ribus
1550 3753 1719 3828 Lugd.
1752 3754 1894 3809 Ball.

298 3829 447 3885 Coll.
478 3825 722 3883 Gronov.
755 3834 916 3897 atque
942 3825 1030 3881 ed.
1067 3827 1301 3897 August.
1331 3825 1526 3895 Vulgo,
1558 3825 1807 3897 referant.

373 3898 430 3955 5.
463 3898 527 3953 Et
557 3908 755 3953 contra.
787 3896 1053 3969 Cbpulam
1077 3896 1239 3968 hanc,
1270 3898 1453 3953 invitis
1478 3911 1611 3951 mss.
1642 3896 1899 3965 neglexe-

298 3978 435 4026 runt
458 3971 703 4026 unmdam
729 3968 853 4024 cdd.
880 3968 1036 4023 vett.

375 4042 431 4097 6.
467 4037 533 4094 In
556 4041 845 4110 Campania
897 4049 1087 4094 tamen.
1114 4038 1258 4095 Nola
1299 4037 1711 4110 pertinacissime
1738 4053 1897 4110 arma

272 4113 584 4239 .rl'retiuebat,
643 4107 970 4181 (territaque
1020 4109 1171 4165 Rom.
1229 4107 1582 4167 obsidebatur.
1635 4107 1893 4165 Velleius.

347 4200 472 4239 ann.
1082 4217 1092 4232 .
1880 4218 1893 4223 _

347 4200 472 4239 ABR.
1082 4217 1092 4232 ε
1880 4218 1897 4223 -

376 4258 431 4309 7.
479 4252 796 4328 Gratidiani,
841 4251 1275 4328 Mariitegatum.
1306 4250 1682 4328 Gratidium‘a
1711 4244 1898 4328 )iario

295 4326 543 4397 legatum
574 4322 796 4380 missum
823 4325 888 4380 ad
912 4322 1590 4397 Sullam,ac_cipiendarum
1622 4322 1896 4397 legionum

295 4392 496 4461 ca'usa,
524 4397 721 4451 milites
750 4396 1108 4462 trucidarunt,
1142 4392 1392 4451 Vahlib.
1424 4408 1503 4457 ιι,
1529 4409 1651 4464 cap.
1682 4392 1736 4456 7,
1771 4392 1897 4447 Plu-

297 4478 411 4523 tar.
441 4471 493 4523 in
523 4466 691 4522 Mario
729 4469 941 4530 scribit,
976 4469 1171 4522 missos
1215 4466 1284 4519 ab
1317 4466 1433 4532 ipso
1464 4466 1602 4520 duos
1646 4465 1898 4519 tribunos

1998 2830 2300 2895 nominavi,
2332 2830 2448 2888 Cic.
2479 2844 2580 2900 pro
2602 2830 2800 2888 Sextio
2826 2829 2956 2887 etin
2989 2829 3265 2890 Pisonem.
3292 2832 3461 2893 [“Asa.

2075 2904 2164 2959 14.
2202 2901 2624 2975 Spllicitatoque.
2659 2901 2762 2975 Ed.
2803 2901 2971 2975 Aug"
3000 2904 3307 2975 Solatoque.
3355 2907 3600 2967 Przrfero

2002 2981 2183 3028 tamen
2218 2970 2527 3041 Vulgatum,
2554 2987 2676 3026 nam
2721 2973 2775 3027 in
2816 2970 2987 3028 libera
3025 2970 3273 3030 cuStodia
3313 2976 3480 3033 fuisse
3518 2980 3601 3035 in-

2000 3057 2170 3099 nuero
2196 3043 2413 3098 videtur
2436 3043 2664 3114 verbum
2692 3042 3092 3111 observabatur;
3121 3054 3381 3114 praeterea
3414 3048 3596 3105 Sexti-

2003 3115 2132 3181 lius,
2159 3130 2225 3170 eo
2255 3123 2500 3183 tempore
2527 3112 2731 3170 Africae
2761 3125 2988 3182 printer,
3017 3112 3130 3172 nec
3167 3118 3383 3173 amicus
3424 3120 3598 3176 Mario

2007 3200 2105 3241 nec
2130 3186 2302 3241 hostis
2329 3184 2498 3240 fuisse
2524 3183 2751 3240 dicitur.
2783 3183 2963 3252 Quare
2994 3186 3127 3241 nihil
3168 3187 3435 3245 violenter
3465 3206 3596 3247 con-

2003 3263 2088 3310 tra
2119 3255 2354 3329 Marium
2386 3253 2663 3329 seniorem
2690 3255 2949 3329 egit,_sed
2977 3272 3198 3329 egresso
3226 3260 3282 3314 in
3312 3260 3461 3317 littus
3501 3262 3598 3318 lic:

2002 3326 2658 3399 toremhmisi‘t‘obviam,
2692 3326 2802 3399 qui
2825 3326 3068 3399 jubere},
3115 3331 3391 3399 provincia
3440 3331 3601 3390 dece-

2001 3397 2320 3475 derc._\_’_ide
2345 3394 2624 3453 Plutarch.
2657 3394 2720 3475 in
2742 3394 2863 3453 Vita
2894 3394 3129 3475 Mariipi
3157 3400 3458 3475 ξξθηειέο
3482 3406 3592 3460 sol-

2001 3483 2130 3525 vere
2162 3469 2332 3525 lilium
2379 3483 2447 3525 ex
2490 3467 2736 3525 custodia
2781 3484 2888 3524 non
2929 3467 3120 3538 potuit.
3170 3471 3367 3528 Marius
3391 3467 3589 3531 'autem

2000 3540 2145 3595 illius
2196 3541 2313 3608 ipse
2347 3553 2380 3595 e
2422 3539 2667 3594 custodia
2697 3538 2837 3610 clam
2868 3540 3140 3610 aufugisse
3185 3541 3422 3598 videtur.
3456 3543 3588 3600 Nam

2002 3610 2360 3683 quomodoin
2391 3624 2454 3665 re
2483 3610 2662 3665 subita
2691 3619 2747 3664 et
2768 3609 3073 3683 imparatis,
3100 3611 3235 3665 ultra
3274 3627 3425 3668 mare
3456 3630 3594 3670 nun-

2003 3682 2108 3754 tios
2138 3681 2221 3754 ad
2248 3680 2436 3754 lilium_
2455 3689 2611 3754 pater
2635 3679 2880 3749 captivus
2918 3679 3209 3754 Minturnis
3243 3684 3462 3754 mittere
3500 3701 3598 3754 po-

2003 3751 2147 3807 tuit?
2176 3750 2399 3823 Marium
2417 3749 2693 3823 iuniorem
2723 3764 2962 3823 uuacum
2987 3751 3226 3822 Cethego
3251 3753 3373 3823 fuga
3401 3749 3597 3822 perve-

1999 3824 2148 3879 nisse
2170 3822 2240 3879 ad
2263 3837 2446 3892 regem
2477 3820 2745 3893 Numidia:
2774 3820 3134 3893 Hiempsalem
3159 3820 3347 3878 scribit
3380 3820 3596 3882 Plutar-

2000 3893 2143 3965 chus
2163 3895 2215 3947 in
2239 3893 2408 3949 Mario
2438 3907 2493 3965 p.
2521 3892 2650 3965 428‘.
2676 3892 3101 3965 Mandreslaletn
3135 3894 3374 3965 appellat
3401 3895 3592 3953 Numi-

1998 3965 2104 4037 diae
2132 3963 2295 4037 istum
2328 3964 2573 4037 regulum
2596 3962 2930 4037 Appian._p.
2978 3964 3103 4037 ξιδε,
3136 3962 3302 4037 aquo
3334 3978 3594 4037 quantum

2002 4035 2201 4091 deinde
2230 4033 2529 4107 periculum
2565 4036 2747 4107 Mariis
2773 4043 2827 4089 et
2858 4033 3116 4092 Marianis
3146 4033 3388 4093 creaturi)
3408 4039 3587 4107 fuerit,

2000 4105 2298 4169 eorumque
2321 4106 2499 4176 fugam
2533 4105 2835 4160 mirabilem
2873 4118 2994 4173 pete
3018 4122 3083 4163 ex
3120 4107 3427 4163 Plutarcho.

2075 4178 2161 4234 15.
2196 4176 2296 4233 Ubi
2325 4176 2378 4230 in
2401 4177 2655 4230 custodia.
2685 4176 2783 4231 Sic
2801 4185 2950 4232 recte
2973 4178 3231 4233 scribitur
3257 4181 3306 4234 in
3338 4178 3587 4234 Floreat.

2005 4262 2092 4332 pr.
2123 4255 2336 4332 ct‘tert.
2359 4257 2420 4301 ut
2440 4257 2495 4332 et
2521 4246 2814 4332 cod...d.icét.
2843 4247 2913 4332 At
2935 4248 3023 4332 ed.
3059 4251 3195 4332 ἔμε.
3229 4249 3385 4304 habet
3413 4249 3501 4303 ubi
3542 4250 3588 4304 is

1999 4315 2344 4444 inbcttstodia,
2372 4318 2553 4388 vulgg.
2576 4315 2665 4372 ubi
2692 4317 2735 4372 is
2772 4319 3027 4372 custodia.
3059 4315 3306 4374 Perizon.
3343 4333 3467 4375 mox
3489 4336 3599 4393 ser-

2000 4407 2060 4443 va
2096 4398 2234 4444 atur.

2000 4398 2234 4445 vabatur.

2076 4460 2161 4516 16.
2194 4458 2374 4515 Cinna:
2397 4457 2618 4513 consuli.
2646 4457 2708 4513 L.
2731 4455 3020 4514 Cornelius
3040 4456 3210 4515 Cinna
3239 4461 3427 4517 consul
3450 4468 3576 4518 cum

296 4512 1899 4609 Ebéqiie'lt'iiiil
1924 4512 1977 4573 Ῑ)
2004 4512 2373 4609 Cnlvoctavio
2412 4528 2515 4609 fuit
2552 4512 2670 4600 post
2700 4512 2904 4586 Sullm'
2930 4512 3296 4609 consulamini,
3308 4512 3594 4609 'aﬁquibu's

296 4610 494 4666 litibus
524 4608 860 4664 interfectos.
891 4609 1056 4664 Fasti.

375 4682 436 4736 8.
464 4679 794 4735 Attentasset.
828 4679 998 4751 Lugd.
1034 4680 1174 4734 Batt.
1207 4684 1322 4751 tres
1342 4689 1465 4751 cum
1487 4675 1628 4731 Coll.
1652 4674 1897 4751 Gronov.

297 4760 576 4877 Lentadssct.
625 4752 801 4823 Supra
844 4747 944 4823 pro
990 4751 1208 4823 denique
1254 4747 1381 4803 edd.
1429 4757 1563 4803 vett.
1622 4747 1899 4803 nonnulla:

336 4839 427 4877 em
469 4840 516 4877 ε.

294 4823 516 4879 deinde.

371 4895 434 4967 ξ).
468 4891 836 4965 Nequidquam
870 4908 1160 4967 repugnare
1186 4907 1367 4948 ausus.
1398 4889 1501 4947 Ed.
1536 4889 1704 4961 Attg.,
1741 4902 1905 4960 neque

292 4964 591 5038 quidquam
607 4964 1107 5038 repugnar‘e‘ansus.

380 5027 471 5093 ω’.
510 5034 617 5090 Sed
643 5027 769 5089 cani
789 5051 867 5090 eo.
900 5035 1073 5108 Lugd.
1103 5036 1245 5092 Batt.
1279 5027 1897 5108 quatuorjetpollﬁro-

296 5121 468 5177 nov.,
498 5112 592 5162 sed
619 5121 737 5160 cum
766 5108 820 5161 in
846 5104 1005 5164 eumf
1018 5107 1142 5164 Mox
1167 5104 1430 5164 servorum
1452 5104 1638 5171 iidem,
1670 5110 1901 5173 excepto

292 5177 553 5233 secundo
584 5193 688 5231 ms.

376 5249 471 5322 11.
516 5247 826 5322 Δδιιιρὶιὴιε,
875 5248 1037 5306 Marii
1064 5250 1301 5322 collega.
1328 5247 1415 5322 _P.
1458 5245 1615 5322 S_t_t_lp.
1645 5244 1904 5322 tribunus

294 5321 485 5395 plebis
515 5314 685 5390 legem
719 5321 936 5389 tulerat,
972 5333 1028 5376 ιιι
1059 5314 1235 5377 Mario
1253 5320 1457 5395 bellum
1477 5314 1901 5395 Mithridaticum

293 5386 725 5461 Uecerneretur,
756 5386 1136 5461 atque'auctor
1170 5392 1460 5448 seditionis
1487 5387 1614 5461 fuit,
1643 5386 1902 5461 Liv_._lib.

291 5476 518 5533 Lxxvn,
553 5460 747 5519 Vellei.
782 5456 845 5525 ιιξ
876 5460 1054 5520 Valer.
1092 5463 1185 5519 tib.
1212 5478 1288 5527 vt,
1313 5479 1363 5517 ε.
1392 5464 1447 5529 5,
1480 5456 1838 5533 Appiau._l_ih.
1863 5470 1900 5510 ι.

292 5538 459 5593 Plut.
484 5526 539 5587 in
577 5533 749 5587 Mario
776 5542 834 5588 et
858 5533 1029 5601 Sulla,
1053 5533 1171 5590 Cic.
1200 5534 1254 5589 in
1276 5526 1474 5601 Bruto,
1513 5526 1698 5586 et’alii.
1728 5526 1903 5583 FABR.

382 5606 480 5661 12.
513 5604 645 5659 Suo.
680 5603 895 5659 Abesta
918 5605 1168 5661 Perizon.

386 5677 482 5734 1'5.
512 5672 582 5730 1η
608 5671 1049 5734 Minturnensium
1075 5682 1185 5749 pot.
1218 5676 1362 5750 Lege
1388 5681 1590 5748 praeter
1614 5684 1735 5743 eos,
1764 5685 1908 5744 quos

2006 4603 2208 4658 bellum
2248 4598 2600 4673 Octavianum
2628 4598 2979 4673 commotum
3002 4611 3107 4673 est,
3138 4602 3294 4673 cujus
3338 4598 3598 4673 meminit

2007 4674 2202 4731 Cicero
2231 4672 2390 4744 libatt
2418 4671 2485 4728 de
2513 4670 2634 4744 Eat.
2670 4670 2829 4727 Deor.
2865 4669 3007 4741 Lege
3025 4669 3388 4744 Plutafch.in
3411 4673 3584 4744 Sulla,

2008 4743 2261 4816 Appian:
2291 4742 2387 4799 lib.
2422 4757 2460 4810 ι,
2514 4742 2838 4816 Linon-xi;
2882 4750 2938 4798 et
2989 4757 3250 4813 Lxxxvnt,
3307 4742 3597 4816 Veileium,

2013 4812 2192 4881 Flor.,
2224 4815 2478 4885 Eutrop.,
2512 4822 2568 4868 et
2592 4812 2748 4869 alios.
2781 4814 2943 4885 Fasti.

2086 4887 2175 4941 17.
2214 4884 2519 4956 Exercitum
2548 4885 2666 4943 sibi,
2709 4884 2878 4956 Lugd.
2914 4884 3051 4940 Batt.
3085 4898 3170 4955 pr.
3211 4892 3268 4942 et
3298 4895 3423 4944 tert.
3467 4902 3594 4945 cum

2010 4956 2156 5031 Coll.
2197 4955 2457 5031 Gronov.
2484 4959 2759 5031 exercitum
2797 4955 2871 5012 sic
2905 4956 2959 5031 ia
2981 4967 3210 5031 quatuor
3243 4969 3440 5031 partes,
3487 4968 3595 5017 etc.

2012 5029 2132 5085 Mox
2162 5041 2259 5100 pro
2287 5027 2537 5100 siquidem
2565 5026 2653 5084 ed.
2680 5028 2821 5098 Aug.
2863 5026 3092 5100 quidem.

2083 5096 2175 5156 18.
2215 5096 2428 5153 Partem
2456 5097 2742 5155 Sertorius.
2772 5096 2962 5166 ‘De'Q-
2994 5097 3243 5159 Sertorio
3272 5099 3601 5159 Plutarchus

2006 5171 2062 5227 in
2090 5167 2621 5241 ejus_Vita.Fann.r
2712 5240 2719 5241 ί
3042 5240 3045 5241 7
3420 5240 3423 5241 γ
3466 5239 3481 5241 Δ
3615 5178 3624 5186 .

2083 5238 2169 5298 19.
2211 5238 2333 5296 lam
2356 5240 2478 5313 hinc
2504 5240 2671 5296 civilis
2701 5238 2842 5307 belli,
2884 5251 2993 5298 etc.
3034 5240 3304 5313 Revocavi
3337 5239 3600 5313 pulcher-

2008 5314 2208 5370 rimam
2247 5312 2391 5385 hanc
2431 5312 2716 5385 lcetionem
2757 5327 2827 5367 ex
2867 5328 2999 5385 mss.
3032 5312 3204 5385 Lugd.
3238 5312 3496 5385 Batt._pr.
3531 5319 3605 5385 get

2011 5386 2178 5441 tertio
2205 5398 2327 5439 cum
2356 5383 2493 5438 Coll.
2524 5382 2791 5451 Gronov.,
2819 5381 3142 5454 quibuscum
3175 5391 3309 5439 vett.
3342 5382 3468 5438 edd.
3495 5381 3606 5451 plc-

2013 5471 2195 5527 rmque
2222 5457 2564 5527 conspirant.
2592 5454 2780 5527 Vulg.,
2801 5458 2916 5527 jam
2943 5455 3049 5519 hic,
3075 5454 3229 5527 nauci
3264 5468 3368 5510 non
3398 5454 3606 5527 est._De

2014 5522 2252 5584 Antonio
2291 5522 2543 5581 similiter
2575 5522 2818 5598 loquitur
2843 5525 3094 5581 Lucanus
3114 5522 3211 5577 lib.
3238 5537 3455 5592 v,vers.
3477 5523 3617 5579 4'78:

2169 5615 2357 5678 Ductor
2380 5618 2492 5665 erat
2509 5610 2893 5678 cunctisaudax.
2905 5610 3145 5678 Antonius
3164 5616 3347 5678 armis,

2174 5677 2284 5729 1am
2309 5684 2417 5730 tum
2433 5676 2569 5730 civili
2586 5676 2856 5731 meditatus
2869 5668 3108 5723 Leucada
3126 5670 3306 5735 bello,
