4076 6174
504 211 610 270 967

1842 211 2046 272 PAULI
2095 212 2326 274 OROSII

3677 217 3774 275 968

504 327 707 384 bellum
739 325 1021 394 excitavit,
1053 324 1197 397 quod
1241 339 1338 398 per
1379 324 1582 382 multos
1627 339 1801 381 annos
1839 327 2093 382 maximis
2119 332 2170 394 Α
2197 330 2364 386 etiam
2392 344 2515 386 cum
2539 329 2738 387 helluis
2771 330 2945 400 pictas
2975 338 3028 388 et
3056 330 3366 389 reverentia
3394 338 3626 402 naturae,
3651 334 3783 402 quod

501 416 875 473 Romanorum
903 416 1148 472 cladibus
1193 418 1377 473 traxit.
1409 418 1616 472 Caetera
1654 432 1786 472 vero
1823 419 2099 474 exercitus
2146 415 2152 420 ’

505 511 684 584 portio
719 511 945 566 Cinnam
975 520 1161 566 secuta
1194 519 1296 566 est.
1350 512 1520 565 Porro
1565 521 1742 566 autem
1791 508 1892 565 Cn.
1943 511 2103 566 I‘om-

505 605 684 675 pcius,
717 604 807 674 qui
834 619 864 658 a
893 615 1084 659 senatu
1108 618 1230 658 cum
1272 603 1521 658 exercitu
1551 603 1871 670 arcessitus,
1903 613 1960 658 ut
1989 605 2098 659 rei-

506 694 734 765 publica:
780 694 1164 765 opitularetur,
1216 704 1270 751 et
1310 694 1402 750 diu
1440 710 1566 751 sese
1605 711 1868 751 novarum
1917 712 2097 751 rerum

507 789 871 858 aucupatiOac
919 789 1301 857 suSpendcrat,
1348 799 1696 860 contemptus
1739 806 1768 843 a
1815 789 1984 845 Mario
2013 792 2100 845 vel

508 877 703 943 Cinna,
734 880 797 933 ad
827 880 1129 946 Octavium,
1159 881 1389 936 alterum
1423 881 1727 946 tousulem,
1757 896 1878 936 sese
1906 889 2100 936 contu-

509 971 593 1040 lit,
621 982 678 1028 et
697 988 819 1027 mox
841 989 960 1027 cum
989 972 1236 1028 Sertorio
1265 973 1532 1029 conflixit.
1567 975 1842 1030 Infelicem
1870 989 2100 1045 pugnam

509 1065 847 1122 interventus
893 1069 1068 1122 noctis
1110 1066 1348 1123 diretttit.
1391 1068 1437 1100 ¹⁰
1471 1068 1728 1125 Sexcenti
1772 1085 1836 1123 ex
1877 1079 2104 1139 utraque

511 1169 668 1230 parte
697 1160 897 1215 milites
919 1159 1172 1215 trucidati
1202 1171 1349 1215 sunt.
1395 1161 1622 1216 Postera
1650 1169 1828 1216 autem
1862 1159 1950 1216 die
1981 1177 2102 1215 cum

513 1254 820 1325 permixtim
852 1269 1085 1324 corpora
1134 1254 1203 1309 ad
1241 1255 1578 1326 sepulturam
1616 1254 2101 1321 discernerentur,

511 1347 670 1402 miles
701 1347 1069 1418 Pompeianus
1095 1348 1138 1378 ²¹
1173 1346 1361 1403 fratris
1390 1341 1516 1414 sui,’
1537 1363 1697 1418 quem
1731 1346 1849 1416 ipse
1876 1345 2103 1401 interfe-

509 1450 683 1507 cerat,
721 1456 912 1512 corpus
945 1438 1182 1513 agnovit.
1231 1442 1289 1495 lu
1328 1455 1596 1497 concursu
1641 1441 1786 1497 enim
1809 1443 1855 1472 ¹¹
1889 1441 2108 1512 utrique

513 1534 886 1605 cognitionem
946 1537 1129 1604 vultus
1174 1535 1358 1606 galea,
1411 1535 1910 1592 considerationem
1961 1536 2109 1592 furor

513 1628 794 1682 ademerat
828 1647 841 1680 :
870 1629 1127 1698 quamvis
1153 1644 1341 1698 parum
1373 1628 1444 1683 sit
1472 1629 1646 1699 culpa:
1673 1630 1822 1684 circa
1850 1630 2107 1700 ignoran-

2204 435 2342 476 unns
2373 422 2692 490 perimendo
2721 438 2786 478 ac
2813 423 3090 492 pereundo
3127 423 3429 490 commisit,
3472 425 3597 495 quia
3641 424 3696 482 itt
3731 440 3788 481 se

2203 513 2286 585 agi
2321 525 2528 585 posset,
2558 515 2862 583 intremuit,
2913 531 3146 587 seseque
3177 517 3245 570 ab
3289 515 3600 586 huiusmodi
3647 516 3791 572 incc-

2203 613 2319 674 pto,
2348 608 2682 662 conscientia
2712 606 2914 673 victus,
2949 609 3188 663 removit
3216 625 3230 662 :
3260 607 3401 674 Quin
3433 608 3620 679 potius
3643 608 3794 664 annis

2203 699 2318 755 fere
2360 700 2719 772 quadraginta
2761 701 3247 769 consequentibus,
3289 701 3342 754 in
3371 709 3581 756 tantum
3628 703 3797 756 conti-

2211 803 2372 846 nuata
2405 803 2532 847 sunt
2567 791 2706 848 bella
2739 794 2941 859 civilia,
2979 804 3033 847 ut
3059 793 3379 863 magnitudo
3410 793 3611 858 laudis,
3643 795 3688 824 ”
3717 809 3800 865 ap-

2204 885 2486 958 pendcnda
2516 903 2585 942 ex
2619 887 2994 957 magnitudine
3023 887 3247 942 sceleris
3270 896 3565 956 putaretur.
3599 886 3799 942 Omnes

2204 977 2348 1033 enim
2395 986 2518 1047 post
2549 977 2655 1032 tale
2685 977 3075 1033 documentum
3108 979 3154 1009 ’⁸
3181 979 3233 1032 in
3266 979 3356 1034 tali
3391 979 3581 1033 militia
3623 977 3802 1047 parri;

2206 1073 2473 1129 cidiorum
2518 1072 2760 1143 pericula
2810 1070 3162 1142 refugissent,
3206 1072 3306 1126 nisi
3351 1069 3652 1140 parricidia
3687 1071 3800 1141 ipsa

2207 1164 2532 1220 voluissent.
2584 1163 2751 1234 lgitur
2795 1162 2994 1218 Marius
3020 1164 3065 1196 ²⁹
3097 1161 3369 1217 coloniam
3405 1162 3716 1218 Ostiensem
3754 1164 3802 1217 vi

2209 1256 2506 1326 ingressus,
2557 1255 2735 1308 omnia
2781 1253 2855 1308 ibi
2905 1269 3104 1324 genera
3151 1252 3418 1317 libidinis,
3461 1253 3707 1308 avaritia
3746 1263 3802 1310 et

2209 1345 2548 1403 crudelitatis
2593 1345 2859 1401 exercuit.
2900 1343 3223 1414 Pompeius,
3270 1343 3497 1400 fulmine
3553 1344 3802 1411 alllatus,

2210 1440 2420 1496 interiit
2453 1455 2466 1493 :
2498 1442 2773 1493 exercitus
2814 1452 2947 1492 vero
2975 1437 3096 1506 ejus
3126 1438 3432 1507 pestilentia
3476 1447 3765 1508 correptus
3788 1480 3802 1503 ,

2213 1547 2353 1604 pene
2384 1538 2531 1586 totus
2561 1530 2883 1598 absumptus
2914 1537 3016 1584 est.
3054 1527 3188 1582 Nam
3221 1527 3472 1583 undecim
3510 1529 3683 1582 millia
3719 1528 3805 1582 vi-

2213 1638 2397 1678 rormn
2413 1621 2482 1677 de
2499 1621 2696 1676 castris
2711 1619 2952 1688 Pompeii
2979 1635 3088 1674 mor
3105 1627 3216 1684 tua,
3241 1633 3340 1674 sex
3361 1619 3528 1674 millia
3548 1619 3808 1674 antemde

516 1722 672 1787 tiam,
707 1733 768 1774 ut
797 1719 1044 1774 videatur
1077 1721 1322 1775 nescisse
1351 1721 1418 1774 de
1454 1719 1643 1788 fratre,
1669 1736 1830 1791 quem
1861 1737 1968 1776 non
1995 1735 2110 1774 am-
2142 1718 2188 1778 B
2215 1714 2378 1786 345
2402 1723 2552 1784 parte
2573 1713 2778 1769 Octavii
2802 1713 3044 1769 consulis
3061 1711 3412 1769 "desiderata
3443 1725 3590 1770 sunt.
3605 1714 3810 1769 Marius

517 1815 720 1886 bigitnr
749 1813 919 1870 scisse
938 1814 1007 1870 de
1043 1814 1186 1869 cive.
1218 1813 1406 1884 Itaque
1438 1814 1614 1868 victor
1639 1814 1783 1868 victo
1815 1813 2108 1881 infelicior,

518 1909 610 1964 ttbi
638 1916 694 1963 et
725 1906 909 1962 lratris
937 1922 1140 1976 corpus
1169 1906 1416 1975 agnovit,
1453 1913 1508 1961 et
1543 1907 1893 1975 parricidium
1927 1921 2106 1961 suum.

515 1998 564 2032 ³³
592 2009 910 2053 exsecratus
937 1998 1076 2052 bella
1099 1997 1302 2061 civiiia,
1334 1997 1484 2052 illico
1518 2010 1705 2066 pectus
1733 2012 1890 2052 suum
1917 1997 2109 2069 gladio

516 2089 1000 2153 transverberatis,
1049 2088 1320 2159 simulque
1372 2087 1642 2161 lacrymas
1689 2097 1743 2144 et
1782 2091 2107 2159 sanguinem

514 2179 772 2246 fundens,
806 2194 971 2251 super
1013 2180 1310 2235 fraternum
1342 2195 1465 2236 sese
1513 2179 1746 2235 cadaver
1787 2181 2008 2250 abiecit.
2045 2183 2110 2236 Et

526 2272 654 2343 quid
688 2270 790 2326 hoc
817 2269 1021 2342 profuit
1049 2269 1096 2303 "‘
1118 2271 1184 2325 ad
1216 2271 1590 2326 confusionem
1620 2271 1859 2326 crudelis
1889 2272 2109 2342 incepti,

516 2362 658 2434 quod
689 2362 743 2416 in
775 2361 948 2433 primo
971 2362 1151 2416 statim
1183 2362 1450 2416 bellorum
1482 2361 1722 2416 civilium
1754 2362 1982 2418 exordio
2026 2363 2110 2418 itt-

515 2453 673 2508 famis
718 2453 858 2508 fama
899 2451 1063 2525 3η
1097 2453 1436 2524 percrebuit,
1483 2455 1834 2509 concurrisse
1889 2454 2113 2524 ignaros

519 2547 742 2617 quidem
766 2545 987 2608 fratres,
1012 2546 1106 2601 sed
1129 2547 1384 2601 conscios
1405 2545 1554 2601 cives
1578 2565 1592 2599 :
1620 2544 1840 2614 petiisse
1866 2546 2110 2614 fratrem,

527 2640 738 2696 scelere
761 2641 1046 2706 victorem,
1095 2639 1268 2710 Spolia
1314 2640 1496 2694 fratris
1523 2641 1685 2694 occisi
1716 2659 1730 2693 :
1757 2654 1822 2693 ac
1849 2655 1971 2694 mox
1998 2649 2115 2696 tan-

517 2741 586 2788 tae
631 2732 980 2788 immanitatis
1025 2747 1210 2797 reum,
1256 2731 1448 2787 eodem
1486 2730 1666 2801 gladio
1706 2742 1869 2801 atque
1908 2731 2098 2786 eadem

517 2813 680 2880 manu
708 2838 802 2895 per
817 2837 971 2878 suam
1007 2837 1194 2878 necem
1228 2820 1598 2892 parricidium,
1620 2822 1762 2892 quod
1791 2821 2109 2890 admiserat,

516 2914 857 2971 vindicasse?
898 2915 945 2946 ’⁵
989 2913 1259 2984 Numquid
1299 2913 1539 2984 aliquem
1584 2913 1639 2968 in
1681 2923 1952 2969 tantarum
1993 2916 2114 2970 ani-

517 3007 768 3064 mositate
793 3007 1026 3075 partium
1052 3017 1160 3061 tam
1188 3005 1343 3060 triste
1373 3005 1542 3060 movit
1563 3005 1914 3076 exemplum?
1943 3007 2107 3061 Num-

2214 1807 2256 1839 ³¹
2273 1809 2492 1862 Antium
2516 1813 2573 1862 et
2594 1806 2820 1862 Aritiam
2846 1806 3094 1861 civitates
3116 1805 3393 1861 hostiliter
3420 1805 3646 1876 irrupit,
3679 1820 3812 1861 cun-

2212 1908 2436 1968 ctosque
2481 1897 2534 1952 in
2582 1897 2667 1953 his
2713 1907 2912 1968 praeter
2959 1897 3272 1969 proditores
3317 1896 3630 1964 interfecit,
3664 1896 3809 1952 bona

2214 1991 2324 2046 suis
2353 1991 2655 2061 diripienda
2687 1991 2952 2060 permisit.
2989 1991 3114 2045 Post
3141 1990 3314 2046 Cinna
3357 1990 3547 2046 consul
3577 2004 3704 2045 cum
3736 1991 3809 2045 le-

2213 2083 2500 2153 gionibus,
2550 2089 2606 2137 et
2650 2081 2851 2137 Marius
2899 2097 3024 2136 cum
3061 2081 3304 2152 fugitivis
3329 2081 3524 2138 Urbem
3553 2083 3808 2152 ingressi,

2215 2173 2260 2207 "
2293 2175 2669 2232 nobilissimos
2706 2191 2951 2247 quosque
2978 2192 3010 2232 e
3039 2187 3262 2246 senatu,
3303 2187 3357 2231 et
3382 2177 3657 2248 plurimos
3682 2193 3812 2233 con-

2214 2269 2424 2326 sulares
2454 2270 2604 2325 viros
2651 2267 3058 2336 interfecerunt.
3103 2267 3213 2324 Sed
3241 2314 3256 2337 ,
3283 2280 3444 2340 quota
3479 2269 3596 2326 lucc
3633 2270 3814 2340 portio

2214 2372 2501 2419 ostentata:
2540 2363 2775 2419 miseria:
2819 2372 2901 2418 est
2924 2403 2940 2428 ,
2991 2377 3101 2417 uno
3127 2362 3297 2418 verbo
3324 2361 3582 2418 delinisse
3606 2362 3811 2419 eadem

2215 2453 2484 2510 bonorum
2510 2495 2527 2520 ,
2577 2453 2731 2524 cujus
2775 2451 2875 2509 fuit
2907 2461 3054 2509 tanta
3086 2454 3474 2518 numerositas,
3508 2464 3658 2510 tanta
3689 2455 3813 2510 diu-

2215 2545 2466 2612 turnitas,
2501 2553 2645 2600 tanta
2673 2543 3001 2608 crudelitas,
3049 2552 3303 2616 tantaque
3349 2545 3676 2601 diversitas?
3706 2545 3815 2602 Ve-

2214 2648 2522 2696 rumtamen
2561 2640 2770 2710 :eqttius
2796 2647 2911 2703 est,
2944 2653 3031 2695 me
3069 2639 3274 2709 aliquid
3307 2640 3558 2694 utilitatis
3591 2640 3816 2696 subtra-

2213 2735 2358 2790 xisse
2389 2749 2570 2790 causa:
2595 2778 2610 2803 ,
2656 2750 2818 2804 qttatn
2861 2743 3070 2789 tantum
3103 2733 3350 2790 horroris
3389 2736 3687 2806 ingessisse
3715 2753 3814 2791 no-

2213 2826 2351 2882 titire
2373 2869 2388 2892 ,
2417 2827 2535 2883 sive
2571 2827 2766 2898 peritis
2808 2827 2925 2883 hmc
2950 2871 2966 2899 ,
3000 2829 3115 2883 sive
3155 2829 3427 2900 imperitis
3456 2830 3810 2900 objiciantnr.

2216 2920 2292 2975 De
2323 2920 2492 2989 patria
2524 2919 2819 2988 siquidem,
2843 2918 2913 2974 de
2938 2919 3168 2987 civibus,
3199 2920 3348 2976 etde
3373 2921 3670 2990 majoribus
3709 2937 3810 2976 no-

2214 3013 2341 3067 stris
2382 3010 2503 3066 hrec
2547 3011 2852 3082 loquimur:
2897 3010 2988 3082 qui
3029 3010 3116 3066 his
3160 3011 3416 3082 exagitati
3469 3013 3628 3068 malis
3655 3059 3670 3081 ,
3701 3022 3808 3067 tam

515 3102 644 3174 quid
670 3101 812 3174 apud
839 3116 1162 3172 quemquam
1193 3099 1494 3170 periculum
1521 3099 1744 3155 sceleris
1771 3100 1972 3170 repulit
2001 3112 2107 3156 ιω·-
2136 3090 2182 3154 C
2213 3104 2575 3172 abominanda
2600 3113 2920 3176 gesserunt,
2951 3103 3021 3160 de
3051 3104 3246 3174 quibus
3268 3104 3433 3159 etiam
3474 3104 3676 3160 auditis
3717 3120 3814 3176 po-

512 3215 607 3256 tor
634 3199 872 3256 erroris?
899 3201 946 3232 "
983 3198 1254 3270 Numquid
1307 3198 1445 3265 haec,
1494 3213 1616 3270 quae
1661 3197 1972 3254 communis
2019 3210 2107 3254 est

2211 3197 2347 3256 steri
2389 3197 2842 3268 perhorrescant;
2871 3195 2964 3268 qui
3003 3183 3250 3269 profecto
3288 3197 3484 3253 nolunt
3513 3197 3612 3254 ista
3645 3197 3809 3253 nimis

1799 3337 2248 3395 I‘IAVERCASIPI
2291 3333 2524 3392 NOTAE.

583 3452 674 3508 90.
720 3450 983 3508 Sescenti.
1026 3449 1186 3506 Solus
1216 3447 1433 3515 Colon.,
1460 3446 1750 3503 sexcenteni
1783 3461 1849 3502 ex
1878 3448 2104 3503 historia

507 3527 717 3594 integre
747 3523 962 3590 scripsit
1001 3536 1097 3594 pro
1134 3521 1382 3594 sexcenti.
1417 3519 1673 3575 LAUT-—
1696 3517 1816 3572 Mox
1849 3519 2106 3594 cod._Pe-

509 3589 709 3658 rizon.,
749 3589 1198 3664 mixtimrLugd.
1239 3590 1382 3646 Batt.
1417 3607 1498 3661 pr.
1543 3597 1598 3644 et
1640 3599 1769 3645 tert.
1809 3605 1936 3644 cum
1964 3589 2104 3645 Coll.

511 3666 780 3736 Cronon
811 3666 1086 3736 permixta.

577 3740 667 3793 2i.
710 3730 920 3792 Fratris
957 3737 1059 3790 sui.
1103 3734 1306 3790 Lucan.
1337 3731 1434 3787 lib.
1465 3747 1564 3797 vlt,
1591 3730 1696 3788 550
1727 3749 1740 3786 :

668 3837 759 3890 llle
782 3837 918 3888 locus
941 3836 1121 3887 fratres
1145 3835 1337 3898 habuit,
1361 3832 1496 3884 locus
1520 3833 1606 3883 ille
1633 3837 1884 3896 parentes.

579 3946 672 4000 22.
707 3943 945 4014 Utrique.
967 3942 1093 3997 Mss.
1118 3940 1336 4014 quidam
1359 3938 1586 4014 et_edd.,
1612 3937 1905 4014 utrimque;
1929 3935 2102 4007 Lugd.

512 4016 632 4072 Bal.
664 4032 772 4086 pr._.
801 4010 856 4067 in
878 4010 1146 4086 concursu
1158 4012 1297 4086 enim
1327 4010 1581 4078 utrimque
1604 4011 1764 4078 (acto.

581 4081 678 4142 2'5:
715 4083 1052 4137 Exsecratus.
1097 4081 1194 4135 Ed.
1225 4081 1477 4149 August.,
1505 4094 1797 4149 exsecraris.

576 4157 670 4211 Ἡ.
711 4154 791 4209 Ad
831 4153 1206 4224 confusionem.
1247 4148 1434 4224 Altera
1465 4148 1683 4224 additur
1721 4150 1886 4208 lectio
1921 4155 1972 4209 in
2003 4155 2094 4210 ed.

510 4225 832 4298 Attgust._arl
857 4219 1245 4298 confessionem.
1279 4219 1385 4298 Sed
1410 4222 1588 4298 proba
1611 4227 1697 4274 est
1719 4234 1872 4298 vetus
1891 4239 1944 4280 et
1967 4227 2106 4282 Oro-

511 4290 683 4356 siaiia.
719 4294 845 4366 Non
864 4290 1063 4366 profuit
1090 4293 1263 4363 inquit
1297 4291 1511 4366 publice
1540 4290 1710 4359 Pietas
1742 4295 1971 4361 privata,
2003 4313 2100 4351 ειη-

510 4386 616 4441 que
656 4363 901 4425 confudit
937 4365 1230 4441 Roucillus,
1258 4371 1316 4441 u_t
1343 4363 1577 4416 vitarent
1613 4367 1858 4435 exempla
1901 4369 2101 4424 similia

510 4435 566 4498 et
595 4441 923 4497 desisterent
954 4457 980 4489 a
1015 4435 1157 4489 bello
1187 4435 1477 4489 scelerato.

580 4512 672 4566 ‘25.
720 4507 984 4579 Numquid
1011 4503 1532 4579 aliquem._0rosi_ttut
1564 4519 1668 4558 una
1696 4521 1827 4579 voce
1855 4507 2099 4578 locuple-

511 4583 710 4638 tiorem
743 4577 977 4636 rcdd‘tdtt
1001 4577 1123 4633 cod.
1157 4577 1415 4650 l’erizon.
1437 4577 1812 4631 itttcrsereudo
1839 4577 2091 4650 aliquem.

510 4651 882 4711 Necessariam
908 4651 1052 4720 illam
1075 4664 1197 4703 esse
1228 4646 1446 4717 negahit
1467 4661 1648 4720 nemo,
1671 4660 1794 4720 c_um
1818 4646 2098 4720 sequatur,

511 4721 785 4796 Numquid
802 4719 956 4796 apud
985 4715 1444 4796 quen_tquattt,_etc.
1478 4715 1648 4783 Lugd.
1685 4718 1830 4796 Batt.
1859 4715 2094 4796 quatuor

509 4805 564 4850 et
614 4787 752 4851 Ul'tt‘.
802 4787 1017 4861 legunt,
1073 4787 1698 4861 Numquid‘intfnlarum
1742 4787 2096 4847 animositates

509 4867 752 4936 partium.
784 4857 980 4918 Ex'stat
1007 4861 1140 4936 cad.
1177 4857 1336 4915 lectio
1361 4858 1414 4913 iit
1447 4857 1712 4912 Florcntt.
1745 4875 1830 4930 pr.
1869 4870 1924 4916 et
1954 4878 2092 4933 sec.,

509 4933 605 4991 aed
637 4937 689 4989 itt
725 4949 839 4989 sec.
879 4933 1190 5002 corrigitur.

579 5006 670 5060 9.6.
715 5003 985 5074 Numquid
1006 4997 1114 5057 Iiwc
1132 5015 1267 5071 quis,
1287 5007 1404 5074 etc._
1421 4997 1558 5054 Puto
1579 5013 1702 5054 esse
1721 5000 2085 5074 scribendum.

506 5073 652 5130 Num
677 5075 810 5143 quis,
841 5071 970 5139 haec,
1003 5088 1116 5144 quae
1146 5071 1431 5144 communis
1473 5079 1568 5144 est.
1610 5079 1725 5144 etc.
1751 5071 1890 5144 Pium
1928 5075 2086 5143 quis,

508 5139 1133 5217 inquit,intremuitlnec
1157 5145 1193 5198 i.
1228 5156 1280 5197 e.
1303 5139 1374 5217 _ad_
1405 5139 1558 5217 lucc?
1583 5142 1728 5217 quod
1761 5139 1978 5198 lirtnan't
2002 5139 2090 5199 illa

504 5213 627 5289 qua:
661 5223 987 5289 sequuntur,
1026 5213 1325 5289 sesequealt
1355 5213 1650 5289 lntjusmodi
1687 5216 1911 5284 incepto,
1957 5231 2086 5289 con-

504 5282 720 5342 scientia
741 5282 924 5350 uictus,
955 5282 1207 5355 removit?
1241 5285 1358 5340 Non
1387 5282 1531 5337 enim
1563 5282 1749 5350 video,
1783 5282 1892 5355 quo
1923 5287 2087 5340 modo

503 5359 664 5414 aliter
689 5355 818 5412 satis
846 5365 971 5424 apte
998 5353 1101 5426 sibi
1133 5355 1295 5408 verba
1325 5355 1659 5410 cohaereant.
1697 5353 1820 5421 Vel,
1867 5367 2088 5426 recepta

501 5428 882 5486 emendatione
910 5425 1031 5481 cod.
1061 5424 1334 5489 Perizon.,
1379 5425 1492 5493 qui.
1528 5440 1624 5493 pro
1653 5426 1971 5479 conscientia
2003 5424 2087 5480 ci-

497 5510 632 5568 ctus,
666 5501 796 5570 legit
819 5495 1130 5570 conscientia
1159 5498 1327 5570 ricta,
1345 5495 1493 5570 locus
1523 5495 1624 5550 hac
1645 5495 2090 5570 interpunctionc

491 5564 763 5642 jttva'ndu's
792 5569 1022 5642 videtur.
1057 5564 1327 5642 Numquid
1363 5566 1500 5642 lucc,
1536 5580 1653 5636 qnw
1694 5569 1988 5642 communis
2017 5575 2092 5642 est

495 5635 650 5711 etiam
685 5656 799 5696 cum
834 5639 1018 5696 belluis
1058 5637 1185 5711 (vel
1216 5635 1423 5711 belluis,
1469 5635 1653 5691 deleto
1688 5651 1828 5711 cum,
1875 5643 1933 5690 ut
1963 5636 2092 5694 facit

496 5709 778 5786 Perizon.)
808 5714 970 5784 pictas
1010 5707 1370 5772 et'reversntia
1408 5715 1632 5781 naturae,
1665 5707 1808 5782 quod
1837 5724 1972 5765 unus
1999 5723 2090 5781 pe-

2129 4755 2177 4814 D

2218 3447 2450 3503 rima-mlo
2481 3461 2542 3499 ac
2569 3443 3300 3518 pereundopcontmisit.quia
3323 3441 3376 3498 in
3406 3460 3462 3497 se
3489 3443 3580 3515 agi
3605 3454 3803 3518 posset,

2219 3517 2517 3582 intremuit,
2561 3514 2771 3587 seseque
2796 3515 2860 3568 ab
2890 3514 3196 3586 hujusmodi
3243 3516 3450 3586 incepto
3491 3514 3803 3570 conscientia

2215 3594 2351 3644 victu
2376 3588 2586 3642 removit
2606 3586 2636 3642 ?.
2686 3586 2692 3587 ⁷
2957 3589 2960 3594 “

2283 3661 2376 3715 27.
2417 3657 2797 3729 Appendemla.
2819 3655 2938 3729 Meo
2963 3655 3202 3726 periculo
3230 3656 3354 3729 hoc,
3386 3672 3485 3729 pro
3513 3657 3802 3729 appetenda

2213 3739 2393 3786 textus
2414 3727 2662 3798 recipiat,
2689 3737 2765 3793 et,
2791 3727 2894 3782 nisi
2923 3737 2982 3781 ιιι
3001 3743 3188 3783 verum
3209 3727 3433 3782 verbum
3457 3727 3605 3793 dem,
3632 3731 3804 3784 actio-

2213 3818 2335 3857 nem
2376 3797 2696 3869 iujuriarum
2730 3815 2758 3852 a
2791 3808 3022 3868 praetore
3063 3799 3322 3865 postulet.
3371 3797 3546 3854 Laur.
3569 3799 3805 3854 —Erui-

2213 3889 2333 3928 mus
2379 3874 2515 3925 hanc
2557 3870 2845 3926 lectionem
2889 3877 3010 3938 post
3047 3869 3299 3924 Lautinm
3331 3884 3398 3925 ex
3433 3869 3587 3925 libris
3631 3887 3796 3937 mss.,

2210 3945 2298 4012 qui
2331 3941 2444 3999 fere
2472 3954 2660 3996 omnes
2692 3945 2763 4012 ita
2798 3940 3002 4012 legunt,
3035 3939 3120 3995 vel
3144 3941 3216 3994 ita
3241 3940 3522 4012 legendum
3552 3955 3679 4012 esse
3709 3957 3798 3994 su-

2211 4010 2570 4083 perscriptum
2615 4011 2838 4067 habent.
2875 4010 3045 4083 Vulgo
3074 4011 3386 4083 appetenda,
3426 4010 3584 4083 quod
3601 4027 3802 4080 nequa-

2209 4081 2373 4154 quam
2404 4081 2628 4138 alterius
2656 4082 2924 4154 venustati
2969 4097 3066 4154 par
3109 4081 3217 4137 εει.
3261 4081 3617 4153 Appendenda
3659 4084 3796 4136 enim

2209 4153 2476 4226 significat
2510 4156 2868 4226 :rquationem
2900 4153 3071 4207 laudis
3108 4163 3167 4226 et
3195 4155 3451 4226 sceleris;
3488 4168 3653 4222 quam
3687 4155 3797 4226 lau-

2207 4223 2330 4280 dem
2366 4240 2471 4280 non
2503 4223 2634 4278 dieit
2661 4224 2888 4278 Orosius
2928 4238 3049 4278 esse
3075 4223 3398 4292 simpliciter
3436 4224 3793 4293 appetendam

2206 4310 2270 4352 ex
2305 4295 2672 4365 magnitudine
2698 4295 2944 4361 sceleris,
2980 4294 3074 4349 sed
3106 4294 3508 4365 mstimaudam,
3550 4294 3797 4349 similitu-

2207 4366 2334 4425 dine
2361 4364 2784 4435 a’lancibustet
2813 4365 2976 4420 rebus
3004 4380 3124 4435 quae
3149 4364 3201 4420 in
3233 4365 3424 4420 iisdem
3474 4367 3796 4434 appendutt-

2209 4446 2315 4502 tnr,
2341 4438 2644 4508 desumpta.
2676 4433 2826 4491 Flor.
2861 4451 2946 4506 pr.
2980 4433 3243 4507 prasterea
3272 4435 3400 4506 legit
3440 4433 3796 4508 ad’ntagnitu-

2205 4510 2373 4562 tlinent
2403 4507 2628 4561 sceleris.

2273 4579 2365 4633 ‘28.
2409 4579 2476 4631 In
2521 4578 2615 4632 tali
2657 4577 2860 4632 militia.
2905 4577 3034 4632 Mss.
3067 4587 3124 4634 et
3165 4576 3294 4633 edd.
3338 4575 3580 4649 quidam,
3614 4578 3668 4633 in
3697 4578 3786 4632 tali

2205 4650 2406 4703 malitia
2424 4690 2445 4720 ,7
2473 4659 2527 4703 et
2559 4664 2682 4702 mox
2701 4649 3017 4720 ,Wfttgisscnt.

2273 4722 2362 4773 ἓξ),
2407 4719 2676 4774 Coloniam
2707 4717 3013 4790 Ostiensem.
3056 4718 3170 4774 lloc
3204 4717 3393 4790 scribit
3423 4717 3660 4790 Appian.
3686 4719 3780 4774 lib.

2207 4806 2244 4856 ι,
2289 4792 2430 4846 l’lnt.
2459 4791 2512 4844 in
2541 4791 2712 4857 Sulla,
2739 4790 2854 4844 Liv.
2880 4789 2972 4843 lib.
2999 4805 3181 4844 thux.
3211 4789 3375 4844 FABR.

2277 4863 2366 4918 30.
2411 4860 2716 4915 Desiderato
2762 4871 2900 4914 sunt.
2955 4861 3225 4924 Peritum,
3277 4861 3446 4916 deleta
3491 4870 3632 4917 sunt.
3688 4864 3795 4922 Sed

2204 4941 2315 5002 tres
2341 4931 2510 5002 Lugd.
2543 4931 2684 4986 Bitt.
2714 4945 2839 4986 cum
2886 4931 3025 5002 Coll.
3051 4931 3316 5002 Gronov.,
3359 4933 3589 5002 siderum
3631 4949 3752 4989 sunt
3775 4953 3792 4988 :

2199 5000 2355 5074 quasi
2384 5000 2649 5076 dicerent,
2681 5017 2854 5076 pravo
2878 5001 3058 5057 sidere
3078 5014 3209 5076 sunt
3229 5001 3431 5076 albata.
3472 5001 3527 5057 In
3556 5003 3780 5076 August.

2199 5073 2522 5145 Quoquesic
2546 5073 2754 5145 editur,
2772 5073 3020 5145 siderant,
3053 5073 3145 5127 alii
3173 5073 3438 5127 debilitata
3458 5084 3599 5126 sunt.

2269 5141 2360 5223 3].
2400 5143 2610 5223 Antium
2639 5143 2960 5223 et_Ariliam.
2989 5141 3178 5201 Ἀντίαν
3219 5149 3307 5201 καὶ
3335 5145 3549 5223 Ἀρικίαν
3579 5152 3662 5203 καὶ
3685 5160 3792 5205 Az-

2195 5216 2397 5270 νούϐιον
2429 5214 2657 5284 Appian.
2691 5213 2856 5269 Fam.

2269 5285 2357 5340 52.
2404 5285 2773 5356 Nobilissimos
2801 5301 3050 5356 quosque.
3078 5285 3136 5342 lu
3168 5285 3254 5343 his
3286 5285 3504 5341 fuerunt
3529 5295 3642 5345 tres
3670 5305 3791 5345 ora-

2198 5365 2364 5419 tores,
2401 5358 2470 5422 ρ.
2499 5354 2740 5422 Catulus,
2774 5355 2854 5410 M.
2886 5354 3141 5411 Antonius
3165 5399 3180 5423 ,
3209 5357 3270 5413 C.
3293 5355 3469 5412 Iulius
3495 5359 3689 5425 Cesar,
3720 5363 3789 5416 de

2202 5425 2404 5498 quibus
2445 5426 2638 5482 Cicero
2662 5428 2741 5498 gin
2788 5426 2976 5481 Bruto.
3026 5427 3160 5483 Tutn
3203 5443 3419 5498 quoque
3459 5429 3711 5485 Octavius
3733 5441 3786 5485 ct

2201 5497 2404 5572 Merula
2452 5511 2599 5572 coss.
2649 5496 2880 5572 Crassus
2931 5506 3086 5572 pater
3129 5507 3186 5554 et
3212 5496 3375 5572 filius,
3406 5501 3670 5572 multique
3695 5501 3781 5556 alii

2201 5567 2511 5640 interfecti:
2561 5568 2630 5624 de
2658 5567 2874 5640 quibus
2914 5569 3192 5640 Appianus
3242 5569 3336 5625 lib.
3378 5585 3418 5639 t,
3467 5567 3779 5640 Liviuxx,

2199 5637 2403 5697 Lucan.
2438 5638 2530 5696 lib.
2564 5653 2625 5710 tt,
2657 5637 2897 5697 Velleius
2926 5649 2983 5697 et
3004 5637 3116 5696 alii.
3145 5639 3310 5698 Fan.
