4076 6174
449 242 559 301 985

1857 235 2063 295 PAULI
2102 235 2326 294 OROSH

3640 239 3751 298 984

447 366 732 412 manorum
758 358 977 421 recepta
1006 356 1152 406 sunt.
1167 346 1360 404 Caeteri
1385 348 1475 421 qui
1501 362 1568 404 ex
1600 348 1703 404 hoc
1732 348 1874 405 bello
1907 348 2042 421 lapsi
2070 353 2123 412 Α
2148 347 2400 405 ardentes
2444 346 2607 403 sudes
2656 347 2832 419 sparsi
2872 355 3000 405 sunt
3030 389 3046 416 ,
3087 348 3366 423 multaque
3396 348 3645 405 incendia
3684 363 3754 404 ex

449 448 802 516 oberrabant,
837 459 934 516 per
958 444 1268 514 complures
1298 443 1463 498 duces
1501 442 1767 514 frequenti
1797 440 2050 513 indagine

451 543 496 575 ³⁸
543 540 711 595 attriti
750 548 898 594 sunt.
952 539 1023 592 At
1072 551 1174 607 ego
1224 537 1416 592 iterum
1472 550 1539 592 ac
1582 536 1782 609 sapius
1822 545 2046 607 repeto,

452 639 638 692 "num
652 633 908 706 quidnam
931 641 986 688 et
1015 630 1104 687 hic
1116 629 1709 701 comparationealiqua
1733 638 1894 701 egent
1917 640 2051 685 tent-

451 727 611 800 pora?
631 726 784 795 Quis,
800 738 955 795 rogo,
980 721 1167 778 audire
1191 738 1298 779 non
1314 722 1554 784 horreat.
1580 737 1687 778 non
1701 722 1878 778 dicam
1905 721 2049 778 bella

450 822 608 886 talia,
661 819 755 875 sed
803 817 887 873 vel
918 815 1135 873 nomina
1166 816 1209 847 ³⁸
1250 824 1396 871 tanta
1435 814 1701 871 bellorum
1729 856 1744 880 ,
1786 825 2048 882 externa,

448 913 698 979 servilia,
731 910 973 976 socialia,
994 908 1199 974 civilia,
1230 904 1725 980 fugitivorttmquc?
1750 907 1791 940 ¹⁹
1832 922 1952 978 quae
1982 920 2052 963 ne

455 1007 536 1062 sic
582 1003 804 1075 quidem
851 1000 1042 1058 saltem
1074 1015 1216 1067 sese,
1247 1012 1307 1055 ut
1335 1000 1589 1055 commoti
1617 995 1785 1054 maiis
1830 998 2053 1066 fluctus,

457 1098 505 1129 ²⁰
521 1096 766 1168 quamvis
786 1093 1024 1149 molibus
1038 1092 1266 1163 magnis,
1282 1100 1601 1163 Sequuntur,
1615 1091 1711 1147 sed
1726 1090 1960 1161 undique
1973 1090 2056 1146 di-

452 1189 635 1246 versis
672 1187 883 1253 causis,
913 1185 1211 1252 vocabulis,
1262 1184 1474 1252 formis,
1506 1184 1774 1255 malisque
1797 1184 2052 1252 excitata,

454 1284 499 1316 ²¹
522 1291 946 1351 coacervataque
968 1288 1319 1335 concurrunt.
1345 1278 1416 1335 Ut
1451 1295 1482 1335 e
1507 1279 1753 1351 proximo
1787 1287 2052 1351 repetam,

455 1386 511 1433 et
536 1376 737 1433 infame
776 1375 906 1431 illud
934 1374 1133 1430 servile
1163 1382 1509 1445 praeteream,
1539 1372 1919 1444 Jugurthinum
1946 1372 2059 1429 bel-

455 1471 569 1526 lum
598 1469 835 1525 nondum
854 1467 1031 1523 adhuc
1054 1466 1122 1522 ab
1146 1466 1333 1523 Africo
1352 1469 1397 1499 “
1415 1466 1759 1537 detonuerat,
1780 1467 1891 1537 jam
1914 1466 2061 1522 Cim-

457 1561 667 1618 brieum
689 1576 720 1617 a
742 1559 917 1616 Circio
942 1558 1364 1642 fulniinabat.De
1383 1559 1676 1616 Cimbricis
1700 1560 1808 1615 illis
1829 1559 2061 1616 nubibus

357 1725 361 1728 ν
456 1658 635 1712 adhuc
678 1655 808 1712 [ωᾰὶ
829 1655 1075 1725 vastique
1106 1662 1377 1710 torrentes
1414 1654 1568 1710 effusi
1613 1654 1894 1725 sanguinis
1932 1669 2057 1725 age.

2152 454 2260 495 uno
2287 438 2473 495 fomite
2492 438 2843 495 diffuderunt.
2867 439 2999 501 Nam
3021 439 3255 511 Lepidus
3286 450 3341 497 et
3363 440 3551 512 Scipio
3572 441 3625 495 in
3646 439 3758 495 Ita-

2150 536 2220 592 lia
2247 577 2262 601 ,
2309 534 2510 590 Brutus
2560 534 2614 590 in
2660 533 2871 602 Gallia,
2900 534 3192 601 Domitius,
3239 532 3425 591 Cinna:
3475 550 3667 605 gener,
3701 535 3755 590 in

2152 626 2361 695 Africa,
2389 626 2566 683 Carbo
2591 627 2645 682 in
2686 626 2919 684 Cossura
2950 637 3007 684 et
3042 627 3255 695 Sicilia,
3288 628 3567 699 Perperna
3594 628 3646 684 in
3670 627 3762 685 Li-

2152 719 2327 789 guria,
2357 729 2409 773 et
2437 727 2557 790 post
2595 734 2718 775 cum
2741 718 2986 777 Sertorio
3009 719 3062 775 in
3092 720 3378 791 Hispania,
3403 721 3760 793 omniumque

2152 813 2527 870 atrocissimus
2553 813 2829 871 Sertorius
2858 815 2914 870 in
2945 815 3135 872 eadem
3170 815 3451 887 Hispania,
3483 816 3600 871 haec
3632 827 3759 872 tunc

2154 906 2354 973 civilia,
2396 907 2481 964 vel
2505 922 2613 979 quo
2644 908 2751 964 alia
2788 907 3022 965 dicenda
3058 919 3187 965 sunt
3224 910 3470 979 nomine,
3494 908 3637 966 bella
3660 926 3758 966 ex-

2155 1002 2409 1066 citantes,
2432 1000 2502 1055 de
2524 1016 2633 1058 uno
2656 1000 2849 1070 multa,
2874 1002 2922 1033 ³⁸
2947 1001 3017 1057 de
3039 1015 3206 1072 parvo
3244 1017 3437 1073 magna
3469 1003 3753 1070 fecerunt;

2156 1090 2360 1161 absque
2385 1091 2494 1147 illis
2519 1091 2691 1147 tribus
2704 1092 3029 1148 vastissimis
3052 1092 3231 1159 bellis,
3250 1109 3372 1164 qua:
3393 1100 3759 1150 tuncexterna

2161 1186 2519 1253 vocabantur,
2551 1183 2655 1242 hoc
2679 1195 2783 1254 ρει,
2819 1185 3190 1258 Pamphylico,
3222 1186 3572 1243 Macedonico
3598 1201 3764 1259 atque

2166 1277 2490 1347 Dalmatico,
2506 1277 2848 1334 dissimulato
2862 1280 3027 1334 etiam
3053 1279 3354 1350 magnoillo
3375 1278 3760 1348 Mithridatico,

2162 1371 2320 1444 longe
2368 1370 2610 1425 omnium
2653 1370 2700 1401 "
2737 1369 3198 1435 diuturnissimo,
3257 1370 3653 1434 infestissimo,
3703 1385 3767 1427 ac

2161 1464 2704 1520 formidolosissimo:
2731 1465 2953 1533 deinde,
2987 1464 3166 1521 adhuc
3191 1465 3534 1536 Hispaniensi
3576 1465 3767 1522 Serto-

2164 1556 2319 1612 riano
2358 1556 2598 1613 nondum
2630 1555 2803 1622 linito,
2829 1558 2996 1613 immo
3038 1557 3158 1628 ipso
3184 1557 3364 1613 adhuc
3392 1558 3610 1614 vivente
3637 1557 3767 1614 Scr-

2167 1648 2327 1715 torio,
2353 1649 2455 1705 hoc
2482 1648 2856 1720 fugitivorum,
2880 1658 2936 1705 et
2965 1650 3008 1681 ³⁷
3040 1659 3101 1705 ut
3128 1651 3310 1706 verius
3335 1650 3537 1715 dicam,
3567 1650 3771 1721 gladia-

458 1753 679 1819 bantur,
708 1752 821 1822 jam
853 1724 1071 1806 socialis
1100 1749 1146 1782 ⁸³
1177 1749 1301 1804 belli
1331 1748 1495 1820 362
1522 1724 1747 1804 nebulas
1787 1750 1841 1803 in
1867 1724 2059 1819 magna
2092 1744 2137 1804 B
2169 1745 2362 1803 torimn
2410 1744 2612 1799 bellum
2654 1743 2921 1799 inhorruit
2944 1785 2957 1809 ,
2996 1743 3111 1814 jam
3164 1759 3273 1799 non
3329 1746 3378 1777 ”
3414 1744 3766 1814 spectandum
3836 1724 3843 1730 ’

460 1845 719 1903 continuo
744 1844 1010 1899 malorum
1046 1841 1227 1896 nubila
1258 1841 1530 1910 coituras,
1555 1840 1750 1896 misera
1775 1829 2065 1896 exhalabat

461 1939 635 1994 Italia.
666 1937 858 1992 Adhuc
883 1950 1013 1991 vero
1041 1942 1161 2006 post
1213 1933 1478 1988 infinitam
1509 1934 1871 2004 crebramque
1899 1934 2064 2015 ltalici

461 2030 592 2085 belli
632 2036 1008 2098 tempestatem
1055 2025 1288 2082 discurri
1331 2035 1446 2082 tuto
1473 2042 1568 2097 per
1594 2025 1802 2083 italiam
1842 2025 2066 2083 minime

467 2129 681 2194 poterat
708 2139 722 2177 :
752 2121 824 2175 ita
852 2134 1043 2176 omnes
1072 2114 1277 2189 absque
1307 2118 1414 2173 illis
1443 2116 1922 2189 periculosissimis
1963 2117 2066 2172 ini-

463 2215 729 2271 micarum
780 2212 992 2267 urbium
1021 2210 1402 2280 voraginibus,
1448 2208 1708 2283 dissoluta
1755 2224 1817 2263 ac
1856 2208 2066 2263 lubrica

463 2323 600 2381 pace
622 2306 953 2361 titubabant:
984 2305 1094 2374 jam
1123 2304 1227 2359 sibi
1253 2302 1547 2357 Marianum
1577 2309 1738 2373 atque
1762 2300 2064 2356 Ciunanum
2114 2309 2123 2317 '

466 2398 639 2454 Roma
669 2395 1009 2467 parturiebat
1027 2394 1321 2461 excidium,
1347 2404 1399 2449 et
1422 2393 1571 2449 aliud
1592 2410 1622 2450 c
1644 2394 1859 2449 diverso
1875 2394 2068 2450 Oriens

467 2502 630 2561 atque
667 2490 888 2558 Aquilo,
923 2489 1026 2542 hoc
1056 2496 1139 2541 est
1177 2486 1230 2519 ἰ
1268 2485 1688 2542 Mithridaticum
1739 2487 2064 2555 minabatur,

469 2581 615 2652 quod
641 2581 858 2652 quidem
903 2578 1329 2635 Mithridaticum
1366 2593 1395 2631 a
1423 2578 1802 2648 superioribus
1831 2588 2068 2650 emptum

472 2691 639 2747 porro
671 2676 725 2730 in
756 2675 1014 2731 ulteriora
1050 2674 1363 2744 porrigitur.
1391 2673 1466 2727 De
1496 2672 1735 2728 Mariana
1763 2672 1883 2730 face
1911 2690 2072 2747 rogus

470 2768 707 2825 Sullanae
732 2764 900 2821 cladis
919 2779 1184 2821 accensus
1203 2773 1312 2831 est,
1330 2764 1401 2820 de
1418 2765 1521 2819 isto
1542 2778 1675 2835 rogo
1700 2763 2073 2822 funestissitno

473 2861 685 2919 Sullani
711 2871 761 2917 et
791 2859 968 2916 civilis
1005 2859 1134 2915 belli
1174 2874 1270 2931 per
1301 2859 1563 2931 plurimas
1594 2870 1861 2915 terrarum
1892 2868 2074 2932 partes

2169 1836 2377 1907 paucis,
2411 1835 2507 1892 sed
2539 1835 2737 1906 ubique
2766 1835 3142 1893 metuendum.
3172 1836 3328 1905 Quod
3359 1837 3482 1907 quia
3512 1835 3766 1906 fugitivo-

2171 1943 2289 1983 rum
2322 1927 2523 1984 bellum
2549 1927 2772 1996 dicitur,
2798 1930 3121 1985 neminivile
3149 1931 3411 1985 habeatur
3433 1944 3502 1985 ex
3528 1930 3764 1987 nomine.

2168 2019 2325 2093 Saepe
2348 2023 2401 2077 in
2423 2038 2487 2078 eo
2509 2022 2708 2094 singuli
2733 2032 2788 2079 et
2813 2023 3105 2093 aliquando
3130 2023 3291 2079 simul
3318 2039 3442 2079 cum
3470 2023 3767 2095 agminibus

2173 2115 2374 2171 frustra
2401 2115 2609 2186 junctis
2638 2116 2800 2171 ambo
2826 2118 3080 2173 consules
3109 2116 3236 2172 victi
3262 2124 3412 2182 sunt,
3444 2116 3767 2187 plurimique

2171 2210 2383 2284 nobiles
2402 2209 2675 2266 trucidati.
2693 2209 2798 2281 Ipsi
2816 2220 2995 2265 autem
3017 2210 3219 2279 fugitivi
3239 2209 3359 2280 plus
3376 2223 3536 2281 quam
3553 2218 3766 2265 centum

2171 2304 2338 2359 millia
2364 2302 2543 2371 fuere,
2577 2303 2669 2375 qui
2705 2304 2833 2360 caesi
2864 2312 3015 2360 sunt.
3051 2303 3128 2359 Ex
3158 2317 3267 2373 quo
3297 2304 3680 2373 admonemus,
3710 2312 3769 2359 ut

2170 2396 2284 2468 ipsa
2338 2411 2397 2452 se
2446 2396 2757 2453 consoletur
2801 2395 2954 2451 ltalia
2986 2396 3053 2451 de
3101 2396 3392 2451 vexatione
3417 2404 3764 2452 externorum

2174 2491 2521 2561 prmsentitlm
2551 2534 2565 2558 ,
2652 2504 2751 2560 per
2843 2488 3283 2545 recordationem
3362 2489 3766 2558 praeteritorum

2173 2585 2219 2617 ²⁹
2249 2599 2317 2638 ex
2347 2597 2406 2638 se
2460 2592 2623 2654 atque
2675 2584 2730 2638 in
2797 2597 2900 2649 se;
2959 2592 3014 2638 et
3043 2584 3216 2653 ipsam
3272 2598 3334 2638 se
3362 2581 3760 2655 incomparabi-

2177 2677 2306 2732 liter
2358 2676 2521 2749 363
2567 2676 2842 2734 crudelius
2896 2676 3246 2733 dilaceratam
3288 2678 3502 2734 noverit
3555 2692 3587 2731 a
3634 2678 3768 2731 suis.

2183 2769 2551 2838 Quamobrem
2588 2770 2633 2806 ³⁸
2666 2769 2792 2826 huic
2822 2784 2964 2826 nunc
2991 2772 3182 2840 quinto
3209 2770 3469 2827 volumini
3503 2768 3666 2826 linem
3697 2769 3770 2823 fe-

2181 2862 2372 2932 cerim,
2407 2871 2464 2917 ut
2488 2862 2633 2919 bella
2660 2863 2842 2920 civilia
2873 2866 3119 2921 externis
3151 2862 3351 2943 ubique
3380 2862 3663 2937 permixta,
3690 2861 3769 2917 vel

1756 2998 2208 3057 HAVERCAMPI
2248 2998 2516 3058 NOTAE.”
2594 3023 2601 3029 ο

550 3127 641 3185 16.
674 3125 848 3182 Attriti
868 3131 1007 3180 sunt.
1036 3122 1138 3197 Ed:
1174 3121 1660 3197 August.,_coutriti
1690 3129 1832 3197 sunt.

551 3202 640 3256 17.
672 3196 1067 3267 Numquidnam
1098 3192 1147 3248 et
1175 3192 1282 3249 hic:
1311 3193 1480 3264 Lugd.
1514 3192 1632 3250 Bat.
1665 3209 1747 3265 pr.
1782 3192 1913 3265 legit
1938 3194 2073 3261 hinc,

480 3273 635 3328 Meus
657 3269 806 3324 delet
842 3268 1039 3334 aliqua.

554 3342 642 3396 18.
673 3339 864 3393 Tanta.
903 3336 1144 3392 Florent.
1178 3352 1326 3400 sec.,
1360 3344 1644 3390 tantorum.
1688 3335 1833 3402 Mox,
1866 3349 1966 3405 pro
1995 3336 2082 3406 {u-

494 3413 793 3485 gitiuorztm,
819 3408 1065 3485 Perizon.
1097 3418 1153 3485 ct_
1178 3407 2004 3485 Meusrectctfugitivorumque.

558 3482 648 3537 19.
691 3479 817 3545 Qum
857 3495 921 3532 ne
949 3480 1023 3532 sic
1066 3477 1309 3548 quidem.
1336 3479 1463 3532 Mss.
1494 3477 1631 3548 fere
1660 3492 1855 3531 omnes
1894 3492 1991 3547 pro
2021 3494 2084 3532 ne

489 3554 737 3611 scribunt
785 3566 922 3616 nec;
950 3558 1006 3604 at
1030 3546 1236 3619 quidem
1279 3546 1465 3602 delent
1492 3547 1663 3619 Lugd.
1704 3547 1845 3601 Batt.
1892 3562 2084 3605 omnes

486 3640 609 3682 cum
631 3621 769 3679 Coll.
794 3620 990 3681 Gron..
1013 3622 1139 3675 item
1163 3635 1313 3674 meus
1330 3628 1385 3674 et
1405 3619 1655 3674 Perizon.

556 3696 650 3751 2t).
675 3693 937 3760 Quamvis.
970 3690 1142 3762 Lugd.
1174 3690 1290 3745 Bal.
1317 3704 1436 3762 pr.,_
1456 3689 1760 3762 quatttt'st'is.
1833 3759 1841 3762 Α
1942 3761 1947 3762 γ
1988 3750 1997 3757 _

555 3769 648 3824 21.
680 3759 1105 3832 Coacervataque.
1137 3762 1230 3818 Sic
1258 3759 1630 3824 confidenter,
1673 3761 1789 3815 hate
1832 3759 2086 3817 laudante

484 3839 757 3895 Palmerio
789 3877 802 3897 .
857 3836 1056 3902 posui,
1120 3847 1217 3903 pro
1268 3832 1530 3902 vulgari,
1584 3841 1885 3887 coacervata
1916 3878 1930 3901 ,
1982 3848 2086 3889 nec

487 3910 667 3965 adhuc
725 3906 951 3971 diffide,
1025 3905 1155 3975 quin
1213 3904 1304 3959 alii
1359 3918 1574 3974 quoque
1622 3904 1730 3959 sint
1785 3904 2083 3969 probaturi.

486 3980 665 4036 Laur.
1852 4024 1857 4035 ,

559 4050 650 4103 2‘2.
705 4046 1047 4100 Detonuerat.
1088 4043 1259 4114 Lugd.
1311 4043 1425 4097 Bnt.
1468 4057 1579 4099 see.
1609 4059 1730 4098 cum
1762 4044 1934 4101 tribus
1962 4044 2087 4100 Flo-

493 4119 723 4175 rentinis
746 4125 801 4171 et
826 4116 909 4174 ed.
936 4115 1075 4185 Aug.
1100 4113 1305 4184 legunt.
1322 4113 1739 4186 perdelonuerat;
1769 4115 1912 4184 quod
1945 4116 2085 4172 idem

491 4192 633 4247 velle
655 4189 863 4244 videtur
880 4187 1028 4242 .Coll.
1058 4186 1329 4250 Gronov.,
1355 4201 1476 4258 eum
1512 4186 1683 4241 tribus
1705 4186 1926 4258 reliquis
1956 4203 2085 4242 mss.

2102 3123 2149 3186 C
2181 3124 2607 3194 amphitheatro,
2641 3125 2692 3180 in
2740 3139 2849 3196 quo
2889 3125 3131 3182 inclusos
3177 3108 3498 3196 depugnare
3548 3121 3772 3179 iuterse

2184 3207 2475 3269 cernerent
2503 3196 2832 3269 gladiatores
2864 3198 3051 3253 otiosi.

2254 3267 2346 3324 29.
2374 3265 2645 3336 Ezedlque
2670 3265 2796 3323 inae
2815 3269 2953 3338 ipsa,
2980 3285 3076 3324 nec
3103 3276 3243 3336 putet
3270 3283 3325 3321 se
3350 3265 3750 3339 incomparabili
3759 3296 3771 3339 ξ

2184 3346 2262 3393 ter
2293 3338 2593 3394 dilacerari.
2626 3337 2870 3394 Monstra
2919 3340 3169 3395 Herculis
3216 3338 3305 3393 hic
3328 3337 3537 3392 domui.
3571 3337 3770 3406 Scripti

2184 3424 2396 3477 omnes,
2444 3408 2527 3463 Ea:
2543 3426 2597 3463 se
2625 3411 2858 3481 atquein
2887 3427 2943 3466 se
2969 3409 3449 3480 incomparabiliter
3486 3408 3774 3481 dilaceran-

2186 3481 2337 3547 tium,
2371 3482 2568 3551 quibus
2591 3479 2718 3551 quid
2742 3481 3066 3537 confusius?
3090 3479 3197 3539 seu
3221 3488 3407 3537 tamen
3437 3489 3494 3533 ttt
3525 3480 3655 3533 mihi
3681 3479 3774 3533 tri-

2187 3551 2596 3624 bttantfecisse,
2630 3567 2876 3624 exeatque
2911 3554 2965 3607 in
2992 3570 3047 3608 se
3072 3555 3186 3624 ipsa
3222 3556 3289 3606 de
3318 3568 3381 3606 ex
3405 3568 3458 3605 se
3483 3558 3638 3624 atque
3660 3551 3774 3624 inse.

2186 3623 2320 3693 ipsa,
2356 3623 2433 3678 ita
2461 3622 2670 3679 Veneto
2696 3621 2838 3679 libro
2878 3624 3034 3690 illttd,
3068 3621 3157 3679 nec
3188 3634 3326 3693 putet
3347 3622 3650 3693 se,iuterito
3681 3621 3773 3677 de-

2188 3692 2313 3749 bet).
2360 3693 2835 3769 Laur—Nouem:
2874 3696 3035 3769 (quas
3086 3692 3336 3769 respicit)
3378 3692 3774 3769 cdtl_.___leguut,

2190 3773 2431 3838 amentque
2447 3766 2506 3838 in
2532 3766 2777 3838 seipsam,
2801 3765 2895 3823 nec
2925 3774 3066 3837 putet
3096 3765 3648 3838 “incomparabiliter
3666 3780 3778 3818 cnt-

2189 3834 2361 3889 delins
2381 3834 2675 3891 dilacerari.
2704 3838 2886 3907 anue
2916 3834 3158 3893 omnium
3182 3844 3316 3892 vett.
3336 3836 3463 3892 edd.
3494 3835 3658 3890 lectio
3677 3842 3775 3900 est,

2192 3916 2550 3980 praeterquam
2579 3907 2670 3964 ed.
2700 3913 2954 3978 August.,
2985 3923 3107 3980 qua:
3139 3908 3221 3963 sic
3249 3907 3438 3980 habet,
3454 3922 3535 3980 es
3553 3923 3607 3960 se
3632 3917 3780 3980 atque

2189 3978 2245 4031 in
2275 3994 2329 4032 se
2364 3978 2530 4049 ipsam
2569 3978 3047 4050 incomparabiliter
3078 3980 3341 4050 crudelius
3386 3978 3778 4033 dilucet-antistat

2191 4065 2430 4123 suorum,
2456 4066 2603 4123 ‘quae
2651 4049 2870 4123 quoque
2899 4050 3022 4106 cod.
3071 4049 3318 4121 Longob.
3373 4051 3646 4123 scriptura
3675 4057 3777 4111 est,

2194 4121 2294 4175 nisi
2327 4119 2472 4191 quod
2503 4119 2701 4190 augeat
2731 4119 2828 4189 ita,
2862 4138 2925 4178 ea:
2946 4138 3022 4188 se,
3054 4119 3212 4192 atque
3238 4124 3293 4174 in
3317 4137 3391 4186 se,
3425 4131 3475 4174 et
3517 4121 3687 4192 ipsum
3731 4135 3782 4172 se

2193 4190 2458 4262 incomp.;
2491 4207 2683 4265 neque
2713 4193 3020 4265 athtngob.
3059 4190 3385 4265 diSerepant
3422 4190 3596 4265 Lugd.
3637 4190 3775 4265 Hau.

496 4262 670 4333 Lugd.
705 4261 872 4327 Batt.,
897 4258 951 4312 in
975 4258 1277 4333 quibusest
1308 4256 1569 4333 perditum
1595 4256 1837 4325 noverat,
1859 4259 2095 4333 velper-
2193 4256 2451 4333 quatuor
2476 4256 2598 4316 cuni
2648 4261 2787 4318 Coll.
2821 4256 3060 4321 Gronov.
3091 4274 3147 4319 et
3185 4256 3308 4318 eiul.
3356 4256 3609 4318 Periion.
3643 4261 3782 4315 Meus

495 4328 604 4389 dita
641 4340 863 4387 moverat
888 4372 903 4395 ,
941 4331 1026 4383 vel
1074 4328 1315 4397 denique
1356 4330 1613 4397 perditum
1650 4338 1896 4384 moverat.
1939 4330 2090 4386 Meus

492 4420 624 4460 vero
637 4404 805 4460 codex
825 4400 1041 4457 exhibet
1055 4407 1405 4471 pertonuerat.
1422 4398 1551 4472 Mox
1565 4406 1737 4472 etjam
1752 4399 2088 4472 Cimbricum,

492 4486 657 4545 atque
684 4473 961 4544 aliquanto
991 4481 1143 4541 post,
1189 4481 1235 4524 et
1247 4474 1365 4543 jam
1391 4471 1600 4525 socialis
1626 4471 1748 4525 belli
1786 4472 1910 4527 edd.
1938 4488 2090 4543 qum-

495 4549 642 4603 dam.
667 4545 814 4601 Vett.

564 4617 656 4676 2'5.
683 4616 820 4672 Belli
847 4614 1084 4683 nebulas,
1129 4621 1236 4670 etc.
1273 4611 1420 4684 Virg.
1450 4611 1674 4669 IEneid.
1708 4628 1769 4679 Χ,
1800 4612 1943 4671 809:

654 4727 1056 4843 éﬁnteas‘nubem
1081 4726 1220 4790 belli,
1245 4726 1363 4776 dum
1384 4725 1612 4790 detonet,
1638 4738 1838 4776 omnem

693 4805 749 4842 us
774 4805 853 4842 tne
884 4828 896 4840 .

693 4805 896 4842 ιιειιηθι.

563 4899 656 4954 24.
708 4896 1142 4952 Mithridaticum.
1200 4893 1373 4965 Lugd.
1427 4894 1569 4951 Batt.
1628 4903 1740 4950 tres
1778 4909 1902 4951 cum
1947 4895 2089 4954 Coll.

493 4969 735 5039 Gronov.
761 4968 1064 5039 adiungunt
1091 4965 1305 5022 bellum.

563 5038 656 5095 25.
684 5036 764 5093 De
790 5036 953 5106 parvo
978 5055 1166 5109 magna
1206 5042 1455 5106 fecerunt.
1491 5036 1634 5094 Edd.
1667 5046 1826 5105 vctt.,
1858 5039 1923 5095 de
1944 5041 2097 5096 mini-

490 5128 583 5185 mo
615 5125 831 5185 magna
852 5108 1103 5185 fecerunt.
1131 5108 1262 5165 Mss.
1311 5124 1525 5185 omnes,
1547 5109 1623 5185 ‘de
1652 5125 1840 5182 magno
1868 5128 2093 5185 magna;

491 5179 987 5255 unicusl’criton.,
1017 5179 1081 5234 de
1102 5195 1289 5250 magno
1311 5183 1513 5252 majora
1535 5179 1800 5255 fecerunt,
1819 5179 1974 5253 quod
1992 5179 2094 5255 ego

492 5270 607 5323 prae
638 5250 864 5321 reliquis
890 5260 1151 5324 praestare
1176 5258 1329 5324 puto,
1351 5250 1526 5324 neque
1557 5253 1701 5306 enim
1717 5250 1969 5322 exiguum
1995 5250 2095 5312 fuit

490 5319 626 5381 illud
651 5319 850 5379 bellum
875 5319 1036 5375 Civile
1061 5322 1175 5377 sive
1204 5323 1403 5378 sociale
1430 5319 1687 5395 primum,
1713 5319 1855 5379 unde
1885 5327 2091 5398 reliqua

491 5402 879 5467 provenerunt.
919 5464 928 5467 _
991 5464 1002 5467 _
1153 5464 1177 5467 Α
1326 5464 1339 5467 _
1956 5451 1963 5459 .

556 5469 651 5526 26.
683 5464 1111 5520 Diulurnissimo.
1147 5464 1548 5532 Superlativum
1579 5469 1720 5525 hunc
1747 5469 1955 5529 nolunt.
1985 5469 2083 5525 sed

485 5540 730 5611 diuturno
767 5536 1175 5611 scribunt,_tres
1198 5535 1486 5611 _Florent.,
1527 5546 1639 5597 tres
1692 5538 1862 5611 Lugd.
1910 5539 2079 5609 Batt.,

486 5609 660 5677 Meus,
683 5607 931 5664 Perizon.
959 5616 1015 5664 et
1034 5606 1170 5663 Coll.
1187 5607 1428 5677 Gronov.

556 5676 651 5736 27.
683 5678 751 5735 Ut
787 5680 957 5734 verius
980 5680 1170 5734 dicam.
1197 5679 1253 5735 ln
1283 5676 1523 5735 Florent.
1551 5695 1666 5738 sec.
1695 5682 1850 5738 deest
1880 5689 1956 5735 ut.

479 5774 493 5810 ,δ
554 5751 649 5806 28.
672 5750 1027 5821 Spectandum
1053 5750 1255 5823 paucis.
1291 5748 1397 5807 Per
1423 5752 1757 5824 voluptatem
1787 5752 1997 5810 scilicet
2019 5751 2074 5808 in

2118 4517 2174 4579 D

2195 4348 2325 4406 vero
2354 4332 2501 4406 legit,
2531 4349 2593 4388 ea:
2618 4351 2671 4388 se
2694 4343 2846 4406 atque
2872 4336 2927 4390 in
2951 4352 3037 4402 se;
3063 4344 3111 4389 et
3131 4335 3301 4406 ipsam
3326 4352 3378 4388 se
3404 4332 3781 4406 incomparabi-

2196 4404 2314 4458 liter
2352 4405 2618 4459 crudelt'us
2665 4403 3002 4461 dilue-erutam
3039 4403 3236 4460 noverit
3267 4424 3299 4459 (ι
3334 4405 3463 4459 suis.
3494 4404 3628 4471 Quae
3671 4403 3780 4456 Sola

2199 4474 2331 4528 mihi
2360 4490 2487 4546 vera
2515 4476 2733 4531 videtur
2764 4491 2891 4533 esse
2919 4478 3083 4546 hujus
3130 4479 3229 4532 loci
3273 4476 3614 4541 emendatio;
3648 4473 3783 4546 Lau-

2200 4547 2273 4601 tio
2303 4545 2448 4601 enim
2481 4562 2818 4617 nequaquam
2841 4545 3112 4617 plausum,
3140 4563 3301 4616 quem
3331 4546 3434 4602 sibi
3467 4546 3658 4617 tribuit
3692 4545 3780 4608 do,

2200 4633 2324 4689 nam
2356 4616 2893 4689 externa'prccsentia,
2936 4621 3004 4675 de
3042 4619 3244 4689 quibus
3272 4618 3519 4689 loquitur
3536 4616 3779 4689 Orosius,

2199 4687 2400 4761 debent
2428 4688 2531 4744 sibi
2563 4685 2761 4745 habere
2788 4690 2990 4761 aliquid
3017 4685 3358 4760 oppositum,
3380 4688 3529 4761 quod
3554 4689 3713 4746 deest
3730 4685 3783 4742 in

2199 4758 2464 4814 Lautiana
2493 4758 2901 4827 emendatione,
2930 4758 3209 4818 invenitur
3247 4758 3430 4817 autem
3472 4759 3527 4815 in
3571 4767 3781 4819 nostra.

2201 4829 2460 4886 videlicet
2484 4833 2746 4900 prazterita
2766 4831 2857 4886 illa
2882 4833 3020 4888 bella
3046 4833 3163 4888 sive
3193 4832 3357 4897 mala,
3387 4848 3452 4886 ea:
3479 4847 3533 4887 se
3561 4840 3715 4897 atque
3733 4830 3784 4882 in

2201 4917 2274 4955 se.
2297 4901 2376 4956 Ad
2402 4904 2540 4956 hanc
2559 4918 2772 4971 quoque
2786 4903 3230 4959 emendationem
3245 4902 3449 4968 aliquid
3472 4901 3781 4966 conferunt,

2204 4972 2380 5044 vitiosi
2412 4974 2463 5027 in
2499 4974 2792 5043 prioribus,
2826 4973 3067 5031 Florent.
3099 4990 3212 5030 sec.
3236 4984 3291 5030 et
3319 4982 3471 5039 tert.,
3496 4988 3564 5030 ex
3592 4974 3785 5044 quibus

2202 5057 2315 5099 sec.
2344 5043 2742 5117 (consentiente
2774 5044 2941 5117 Ultr.)
2978 5046 3130 5117 legit,
3167 5055 3413 5110 exeatque
3440 5050 3495 5099 in
3526 5043 3675 5112 se,“
3703 5045 3783 5115 ip-

2197 5130 2308 5168 sam
2338 5131 2392 5169 se
2418 5115 2890 5187 incomparabiliter
2922 5115 3192 5171 crudelius
3236 5117 3612 5171 dilacerantum
3646 5117 3787 5187 (cor-

2198 5195 2406 5241 rectum
2453 5183 2556 5241 fuit
2598 5189 2651 5241 in
2703 5187 2947 5243 Floreat.
2981 5186 3353 5256 dilaceratam)
3378 5183 3784 5253 suorumﬂcrt.

2197 5271 2348 5331 vero,
2384 5268 2631 5331 exegitque
2658 5259 2713 5314 itt
2741 5276 2794 5331 se
2820 5268 2867 5314 et
2896 5260 3065 5331 ipsam
3084 5274 3138 5314 se
3159 5257 3640 5331 incomparabiliter
3674 5274 3787 5331 crit-

2195 5328 2362 5403 defius
2392 5328 2741 5403 dilacerata»:
2773 5328 3224 5403 (superscribitur
3253 5329 3544 5403 adﬂictam)
3567 5329 3782 5384 noverit.

2194 5397 2476 5474 Fabricius
2507 5409 2562 5474 et
2598 5397 2817 5474 Scottus
2852 5397 3162 5474 vulgarunt,
3194 5397 3604 5474 praeteritorum.
3635 5416 3702 5454 ex
3735 5414 3787 5452 se

2191 5478 2345 5544 atque
2372 5470 2426 5523 in
2448 5472 2672 5544 seipsam
2696 5470 3174 5543 incomparabiliter
3195 5470 3465 5527 crudelius
3494 5471 3784 5526 dilaceran-

2193 5542 2342 5597 lium.

2259 5613 2351 5668 3t).
2388 5612 2526 5668 Huic
2554 5628 2715 5685 nunc.
2759 5612 2834 5685 Ita
2875 5613 3280 5685 lcgerejnbent
3320 5628 3454 5669 mss.
3499 5613 3779 5684 meliores,

2187 5683 2279 5741 alii
2306 5693 2361 5742 et
2388 5686 2572 5756 vnlgg.
2613 5682 2768 5755 edd.,
2809 5682 3141 5757 huic'qninto
3173 5685 3420 5742 volumini
3435 5687 3576 5757 jam.
