4076 6174
281 299 387 355 985

1373 297 1854 358 HISTORIARUM
1894 299 2099 357 LlBER
2141 299 2224 357 Vl.
2269 299 2424 356 CAP.
2470 299 2511 356 Ι.

3485 303 3590 361 986

274 430 398 486 qua:
430 413 574 470 dicta
616 420 763 482 sunt,
807 413 891 468 vel
925 413 1087 469 etiam
1119 427 1240 484 quae
1271 423 1596 484 sequuntur,
1627 413 1754 485 quia
1790 413 1869 470 sic
1897 419 1946 480 Α
1975 424 2186 484 serunt,
2219 413 2341 470 libri
2373 413 2566 470 saltem
2591 414 2825 472 termino
2849 425 3192 487 separentur.

275 507 380 564 sibi
406 506 448 538 ³¹
475 506 618 563 serie
655 513 960 578 temporum
982 505 1025 538 ³³
1052 515 1106 562 et
1135 506 1294 562 malis
1322 506 1656 578 sequacibus
1686 506 1869 562 colue-

1574 645 2025 702 IIAVERCAMPI
2066 617 2300 704 Numa.

345 765 436 818 'a'l.
472 763 618 834 Serie
637 770 964 834 temporum.
983 760 1156 834 Meus,
1178 762 1383 817 miserie
1410 770 1721 834 temporum.

317 835 440 961 ἓξ.
474 833 540 890 Et
568 835 719 888 utalia
739 832 1039 905 sequacibus
1063 831 1210 888 Flor.
1243 848 1382 901 scc.,
1417 843 1472 887 ut
1505 831 1658 888 malis
1686 850 1870 902 sequa-

317 927 326 961 l
368 924 444 960 118.

281 924 444 962 ctous.

344 980 402 1034 In
435 993 536 1032 ms.
571 976 696 1033 cod.
737 974 1188 1043 Lougobardico,
1223 983 1347 1046 post
1391 976 1510 1043 illa,
1546 975 1706 1030 Pauli
1739 975 1877 1030 Oro-

273 1051 340 1106 sii
380 1049 472 1104 lib.
512 1048 554 1102 V
592 1047 824 1120 explicit.
863 1049 1061 1118 Incipit
1099 1049 1190 1104 lib.
1231 1047 1336 1117 VI,
1385 1049 1576 1104 notitia
1625 1050 1873 1119 quaedam

1987 762 2389 836 prteclaribejus
2415 762 2622 818 codicis
2653 765 2921 834 sequitur,
2953 765 3218 836 scriptura
3255 770 3469 831 eadem,
3505 768 3589 826 his

1985 835 2167 888 verbis
2199 833 2518 907 :Confectus
2560 833 2805 890 collemin
2838 833 3334 907 statione'mttgistri
3373 837 3589 896 Viliaric

1983 906 2284 974 antiquarii.
2321 905 2429 959 Ora
2449 923 2541 977 pro
2574 923 2653 962 me
2681 907 2950 979 scriptore,
2979 909 3052 962 sic
3080 905 3365 964 Dominum
3392 909 3582 967 habeas

1985 986 2348 1048 protectorem.

1330 1316 1810 1428 LIBER
1891 1315 2533 1424 SEXTUS.

701 1601 866 1676 365
889 1601 1116 1660 CAPUT
1155 1603 1446 1660 PRIMUM.

330 1699 376 1757 U
381 1717 503 1756 num
527 1698 714 1767 Deum,
751 1708 855 1752 tant
887 1697 1175 1823 Gentilium
1206 1716 1361 1770 quam
1391 1697 1802 1754 Christianorum

961 1787 1016 1823 ιιι
1059 1787 1177 1823 ιειο.

951 1787 1177 1854 λιιαιειο.

1992 1603 2121 1660 dum
2153 1605 2194 1636 ¹¹
2222 1604 2430 1660 intento
2452 1604 2653 1662 mentis
2673 1605 2851 1662 studio
2869 1615 3139 1679 qutcrunt,
3164 1617 3580 1682 scrutanturque

1973 1696 2178 1763 omnia,
2214 1713 2376 1750 unum
2402 1697 2572 1752 Deum
2586 1707 2860 1754 auctorem
2889 1701 3130 1756 omnimn
3151 1701 3194 1732 “
3215 1712 3561 1772 repererunt,

1969 1787 2035 1843 ad
2081 1803 2245 1859 quem
2295 1804 2462 1844 unum
2516 1789 2696 1845 omnia
2732 1791 3160 1849 “referrentur:
3217 1795 3363 1850 unde
3401 1797 3567 1851 etiam

339 1887 542 1943 Omnes
575 1885 840 1950 homines,
878 1885 894 1916 ¹
927 1884 1220 1955 cujuslibet
1255 1884 1339 1940 vel
1378 1892 1566 1952 sectae,
1606 1884 1689 1939 vel
1717 1884 1860 1951 vitae,
1896 1864 1943 1924 Β
1972 1897 2114 1937 nunc
2145 1884 2358 1954 pagani,
2391 1883 2435 1914 ¹⁵
2466 1898 2599 1952 quos
2632 1883 2745 1954 jam
2789 1885 3066 1941 declarata
3105 1888 3306 1942 veritas
3331 1888 3401 1945 de
3427 1903 3564 1945 con-

266 1982 356 2038 vel
389 1982 600 2050 patriai,
633 1981 707 2036 ita
739 1991 955 2048 semper
976 1978 1042 2033 ad
1076 1987 1420 2048 prospectum
1454 1976 1748 2046 prudentiae
1779 1993 1868 2029 ιιςι-

272 2073 439 2130 turali
484 2073 628 2128 bono
660 2074 681 2103 ²
710 2073 1015 2141 eriguntur,
1065 2079 1119 2124 ut
1173 2069 1572 2124 oblectamento
1620 2067 1866 2138 corporis

269 2168 540 2224 rationale
586 2167 805 2232 mentis,
854 2165 957 2220 etsi
1001 2179 1109 2220 non
1156 2174 1277 2219 actu
1310 2163 1627 2234 prmfcrattt,
1659 2163 1866 2234 judicio

272 2269 448 2316 tamen
473 2258 871 2330 prmierendum
903 2256 1255 2326 sciant.Qua:
1279 2271 1456 2322 mens,
1486 2258 1695 2310 ratione
1725 2261 1865 2311 duce

275 2351 296 2384 ³
326 2352 614 2419 illustrata,
656 2351 710 2406 in
756 2349 938 2406 medio
973 2351 1256 2418 virtutum,
1292 2350 1486 2421 quibus
1527 2349 1761 2420 genuino
1793 2350 1868 2402 ta-

271 2459 428 2514 vore,
458 2443 707 2513 quamvis
738 2443 883 2498 vitiis
907 2443 1225 2510 inclinetur,
1245 2443 1499 2513 assurgit,
1531 2442 1551 2474 ⁸
1573 2443 1864 2497 scientiam

275 2538 369 2594 Dei
415 2536 571 2607 quasi
618 2551 800 2591 arcem
853 2535 1134 2606 prospicit.
1163 2536 1183 2565 ⁵
1212 2533 1399 2590 DEUM
1455 2533 1598 2588 enim
1642 2533 1871 2604 quilibet

275 2630 554 2685 hominum
623 2637 982 2684 contemnere
1053 2627 1121 2682 ad
1181 2635 1394 2697 tempus
1467 2635 1696 2697 potest,
1769 2641 1866 2681 ne-

273 2723 413 2780 scire
441 2724 462 2753 ⁸
492 2723 544 2777 in
599 2730 769 2778 totum
815 2737 923 2776 non
972 2729 1170 2791 potest.
1225 2721 1380 2777 Unde
1424 2720 1666 2786 quidam,
1694 2722 1712 2751 ⁷
1740 2718 1866 2774 dum

179 2795 194 2810 l
274 2819 328 2873 in
373 2816 556 2872 multis
608 2816 777 2870 Deum
826 2815 1094 2880 credunt.
1137 2815 1340 2870 multos
1377 2815 1510 2870 deos
1572 2813 1869 2868 indiscrete

272 2907 434 2980 365
467 2909 659 2963 timore
690 2907 984 2962 tinxerunt.
1013 2907 1035 2938 ⁸
1060 2906 1168 2963 Sed
1203 2908 1328 2962 hinc
1355 2907 1465 2974 jam
1498 2906 1580 2960 vel
1610 2905 1865 2975 maxime,

271 3015 395 3056 cum
440 2999 761 3056 auctoritate
791 2999 1037 3055 veritatis
1067 3009 1362 3070 operante,
1406 3007 1518 3052 tum
1553 2997 1665 3066 ipsa
1705 2997 1867 3052 etiam

272 3093 484 3149 ratione
535 3092 897 3161 discutiente,
955 3092 1254 3147 discessum
1312 3101 1415 3147 est.
1448 3091 1704 3162 9Quippe
1745 3107 1868 3146 cum

272 3197 329 3242 et
352 3187 394 3218 ¹⁰
415 3183 720 3258 philosophi
742 3199 954 3251 eorum,
979 3195 1036 3239 ut
1055 3183 1123 3239 de
1150 3184 1355 3239 nOSIris
1376 3185 1633 3239 “sanctis
1656 3184 1866 3249 sileam,

1971 1975 2205 2031 tumaeia
2238 1975 2406 2046 magis
2433 1990 2596 2046 quam
2629 1976 2696 2032 de
2725 1977 3028 2049 ignorantia
3050 1979 3093 2010 ¹⁶
3115 1981 3413 2049 convincit,
3446 1997 3569 2038 cum

1967 2065 1997 2121 a
2026 2068 2182 2122 nobis
2213 2067 2600 2139 discutiuntur,
2627 2083 2735 2124 non
2763 2085 2823 2124 se
2851 2071 3034 2140 plures
3056 2071 3194 2128 deos
3236 2075 3388 2145 sequi
3415 2117 3430 2141 ,
3474 2075 3572 2132 sed

1968 2160 2070 2216 sub
2097 2176 2207 2214 uno
2239 2161 2354 2216 Deo
2384 2162 2425 2194 ¹⁷
2457 2177 2652 2231 magno
2687 2163 2876 2232 plures
2907 2165 3190 2221 ministros
3217 2170 3468 2224 venerari
3495 2170 3576 2225 fa—

1972 2260 2177 2308 tentur.
2215 2252 2408 2307 Restat
2456 2254 2618 2322 igitur
2659 2253 2728 2309 de
2765 2249 3123 2324 intelligentia
3174 2258 3289 2312 veri
3341 2259 3436 2312 Dei
3477 2274 3576 2330 per

1970 2347 2173 2402 multas
2203 2347 2542 2417 intelligendi
2576 2347 2917 2418 suspiciones
2949 2350 2991 2380 ¹⁸
3017 2350 3245 2406 confusa
3276 2351 3573 2419 dissensio,

1970 2441 2096 2510 quia
2127 2439 2196 2495 de
2221 2455 2328 2495 uno
2351 2441 2462 2496 Deo
2487 2442 2734 2496 omnium
2766 2456 2905 2512 pene
2941 2457 3045 2496 una
3074 2442 3262 2512 Opinio
3289 2451 3393 2502 est.
3427 2443 3570 2498 lluc—

1972 2550 2146 2604 usque
2192 2533 2424 2588 humana
2474 2535 2772 2602 scrutatio,
2826 2536 2927 2590 etsi
2969 2551 3090 2590 cum
3138 2536 3358 2603 labore,
3405 2537 3446 2569 '9
3479 2552 3576 2607 po-

1973 2631 2113 2685 tuit:
2145 2638 2200 2685 at
2231 2630 2320 2686 ubi
2355 2629 2699 2685 ratiocinatio
2743 2630 2789 2662 ²⁰
2815 2629 3038 2696 defecit,
3060 2631 3194 2686 ﬁdes
3221 2633 3263 2663 ¹¹
3295 2632 3574 2688 subvenit.

1971 2723 2082 2778 Nisi
2116 2723 2258 2779 enim
2280 2724 2698 2790 crediderimus,
2730 2741 2836 2780 non
2869 2727 2913 2757 ²²
2943 2725 3330 2796 intelligemus.
3353 2727 3434 2781 Ab
3457 2726 3576 2797 ipso

1973 2815 2167 2871 audias
2187 2857 2203 2880 ,
2230 2816 2445 2888 ipsique
2477 2818 2586 2873 Deo
2621 2817 2812 2874 credas
2836 2859 2850 2884 ,
2882 2819 3025 2889 quod
3056 2833 3242 2873 verum
3269 2817 3406 2874 velis
3435 2819 3577 2874 scire

1972 2907 2040 2963 de
2063 2909 2196 2964 Deo.
2231 2907 2419 2977 Itaque
2447 2909 2492 2940 “
2521 2908 2660 2964 idem
2694 2923 2831 2964 unus
2863 2919 2919 2964 et
2943 2925 3108 2964 verus
3138 2909 3301 2971 Dens.
3337 2911 3387 2964 in
3415 2925 3575 2980 quem

1972 2999 2175 3066 omnis,
2209 3006 2268 3051 ut
2293 2997 2551 3060 diximus.
2583 2999 2686 3054 etsi
2711 3015 2774 3054 ex
2799 2986 3032 3054 diversis
3059 3001 3404 3069 opinionibus
3427 3011 3576 3056 secta

1974 3092 2271 3156 concurrit,
2291 3100 2508 3146 mutans
2530 3106 2718 3160 regna,
2742 3102 2794 3146 et
2811 3093 2976 3164 366
2997 3091 3292 3162 disponens
3307 3101 3574 3162 tempora,

1975 3192 2198 3254 peccata
2234 3198 2449 3254 quoque
2477 3183 2731 3254 puniens,
2765 3183 2810 3215 "‘
2839 3200 2960 3255 qua:
2993 3185 3206 3239 inlirma
3239 3193 3363 3238 sunt
3391 3183 3574 3239 mundi

1560 3299 1648 3355 UA
1661 3299 1698 3350 ν
1709 3297 1839 3354 ERC
1851 3303 1882 3353 Α
1893 3297 2013 3355 ΜΡΙ
2050 3297 2278 3354 NOTAE.

343 3397 476 3455 Car.
513 3397 553 3454 I.
582 3428 654 3439 —
683 3399 734 3454 1.
769 3395 1060 3466 Cujuslibet
1097 3394 1175 3449 vel
1222 3405 1396 3456 secta’,
1440 3395 1518 3448 vel
1552 3395 1689 3466 citrei.
1736 3395 1866 3448 Mss.
1899 3394 1945 3458 C
1975 3390 2253 3466 Pcrizory,
2289 3392 2405 3446 Scis
2439 3389 2630 3466 {unde
2650 3398 2772 3466 pata
2799 3391 3334 3466 varietaslcctionis.

274 3480 383 3527 tres
414 3486 482 3524 es
517 3471 688 3538 Lugd.
723 3465 867 3534 Bat.’,
889 3469 1024 3522 Coll.
1069 3467 1333 3532 Gronov.,
1361 3465 1508 3520 Meus
1536 3476 1588 3519 ct
1622 3465 1865 3538 lt'lnrent.

273 3557 359 3611 pr.
384 3541 568 3596 deleto
601 3535 774 3610 primo
799 3540 898 3603 vel,
931 3539 1162 3601 malunt,
1187 3538 1467 3610 cujuslibet
1495 3536 1768 3611 κάμνει
1798 3535 1870 3611 υἰέ

272 3607 360 3677 tua,
396 3613 474 3667 rel
504 3607 710 3685 patrite.
760 3611 906 3666 Edd.
958 3611 1193 3682 antiquae
1237 3607 1598 3678 trausponunt
1631 3608 1746 3674 illa,
1793 3607 1871 3661 rel

273 3695 450 3749 sectw,
477 3686 555 3739 vel
578 3685 710 3739 vitat.

341 3756 396 3810 2.
432 3748 744 3834 Eriguutur.
768 3753 908 3810 Coll.
941 3754 1208 3820 Gronov.,
1243 3752 1542 3822 exiguntur.
1583 3751 1706 3806 Mox
1733 3757 1787 3802 ut
1815 3748 1888 3834 in~

277 3827 428 3883 Flor.
454 3827 539 3896 pr.
572 3828 750 3883 abest.

343 3899 399 3953 5.
429 3893 725 3954 Illustrata.
771 3897 925 3953 Meus
967 3896 1108 3952 male
1153 3897 1375 3951 lustrata
1420 3904 1476 3951 et
1503 3909 1601 3965 pro
1641 3893 1867 3964 genuino

273 3985 398 4026 mox
424 3971 629 4039 gemino
660 3969 830 4033 Lugd.
862 3969 980 4024 Bal.
1016 3978 1142 4024 tert.

344 4043 398 4095 4.
425 4034 714 4096 Ἐεὶειιιὶαιιι
742 4039 869 4112 θεῖ.
895 4040 1063 4112 Lugd.
1101 4039 1242 4094 Batt.
1275 4048 1385 4094 tres
1409 4051 1532 4092 cum
1556 4034 1696 4092 Coll.
1727 4034 1869 4090 Gro-

272 4127 403 4167 nov.
434 4113 504 4164 ad
531 4113 800 4166 scientiam
835 4111 953 4165 Dei.

344 4183 399 4238 5.
435 4181 597 4236 Deum
622 4184 758 4237 enim
787 4181 1028 4252 quilibet,
1061 4191 1169 4239 etc.
1204 4181 1337 4236 llinc
1359 4180 1622 4245 animam,
1649 4187 1868 4252 natura-

276 4253 399 4309 liter
438 4249 1378 4308 Christianam—vocavitTertullian.
1421 4254 1473 4307 in
1517 4249 1866 4319 Apologetico

269 4340 396 4394 cap.
432 4325 517 4392 17,
552 4340 604 4394 p.
635 4327 760 4390 176,
789 4340 912 4381 cum
953 4337 1110 4378 antea
1148 4327 1262 4379 haec
1302 4322 1613 4393 scripsisset
1649 4339 1661 4374 :
1697 4320 1866 4394 Vultis

269 4391 566 4451 exanima!
586 4397 750 4468 ipsius
787 4397 1081 4450 testimonio
1120 4391 1549 4468 comprobemus?
1580 4409 1716 4468 qum,
1752 4391 1867 4468 licet

269 4482 479 4522 carcere
492 4464 728 4538 corporis
748 4483 950 4536 pressa,
985 4468 1102 4520 licet
1133 4465 1544 4520 institutionibus
1574 4465 1744 4531 pravis
1767 4464 1869 4515 cir—

269 4537 610 4608 cumscripta,
658 4537 778 4592 licet
812 4538 1112 4592 libidinibus
1149 4553 1211 4590 ac
1235 4538 1668 4605 concupiscentiis
1696 4537 1869 4608 evigo-
1957 4587 1971 4598 ,

270 4618 414 4692 rata,
455 4611 570 4663 licet
601 4610 750 4678 falsis
786 4610 887 4664 diis
922 4610 1262 4675 exancillata,
1303 4623 1420 4662 cum
1461 4620 1630 4662 tanien
1681 4607 1868 4676 resipi-

269 4689 392 4744 Scit,
420 4689 525 4736 CIC.

2053 3462 2144 3517 12.
2181 3462 2412 3516 Intento.
2440 3462 2612 3531 Lugd.
2649 3462 2765 3516 Bal.
2797 3477 2908 3518 sec.
2943 3475 2998 3518 et
3022 3462 3182 3528 Ultr.,
3215 3465 3428 3518 intente.
3455 3462 3574 3519 Mox

1977 3534 2030 3589 in
2057 3535 2194 3590 Ultr.
2223 3535 2378 3590 abest
2407 3537 2603 3592 omnia.

2048 3607 2135 3660 15.
2168 3607 2512 3668 Ilepcrerunt.
2551 3606 2723 3675 Lugd.
2757 3607 2876 3661 Bal.
2907 3615 3085 3676 quart.
3107 3650 3121 3673 ,
3155 3606 3463 3676 reperimus.

2046 3679 2133 3731 14.
2169 3676 2508 3748 Deferuntur.
2543 3678 2693 3730 Meus
2717 3679 3059 3748 referrentur,
3089 3679 3232 3747 quod
3262 3676 3496 3744 prmtuli.

2044 3751 2131 3804 15.
2167 3749 2331 3812 Quos.
2362 3747 2534 3818 Lugd.
2570 3747 2688 3801 Bat.
2724 3747 2832 3816 pr.,
2867 3750 3028 3818 quod.

2045 3820 2135 3873 16.
2163 3818 2448 3872 Conrincit.
2484 3817 2655 3886 Lugd.
2691 3819 2808 3873 Dat.
2840 3817 3046 3888 quam,
3079 3818 3318 3874 convicit.

2045 3891 2133 3944 17.
2177 3888 2390 3962 blagno.
2421 3889 2590 3962 Abest
2619 3905 2647 3943 a
2676 3890 2922 3962 Floreat.
2956 3905 3041 3962 pr.
3451 3941 3458 3948 .

2044 3961 2132 4015 18.
2164 3959 2395 4032 Confusa
2433 3961 2708 4015 dissensio.
2752 3961 2922 4032 Lugd.
2953 3961 3072 4016 Bat.
3101 3968 3278 4032 quart.
3303 4001 3316 4023 ,
3349 3962 3566 4030 confusa

1970 4032 2237 4086 discretio.
2273 4031 2430 4087 Male.
2469 4033 2708 4098 Omnes,
2745 4031 2951 4102 inquit,
2998 4034 3050 4087 in
3083 4031 3149 4088 eo
3187 4032 3570 4102 consentiunt,

1973 4119 2137 4157 unum
2162 4117 2283 4158 esse
2308 4103 2506 4164 Deum,
2534 4104 2631 4157 sed
2656 4105 2708 4157 in
2741 4101 2846 4158 isto
2872 4119 3142 4160 consensu
3179 4101 3421 4158 confusa:
3451 4105 3568 4172 plu-

1970 4190 2060 4230 res
2091 4175 2325 4236 plurium
2359 4184 2481 4228 sunt
2515 4176 2819 4242 Opinioues.

2045 4246 2132 4299 19.
2161 4245 2392 4298 Tametsi
2420 4261 2535 4299 cum
2565 4246 2758 4305 labore.
2786 4248 2974 4316 potuit.
3003 4245 3227 4308 Addidit
3253 4245 3555 4312 Fabricius,

1970 4317 2282 4378 deliberare,
2334 4332 2438 4372 non
2481 4325 2647 4370 recte.
2693 4317 2954 4372 Ahsolute
2981 4317 3124 4371 enim
3171 4317 3301 4370 illud
3339 4317 3565 4370 verbum

1973 4388 2254 4458 eleganter
2283 4389 2522 4456 pOuitur.
2558 4386 2702 4458 Virg.
2740 4387 2836 4441 lib.
2867 4404 2902 4444 ιι
2935 4387 3155 4443 [Em-id.
3193 4406 3207 4441 :

2218 4538 2490 4605 Hactenus,
2514 4539 2640 4590 Acca
2675 4552 2828 4601 soror,
2859 4541 3012 4604 potui.
3284 4538 3437 4590 Laur.

1969 4687 2202 4744 Temere
2247 4697 2395 4743 certe
2451 4687 2576 4742 fecit
2619 4688 2928 4756 Fabricius,
2960 4688 3100 4758 quod
3147 4697 3336 4744 contra
3377 4704 3567 4746 omnes

344 4752 397 4834 ρ.
431 4751 496 4834 In
520 4761 705 4834 totum.
735 4751 906 4834 Lugd.
941 4751 1084 4834 Datt.
1125 4766 1209 4822 pr.
1240 4759 1295 4834 et
1323 4751 1610 4834 φωρ..ρη
1641 4759 1858 4834 tantum.
1893 4772 1944 4834 ι)
1973 4773 2429 4834 mss.omne_sque
2455 4761 2582 4815 cdd.
2612 4769 2746 4816 vett.
2766 4751 2991 4834 verbum
3025 4761 3153 4834 illud
3191 4762 3260 4834 de
3291 4775 3390 4817 suo
3421 4764 3564 4834 iuse—

346 4819 402 4878 7.
445 4822 585 4877 Dum
627 4825 682 4877 in
729 4819 904 4877 multis
947 4819 1391 4878 Deutn'credunt.
1444 4821 1581 4875 Edd.
1617 4823 1862 4891 qumdam

268 4902 434 4961 νειμ,
472 4895 608 4948 Dum
639 4896 692 4948 in
730 4893 908 4949 multis
945 4895 1047 4948 diis
1081 4893 1320 4960 credunt,
1360 4893 1546 4947 multos
1586 4893 1862 4947 indiscreta

269 4965 457 5020 timore
483 4967 767 5036 ﬁnxerunt.
809 4964 915 5020 Sed
956 4966 1138 5020 Orosii
1169 4964 1458 5036 verborum
1492 4965 1578 5018 hic
1615 4973 1700 5018 est
1739 4978 1862 5018 sen-

267 5050 394 5090 sus:
425 5037 556 5091 Dum
584 5036 801 5107 quidam
832 5036 1124 5105 opinantur
1153 5035 1336 5089 multis
1367 5035 1532 5090 rebus
1556 5036 1736 5090 inesse
1761 5051 1860 5089 uu-

273 5122 426 5177 meu,
458 5119 621 5177 atque
640 5107 789 5175 ipsos
812 5107 973 5174 Deos,
999 5108 1159 5162 veluti
1191 5108 1244 5160 in
1267 5107 1524 5160 latuiliam
1549 5107 1858 5168 distinctos,

271 5177 520 5248 singulos
548 5187 797 5248 separata
819 5178 972 5234 obire
1003 5180 1209 5242 munia,
1243 5193 1347 5231 non
1381 5179 1517 5232 bene
1545 5178 1862 5234 discvrneu-

269 5259 358 5374 hes
386 5250 718 5304 individuam
757 5249 1035 5316 deitatem,
1070 5249 1270 5305 multos
1299 5248 1402 5304 sibi
1442 5249 1574 5305 deos
1602 5249 1862 5305 colendos

316 5332 568 5374 "xerunt.

316 5332 568 5376 "xerunt.

345 5392 397 5463 8.
432 5393 542 5447 Sed
564 5392 704 5446 hinc.
739 5391 887 5446 Flor.
917 5407 1024 5463 pr.,
1056 5392 1164 5449 Sed
1193 5391 1298 5448 hic.

345 5462 400 5519 9.
431 5463 637 5536 Quippe
681 5479 835 5536 cum._
867 5462 1235 5520 Posterioretu
1282 5477 1467 5520 vocem
1509 5462 1696 5520 delent
1734 5465 1856 5522 cod.

270 5531 414 5590 Ultr.
450 5545 502 5589 et
526 5531 652 5589 edd.
683 5534 927 5604 quaedam
956 5544 1090 5590 vett.

346 5604 800 5678 10.Pltitosoplti.
837 5605 974 5678 Vide
1007 5622 1126 5677 qua:
1163 5605 1236 5678 de
1277 5605 1506 5678 Platone
1545 5614 1603 5661 et
1641 5605 1864 5664 Thalete

269 5676 580 5803 nogtg7imus
624 5676 699 5732 ad
738 5676 1149 5748 Apol0getiCum
1196 5676 1514 5733 Tertulliani
1574 5693 1696 5750 cap.
1752 5679 1864 5748 46,

269 5763 326 5803 ι).
466 5787 479 5800 .

349 5821 433 5876 11.
463 5819 694 5878 Sanctis.
723 5819 892 5894 Lugd.
928 5819 1044 5878 Bat.
1078 5833 1190 5892 pr.,
1217 5820 1402 5876 sacris.
1433 5819 1582 5879 Meus
1605 5830 1783 5880 autem
1811 5831 1866 5880 et

1968 4831 2160 4902 ruerit.
2199 4832 2334 4885 Edd.
2360 4840 2538 4886 autem
2569 4842 2780 4886 veteres
2815 4832 3093 4902 pleraeque
3133 4832 3336 4887 habent
3360 4833 3567 4899 patuit;

1965 4901 2062 4974 sed
2093 4908 2348 4974 August.,
2379 4917 2499 4956 cum
2544 4918 2706 4968 mss.,
2739 4901 2924 4974 potuit.
2953 4901 3057 4958 Pro
3098 4906 3294 4957 tametsi
3337 4919 3470 4958 ms:~..
3510 4916 3564 4958 et

1965 4973 2482 5045 edd.tueliprisrctsi
2503 4973 2818 5043 prtnlerunt,
2849 4974 2932 5028 vel
2971 4985 3018 5028 et
3044 4977 3137 5030 sic.
3163 5015 3177 5040 ,
3209 4975 3352 5045 quod
3379 4987 3563 5031 exstat

1965 5044 2018 5098 in
2047 5044 2218 5098 tribus
2241 5043 2409 5108 Lugd.
2443 5046 2582 5099 Batt.
2615 5055 2666 5098 et
2687 5045 2830 5100 Coll.
2863 5045 3104 5100 Groum.

2036 5116 2124 5186 20.
2162 5115 2379 5186 Defecit.
2415 5115 2515 5169 Ed.
2552 5133 2636 5186 pr.
2661 5117 2884 5171 etillam
2908 5129 3130 5182 secutae,
3162 5118 3355 5185 deﬁcit.

2037 5184 2128 5240 21.
2165 5184 2432 5256 ξηιῦυεηίι.
2468 5184 2638 5256 Lugd.
2672 5187 2810 5241 Batt.
2843 5201 2976 5252 tres,
2997 5184 3317 5254 supervenit.

2035 5257 2129 5311 22.
2164 5255 2742 5327 Ιιιιειιίρεηιιωίιυςιι.
2787 5259 2906 5314 Bal.
2947 5275 3031 5330 pr.
3067 5273 3123 5317 et
3150 5271 3274 5318 tert.
3305 5275 3425 5316 cum
3468 5259 3556 5314 ed.

1965 5329 2233 5403 August“
2247 5330 2608 5403 intelligimus.
2949 5329 2962 5330 ί
3349 5401 3357 5403 Α
3416 5400 3446 5403 _
3655 5395 3668 5403 .

2040 5399 2131 5472 25.
2166 5399 2314 5454 Idem
2337 5417 2487 5454 unus.
2519 5401 2706 5458 Deleto
2735 5403 2893 5470 idem,
2915 5419 3049 5458 mss.
3083 5413 3192 5461 tres
3213 5401 3385 5472 Lugd.
3416 5400 3559 5455 Bait.

1968 5478 2028 5525 et
2052 5471 2203 5542 Meus
2233 5486 2354 5527 cum
2377 5472 2519 5528 Coll.
2561 5473 2733 5529 Gron.
2768 5475 2995 5539 malunt,
3034 5475 3217 5542 Itaque
3248 5471 3382 5527 unus
3409 5483 3453 5525 et
3478 5489 3562 5526 ve-

1969 5557 2061 5616 rus
2088 5539 2250 5598 Deus.
2275 5545 2342 5597 At
2371 5542 2460 5598 ed.
2485 5546 2716 5616 August.
2744 5545 2881 5600 hanc
2913 5539 3558 5616 suppeditatlectionem,

1969 5613 2158 5738 itaqu?)
2171 5631 2302 5670 unus
2333 5624 2410 5670 est
2433 5624 2479 5670 et
2502 5613 2650 5672 verus
2685 5615 2841 5675 Deus.
2875 5619 2930 5673 In
2969 5613 3094 5672 cod.
3129 5614 3376 5670 Perizon.
3407 5614 3566 5670 abest

1971 5699 2076 5738 νοΧ
2163 5702 2268 5738 eus.

1971 5699 2076 5740 VOX
2113 5699 2268 5740 Deus.

2042 5755 2136 5833 24.
2181 5756 2313 5824 ρηω
2339 5757 2566 5833 inﬁrma.
2600 5760 2679 5816 Ex
2704 5759 2877 5833 Epist.
2927 5757 3101 5832 prima
3150 5755 3300 5815 Pauli
3345 5755 3415 5814 ad
3453 5756 3559 5816 Co-

1973 5825 2136 5883 rinth.
2167 5843 2290 5901 cap.
2317 5844 2357 5900 ι,
2382 5825 2474 5884 27.
