4072 6156
534 283 634 340 99!

532 492 624 548 illa
645 501 871 549 eatenus
896 505 993 563 per
1021 491 1202 546 varias
1228 490 1677 546 ratiocinationes
1708 491 1927 560 mentis,
1953 490 2132 546 inten-

531 596 601 644 tae
627 587 926 660 quamlibet
951 628 968 654 ,
1002 587 1124 643 aliis
1150 583 1434 641 obfuscata
1463 584 1742 656 quiesierit
1765 627 1780 654 ,
1811 599 1877 641 ac
1905 599 2003 655 per
2029 584 2133 641 hoc

533 681 718 736 statim
745 679 921 735 amori
949 679 1068 751 ejus
1093 722 1107 746 ,
1148 693 1306 750 quem
1337 679 1503 735 etiam
1532 679 1788 750 ignorans
1817 679 2132 744 dilexerat,

532 774 856 830 inluesisse?
885 773 993 830 Nec
1016 773 1178 843 igitur
1199 774 1396 828 mirum
1420 781 1525 840 est,
1558 774 1606 829 si
1630 773 1682 828 in
1711 788 1902 844 magna
1933 772 2135 828 familia

536 866 584 900 ⁷⁸
607 866 960 923 inveniuntur
981 864 1145 935 aliqui
1166 863 1334 930 servi,
1349 863 1464 935 qui,
1482 863 2138 920 consuetudinelascivia-

533 973 640 1030 que
665 957 1018 1014 seductorum
1059 955 1391 1024 assuefacti,
1435 955 1696 1026 patientia
1727 953 1936 1010 domini
1959 953 2043 1010 sui
2069 954 2137 1009 ad

535 1059 909 1120 contemptum
934 1049 1106 1120 ipsius
1133 1047 1447 1116 abutantur,
1474 1048 1517 1078 ⁷⁷
1543 1046 1684 1102 unde
1703 1054 1758 1101 et
1780 1046 1972 1102 merito
1995 1046 2138 1101 Deus

532 1143 623 1200 vel
661 1144 928 1215 ingratos,
954 1142 1043 1198 vel
1067 1141 1398 1208 incredulos,
1423 1141 1470 1172 ⁷⁸
1492 1139 1576 1194 vel
1599 1139 1762 1194 etiam
1787 1147 2138 1194 contumaces

530 1253 594 1293 va
603 1238 696 1293 riis
710 1236 1148 1308 eorreptionibtts
1163 1235 1337 1306 arguit
1357 1251 1370 1288 :
1387 1233 1529 1304 quod
1543 1249 1760 1304 semper
1773 1233 1962 1304 utique
1973 1233 2140 1288 laten-

531 1335 660 1390 dum
689 1341 793 1404 est,
817 1333 982 1404 369
1006 1341 1128 1387 tunc
1153 1340 1331 1386 tamen
1349 1329 1640 1399 prmeipue,
1662 1330 1705 1361 ⁷³
1728 1327 1944 1399 quando
1965 1325 2141 1382 adhuc

531 1440 635 1497 per
659 1425 973 1480 universum
1002 1422 1264 1478 mundum
1294 1421 1438 1476 nulla
1469 1429 1587 1476 erat
1611 1419 1863 1487 ecclesia,
1909 1435 2028 1491 quae
2060 1420 2141 1474 in-

531 1524 784 1572 terventu
835 1515 1074 1571 ﬁdelium
1111 1529 1330 1585 precum
1366 1512 1590 1568 meritas
1619 1510 1804 1567 mundi
1837 1525 2027 1580 poenas
2050 1511 2138 1581 ju-

531 1620 782 1681 stumqne
803 1608 1066 1680 judicium
1092 1607 1212 1675 Dei,
1241 1614 1465 1662 exorata
1487 1605 1654 1676 ipsius
1675 1604 1984 1672 clementia,
2010 1612 2144 1660 tent-

532 1712 778 1774 peraret,
824 1701 966 1757 unde
1014 1700 1178 1756 etiam
1219 1699 1358 1764 inec,
1394 1715 1514 1769 qua:
1543 1686 1682 1753 mala
1711 1697 2024 1752 hominibus
2059 1696 2140 1750 vi-

533 1795 752 1862 dentur,
798 1794 1214 1866 qualiacumque
1257 1793 1302 1824 ⁸ο
1334 1800 1482 1857 sunt,
1513 1793 1770 1862 graviora
1812 1791 1929 1846 sine
1975 1789 2140 1846 dubio
2171 1796 2216 1856 B

534 1889 715 1945 omnia
762 1886 1002 1954 fuerunt,
1046 1886 1184 1942 sicut
1231 1887 1372 1955 ipso,
1406 1899 1514 1955 quo
1556 1892 1733 1954 empta
1761 1893 1907 1950 sunt,
1947 1882 2138 1938 ordine

533 1979 936 2050 probabuntur.
980 1976 1188 2032 Bellum
1231 1976 1677 2041 Mithridaticum,
1707 1975 1814 2040 vel,
1849 1984 1907 2030 ιιι
1955 1975 2138 2030 verius

533 2071 734 2138 dicam,
770 2070 892 2126 belli
932 2068 1280 2125 Mithridatici
1315 2068 1522 2134 clades,
1555 2069 1595 2100 ⁸¹
1632 2067 1829 2122 multas
1865 2069 2027 2122 simul
2059 2068 2140 2122 itt-

537 2165 764 2221 volvens
791 2164 1122 2236 provincias,
1154 2165 1198 2196 ⁸²
1231 2172 1402 2218 tracta
1432 2170 1488 2218 et
1515 2171 1758 2234 protenta
1787 2178 1882 2231 per
1903 2162 2136 2234 quadra-

535 2260 682 2330 ginta
723 2272 894 2312 annos
943 2257 1066 2312 fuit.
1103 2256 1236 2312 Nam
1265 2255 1311 2287 ⁸³
1343 2253 1749 2310 sexcentesimo
1797 2254 2139 2325 sexagesimo

537 2351 779 2408 secundo
811 2351 890 2423 (ut
933 2349 1066 2422 dixi)
1097 2364 1239 2404 anno
1267 2349 1337 2402 ab
1375 2349 1522 2405 Urbe
1549 2349 1764 2404 condita
1790 2390 1805 2412 ,
1839 2363 1946 2418 quo
1975 2348 2138 2404 etiam

539 2444 584 2476 ⁸⁵
628 2444 861 2513 primum
913 2443 1076 2498 civile
1125 2441 1328 2498 bellum
1376 2451 1639 2511 eruperat,
1678 2442 1724 2472 ⁸⁵
1764 2439 2133 2507 inardescens,

533 2538 825 2593 consulatu
876 2534 1156 2592 Ciceronis
1205 2548 1336 2590 vero
1399 2535 1461 2590 et‘
1505 2533 1726 2589 Antonii
1758 2575 1772 2601 ,
1839 2542 1896 2589 ut
1955 2532 2138 2589 verbis

540 2631 587 2661 ⁸⁸
615 2641 788 2700 poetae
811 2630 1002 2700 optimi
1029 2629 1242 2698 loquar,

692 2743 954 2794 Barbarico
976 2745 1054 2794 vix
1080 2748 1411 2794 consummata
1439 2755 1635 2794 veneno
1659 2750 1754 2793 est.

537 2849 583 2885 ⁸⁷
614 2847 721 2903 Sed
751 2848 804 2904 in
834 2848 920 2904 his
949 2849 1301 2918 temporibus,
1329 2850 1546 2920 triginta
1576 2849 1800 2919 gerendi
1826 2849 1952 2906 belli
1986 2853 2132 2906 inve-

537 2942 758 2997 niuntur
786 2943 936 2999 anni.
964 2943 1204 3012 Qualiter
1230 2956 1410 2999 autem
1452 2960 1519 2999 κε.
1548 2959 1575 2998 a
1608 2944 1881 3016 plerisque
1927 2948 1971 2977 ⁸⁸
2000 2946 2130 3002 dicti

537 3036 645 3093 sint
671 3054 776 3093 non
803 3036 962 3096 facile
990 3038 1342 3095 discernitur.

1953 280 2160 340 PAULI
2199 281 2427 342 OBOSll

532 405 782 455 creatore
823 411 926 455 suo
974 397 1192 454 tandem
1224 396 1534 454 innotuisse
1576 403 1844 454 creaturae
1870 439 1885 466 ,
1918 399 1963 430 ⁷⁵
1993 399 2136 470 quod
2166 401 2218 462 Α

3732 280 3840 337 992

2774 397 2938 473 37o
2983 399 3222 457 CAPUT-
3253 399 3319 454 tt.

2243 513 2577 588 Prosequitur
2627 515 2712 571 hic
2761 514 2956 571 bellum
3002 515 3440 661 tyitfzridaticum,
3489 515 3631 586 quod
3681 513 3838 587 Sylla

2913 605 3007 642 con
3038 605 3110 644 ec:
3142 628 3157 644 .

2913 605 3157 644 τοηιεειι.

2310 721 2478 792 Igitur
2525 722 2861 779 Mithridates
2900 723 2916 754 ¹
2964 739 3059 779 rex
3091 723 3249 778 Ponti
3291 732 3454 794 atque
3505 723 3778 779 Armenia:
3807 762 3826 790 ,

2239 816 2259 847 ³
2285 824 2566 886 postquam
2599 816 2973 878 Nicomedem.
3007 817 3272 890 Bithynia:
3319 833 3503 890 regem
3531 858 3548 882 ,
3598 817 3832 873 amicum

2239 911 2422 980 pepuli
2458 911 2710 978 Bomztni,
2745 927 2914 981 regno
2943 912 3157 979 privare
3180 913 3402 967 molitus
3444 921 3563 977 est,
3598 921 3766 983 atque
3805 927 3838 967 a

2239 1015 2431 1061 senatu
2456 1007 2717 1071 monitus,
2745 1007 2790 1060 si
2821 1004 2997 1061 facere
3021 1014 3279 1073 tentaret,
3316 1006 3519 1061 bellum
3542 1006 3646 1061 sibi
3672 1020 3701 1060 a
3733 1020 3838 1074 po-

2241 1098 2371 1168 pulo
2395 1096 2640 1152 Romano
2663 1095 3005 1151 inferendum
3039 1095 3188 1162 fore,
3239 1095 3410 1151 iratus
3437 1095 3841 1166 Cappadociam

2247 1192 2510 1247 continuo
2539 1191 2558 1221 '
2587 1191 2827 1260 pervasit
2853 1209 2866 1245 :
2917 1199 3080 1262 atque
3107 1191 3337 1261 expulso
3378 1190 3446 1245 ab
3475 1205 3544 1246 eo
3578 1190 3844 1246 Ariobar-

2242 1299 2376 1338 zatte
2398 1298 2525 1352 rege
2553 1290 2803 1337 cunctam
2843 1283 3174 1350 provinciam
3211 1282 3325 1353 igni
3364 1281 3616 1352 ferroque
3651 1290 3842 1338 vasta-

2243 1376 2343 1431 vit.
2377 1373 2680 1447 Bithyniam
2712 1374 2911 1430 deinde
2947 1376 3064 1445 pari
3107 1375 3264 1431 clade
3293 1375 3581 1445 corripuit.
3612 1374 3854 1446 Paphi»

2244 1469 2456 1540 goniam
2491 1467 2655 1522 s7mili
2679 1468 2831 1523 exitu
2861 1467 3059 1522 afﬂixit
3082 1511 3096 1534 ,
3129 1467 3303 1537 pulsis
3339 1483 3404 1523 ex
3437 1482 3502 1524 ea
3526 1468 3846 1540 Pyltemene

2245 1569 2301 1618 et
2333 1559 2623 1616 Nicomede
2655 1560 2894 1631 regibus.
2938 1559 3072 1616 Post
3099 1575 3222 1615 cum
3255 1560 3496 1616 venisset
3531 1559 3848 1630 Ephesum,

2247 1653 2269 1686 δ
2295 1653 2501 1708 crudeli
2534 1653 2793 1724 prarcepit
2818 1652 3016 1720 edicto,
3051 1661 3111 1707 ut
3136 1667 3232 1720 per
3259 1661 3425 1708 totam
3453 1652 3642 1708 Asiam
3673 1653 3694 1683 ⁵
3719 1654 3854 1723 qui-

2247 1760 2480 1814 cumque
2511 1744 2716 1799 inventi
2739 1753 2923 1801 essent
2955 1746 3105 1800 cives
3143 1744 3372 1799 Romani
3397 1786 3412 1810 ,
3452 1745 3554 1799 sub
3594 1759 3703 1799 una
3753 1745 3849 1800 die

2245 1855 2434 1896 omnes
2467 1850 2814 1894 necarentur.
2849 1840 2914 1894 Et
2937 1839 3137 1894 facttutt
3171 1847 3273 1895 est.
3308 1835 3418 1894 Nec
3454 1839 3718 1908 explicari
3751 1849 3848 1893 aut

2246 1932 2638 2001 comprehendi
2673 1933 2780 1987 ullo
2809 1932 2968 1987 modo
2998 1933 3178 1987 verbis
3203 1922 3538 2004 poiest,qtt:e
3557 1942 3688 1988 tunc
3705 1934 3851 1988 mul-

2247 2027 2420 2083 titudo
2442 2027 2811 2082 Romanorum
2841 2028 3037 2082 civium
3063 2042 3200 2083 caesa
3218 2028 3309 2094 sit,
3339 2028 3459 2097 quis
3491 2042 3699 2083 maeror
3721 2028 3853 2098 plu-

2245 2121 2504 2176 rimarum
2530 2121 2931 2190 provinciarum
2952 2165 2965 2188 ,
2993 2121 3116 2191 quis
3146 2120 3381 2190 gemitus
3411 2119 3855 2176 occidendorunt

2247 2215 2458 2287 pariter
2485 2223 2648 2284 atque
2678 2214 3042 2270 occidentium
3071 2213 3255 2280 fuerit,
3289 2229 3410 2268 cum
3429 2215 3857 2285 singuliquique

2244 2318 2335 2364 aut
2366 2308 2597 2378 prodere
2630 2310 2951 2364 innocentes
2981 2309 3222 2379 hoSpites
3245 2317 3298 2363 et
3321 2308 3528 2363 amicos
3549 2353 3562 2377 ,
3604 2319 3696 2362 aut
3742 2307 3859 2377 ipsi

2242 2402 2538 2472 periclitari
2593 2416 2753 2472 pmna
2799 2401 3077 2472 hospitum
3133 2410 3478 2468 cogerentur.
3539 2399 3862 2454 Archelaus

2245 2493 2265 2524 ⁸
2289 2509 2508 2565 quoque
2531 2539 2544 2561 ,
2602 2493 2709 2547 dux
2755 2492 3079 2547 Mithridatis
3113 2533 3129 2559 ,
3161 2493 3180 2522 "
3211 2507 3332 2547 cum
3387 2500 3604 2547 centum
3649 2492 3862 2561 viginti

2242 2587 2484 2643 millibus
2571 2587 2809 2657 peditum
2900 2595 3067 2657 atque
3120 2586 3362 2656 equitum
3440 2587 3493 2640 in
3572 2587 3862 2640 Achaiam

2243 2679 2557 2750 praemissus
2591 2721 2604 2746 ,
2643 2680 2889 2734 Athenas
2929 2687 3286 2749 cunctamque
3322 2678 3614 2747 Graeciam,
3639 2681 3862 2748 partim

2242 2773 2319 2839 vi,
2355 2773 2550 2843 partim
2579 2771 2857 2827 deditione
2879 2771 3134 2826 obtinuit.
3165 2773 3185 2802 ⁸
3205 2771 3352 2842 Sylla
3375 2811 3392 2838 ,
3431 2770 3515 2824 cui
3550 2780 3674 2840 post
3710 2785 3865 2824 cou-

2240 2866 2478 2921 sulatum
2506 2865 2925 2920 Mithridaticum
2949 2864 3147 2920 bellum
3175 2862 3867 2928 ohvenerat,Archelaum

2239 2959 2400 3031 3'71
2443 2956 2584 3028 apud
2625 2957 2911 3021 Pirmeum,
2955 2954 3368 3010 Atheniensium
3409 2961 3648 3024 portum,
3693 2958 3719 2986 ⁹
3767 2970 3870 3008 sc-

2241 3051 2522 3121 ptemplici
2553 3065 2708 3104 muro
2742 3050 2783 3080 ¹⁰
2817 3050 3231 3113 communitum,
3265 3049 3356 3103 diu
3389 3046 3629 3114 obsedit,
3662 3048 3867 3118 ipsam

1822 3155 2269 3217 llAVEtiCAMPI
2309 3163 2540 3220 NOTAE.

610 3243 699 3325 75.
736 3243 1076 3325 Quod.‘_l\lale
1102 3245 1227 3303 edd.
1257 3254 1310 3301 et
1339 3260 1472 3301 mss.
1501 3245 1742 3317 quidam,
1776 3263 1926 3325 quem
1947 3266 2146 3325 ,_qum_n
2176 3255 2221 3317 C
2254 3254 2386 3310 illutl
2416 3257 2614 3310 bellum
2641 3255 3067 3312 Mithridaticum
3091 3299 3104 3321 ,
3147 3271 3244 3324 pro
3274 3255 3445 3318 virili,
3475 3271 3575 3325 per
3606 3259 3866 3315 annales

536 3315 633 3440 Bell
652 3315 933 3385 quoniam,
975 3327 1030 3371 ttt
1072 3328 1130 3373 et
1172 3334 1296 3372 mox
1328 3327 1582 3373 statutum
1621 3315 1737 3388 pro
1763 3319 1938 3373 statim
1967 3320 2135 3391 Lugd.

583 3401 609 3438 a
643 3426 654 3438 .
690 3397 869 3440 uuart.

583 3397 654 3439 at.
690 3397 869 3455 qttart.

611 3455 697 3510 76.
733 3455 1094 3530 Inveniuntur.
1129 3459 1298 3530 Lugd.
1343 3460 1480 3514 Ball.
1526 3469 1634 3514 tres
1667 3474 1788 3514 cum
1825 3460 1963 3516 Coll.
2005 3462 2143 3518 Gro-

536 3542 665 3584 nov.
703 3540 756 3581 et
785 3528 904 3584 cod.
938 3529 1098 3592 Ultr.,
1134 3528 1481 3584 inveniantur.

609 3601 696 3653 77.
730 3599 880 3672 Unde
899 3612 948 3656 et
973 3603 1176 3656 merito.
1207 3602 1374 3672 Lugd.
1395 3602 1533 3657 Batt.
1563 3613 1672 3658 tres
1694 3617 1816 3657 cum
1838 3603 1978 3658 Coll.
2007 3604 2144 3660 Gro-

537 3685 688 3738 nov.,
727 3671 862 3726 unde
887 3681 1088 3727 merito.

614 3743 701 3799 78.
744 3742 840 3798 Vel
869 3747 1044 3797 etiam.
1076 3743 1248 3799 Abest
1279 3744 1425 3811 ptzior
1451 3761 1554 3799 vox
1588 3762 1612 3796 a
1646 3745 1764 3801 Meo
1793 3747 2012 3814 codice;
2043 3751 2142 3802 uti-

533 3831 664 3886 que,
714 3815 856 3884 quod
897 3817 1144 3888 sequitur
1176 3817 1334 3886 paulo
1361 3827 1511 3886 post,
1557 3818 1609 3871 in
1653 3817 1823 3888 Lugd.
1859 3819 1976 3873 Bal.
2026 3835 2135 3876 sec.

540 3901 648 3941 non
674 3894 875 3941 exstat.

611 3957 697 4031 79.
744 3957 970 4031 Quando
999 3959 1171 4012 adhuc
1202 3976 1314 4031 per,
1338 3966 1440 4013 etc.
1470 3959 1922 4029 Trausponttntttr
1955 3961 2068 4016 hch
2088 3963 2139 4017 in

536 4025 786 4100 Perizon.
820 4029 920 4089 ita,
963 4031 1175 4100 quando
1202 4025 1316 4100 ’ρον
1357 4025 1663 4084 universum
1695 4031 1943 4085 mundum
1994 4033 2141 4087 nulla

538 4097 712 4150 adhuc
741 4108 848 4151 erat
872 4099 1106 4153 ecclesia.

609 4168 700 4222 80.
732 4169 885 4240 Sunt.
935 4170 1072 4222 Edd.
1108 4179 1238 4225 vett.
1266 4171 1534 4240 quaedam,
1563 4172 1685 4226 sint.

611 4241 702 4294 81.
741 4239 938 4314 Multas
967 4241 1144 4314 simul.
1174 4239 1427 4296 Omnium
1471 4257 1599 4297 mss.
1650 4243 1765 4298 hac
1800 4254 1882 4299 est
1933 4245 2095 4301 lectio
2121 4288 2137 4314 ,

538 4326 698 4383 quam
726 4311 965 4380 teposni.
1003 4311 1445 4388 Vttlgg..imultas
1469 4331 1659 4381 secum,
1677 4311 2138 4388 prarterAttgttst.,

541 4398 661 4453 qum
687 4398 808 4436 etnn
834 4399 964 4438 mss.
991 4387 1286 4439 consentit.

611 4455 699 4508 83.
731 4453 918 4508 Tracti
947 4464 990 4508 ct
1019 4465 1274 4522 protenta.
1309 4456 1366 4512 In
1394 4456 1525 4513 Meis
1562 4457 1894 4515 membranis
1919 4459 2135 4531 legitur,

539 4533 704 4581 tracta
737 4535 783 4580 et
814 4536 1100 4597 protracta.

611 4598 700 4650 85.
726 4613 926 4664 DCthl,
959 4609 1012 4652 ttt
1038 4600 1168 4662 dixi,
1202 4616 1360 4655 anno.
1394 4599 1605 4656 Dictum
1639 4602 1738 4656 hoc
1768 4611 1852 4658 est
1879 4602 2019 4657 libro
2051 4617 2135 4657 su-

541 4647 926 4742 ιιεὲίότὲῖίῖᾱιῖῖ
942 4647 1168 4735 t'a'ﬂiiii'
1200 4647 2036 4742 despaini'tjéittmiiitiiFttiliiiEi
2051 4647 2132 4730 "in
2166 4647 2215 4706 D

539 4740 984 4810 annotationibus
1011 4740 1349 4810 scripsimus}
1389 4742 1552 4797 Faun.

614 4812 700 4885 8i.
729 4809 966 4885 Primum
990 4809 1137 4866 civile
1167 4814 1380 4885 bellum.
1406 4813 1576 4883 Lugd.
1619 4816 1734 4870 Bat.
1778 4831 1891 4870 sec.
1925 4817 2092 4885 primo
2117 4859 2133 4884 ,

541 4882 640 4937 sed
670 4881 854 5006 dilenlt
892 4882 1188 4938 Florctttiui
1230 4898 1340 4940 tres
1363 4925 1380 4952 ,
1415 4895 1468 4939 et
1492 4881 1552 4940 in
1584 4889 1746 4943 tertio
1780 4881 1971 4941 bellum
2001 4881 2136 4958 quo;

548 4967 653 5006 ουρ
685 4969 710 5003 τι
757 4968 816 5006 (ξς
848 4993 862 5006 .

548 4967 653 5022 que
685 4963 862 5008 abest.

613 5024 706 5098 83.
758 5022 1124 5080 Inardesrens.
1164 5027 1302 5083 Edd.
1335 5027 1578 5096 quaedam
1613 5037 1746 5084 vett.
1788 5045 1909 5084 eum
1943 5031 2134 5098 priori-

540 5093 650 5167 bus
669 5095 769 5148 hoc
798 5098 1018 5152 verbum
1047 5093 1400 5164 connectunt,
1427 5100 1552 5153 dttnt
1573 5100 1760 5167 legunt
1785 5093 2130 5157 inardescere.

539 5173 613 5242 At
642 5166 888 5242 intribus
919 5168 1087 5238 Lugd.
1118 5169 1258 5224 Bitt.
1309 5183 1366 5226 et
1417 5169 1555 5225 Coll.
1608 5166 1856 5228 Gronov.
1909 5173 2130 5242 legitur,

539 5237 1032 5314 inardescenscrat,
1072 5241 1350 5296 consulatu
1380 5258 1509 5314 icero
1565 5243 1583 5313 (
1617 5245 1665 5297 in
1725 5237 1988 5314 pluribus'
2012 5237 2136 5300 aliis

544 5323 674 5364 mss.
700 5320 756 5364 et
778 5311 902 5367 edd.
931 5328 1048 5365 ιδειό
1073 5315 1160 5366 hic
1189 5327 1297 5367 non
1327 5311 1602 5382 adjicitur)
1636 5311 1897 5370 Ciceronis
1935 5323 1982 5369 et
2028 5316 2134 5369 Λη-

540 5381 691 5446 tonii,
724 5390 854 5446 etc.,
885 5393 1240 5437 consummata
1263 5381 1476 5450 veneno,
1509 5385 1690 5441 deleto
1715 5397 1809 5440 est.

609 5451 700 5507 80.
737 5452 908 5526 Poeta:
934 5453 1137 5526 optimi.
1168 5453 1440 5526 Lucanum
1469 5457 1664 5523 innuit,
1690 5457 1828 5524 apud
1857 5473 2016 5526 quem
2036 5459 2124 5512 illa

540 5537 754 5578 exstant
788 5525 879 5579 lib.
921 5539 969 5590 t,
1003 5525 1127 5579 557.
1173 5525 1311 5579 Nota
1347 5527 1457 5595 jam
1498 5529 1832 5595 temponibtts
1871 5525 2046 5583 Orosii
2079 5540 2135 5584 et

540 5596 835 5666 Augustini
863 5599 915 5651 in
948 5607 1145 5666 magno
1175 5596 1343 5652 fuisse
1371 5597 1542 5666 pretio
1572 5596 1870 5664 Lucanunt,
1889 5600 1939 5652 in
1967 5601 2134 5656 nimio

537 5681 755 5736 quoque.
789 5679 997 5735 postea.

613 5738 702 5792 87.
739 5740 850 5814 Sed
871 5741 933 5814 _iu
961 5739 1060 5795 his.
1095 5739 1321 5796 Mediam
1348 5753 1534 5814 vocem
1561 5739 1701 5796 male
1735 5743 1962 5814 ejicittnt
1988 5760 2134 5814 qua:-

544 5805 666 5862 dant
699 5810 825 5865 edd.
858 5811 1000 5878 Quot
1023 5825 1202 5872 autent
1249 5813 1407 5868 annis
1441 5811 1718 5870 duraverit
1747 5805 2131 5889 gravissimum

2251 3326 2647 3381 dedttximttsin
2681 3327 2816 3382 Ilist.
2856 3328 3181 3396 Universali,
3217 3329 3372 3398 cujus
3417 3328 3610 3398 tertius
3657 3341 3870 3386 tomus

2245 3415 2279 3470 a7
2306 3400 2522 3466 regibus
2553 3399 2710 3452 Ponti
2738 3401 2945 3454 initium
2981 3400 3104 3454 facit
3135 3443 3149 3467 ,
3191 3397 3293 3453 ubi
3315 3399 3464 3470 plura
3493 3397 3563 3453 de
3605 3399 3719 3455 hoc
3755 3403 3868 3458 Mi-

2245 3469 2481 3524 thridate
2508 3470 2876 3524 inveniun‘tur.

2315 3543 2404 3596 88.
2439 3541 2572 3594 Dicli
2603 3541 2726 3594 sint.
2765 3543 3009 3596 Perizon.
3045 3541 3321 3614 Mttusqttq.
3351 3540 3477 3594 dicti
3501 3543 3866 3614 sunLLtrgd.

2243 3611 2386 3668 Batt.
2415 3623 2648 3680 quatuor
2669 3625 2790 3667 cunt
2827 3615 2963 3670 Ultt'.
2997 3623 3050 3669 et
3082 3611 3227 3668 Coll.
3274 3612 3508 3668 Gronov.
3536 3654 3552 3678 ,
3603 3611 3870 3670 distincti

2242 3685 2368 3737 sint.

2314 3755 2444 3810 Car.
2475 3757 2537 3811 ll.
2569 3789 2638 3799 —
2669 3761 2720 3816 1,
2759 3755 2872 3810 Rea:
2910 3757 3065 3811 L’onti
3100 3767 3254 3824 atque
3294 3756 3571 3811 Armeniae.
3615 3755 3704 3811 De
3756 3758 3872 3812 Ar.

2245 3827 2426 3881 menia
2467 3829 2680 3886 minore
2732 3827 2782 3882 id
2823 3828 3251 3899 intelligendum.
3298 3827 3571 3882 Armenim
3619 3827 3871 3896 Majoris

2243 3902 2387 3951 enim
2421 3915 2514 3952 rex
2547 3913 2664 3956 erat
2690 3902 2974 3966 Tigranes,
3009 3914 3186 3964 quem,
3221 3914 3478 3967 generttm
3502 3913 3700 3962 suum,
3729 3903 3870 3955 tilia:

2243 3968 2547 4042 Cleopatra:
2604 3972 2806 4036 ttutitzis
2860 3971 3004 4024 bello
3048 3970 3291 4042 Romano
3336 3970 3600 4035 implicuit
3650 3986 3867 4042 regunt

2243 4041 2630 4098 callidissimus
2659 4044 2747 4098 hic
2769 4052 2821 4095 et
2854 4043 3183 4095 t'ortissituus
3211 4040 3574 4095 Mithridates.

2314 4111 2368 4164 2.
2395 4111 2673 4179 Postquam
2705 4111 3058 4168 Nicomedem.
3083 4111 3283 4166 Eadem
3327 4111 3474 4165 Eutr.
3501 4111 3596 4164 lib.
3620 4127 3684 4163 v.
3712 4112 3870 4182 Lege

2244 4182 2475 4307 éppiani
2534 4185 2962 4240 Mithridaticum
2996 4229 3009 4251 ,
3069 4193 3126 4238 et
3173 4183 3375 4237 Justini
3431 4183 3527 4236 lib.
3604 4199 3867 4240 xxxvut.

2292 4270 2412 4307 ann.

2292 4270 2412 4308 ABR.

2317 4327 2368 4379 5.
2400 4325 2655 4383 Permisit.
2679 4326 2849 4396 Lugd.
2881 4326 2996 4380 Bat.
3026 4336 3229 4396 qttarl.,
3257 4325 3460 4379 invasit.

2315 4398 2380 4470 4.
2403 4397 2616 4453 Crudeli
2641 4395 2881 4470 pl‘tl’t‘tpil
2911 4395 3095 4451 edicto.
3143 4396 3218 4470 De
3265 4396 3369 4452 hoc
3400 4395 3589 4470 edicto
3633 4409 3869 4465 prmter

2247 4469 2548 4534 Appianum
2579 4511 2594 4532 ,
2630 4465 2745 4524 Liv.
2781 4465 2872 4522 lib.
2909 4483 3135 4530 Lxxvtn,
3180 4465 3372 4522 Florus
3398 4467 3489 4520 lib.
3520 4482 3578 4520 ttt
3611 4483 3758 4535 cap.
3794 4473 3868 4534 εί,

2243 4537 2536 4606 Eutropius
2578 4541 2671 4594 ιιι).
2707 4557 2759 4592 v.
2788 4540 2924 4593 llint'.
2947 4541 3141 4592 Cicero
3177 4554 3272 4606 pru
3306 4538 3425 4606 lege
3473 4538 3706 4591 Manilia
3737 4543 3818 4593 ai;
3851 4562 3865 4592 :

2246 4607 2601 4665 Mithridatem
2626 4629 2730 4665 una
2753 4611 2834 4663 die
2863 4621 2966 4662 tota
2989 4611 3112 4663 Asia
3137 4653 3151 4676 ,
3185 4617 3258 4662 tot
3291 4611 3344 4661 in
3373 4609 3672 4662 civitatibus
3701 4651 3719 4672 ,
3755 4629 3872 4666 uno

2239 4683 2422 4736 nuntio
2454 4692 2608 4754 atque
2637 4700 2743 4736 una
2790 4683 3081 4754 litterarum
3131 4680 3507 4754 significatione
3539 4681 3708 4754 fire:
3768 4684 3873 4738 lio-

2237 4767 2415 4822 manos
2447 4750 2728 4820 necandos,
2761 4751 3202 4822 trnridamlosque
3221 4752 3505 4803 denotasse.
3539 4750 3728 4805 ΡΑωι.

2309 4821 2362 4874 5.
2395 4823 2739 4894 Quicumque.
2771 4823 3010 4877 Florcnt.
3037 4821 3154 4893 pr.,
3192 4831 3248 4874 ut
3295 4823 3606 4892 quicumque
3651 4824 3873 4879 inventi

2240 4895 2481 4964 fuissent.

2311 4966 2362 5018 6.
2401 4967 2637 5037 Quoque.
2676 4966 2840 5020 Abest
2877 4966 2943 5018 ab
2973 4963 3329 5037 ed.Angttst.

2311 5037 2363 5090 7.
2397 5033 2758 5092 Cunt'ccntum
2787 5037 2974 5110 viginti
2998 5033 3251 5088 millibus.
3275 5035 3332 5090 ln
3357 5033 3712 5106 Meo,cigirrti
3749 5055 3867 5094 neu

2245 5110 2538 5163 invenitur.
2939 5135 2946 5137 —

2314 5179 2368 5250 8.
2406 5178 2560 5250 Sylla
2584 5219 2599 5242 ,
2657 5180 2742 5233 cui
2789 5189 2900 5248 post
2951 5179 3297 5232 consalutant.
3333 5176 3491 5250 Sylla,
3528 5175 3598 5231 ad
3635 5178 3871 5236 bellum

2244 5249 2664 5306 Mithridaticum
2703 5250 2980 5316 profectus
3022 5251 3119 5302 t'uit
3159 5260 3278 5318 post
3310 5249 3693 5313 consulatum,
3737 5271 3870 5307 cura

2242 5320 2350 5388 jant
2398 5321 2567 5375 Cinna
2608 5321 2797 5376 consul
2850 5322 2899 5376 ei
2953 5320 3354 5375 acettsationem
3403 5335 3495 5386 per
3531 5319 3873 5390 Virginiam

2245 5391 2520 5514 gibununt
2571 5393 2714 5463 pleb.
2759 5399 3134 5464 compararet,
3187 5391 3509 5445 Plutarchus
3562 5392 3613 5443 itt
3675 5393 3872 5450 Sulla.

2289 5479 2409 5514 anu.

2289 5479 2409 5516 ABll.

2314 5536 2368 5587 ε».
2407 5533 2740 5605 Septemplit-i
2763 5550 2909 5587 muro
2933 5533 3319 5588 communitum.
3349 5533 3434 5587 Sic
3458 5532 3696 5605 Florus,
3731 5535 3872 5592 Ma:

2239 5605 2450 5686 subruta
2481 5603 2668 5686 ξένιεξυὶ
2719 5615 2894 5673 portu,
2949 5620 3040 5686 sea:
3073 5620 3273 5686 quoque
3321 5614 3383 5686 et.
3412 5603 3645 5672 amplius
3688 5611 3872 5686 lauris

2243 5680 2455 5750 inunita.
2492 5677 2756 5750 Munierat
2793 5693 2920 5729 eum
2964 5676 3206 5750 pluribus
3249 5676 3415 5750 muris
3444 5683 3644 5750 contra
3685 5677 3871 5750 Sylla:

2244 5747 2502 5812 impetum
2531 5747 2848 5812 Archelaus,
2881 5756 2937 5800 tit
2967 5747 3158 5800 scribit
3186 5748 3478 5816 Appianus.
3517 5745 3700 5800 Faue.

2319 5819 2402 5878 10.
2435 5817 2837 5876 Contmunitttm.
2873 5818 3122 5876 Periznn.
3147 5862 3162 5888 ,
3195 5821 3468 5874 munitum.
