4076 6174
519 274 647 334 ιυιι

1112 383 1339 444 CAPUT
1383 383 1516 441 VIII.

521 503 700 559 Galba:
719 501 979 575 expeditio
1006 501 1058 556 in
1095 497 1355 572 Veragros
1378 507 1428 554 et
1458 497 1720 575 Sedunos.
1751 495 1824 575 lie
1844 495 1995 575 rebus
2025 511 2110 575 ge:

587 576 680 628 stis
711 565 936 628 Ctésaris
962 573 1016 626 in
1048 565 1346 641 coniuratos
1368 587 1486 624 cum
1517 569 1743 636 Venetis,
1769 569 1891 621 item
1919 565 2113 620 Tittirii

592 645 777 701 Sabini
805 655 853 698 et
881 642 951 697 P.
984 642 1160 698 Crassi
1186 641 1622 715 expeditionibus.

593 760 608 790 ί
635 757 803 829 Igitur
827 757 1031 822 Ctesar,
1065 755 1276 827 magnis
1296 756 1348 810 in
1380 753 1555 811 Gallia
1583 753 1744 808 rebus
1770 752 1957 823 gestis,
1987 763 2108 805 cum

518 855 571 908 in
603 850 813 906 Italiam
833 847 1102 920 proﬁcisci
1120 847 1472 914 decrevisset,
1499 844 1725 901 Galbam
1755 856 1877 898 cum
1902 843 2112 912 legione

519 947 539 976 '
565 941 885 998 duodecima
931 939 998 995 ad
1021 938 1042 972 ³
1071 938 1343 1009 Veragros
1369 938 1392 969 ’⁸
1422 937 1784 1006 Sedunosque
1810 936 1976 990 misit.
2011 932 2113 1002 Qui

516 1051 635 1092 cum
664 1029 935 1091 hiemandi
967 1046 1132 1089 causa
1159 1033 1211 1087 in
1238 1032 1359 1086 vico
1385 1030 1773 1101 Veragrorum,
1799 1027 1888 1082 cui
1914 1041 2111 1082 nomen

517 1139 638 1185 erat
676 1125 1050 1192 ‘Octodurus,
1105 1124 1465 1187 consedisset,
1528 1121 1874 1192 mediamque
1928 1120 2117 1191 Oppidi

517 1229 750 1292 partem,
779 1235 900 1288 quae
923 1227 1163 1275 torrente
1193 1216 1649 1287 distinguebatur,
1698 1210 1947 1270 accolis"
1979 1227 2114 1269 con-

518 1312 796 1378 cessisset,
815 1313 1051 1380 quadam
1076 1310 1165 1366 die
1187 1309 1408 1366 eosdem
1436 1308 1754 1364 discessisse
1777 1321 1876 1377 per
1905 1313 2115 1361 noctem

520 1420 583 1462 ac
613 1406 863 1476 proximo
887 1402 1154 1460 insedisse
1182 1404 1201 1435 '
1233 1404 1359 1458 colli
1391 1402 1556 1475 392
1576 1400 1743 1457 videt.
1775 1399 1987 1471 Quippe
2041 1399 2118 1454 illi

522 1498 850 1570 paucitatem
883 1498 977 1552 vix
1019 1496 1213 1552 media:
1246 1496 1477 1568 legionis
1505 1494 1790 1565 despectui
1831 1494 2116 1563 habentes,

521 1592 828 1645 ultroneam
861 1588 962 1644 sibi
987 1588 1222 1658 praedam
1247 1586 1399 1642 nullo
1424 1599 1704 1642 cessuram
1733 1585 1954 1656 negotio
1980 1585 2123 1640 arbi-

521 1684 831 1744 trabantur,
849 1681 1217 1752 ﬁnitimosque
1235 1695 1364 1736 suos
1392 1680 1444 1734 in
1476 1679 1616 1734 hanc
1645 1680 1812 1735 caedis
1840 1692 1902 1733 ac
1924 1678 2123 1748 praedae

1910 262 2112 321 PAULI
2151 258 2379 320 onusti

2143 381 2192 440 Α
2218 379 2454 448 degavos
2489 377 2532 408 ¹⁶
2565 376 2783 446 hiemat,
2846 375 3033 431 Veneti
3067 375 3358 445 cmteriquc
3388 375 3632 431 contines
3667 378 3706 406 ’τ
3732 392 3813 431 περ

3675 263 3811 319 1M2

2215 478 2380 541 pente
2451 469 2504 524 in
2572 485 2720 523 arma
2797 468 3128 538 coniurant,
3179 468 3386 539 legatos
3439 468 3812 524 Rtmtanorum

2215 563 2499 626 vinciunt,
2551 576 2754 630 eosque
2815 561 2885 615 ita
2941 559 3160 615 demum
3202 561 3245 591 ⁸⁸
3275 575 3336 616 se
3393 561 3723 627 reddituros,
3770 564 3815 617 si

2213 655 2434 711 obsides
2487 671 2614 711 suos
2645 654 2932 724 recipiant,
2965 654 3005 687 ’θ
3038 655 3299 710 Romanis
3360 655 3622 711 indicant.
3646 656 3694 688 ³⁸
3716 657 3816 713 So-

2215 748 2330 804 cios
2373 747 2478 802 sibi
2533 749 2600 802 ad
2641 746 2697 801 id
2754 746 2954 802 bellum
2996 747 3040 778 ²¹
3072 745 3338 802 Osismios
3363 789 3377 814 ,
3409 749 3455 779 "
3508 748 3816 816 Lexovios,

2216 839 2263 871 "
2310 839 2603 902 Nannetes,
2647 838 2693 871 "
2716 837 3123 906 Ambivaritos,
3182 839 3421 894 Morinos
3447 884 3462 909 ,
3493 841 3540 871 ’³
3585 840 3818 897 Diablin-

2219 941 2370 995 tres,
2412 940 2468 987 et
2520 933 2800 1002 Menapios
2852 931 3198 997 adsciscunt;
3253 933 3454 988 auxilia
3522 951 3747 1005 quoque
3789 951 3818 992 ι

2216 1024 2379 1096 393
2405 1023 2683 1078 Britannia
2703 1031 3011 1078 arcessunt.
3035 1022 3220 1078 Caesar
3245 1039 3341 1093 per
3360 1026 3624 1080 Crassum
3645 1027 3718 1081 de
3738 1040 3822 1082 re-

2216 1115 2454 1170 bellione
2484 1114 2793 1169 deditarum
2818 1115 3065 1184 gentium
3095 1115 3303 1169 certior
3334 1115 3530 1184 lactus,
3565 1117 3816 1186 quamvis

2220 1206 2550 1276 intelligeret
2575 1214 2774 1276 quanta
2806 1207 3029 1262 ineundi
3060 1207 3189 1262 belli
3214 1206 3512 1263 difﬁcultas
3539 1223 3710 1278 esset,
3745 1220 3820 1266 ta-

2222 1313 2346 1352 men
2381 1313 2493 1352 rem
2521 1298 2653 1352 tanti
2686 1297 2891 1367 negotii
2917 1315 3024 1353 non
3056 1297 3438 1369 negligendam
3467 1300 3513 1332 ³⁸
3537 1311 3692 1356 ratus
3720 1310 3820 1367 est,

2221 1407 2289 1446 ne
2311 1391 2529 1446 caeteris
2555 1392 2816 1458 exemplo
2845 1391 3118 1461 ejusmodi
3146 1392 3386 1448 audendi
3411 1393 3628 1450 licentia
3663 1396 3814 1452 laxa-

2222 1495 2392 1541 retur.
2421 1486 2465 1516 *7
2497 1486 2687 1556 Itaque
2733 1486 2980 1541 terrestri
3006 1485 3054 1518 ³⁸
3085 1487 3276 1556 pralio
3320 1489 3581 1558 persequi
3628 1488 3817 1545 hostes

2226 1577 2427 1632 frustra
2455 1579 2499 1611 ’⁸
2530 1591 2852 1647 aggressus;
2903 1579 3105 1649 quippe
3144 1594 3269 1634 cum
3301 1579 3488 1636 hostes
3527 1581 3818 1651 perimer-

2226 1667 2343 1722 fusa
2372 1684 2441 1723 ex
2464 1667 2681 1724 Oceano
2711 1670 2990 1737 aestuaria,
3015 1681 3179 1740 atque
3207 1670 3516 1728 inaccessos
3546 1686 3816 1740 recessus,

522 1775 878 1833 societatem“
905 1786 1254 1831 vocaverant.
1284 1774 1453 1845 Igitur
1490 1772 1661 1829 Galba
1689 1775 1710 1807 ⁸
1741 1781 1848 1826 tam
1879 1786 2122 1843 praesen-
2151 1759 2198 1819 B
2225 1761 2357 1816 tutis
2401 1771 2671 1817 terrarum
2697 1760 2742 1793 ³ο
2767 1762 2968 1818 liuibus
3013 1763 3384 1829 munirentur,
3428 1779 3599 1820 naves
3629 1765 3817 1837 longas

521 1868 664 1922 tibus
693 1867 947 1936 periculis
978 1866 1345 1936 circumsepto
1371 1879 1434 1920 ac
1452 1863 1689 1935 trepido,
1717 1864 1759 1895 ¹⁰
1790 1872 1952 1934 atque
1984 1865 2124 1918 inter

527 1959 707 2014 varias
738 1958 1167 2014 consultationes
1199 1957 1334 2013 certi
1356 1957 1576 2013 consilii
1608 1955 1842 2024 incerto,
1896 1965 2123 2026 repente

523 2050 659 2108 Galli
691 2052 960 2107 descensu
995 2051 1194 2106 montis
1225 2047 1991 2118 elIusi,castraimperfecta“
2015 2050 2124 2102 cir-

521 2143 800 2209 cumdant,
835 2157 987 2198 raros
1017 2157 1117 2214 per
1147 2142 1345 2196 vallum
1376 2147 1816 2212 propugnatores
1841 2138 1990 2196 saxis
2039 2149 2120 2194 te-

524 2235 696 2305 lisque
751 2242 1004 2290 onerant.
1031 2230 1273 2304 Cumque
1297 2233 1408 2302 jam
1460 2241 1636 2286 castra
1667 2232 2120 2299 irrumperentur,

525 2328 567 2359 ⁸⁸
608 2326 826 2382 Pacuvii
861 2325 1215 2396 primipilaris
1241 2333 1299 2380 et
1328 2325 1374 2360 ¹³
1417 2324 1674 2380 Voluseni
1706 2323 1908 2382 tribuni
1935 2324 2122 2380 consi-

526 2419 622 2487 lio,
657 2419 703 2451 ”
728 2417 913 2474 cuncti
944 2419 1174 2474 Romani
1208 2419 1378 2489 portis
1397 2425 1718 2489 eruperunt,
1767 2418 2124 2490 incautosque

524 2511 706 2566 subito
754 2512 999 2582 aggressi
1049 2511 1259 2578 hostes,
1341 2509 1571 2582 primum
1637 2507 2119 2580 perturbaverunt,

522 2601 795 2657 deindein
827 2599 1006 2672 fugam
1037 2616 1226 2656 versos
1271 2596 1569 2656 miserabili
1610 2610 1796 2672 strage
1842 2599 2120 2658 fuderunt.

523 2693 656 2748 Nam
677 2693 964 2764 “amplius
997 2693 1216 2764 triginta
1246 2692 1415 2747 millia
1448 2691 1809 2747 barbarorum
1835 2701 1962 2748 tunc
1983 2703 2124 2747 caesa

524 2787 857 2842 referuntur.
883 2784 1049 2857 lgitur
1076 2785 1420 2851 Gmsar,cum
1448 2785 1558 2856 jam
1585 2793 1804 2856 pacatas
1837 2785 2126 2841 universas

525 2881 819 2936 Galliarum
867 2888 1057 2950 gentes
1089 2886 1326 2949 putaret,
1358 2878 1429 2933 ad
1488 2893 1688 2934 novum
1718 2886 1773 2934 et
1825 2877 2124 2934 maximum

526 2973 732 3027 bellum
763 2979 1035 3028 retractus
1060 2981 1166 3026 est.
1198 2969 1442 3040 Namque
1477 2969 1605 3025 dum
1638 2969 1700 3025 P.
1729 2970 1963 3027 Crassus
1993 2972 2124 3026 ado-

491 3091 495 3096 τ
525 3066 740 3120 lescens
759 3079 880 3120 cum
905 3064 1120 3134 legione
1148 3063 1382 3135 septima
1411 3061 1629 3120 Oceano
1665 3074 1824 3118 tenus
1841 3063 1982 3134 apud
2006 3066 2124 3118 An-

2228 1855 2489 1911 :edilicari
2516 1856 2569 1910 in
2592 1855 2636 1887 ⁸¹
2666 1855 2846 1927 Ligeri
2874 1854 3044 1911 fluvio
3061 1856 3217 1925 jubet
3234 1873 3246 1911 :
3265 1871 3366 1928 per
3384 1871 3549 1927 quem
3578 1858 3635 1913 in
3659 1857 3822 1914 Ocea-

2227 1964 2353 2002 num
2382 1947 2658 2016 deductae,
2694 1964 2822 2004 mox
2851 1957 2909 2003 ut
2939 1949 3186 2004 hostibus
3225 1949 3356 2005 visae
3379 1962 3526 2017 sunt,
3561 1953 3819 2008 continuo

2227 2039 2271 2070 “
2303 2039 2562 2096 ducentae
2591 2040 2782 2110 viginti
2816 2055 2984 2096 naves
3017 2055 3211 2095 eorum
3246 2050 3470 2109 parata),
3490 2052 3659 2112 atque
3682 2045 3824 2099 oni

2226 2148 2430 2206 genere
2461 2149 2735 2188 armorum
2789 2133 3250 2199 instructissimae,
3306 2149 3614 2204 progressa:
3647 2147 3825 2205 portu,

2227 2243 2293 2286 ex
2338 2229 2569 2285 adverso
2615 2229 3022 2285 constiterunt.
3073 2228 3242 2283 Bruto
3275 2227 3319 2259 ⁸⁸
3358 2229 3823 2299 εἰνοιιιιιςρὶεἰθιιιὶ

2227 2324 2491 2392 imparem
2523 2322 2684 2393 longe
2718 2321 2937 2376 navium
2960 2335 3084 2377 esse
3112 2319 3449 2387 conﬂictum,
3475 2321 3604 2393 quia
3632 2322 3826 2377 barba-

2228 2432 2414 2472 rorum
2459 2431 2628 2471 naves
2683 2415 2862 2470 solido
2916 2414 3118 2471 robore
3167 2415 3423 2482 intextae,
3468 2416 3828 2486 cavernisque

2229 2506 2542 2580 praevalidis
2564 2507 2871 2577 nbduratae,
2901 2523 3162 2565 saxorum
3203 2509 3368 2564 modo
3399 2509 3630 2565 adactos
3660 2509 3710 2541 ³⁵
3740 2527 3826 2566 ro-

2227 2613 2520 2659 stratarum
2558 2604 2697 2659 ictus
2728 2603 3113 2669 retundebant,
3148 2603 3251 2658 hoc
3281 2604 3513 2673 primum
3543 2603 3588 2635 ³³
3614 2605 3826 2660 auxilio

2228 2694 2349 2762 fuit,
2377 2695 2522 2764 quod
2553 2695 2719 2750 lalces
2741 2695 3085 2750 acutissimas
3111 2711 3218 2751 non
3250 2693 3610 2766 pertinaciter
3639 2698 3820 2752 contis

2229 2789 2499 2858 pra‘llxas,
2530 2788 2746 2844 funibus
2768 2798 2954 2843 autem
2974 2789 3250 2844 subnexus
3273 2798 3560 2858 paraverat
3588 2805 3601 2841 :
3627 2790 3828 2860 quibus

2227 2897 2349 2937 cum
2379 2895 2516 2950 opus
2540 2891 2689 2938 esset
2715 2881 3088 2952 apprehensos
3128 2883 3342 2936 eminus
3373 2881 3655 2942 rudentes,
3687 2881 3818 2936 sub-

2227 2975 2405 3031 ductis
2437 2975 2721 3030 hastilibus
2755 2990 2850 3044 per
2881 2974 3062 3030 l‘unem
3093 2971 3289 3030 falcem
3321 2971 3676 3042 retrabeudo,
3702 2989 3827 3029 suc-

2230 3069 2498 3124 cidet'ent.
2534 3068 2628 3124 His
2656 3067 2913 3123 celeriter
2940 3067 3233 3138 expeditis,
3280 3065 3325 3097 ³⁸
3353 3066 3591 3136 dirumpi
3647 3065 3825 3121 besti-

1815 3176 2271 3239 HAVERCAMPI
2310 3183 2542 3242 NOTiE.

596 3295 725 3349 Car.
757 3291 1037 3366 Vim—lg.
1060 3289 1231 3364 Igitur
1251 3289 1602 3366 Ctesar.__Qu.e
1633 3289 1738 3366 hoc
1764 3293 1946 3366 capite
1975 3291 2112 3348 Oro-
2140 3295 2184 3356 C
2217 3308 2397 3363 amas;
2428 3303 2483 3351 at
2503 3311 2582 3366 pr.
2617 3309 2739 3352 cum
2763 3295 2909 3351 Flor.
2944 3309 3080 3354 sec..
3107 3296 3405 3351 Usissintos.

525 3368 634 3422 sius
657 3361 1174 3434 comprehcndit,'ea
1197 3365 1416 3434 copiose
1435 3362 1618 3434 Caesar
1644 3361 1784 3434 libro
1810 3361 1865 3418 ut
1895 3362 2102 3418 Comm.

527 3431 870 3505 persequitur
896 3477 911 3500 ,
960 3433 1151 3506 quibus
1177 3431 1403 3506 studiosi
1437 3433 1714 3506 utriusque
1759 3431 2118 3506 linguaegcnn-

523 3499 748 3578 jungetjt
770 3499 1127 3578 eaquze'sunt
1145 3503 1286 3578 apud
1311 3505 1532 3578 Dionem
1560 3499 1699 3558 libro
1727 3499 1913 3558 xxxix.
1946 3501 2113 3561 Fanu.

596 3574 647 3632 2.
682 3574 1033 3646 Duodecimn.
1055 3575 1151 3630 Ed.
1185 3575 1349 3646 Aug.,
1379 3574 1602 3646 decima.

598 3652 647 3704 5.
688 3647 962 3719 Veragros.
994 3643 1120 3702 Mss.
1151 3641 1369 3719 quidam
1402 3641 1756 3719 Berggrados.

596 3720 647 3773 4.
683 3714 1042 3791 Sedunosque.
1079 3714 1210 3773 mss.
1236 3717 1453 3790 quidam
1497 3714 1774 3786 Divosque,
1823 3716 2116 3790 Dur-osque,

529 3792 889 3861 Sedintosque.

598 3863 650 3916 5.
679 3857 988 3914 Octodurus.
1014 3857 1106 3930 Sic
1129 3858 1270 3914 inter
1296 3857 1433 3930 alios
1462 3857 1586 3930 cod.
1620 3857 1862 3930 Lougob.
1888 3875 1902 3926 ;
1932 3860 2022 3916 alii
2052 3871 2118 3918 ex

529 3948 658 3988 tuss.
695 3931 1007 3995 Octodorus,
1035 3928 1320 3995 Otodorus,
1361 3929 1671 3984 Ortodorus.

602 4004 652 4057 6.
692 3999 1054 4054 Concessisset.
1094 3995 1263 4070 Lugd.
1317 3997 1433 4053 Bat.
1482 4011 1622 4070 sec.,
1668 3997 1940 4068 cessisset;
1988 4002 2112 4058 edd.

528 4084 663 4130 vett.
697 4071 964 4141 quadam,
996 4070 1325 4125 dividebatur
1353 4083 1450 4140 pro
1499 4069 1938 4142 distinguebatur,
1971 4073 2118 4146 quod

532 4148 584 4200 in
619 4157 748 4198 mss.
778 4150 878 4198 est.
1137 4158 1141 4162 ’

603 4217 654 4270 7.
688 4212 843 4270 Cotti.
870 4210 1019 4268 Meus
1053 4211 1178 4268 cod.
1211 4221 1347 4284 eum_
1368 4209 1539 4284 Lugd.
1558 4212 1686 4284 _Bat.
1717 4219 1929 4284 quarto,
1961 4215 2116 4271 colle.

603 4289 656 4342 8.
691 4283 1171 4354 Vocaverant.Mss.
1207 4281 1410 4354 etedd.
1443 4281 1686 4354 Quidam,
1717 4281 2044 4340 uomuerunt.

599 4361 654 4415 9.
691 4355 840 4411 Tam.
872 4353 1058 4412 Codex
1085 4353 1327 4426 Longob.
1359 4353 1560 4413 mavult
1589 4363 1720 4426 tum,
1750 4355 1837 4411 ed.
1884 4356 2115 4429 August.

520 4448 688 4557 “Tit.
724 4499 904 4570 Atque.
943 4497 1132 4555 Delent
1158 4495 1329 4569 Lugd.
1361 4497 1481 4555 Bat.
1537 4511 1641 4569 pr.,
1699 4495 1848 4554 Flor.
1906 4511 2020 4556 sec.
2065 4509 2121 4556 et

530 4574 656 4628 edd.
691 4573 936 4642 quaedam
976 4578 1106 4626 vett.

605 4644 688 4697 ll.
710 4638 1074 4695 Circumttant.
1125 4641 1396 4702 Perizon.,
1429 4638 1828 4696 cireumdantes.

2299 3367 2387 3422 22.
2419 3367 2685 3438 Lexovios.
2718 3367 2886 3438 Lugd.
2917 3367 3032 3422 Bat.
3070 3377 3180 3438 pr.,
3210 3367 3491 3423 Lexovios.

2293 3439 2382 3494 25.
2421 3435 2700 3493 Nannetes.
2763 3435 3022 3493 Florentt.
3059 3435 3168 3493 [res
3207 3447 3260 3494 et
3290 3439 3461 3505 Lugd.
3512 3439 3648 3494 Batt.
3702 3457 3814 3496 see

2225 3520 2277 3564 et
2303 3521 2453 3579 tert.,
2482 3508 2802 3579 Namnetes;
2839 3510 3110 3579 Perizon.,
3149 3509 3450 3564 Nanineles.

2294 3579 2380 3635 2i.
2416 3575 2792 3634 AmbivaritosI
2809 3580 2915 3634 Pro
2948 3581 3027 3634 his
3051 3575 3283 3636 Ciesnris
3332 3582 3475 3649 libri,
3509 3579 3815 3638 Ambilintes

2225 3653 2444 3722 habent.
2483 3650 2644 3707 Faue.
2676 3680 2746 3692 —-
2772 3652 2895 3722 Mss.
2923 3650 3140 3722 quidam
3179 3651 3539 3706 Ambibaritos.

2293 3719 2385 3776 25.
2417 3721 2750 3777 Diablintres.
2805 3719 3132 3790 Mss—Lugd.
3179 3722 3292 3776 Bat.
3331 3726 3525 3777 tertius
3555 3732 3609 3777 et
3643 3724 3818 3787 Meus,

2225 3792 2533 3866 Diabintes_;
2567 3793 2829 3866 Florenti.
2858 3803 2992 3862 tres,
3019 3791 3313 3846 Diablintes
3330 3809 3358 3866 ,‘7
3395 3803 3461 3866 et,
3493 3797 3574 3848 sic
3598 3809 3819 3866 quoque

2221 3866 2465 3919 scribunt
2492 3860 2665 3932 Lugd.
2699 3863 2834 3918 Batt.
2872 3879 2950 3932 pr.
2980 3860 3036 3918 et
3057 3879 3164 3919 sec.
3197 3877 3317 3918 cum
3345 3865 3591 3920 Perizon.

2292 3934 2384 3990 26.
2431 3936 2595 3990 Ratus
2642 3945 2738 3989 est.
2783 3934 2920 3988 Edd.
2969 3942 3127 4000 vett.,
3162 3951 3271 3988 esse
3297 3947 3460 4000 ratus,
3495 3951 3560 3989 ne
3588 3939 3820 4001 steteris,

2223 4015 2331 4059 etc.
2376 4010 2444 4060 At
2486 4021 2616 4060 mss.
2662 4005 2930 4076 Florentt.
2990 4013 3122 4076 tres,
3174 4015 3410 4076 quatuor
3459 4007 3629 4076 Lugd.
3676 4007 3826 4074 Bat.,

2223 4076 2395 4144 Meus,
2426 4077 2704 4144 Perizon.,
2731 4073 2869 4132 Ultr.
2903 4085 2957 4132 et
2986 4074 3129 4132 Coll.
3159 4073 3335 4132 Gron.
3372 4093 3482 4131 esse
3510 4073 3593 4132 viil
3628 4091 3705 4133 est
3737 4082 3831 4134 de-

2225 4147 2361 4202 lent.
2408 4147 2489 4202 Ex
2520 4162 2750 4218 quorum
2796 4157 3070 4203 consensu
3113 4147 3228 4218 haec
3259 4158 3316 4204 et
3355 4161 3478 4218 qua:
3511 4163 3829 4218 sequuntur

2225 4219 2298 4272 ita
2329 4217 2530 4274 debere
2546 4217 2809 4290 Conatitui
2834 4218 3023 4288 judico
3055 4237 3066 4290 ς
3102 4217 3228 4272 Non
3258 4217 3626 4290 negligentiam
3655 4229 3826 4287 ratus,

2225 4305 2287 4344 ne
2335 4289 2529 4345 ueteris
2559 4289 2795 4361 exemplo
2827 4288 3085 4361 ejusmodi
3109 4288 3335 4344 audendi
3367 4288 3581 4345 licentia
3609 4291 3828 4347 (amre-

2225 4369 2329 4428 tur,
2361 4359 2588 4415 terrestri
2631 4360 2814 4431 proelio
2848 4359 3091 4430 persequi
3121 4364 3290 4416 hostes
3317 4362 3517 4430 frustra
3543 4379 3828 4435 aggressus

2224 4440 2318 4485 εει.

2295 4503 2386 4556 27.
2433 4500 2637 4572 Itaque.
2684 4503 2787 4558 Ms.
2819 4501 3072 4558 Perizon.
3103 4511 3158 4559 et
3185 4503 3359 4570 Meus,
3383 4503 3831 4562 emendationem

2228 4583 2469 4643 nostram
2501 4571 2842 4643 adiuvantes,
2873 4573 2978 4628 hoc
3004 4574 3207 4630 delent.

2293 4644 2387 4699 28.
2429 4641 2646 4698 Ριοαεῖὶο.
2690 4646 2863 4706 Meus,
2897 4644 3053 4699 bello.

600 4688 689 4769 te:
721 4688 2048 4788 ῐέέξῑιέέέ·ἧιιέίιιά,ᾱὶι·ῆ;;·ῖιίξβιῖῑέίιῑςςίῇῖεηιυηρ
2083 4725 2114 4770 a
2148 4688 2197 4747 υ
2277 4688 2387 4788 Δξεῖ
2420 4688 3108 4788 Ᾰρᾧξέαὲῗνῖὲἶὲζῐὶιξά.
3151 4717 3275 4772 Bat.
3310 4729 3432 4772 cum
3463 4717 3607 4773 οοιι.
3644 4720 3826 4775 Gron.

528 4785 744 4839 Cznsttre
772 4782 832 4838 P.
859 4780 1075 4838 Sextius
1104 4780 1341 4838 Baculus
1363 4780 1691 4837 nominatur.
1719 4781 1964 4840 FABR.-—
1985 4782 2115 4838 Pat-

533 4856 652 4910 tavii
678 4855 876 4922 legitur
903 4855 954 4908 in
985 4853 1156 4922 Lugd.
1184 4853 1303 4907 Bat.
1335 4859 1527 4922 quarto
1558 4859 1613 4908 et
1645 4854 1785 4910 Meo.

604 4926 690 4979 t5.
728 4923 993 4994 Voluseni.
1021 4923 1191 4994 Lugd.
1227 4923 1341 4978 Bat.
1374 4933 1577 4994 quart.,
1615 4923 1892 4980 Volussini.

602 4997 693 5049 14.
736 4993 935 5070 Cuncti.
988 4993 1210 5051 AbeSta
1239 4994 1413 5065 Lugd.
1458 4993 1575 5048 Bat.
1620 5004 1814 5066 quarto
1854 4997 2108 5070 Meoque;

529 5066 668 5122 forte
693 5067 906 5119 cunctis.

603 5133 687 5207 15.
726 5135 977 5207 Amplius.
1010 5135 1540 5207 Perizon.,amplius
1576 5149 1749 5207 quam.

601 5206 687 5265 16.
721 5203 954 5260 Ηὶέηιαι.
992 5207 1262 5272 Perizon.,
1285 5203 1574 5261 hientasset.

605 5277 688 5335 i7.
725 5278 968 5348 (tepente.
1001 5276 1256 5348 AbestAal)
1295 5277 1380 5332 ed.
1417 5279 1640 5348 August.

604 5352 694 5426 it}.
729 5345 809 5426 se
822 5345 1136 5426 reddituros.
1155 5345 1601 5426 CodexLopgbb.
1638 5364 1820 5426 se_n0n
1847 5357 2110 5426 agnoscit.

603 5423 688 5499 ω.
726 5417 1187 5499 Ιίοηιαηξε..ᾼι›εει
1207 5436 1246 5499 a‘
1263 5420 1388 5473 cod;
1422 5417 1821 5499 Perizonz‘Mox
1853 5417 1941 5482 ed.
1972 5427 2107 5499 Aug.

529 5496 780 5561 inducunt
811 5503 910 5561 pro
930 5489 1192 5561 indicant;
1223 5490 1364 5561 forte
1385 5489 1555 5561 voluit
1586 5492 1835 5548 indicunt.

599 5565 686 5619 20.
744 5559 925 5639 So:cios
952 5559 1050 5617 sibi
1077 5561 1219 5639 adid
1251 5559 1670 5639 bellum.‘L_ugd.
1721 5563 1836 5620 Bat.
1887 5575 2110 5639 quartus

528 5635 783 5704 Meusque
811 5633 1012 5704 legunt,
1034 5631 1203 5704 socios
1234 5632 1448 5704 suosuad
1472 5629 1682 5689 bellum.

599 5701 996 5781 2L'Osistnios.
1022 5701 1300 5781 Perizon.,
1339 5701 1614 5781 Qxismos;
1645 5705 1909 5766 Florenti.
1942 5721 2022 5781 pr.
2055 5713 2109 5767 et

530 5783 681 5842 tert.,
709 5788 831 5828 cum
863 5772 982 5830 Meo
1029 5785 1083 5830 et
1131 5773 1302 5846 Lugd.
1335 5771 1476 5829 Batt.
1516 5788 1623 5831 see.
1660 5787 1716 5834 et
1735 5771 1960 5853 quarto,
1987 5780 2107 5837 Osi-

2221 4785 2428 4840 addunt
2466 4785 2561 4840 est.
2607 4785 2667 4841 In
2709 4785 2796 4842 ed.
2845 4800 2978 4841 vero
3023 4785 3221 4855 Scotti,
3253 4789 3375 4844 sive
3400 4790 3586 4846 ultima
3618 4791 3828 4856 Orosii,

2225 4857 2397 4932 tumis
2419 4856 2659 4932 (minque
2684 4860 2978 4932 verborum
3006 4861 3231 4914 emissio
3256 4860 3344 4932 hic
3371 4861 3829 4932 deprehenditur.

2330 4931 2384 4984 0.
2429 4927 2666 4981 Finibus.
2709 4927 2974 4984 Florentt.
3011 4943 3141 4992 tres,
3169 4930 3385 4986 sinibus.

2426 4998 2621 5079 Ligeri.
2665 4999 3061 5079 Mss.‘qu_idatn,
3087 5001 3303 5079 Ligero,
3331 5004 3645 5079 etLigerio.

2295 5070 2386 5149 52.
2430 5067 2674 5125 Ducentur
2719 5067 2901 5149 viginti
2943 5089 3112 5149 naves.
3155 5067 3328 5144 Lugd.
3365 5067 3598 5149 Batf'pt.
3630 5083 3830 5137 decem

2226 5137 2457 5210 amplius
2485 5153 2753 5197 numerat.
2772 5137 3405 5204 Rotuttdoducentarum
3435 5137 3662 5206 numero
3690 5165 3831 5209 con-

2221 5221 2398 5266 tentus
2427 5219 2511 5267 est
2531 5212 2780 5269 Perizon.

2251 5284 2380 5364 .55.
2424 5282 2895 5366 circumspicienti.
2938 5287 3112 5359 Lugd.
3157 5287 3275 5346 Bat.
3326 5304 3504 5364 quat't.
3549 5306 3604 5351 et
3635 5293 3830 5360 Meus,

2216 5363 2679 5412 circumspicimus.

2290 5425 2380 5511 Ξξά.
2409 5425 2791 5511 Rostratarutn.
2816 5431 2988 5505 Lugd.
3019 5435 3136 5490 Bat.
3164 5452 3269 5507 pr.,
3298 5446 3612 5508 rostrorum,
3636 5454 3835 5511 super-

2217 5499 2419 5561 scripta
2451 5509 2574 5550 vera
2614 5499 2874 5558 lectione.

2288 5566 2379 5646 ἒξ.
2422 5566 2654 5646 Auxilio.
2695 5569 2869 5646 Lugd.
2905 5576 3022 5631 Bat.
3061 5595 3165 5646 pr.,
3202 5578 3476 5634 auxilium.

2289 5639 2376 5693 56.
2421 5635 2683 5719 Dirumpi.
2739 5635 2865 5704 Mss.
2917 5635 3163 5721 aliquot,
3212 5649 3511 5722 disrumpi:
3566 5652 3827 5709 Floreat.

2218 5727 2327 5781 pr.,
2360 5724 2557 5780 rumpi,
