2038 3087
227 101 297 130 1015

930 99 1032 129 PAULI
1053 99 1166 128 OROSll

1804 99 1874 128 1018

227 169 322 196 gressu
337 168 352 189 a
368 160 508 188 Britannis
521 160 621 193 victus,
638 161 658 175 “
682 160 772 195 ibique
793 159 928 187 Labienus
942 159 1024 187 tribu-
1039 160 1063 191 Λ
1079 164 1150 187 tatus
1169 164 1221 187 est.
1239 159 1360 195 Namque
1373 160 1383 175 ’
1397 158 1537 187 Ambiorix
1566 166 1627 187 cum
1654 159 1828 187 Eburonibus
1847 165 1877 188 et

227 215 278 235 nus
293 208 399 234 occisus
413 211 466 234 cst.
481 206 608 234 Secundo
619 205 714 241 proelio
724 213 786 233 cum
800 213 899 241 magno
912 213 1024 233 suorum

227 254 386 281 discrimine
411 253 497 281 victos
512 253 658 280 Britannos
674 253 699 279 in
720 252 809 287 fugam
823 253 843 268 ¹²
856 253 946 280 vertit.
960 252 1025 279 Inde

230 299 252 315 ”
276 298 310 326 ad
330 299 431 326 ﬂumen
457 297 612 326 Thatnesim
633 298 772 333 prolectus
792 302 843 330 est,
867 306 947 333 quem
971 305 1025 325 uno

228 350 332 372 tantum
350 344 411 372 loco
428 344 506 372 vadis
529 344 750 372 transmeabilcm
773 343 874 371 ferunt.
890 344 918 371 lu
945 344 1024 378 hujus

228 392 358 420 ulteriore
385 392 456 427 ripa,
471 392 492 407 ”
507 390 710 418 Cassivellauno
722 393 802 424 duce,
818 391 949 418 immensa
966 390 1026 417 hos-

228 439 296 466 tium
323 438 467 466 multitudo
488 439 668 472 consederat,
692 439 834 473 ripamque
856 437 974 465 [luminis
992 445 1025 466 ac

227 495 297 523 pene
313 492 398 515 totum
410 487 461 515 sub
470 494 539 521 aqua
550 486 648 514 vadum
658 486 821 513 acutissimis
833 485 945 513 sudibus
958 494 1025 521 pra:-

229 539 376 562 struxerat.
393 533 472 567 Quod
490 534 535 561 ubi
547 541 562 561 a
578 533 709 560 Romanis
723 532 925 568 deprehensum
941 540 972 561 ac
991 532 1026 560 vi-

229 585 314 608 talum
327 584 380 613 est,
397 579 518 613 barbari,
534 578 671 613 legionum
682 578 812 613 impetum
825 585 877 605 non
894 577 1023 612 ferentes,

230 627 308 654 silvis
322 633 383 654 sese
397 625 537 659 abdidere,
554 624 627 652 unde
649 624 755 652 crebris
769 624 960 660 eruptionibus
973 624 1027 651 Ro-

229 679 324 700 manos
338 672 457 707 graviter
480 679 512 698 ac
527 679 599 706 smpe
614 671 782 699 lacerabant.
808 671 912 699 Interea
929 671 1027 698 Trino-

229 718 342 746 bantum
357 718 513 746 lirmissima
526 718 621 745 civitas
636 725 697 745 cum
714 718 736 733 “’
758 717 931 752 Androgorio
945 717 1024 751 duce,

229 765 301 791 datis
316 764 496 799 quadraginta
512 763 666 797 obsidibus,
689 763 790 791 Czesari
806 771 867 790 sese
881 763 902 778 ια
912 762 1025 790 dedidit.

228 810 306 843 Quod
329 810 488 845 exemplum
513 814 613 837 secutae
636 810 718 838 urbes
734 810 795 837 aliae
818 810 983 845 complures,
999 810 1025 836 in

1077 206 1087 221 ³
1098 206 1236 233 Aduaticis
1250 206 1423 241 conspirans,
1437 206 1575 233 animatus
1589 205 1599 220 ⁷⁸
1614 205 1794 233 Trevirorum
1808 213 1877 233 con-

1076 253 1146 284 silio.
1164 252 1272 280 Cottam
1293 257 1320 280 et
1344 252 1476 279 Sabinum
1492 252 1596 288 legatos
1611 253 1622 268 ⁸
1635 252 1707 287 apud
1730 252 1877 280 Eburones

1077 307 1138 325 cum
1156 303 1210 326 tota
1225 299 1234 314 ⁵
1246 299 1370 326 funditus
1382 298 1489 334 legione
1500 299 1607 327 insidiis
1617 299 1820 327 circumventos
1834 299 1878 327 in-

1078 345 1194 372 terfecit.
1210 345 1350 373 Ambiorix
1374 344 1425 373 bac
1440 345 1552 373 victoria
1569 345 1666 379 elatus,
1685 345 1835 374 Aduaticos
1849 349 1878 373 et

1077 392 1189 420 Nervios
1203 392 1389 428 plurimosque
1398 392 1467 420 alios
1478 392 1576 427 raptim
1592 392 1618 419 in
1631 400 1707 420 arma
1721 392 1877 426 contrahit,

1076 442 1156 471 atque
1171 439 1180 454 ⁷
1197 438 1231 466 ad
1248 437 1408 466 Ciceronem
1436 438 1570 474 legatum,
1596 437 1644 474 qui
1667 439 1791 467 similiter
1812 444 1878 466 tunc

1077 483 1174 519 legioni
1200 484 1225 511 iu
1243 483 1364 512 hibernis
1387 488 1523 519 praterat,
1546 484 1700 512 contendit.
1727 484 1879 512 Multitudo

1077 529 1196 557 hostium
1211 537 1244 557 ex
1257 530 1309 557 huc
1330 530 1421 565 colligi
1446 530 1551 565 potuit,
1567 530 1578 545 ⁸
1593 530 1654 565 quia
1671 530 1753 566 398
1772 538 1836 558 cum
1849 531 1876 557 in

1077 576 1220 604 obsidione
1234 580 1389 603 castrorum
1414 576 1517 603 vallum
1537 575 1767 616 circumdandum
1783 584 1847 604 esse
1861 584 1877 603 a

1077 623 1194 658 captivis
1203 623 1333 651 Romanis
1345 623 1522 657 docerentur,
1535 629 1562 651 et
1574 623 1757 652 instrumenta
1773 625 1875 652 ruralia

1078 677 1132 697 non
1150 669 1293 702 traherent,
1309 669 1407 705 gladiis
1422 670 1593 698 concidendo
1607 676 1719 702 terram,
1735 675 1763 698 et
1773 670 1878 705 sagulis

1078 716 1256 751 exportando,
1273 716 1316 743 vix
1328 715 1413 743 tribus
1429 715 1504 743 horis
1518 717 1528 732 °
1542 716 1641 743 vallum
1654 716 1752 751 pedum
1768 716 1876 748 decem.

1078 768 1105 790 et
1119 762 1218 790 fossam
1241 762 1340 797 pedum
1364 762 1521 798 quindecim
1538 762 1559 778 '°
1577 770 1625 797 per
1640 762 1724 790 millia
1748 770 1877 798 passuum

1078 809 1233 844 quindecim
1246 809 1272 836 in
1284 808 1401 836 circuitu
1413 808 1602 843 perfecerunt.
1615 808 1750 837 Praeterea
1765 814 1878 837 centum

228 856 318 883 {(edus
351 856 535 883 Romanorum
567 860 701 883 venerunt
715 864 722 882 :
746 855 894 890 iisdemque
915 855 1027 882 demou-
1043 855 1066 884 B
1080 855 1174 890 viginti
1188 860 1278 882 turres
1295 854 1370 882 mira:
1386 854 1535 882 altitudinis
1546 858 1756 882 exstruxerunt.
1770 855 1802 882 Et
1816 863 1880 883 cum

229 901 394 933 strantibus,
418 901 509 929 Caesar
535 900 664 936 oppidum
690 901 710 916 ‘7
733 900 929 929 Cassivellauni
956 901 1026 929 inter

229 948 297 974 duas
313 947 425 982 paludes
441 947 538 981 situm,
554 947 665 974 obtentu
687 947 798 981 insupcr
817 946 948 974 silvarum
968 955 1026 974 mu-

230 995 327 1026 nitum,
343 994 526 1029 omnibusque
550 993 632 1021 rebus
656 993 899 1027 confertissimum,
917 994 1024 1022 tandem

229 1040 305 1075 gravi
325 1047 413 1075 pugna
438 1041 520 1075 cepit.

234 1089 239 1093 ’
494 1098 576 1133 397
596 1098 709 1126 CAPUT
729 1098 762 1125 Χ.

230 1165 358 1194 (Σωδανεηι
388 1166 512 1193 adversus
538 1174 631 1193 novam
654 1166 790 1193 Gallorum
811 1167 1027 1202 conspirationem

320 1203 464 1237 profectum
478 1202 569 1237 fuisse,
591 1210 684 1237 eosque
699 1204 782 1229 denuo
797 1203 935 1238 subegisse.

266 1269 335 1296 Exin
357 1268 449 1296 Catsar
465 1269 473 1285 ¹
490 1276 505 1296 a
529 1269 667 1297 Britannis
688 1277 816 1297 reversus
839 1270 865 1297 in
893 1270 1027 1304 Galliam,

230 1320 376 1350 postquam
391 1315 512 1350 legiones
526 1316 552 1343 in
564 1315 678 1343 hiberna
703 1316 792 1348 misit,
807 1317 957 1351 repentinis
972 1317 1029 1345 bel-

230 1363 318 1391 lorum
334 1362 496 1390 tumultibus
512 1363 630 1398 undique
653 1363 856 1391 circumventus
869 1368 897 1391 et
914 1363 1027 1391 c0nllic-

1077 901 1133 935 jam
1148 905 1253 936 septem
1266 900 1325 929 dies
1347 905 1496 936 noctesque
1518 900 1640 928 succidui
1665 901 1782 929 hostium
1797 902 1880 929 cunei

1081 952 1248 983 pugnarent,
1273 948 1294 962 “
1316 954 1346 974 ac
1372 951 1469 974 ventus
1495 946 1587 974 subito
1611 947 1745 982 plurimus
1765 952 1882 974 exortus

1080 999 1169 1026 esset,
1194 993 1433 1021 testas-ferventes
1449 993 1585 1020 intersere
1605 992 1704 1027 fundis,
1721 994 1741 1009 ¹²
1758 992 1882 1021 ﬂamma-

1082 1044 1162 1074 taque
1183 1039 1250 1066 locis
1267 1039 1318 1066 tela
1330 1060 1337 1073 ,
1358 1047 1390 1067 ac
1409 1047 1472 1067 mox
1493 1042 1629 1075 concepto
1643 1040 1704 1073 igne
1721 1040 1857 1067 rutilantia
1868 1061 1876 1073 ,

1082 1086 1103 1102 ¹³
1119 1087 1191 1113 intra
1206 1091 1293 1113 castra
1316 1086 1452 1120 iecerunt.
1473 1085 1533 1119 Quo
1561 1086 1633 1113 facto
1650 1086 1672 1102 ¹⁸
1692 1094 1740 1121 per
1761 1087 1878 1114 eulmina

1082 1132 1180 1167 raptim
1202 1136 1299 1158 ventus
1323 1131 1468 1164 insistens,
1496 1139 1620 1167 sparsum
1634 1132 1766 1159 animavit
1785 1132 1882 1160 incen-

1081 1178 1168 1206 dium.
1191 1178 1245 1206 Sed
1261 1178 1283 1194 ’³
1299 1185 1333 1206 ne
1347 1179 1386 1206 sic
1399 1178 1509 1213 quidem
1525 1179 1659 1211 Romani,
1682 1187 1742 1207 cum
1760 1180 1881 1214 undique

1080 1224 1271 1259 obruerentur,
1283 1225 1452 1257 vulneribus,
1466 1224 1618 1258 laboribus,
1633 1225 1743 1259 vigiliis,
1754 1226 1879 1260 jejuniis,

1080 1271 1271 1306 incendiisque
1285 1275 1439 1299 cesserunt.
1462 1271 1584 1299 Tandem
1608 1271 1710 1299 Caesari
1726 1273 1881 1300 nuntiatum

1080 1321 1133 1350 est,
1149 1324 1230 1344 unam
1243 1317 1361 1345 deletam
1375 1324 1438 1345 esse
1454 1317 1598 1353 legionem,
1610 1317 1722 1346 alteram
1736 1319 1792 1354 jam
1809 1328 1881 1354 pene

1079 1364 1245 1391 conlectam.
1267 1363 1438 1392 Adventante
1465 1364 1486 1379 εδ
1509 1371 1571 1392 cum
1594 1363 1699 1392 duabus
1726 1365 1881 1401 legionibus

876 1410 920 1438 HA
928 1410 1102 1439 VERCAMPI
1123 1411 1238 1439 ΝΟΤᾸΞ.

269 1457 313 1485 Η.
335 1456 425 1491 Ibique
446 1455 585 1483 Labienus.
607 1456 736 1484 Labienus
753 1461 795 1484 est
819 1457 845 1483 in
867 1457 980 1484 vetustis
999 1462 1027 1484 et

231 1492 341 1519 Roberti
358 1492 443 1519 libris.
455 1492 544 1520 Carsar
560 1492 608 1520 lib.
620 1500 646 1525 v,
663 1492 696 1525 ρ.
713 1492 851 1520 Laberium
864 1491 966 1519 Durant
980 1492 1028 1520 ha—
1041 1493 1065 1525 C

229 1527 284 1555 bet.
300 1527 382 1555 [ἢθη.

266 1563 310 1590 12.
329 1562 422 1591 Vertit.
442 1563 528 1596 Lugd.
545 1563 604 1590 Bat.
619 1571 673 1598 pr.,
690 1564 825 1591 convertit.

268 1598 369 1635 iBLAd
381 1600 476 1634 ﬂumen
489 1599 639 1627 Tliamesin.
663 1598 700 1635 lq
712 1606 778 1627 mss.
797 1599 895 1635 legitur
914 1599 1025 1627 Tamen-

231 1635 290 1666 sim,
305 1633 490 1670 Tamniensim,
515 1635 652 1668 Tamesiet,
680 1634 804 1661 Tanest'u.
826 1633 905 1663 Delet
926 1637 1024 1670 ﬂumen

232 1677 302 1696 unus
320 1669 429 1705 etalter
447 1678 482 1697 ex
498 1677 576 1701 mss..
594 1670 686 1704 plures
701 1671 804 1705 aliquot
820 1669 952 1705 abjiciunt
974 1677 1022 1699 est.

269 1705 312 1731 H.
336 1703 530 1732 Cassivellauno
552 1703 626 1732 dure.
644 1705 672 1732 ln
695 1703 773 1738 mss},
801 1703 1025 1739 Cassovellauno;

231 1740 271 1775 sic
284 1739 403 1774 Longob.
427 1740 488 1768 cod.
511 1741 563 1768 Alii
583 1740 789 1772 Cassibellauno,
807 1740 1023 1775 Cassobellauno,

232 1774 448 1810 Cassopellauno,
465 1781 492 1804 et
508 1776 626 1811 denique
640 1775 823 1803 Cassivellano.

267 1812 312 1838 15.
329 1810 503 1848 Andragorio.
516 1811 544 1839 In
559 1810 710 1848 Gualtheri
721 1812 789 1838 libro
802 1816 855 1848 est.
878 1812 1023 1848 Androgio.

232 1845 323 1873 Caesar
344 1845 558 1874 Mandubratimn
574 1852 665 1883 vocat.
689 1846 772 1874 FABR.
788 1863 823 1867 —
836 1847 909 1875 Flor.
930 1845 1023 1883 priin.,

232 1886 296 1909 tert.
320 1887 348 1909 et
370 1887 425 1910 tres
447 1890 482 1910 ex
507 1882 592 1918 Lugd.
614 1882 699 1915 Batt.,
719 1890 780 1910 curn
797 1883 868 1911 Coll.
891 1882 1023 1916 Gronov.,

232 1917 375 1952 Androgio.
400 1918 474 1946 Flor.
491 1917 591 1947 sec.'et
610 1925 666 1945 sec.
685 1918 769 1954 Lugd.
787 1918 845 1946 Bat.
866 1927 927 1947 cum
945 1919 1023 1953 Ultr.,

231 1953 374 1979 Andraaio.

256 1961 374 1980 naraaro.

268 1962 446 2015 i‘éf’b‘iudu.
462 1996 528 2017 mss.
539 1988 659 2024 quidam,
675 1989 758 2017 dedit.

269 2023 314 2050 17.
337 2023 534 2051 Cassivellauni.
550 2023 638 2059 Mss).
660 2024 871 2059 Cassovellauno,
887 2025 1024 2053 Cassobel—

232 2058 322 2093 launo,
339 2059 545 2093 Cassibellauno,
563 2064 589 2086 ct
603 2058 845 2087 Cassobellaunnm.

268 2092 333 2120 CAP.
347 2093 447 2121 X.—l.
461 2095 482 2122 Α
491 2095 631 2122 Britannis.
648 2095 697 2122 Ed.
711 2096 841 2129 August.,
852 2104 867 2123 a
878 2096 1025 2125 Britannia.

267 2129 295 2155 2.
317 2129 450 2156 Ambiorix
461 2139 520 2157 eum
533 2130 706 2158 Eburonibus.
722 2131 786 2158 Mss.
803 2131 894 2164 plures
903 2132 1027 2160 scribunt

232 2163 436 2202 Eburonatibus.
453 2166 610 2193 Memoriam
635 2166 726 2193 herois
751 2166 853 2200 hujus,
878 2169 1026 2202 patriasque

230 2199 368 2227 libertatis
384 2202 591 2236 propugnatoris
613 2201 754 2235 acerrimi,
772 2197 1025 2231 sei'vanlnumm'uli
1039 2197 1065 2226 Ῑ)

231 2236 353 2270 argentei
372 2236 496 2271 antiqui,
518 2237 552 2264 ab
574 2236 749 2265 Eburonibus
773 2238 842 2265 cusi.
860 2237 997 2266 Exhibent
1010 2247 1024 2266 a

230 2275 309 2305 parte
330 2272 436 2306 priore,
450 2271 483 2299 ad
508 2272 692 2299 Romanorum
708 2273 883 2300 denariorum
899 2274 1026 2301 similitu-

231 2306 335 2338 dinem,
350 2308 582 2341 caputmuliebre,
599 2308 726 2342 Virtutis,
744 2314 771 2336 ut
787 2315 861 2342 puto,
878 2311 954 2344 galea
969 2310 1026 2336 ala-

232 2346 257 2380 ta
282 2345 394 2380 tectum,
408 2344 606 2380 cumasicripto
629 2343 739 2371 nomine
754 2344 861 2377 AMBI.,
877 2350 904 2371 et
918 2345 1026 2380 plenius

232 2376 258 2403 in
280 2376 598 2416 alteroAMBlORlXIA
617 2384 694 2416 parte
712 2380 865 2416 posteriore
889 2376 1027 2416 equitatus

232 2413 321 2448 gentis
336 2413 501 2443 celebratur.
517 2418 580 2448 typo
593 2414 703 2448 equitis.
713 2413 824 2442 casside
837 2421 863 2443 et
875 2413 968 2444 lancea
984 2424 1029 2443 ar-

232 2447 298 2473 mati
311 2469 318 2480 ,
334 2453 416 2482 atque
429 2449 463 2476 ab
478 2447 653 2477 Eburonibus
666 2456 746 2477 cusos
767 2449 852 2477 fuisse
874 2453 1028 2479 nummulos

231 2481 468 2524 ducentascriptae
479 2484 580 2524 litterae
597 2485 639 2512 EB
646 2485 771 2524 VRQnes.
785 2487 854 2515 Octo
869 2486 1028 2523 hujusmodi

232 2520 338 2545 nummi
353 2520 460 2547 unciam
478 2520 628 2548 Romanam
643 2521 775 2556 pendunt.

439 2746 499 2798 bis
615 2766 649 2799 ι
664 2751 766 2815 ’ζ’
787 2766 816 2805 is

698 2820 778 2846 εῆνδ.
783 2819 806 2845 0

1282 1481 1385 1597 Ῠζῖί
1519 1490 1581 1546 Ἥ

1281 1531 1328 1590 ρ’(ί
1368 1537 1388 1567 »11
1397 1543 1399 1548 ⁷
1417 1539 1441 1567 ιβ)
1520 1541 1553 1561 ὲ
1646 1553 1652 1556 .

1290 1561 1318 1584 ‘*\
1420 1570 1440 1599 ρ
1499 1562 1533 1588 έισ
1636 1590 1640 1600 ι

1280 1596 1290 1619 ³
1517 1599 1622 1650 δέδυκε,

1115 1720 1142 1746 5.
1162 1719 1310 1748 Aduaticis.
1320 1719 1349 1754 In
1363 1720 1465 1748 nostris
1478 1720 1671 1755 manuscriptis
1682 1719 1740 1748 fere
1750 1720 1879 1747 omnibus

1079 1754 1124 1782 hic
1137 1759 1164 1782 et
1178 1762 1260 1789 supra
1270 1763 1330 1789 cap.
1344 1756 1361 1783 7
1374 1756 1489 1783 Atuatici
1504 1754 1691 1789 nominantur,
1707 1763 1780 1789 quos
1795 1755 1879 1789 vulgo

1079 1790 1221 1817 Aduau‘cos
1235 1796 1346 1818 vocant.
1364 1792 1411 1819 Dio
1434 1799 1542 1826 qu0que
1557 1792 1620 1820 illos
1635 1792 1813 1826 Ἀτουατικοπξς
1831 1799 1877 1824 ιιι-

1081 1826 1172 1860 pellat.
1190 1826 1244 1853 llos
1255 1826 1348 1854 Cassar
1364 1827 1411 1854 lib.
1427 1825 1453 1861 v,
1467 1825 1544 1855 Gutta
1558 1832 1585 1855 et
1597 1827 1699 1855 Sabino
1714 1825 1878 1858 interfectis,

1079 1868 1109 1888 se
1120 1869 1181 1888 cum
1195 1862 1357 1897 Ambiorige
1370 1863 1544 1897 conjunxisse
1557 1864 1604 1890 ait.
1623 1863 1706 1890 FABR.
1722 1878 1757 1882 —
1772 1862 1879 1888 Atuati-

1079 1897 1116 1959 ἵε
1139 1905 1248 1959 armaque
1271 1897 1362 1926 inveni
1388 1899 1414 1925 in
1435 1898 1569 1927 Floreutt.
1596 1898 1703 1926 duobus
1716 1903 1743 1925 et
1759 1902 1877 1933 quatuor

1103 1940 1137 1959 ue
1160 1952 1166 1959 .
1205 1940 1229 1959 at
1247 1953 1253 1959 .

1103 1937 1166 1960 υειι.
1183 1937 1253 1960 Ball.

1114 1940 1339 1996 Ἐὼτῗὲιξῖιίονιιηι.
1352 1969 1476 1996 Floreat.
1494 1977 1534 2003 pr.
1551 1973 1579 1996 et
1599 1973 1676 2003 tert.,
1692 1969 1878 1996 Treverorum.

1115 2004 1143 2031 5.
1163 2003 1239 2038 Apud
1265 2004 1407 2032 Eburones.
1432 2005 1519 2040 Lugd.
1548 2005 1619 2033 Bait.
1641 2009 1777 2041 quatuor,
1805 2004 1878 2039 apud

1080 2038 1232 2066 Eburonas.

1124 2047 1170 2066 uro
1174 2047 1221 2066 nas
1225 2060 1232 2066 .

1114 2075 1141 2101 ὃ.
1164 2073 1404 2111 FunditumLttgd.
1422 2076 1482 2103 Bat.
1501 2080 1591 2111 quart.
1609 2077 1696 2104 simul.

1115 2111 1142 2139 7.
1163 2111 1204 2137 Ad
1215 2110 1374 2138 Ciceronem.
1389 2111 1421 2144 ρ.
1432 2110 1548 2138 Tullium
1562 2111 1711 2139 Ciceronem
1726 2112 1806 2139 Marci
1824 2111 1879 2138 fra-

1078 2151 1160 2178 trem,
1175 2146 1290 2173 Cmsaris
1303 2146 1433 2181 legatum,
1443 2147 1588 2175 Catsarlib.
1604 2156 1631 2181 v,
1641 2148 1689 2175 Dio
1699 2147 1797 2175 lib.u..
1812 2146 1878 2174 ΡΑΒ.

1114 2182 1142 2209 8.
1165 2182 1242 2213 Quia.
1259 2181 1307 2208 Ed.
1325 2190 1381 2216 pr.,
1396 2182 1477 2216 quod.

1113 2217 1140 2244 9.
1165 2217 1270 2244 Vallum
1294 2218 1386 2252 pedum
1401 2218 1500 2245 decem.
1527 2219 1630 2252 Ctesar,
1659 2218 1720 2253 ped.
1742 2226 1769 2246 x1
1785 2218 1879 2244 habet.

1079 2253 1115 2280 Ex
1131 2260 1164 2280 eo
1179 2253 1249 2290 quod
1267 2253 1398 2290 sequitur,
1415 2262 1462 2289 per
1475 2255 1560 2290 millia
1574 2254 1878 2290 passuumrquindecim,

1077 2288 1252 2325 cognoscitur
1273 2288 1460 2325 quomodo'sit
1475 2288 1620 2323 legendum
1643 2289 1711 2325 apud
1723 2288 1876 2325 Caesarem,

1078 2324 1123 2351 ubi
1146 2323 1256 2358 quidam
1273 2323 1336 2351 libri
1351 2332 1384 2351 xv
1395 2344 1402 2356 ,
1419 2326 1511 2352 czeteri
1534 2333 1565 2357 x,
1584 2323 1667 2352 millia
1691 2332 1813 2359 passuum
1830 2324 1879 2350 ha-

1079 2359 1154 2390 bent,
1170 2359 1197 2385 in
1212 2366 1263 2393 qua
1275 2360 1409 2387 varietate
1426 2359 1511 2387 lueret
1526 2360 1688 2388 Glareanus.
1706 2360 1788 2388 FABR.

1080 2429 1102 2456 Α
1115 2394 1158 2421 10.
1175 2394 1231 2456 lPer
1245 2393 1328 2421 millia
1350 2403 1475 2431 passuum
1488 2396 1646 2431 quindecim.
1665 2396 1770 2424 Absunt
1784 2394 1818 2422 ab
1831 2394 1876 2421 ed.

1106 2438 1172 2456 naus
1187 2450 1193 2456 .

1106 2435 1193 2464 ngusl.

1116 2466 1160 2502 ll.
1181 2465 1218 2502 Ae
1234 2470 1331 2493 ventus.
1348 2466 1434 2501 Lugd.
1452 2466 1511 2495 Bal.
1527 2472 1628 2502 quart..
1645 2475 1704 2494 cum
1719 2472 1818 2494 ventus.

1117 2501 1162 2528 l2.
1185 2500 1400 2538 Flammataque.
1418 2502 1503 2538 Lugd.
1519 2500 1581 2531 B'at.
1602 2507 1690 2539 quart.
1705 2523 1713 2537 ,
1729 2503 1877 2538 inﬂammm

1081 2542 1167 2572 taque.

1081 2573 1161 2635 Batti
1175 2572 1267 2632 [ἴηνα.
1281 2572 1401 2601 Floreat.
1416 2580 1457 2609 pr.
1473 2578 1501 2602 et
1513 2578 1590 2608 tert.,
1607 2581 1670 2602 eum
1684 2574 1772 2601 tribus
1788 2572 1875 2608 Lugd.

1135 2628 1154 2635 ..
1171 2616 1198 2634 1n
1212 2616 1250 2635 ro.

1106 2612 1154 2641 aL,
1171 2612 1250 2635 intra.

1119 2644 1163 2680 ll».
1184 2642 1238 2680 Per
1250 2644 1375 2680 culmina.
1389 2644 1501 2673 Roberti
1515 2645 1584 2673 liber
1600 2645 1693 2680 habet,
1713 2653 1759 2680 per
1773 2644 1874 2671 culmea

1082 2679 1207 2706 culmina.
1218 2679 1326 2715 Tulege
1336 2678 1483 2709 Caesarem.
1498 2681 1581 2709 Fann.
1595 2696 1631 2702 —
1645 2678 1731 2716 Lugd.
1748 2679 1876 2716 Bautres

1082 2719 1231 2752 perfuncta
1246 2715 1371 2749 rulmina,
1389 2716 1527 2744 invenitur
1540 2723 1632 2744 cuncta
1648 2715 1754 2752 quoque
1764 2715 1791 2743 in
1805 2715 1875 2742 Ultr.

1083 2754 1110 2777 et
1124 2750 1193 2777 Coll.
1210 2750 1331 2778 Gronov.

1120 2785 1164 2812 15.
1187 2786 1229 2823 Ne
1243 2787 1279 2813 sic
1289 2786 1403 2823 quidem.
1420 2787 1504 2822 Lugd.
1517 2788 1575 2815 Bal.
1594 2793 1682 2823 quart.
1698 2792 1724 2816 ct
1740 2786 1803 2815 edd.
1815 2785 1877 2822 qui-

1084 2820 1151 2857 dam
1161 2821 1264 2857 malunt
1278 2820 1322 2848 nec
1336 2822 1372 2849 sic
1385 2820 1499 2857 quidem.

1121 2856 1165 2884 16.
1185 2856 1250 2884 Cum
1265 2856 1365 2886 duabus
1379 2856 1531 2894 legionibus.
1549 2859 1687 2888 Plutarch.
1703 2859 1797 2888 scribit
1815 2857 1877 2886 Ca:-
