4076 6174
261 327 400 384 1017

1313 326 1787 384 lllS'I‘OllIARUM
1829 327 2028 384 LIBER
2071 327 2157 384 Vl.
2199 327 2356 384 CAP.
2399 326 2466 385 Χ.

3413 333 3553 390 1018

257 441 473 496 Cmsarc
498 483 514 508 ,
546 442 585 472 ¹⁷
616 439 874 496 deserunt
929 440 1116 496 hostes
1169 440 1512 496 obsidionem
1533 487 1547 509 ,
1581 451 1744 513 atque
1797 443 1848 498 in
1882 447 1929 506 Α
1957 458 2062 514 que
2100 453 2225 498 ante
2265 453 2508 498 exactam
2551 442 2787 499 biemem
2829 453 2942 500 tres
2971 445 3037 503 ad
3069 462 3193 502 eum
3227 446 3468 517 legiones
3500 448 3554 504 iu

258 550 383 588 eum
399 533 606 601 cuncti,
635 535 804 604 raptis
816 534 1011 604 copiis,
1028 541 1212 590 ruunt.
1228 531 1412 589 Caesar
1435 536 1769 604 parvissimis
1789 550 1850 590 se

258 625 457 682 eaStris
487 626 530 659 ⁸⁸
551 626 802 680 consulto
831 625 1097 692 condidit,
1121 626 1503 696 equitibusque
1526 626 1848 696 prtemissis,

259 727 316 770 ttt
348 715 527 788 fugam
555 716 824 787 fingerent
845 716 1162 786 imperavit,
1195 728 1254 772 ut
1285 717 1350 772 ad
1382 719 1668 773 transitum
1691 718 1851 773 vallis

256 825 376 880 qua:
400 809 580 864 media
602 818 745 876 erat,
767 809 981 881 sibique
1000 811 1310 880 periculosa
1339 811 1646 877 videbatur,
1669 815 1852 867 hostes

257 909 576 971 contemptu
595 902 680 958 sui
702 902 978 958 invitaret.
1007 903 1214 972 Quibus
1243 903 1663 959 adventantibus
1702 904 1854 960 insu-

259 1007 357 1064 per
391 994 602 1050 obstrui
649 1003 832 1065 portas
865 995 1150 1066 praecepit.
1188 994 1309 1064 Quo
1345 997 1464 1051 viso
1494 995 1664 1062 Galli,
1697 998 1850 1066 quasi

254 1087 364 1154 jam
387 1072 671 1154 vicisseni,
698 1085 738 1118 ¹³
761 1084 827 1141 ad
858 1085 1244 1142 abducendum
1266 1085 1624 1150 extrinsecus.
1651 1087 1851 1144 vallum

257 1181 421 1253 399
440 1181 684 1236 conversi
713 1190 856 1235 sunt.
887 1181 1067 1236 Caesar
1093 1179 1220 1236 totis
1244 1188 1467 1252 repente
1495 1181 1666 1250 portis
1695 1195 1854 1250 para-

254 1286 369 1332 tum
413 1275 601 1332 effudit
652 1276 966 1343 exercitum,
1009 1289 1307 1344 versosque
1345 1275 1400 1330 in
1447 1274 1628 1346 fugam
1667 1273 1854 1329 Gallos

253 1369 555 1424 vastissima
602 1368 753 1424 caede
797 1365 1053 1426 confecit.
1093 1367 1137 1397 ²⁰
1176 1366 1309 1422 Nam
1357 1367 1636 1436 sexaginta
1682 1363 1851 1419 millia

255 1470 381 1517 tunc
418 1459 588 1516 fuisse
625 1459 963 1526 referuntur;
995 1478 1027 1515 e
1062 1460 1259 1530 quibus
1299 1459 1455 1529 pauci
1496 1473 1592 1529 per
1631 1456 1853 1528 paludes

252 1554 426 1609 invias
449 1561 758 1608 evaserunt.
792 1552 835 1583 ²¹
868 1551 1288 1616 Indutiomarus,
1317 1551 1668 1606 Trevirorum
1698 1549 1851 1620 prin-

251 1659 398 1714 ceps,
441 1659 662 1715 magnas
699 1652 1033 1699 armatorum
1074 1644 1258 1713 copias
1297 1643 1528 1712 babetts,
1571 1650 1850 1713 postquam

251 1737 319 1793 de
337 1751 612 1793 consensu
632 1737 820 1792 Gallia:
840 1739 1002 1793 totius
1022 1738 1225 1792 certior
1243 1737 1487 1793 redditus
1505 1746 1609 1803 est,
1631 1733 1851 1790 Labieni

1951 551 2133 592 eaStra
2161 546 2444 593 venerunt.
2480 537 2644 606 Igitur
2669 536 2872 604 CaeSar,
2903 541 3048 609 prius
3088 556 3248 611 quam
3291 541 3343 595 in
3386 556 3553 597 unum

1954 632 2188 687 hostium
2216 632 2386 703 copi-.1:
2406 631 2640 698 coirent,
2668 633 2890 689 ineunte
2918 649 3045 690 vere
3067 633 3283 705 aggredi
3311 634 3555 704 trepidos

1953 734 2007 781 ct
2036 725 2346 796 opprimere
2375 741 2594 796 Sparsos
2626 725 2679 780 in
2708 729 2824 782 suis
2855 726 3052 782 finibus
3094 735 3269 796 parat.
3315 726 3553 781 l’iimum

1954 817 2132 891 itaque
2172 819 2492 876 Nerviorum
2536 819 2669 875 lines
2709 819 2938 889 diripit:
2979 820 3215 890 priedatn
3247 835 3396 887 vero,
3431 836 3554 890 qua:

1953 912 2325 982 copiosissima
2351 924 2488 980 erat,
2519 912 2785 969 exercitui
2819 914 3106 984 permittit.
3143 913 3350 969 Deinde
3374 916 3556 971 Mena-

1955 1006 2092 1074 pios,
2125 1004 2216 1074 qui
2244 1005 2347 1060 sibi
2379 1013 2600 1076 propter
2629 1005 2921 1060 immensas
2950 1006 3175 1074 paludes
3197 1015 3359 1077 atque
3385 1007 3557 1078 impe-

1953 1095 2252 1151 ditissimas
2291 1096 2455 1151 silvas
2496 1095 2846 1151 munitissimi
2887 1096 3229 1165 videbantur,
3263 1096 3436 1152 tribus
3465 1111 3558 1167 ag-

1956 1190 2193 1245 minibus
2224 1189 2434 1246 invadit
2469 1207 2483 1246 :
2522 1189 2690 1262 400
2728 1190 3002 1260 nimiaque
3039 1190 3189 1245 caede
3231 1191 3392 1262 vulgo
3440 1190 3558 1259 agi—

1955 1291 2100 1350 tata,
2140 1282 2390 1339 residuos
2427 1284 2700 1354 supplices
2748 1287 2802 1339 in
2853 1283 3182 1339 deditionem
3231 1284 3278 1316 ²⁴⁵
3328 1284 3553 1354 recepit.

1955 1376 2225 1432 Labienus
2264 1377 2512 1448 sequenti
2555 1376 2740 1448 prmlio
2766 1392 2960 1433 omnes
2987 1378 3336 1434 Trevirorum
3366 1379 3554 1446 copias

1955 1471 1999 1501 ⁸⁷
2028 1470 2316 1536 interfecit,
2344 1471 2390 1504 ³⁸
2410 1484 2526 1526 arte
2547 1469 2600 1526 in
2630 1470 2829 1526 bellum
2853 1479 3190 1542 provocatas,
3222 1471 3372 1541 prius
3393 1485 3554 1542 quam

1955 1561 2240 1618 Germanis
2297 1563 2714 1618 adventantibus
2765 1562 3161 1634 jungcrentur,
3202 1571 3261 1618 et
3297 1564 3558 1618 continuo

1956 1654 2126 1724 ipsam
2149 1653 2423 1710 civitatem
2440 1657 2483 1688 ’ν
2504 1655 2669 1724 capit.
2696 1653 2882 1711 Caesar
2904 1655 3093 1710 ulcisci
3116 1663 3347 1712 mortem
3370 1653 3557 1721 Sabini

1955 1756 2010 1801 et
2034 1744 2204 1801 Cotta:
2226 1747 2524 1817 legatorum
2555 1749 2763 1811 volens.
2793 1748 2838 1778 ³ο
2865 1748 3234 1820 Ambiorigem
3261 1758 3318 1804 et
3347 1748 3560 1804 Eburo-

249 1841 451 1900 castra,
483 1831 882 1902 legionemque,
923 1833 966 1862 “
1005 1831 1092 1886 cui
1131 1831 1177 1885 is
1216 1839 1471 1900 prurerat,
1509 1829 1650 1898 quod
1692 1827 1846 1883 facile

1965 1853 2074 1905 aes,
2101 1839 2296 1895 deleta:
2325 1840 2556 1910 legionis
2577 1851 2854 1907 auctores,
2889 1841 2932 1873 ³¹
2968 1851 3254 1912 postquam
3284 1841 3338 1896 in
3381 1841 3558 1896 Ardu-

251 1926 394 1980 l’actu
425 1924 811 1992 arbitrabatur,
843 1924 1024 1979 delere
1051 1923 1240 1979 statuit
1265 1940 1278 1975 :
1308 1936 1370 1977 ac
1397 1921 1595 1976 deinde
1637 1920 1843 1976 Eburo-

250 2017 415 2072 nibus
441 2016 758 2086 Nerviisque
786 2018 1132 2087 coniunctus,
1171 2015 1237 2070 ad
1275 2013 1689 2086 opprimendum
1727 2012 1847 2068 Cae-

249 2123 429 2163 sarem
478 2123 723 2178 pergere.
776 2107 1073 2174 Labienus,
1125 2108 1321 2178 quibus
1370 2114 1546 2178 potest
1596 2106 1843 2172 artibus,

249 2200 466 2257 simulat
503 2201 776 2266 timerent,
817 2209 980 2272 atque
1009 2201 1055 2233 ’³
1094 2200 1167 2256 ita
1204 2200 1629 2255 Indutiomarum
1671 2198 1843 2269 negli-

249 2295 544 2365 gentiorem
571 2310 697 2352 cum
727 2295 1116 2351 insultantibus
1155 2294 1324 2366 copiis
1365 2310 1461 2366 pro
1501 2295 1644 2350 vallo
1682 2295 1844 2350 ober-

249 2397 480 2455 rantetn,
511 2389 558 2420 ”
600 2390 883 2460 repentina
921 2391 1223 2462 irruptione
1262 2393 1574 2461 prostravit.
1619 2390 1728 2446 Ilac
1765 2390 1847 2445 vi-

249 2484 419 2538 ctoria
469 2483 718 2551 Labieni,
768 2485 966 2556 reliqui
1012 2485 1288 2542 Gallorum
1340 2496 1566 2540 conatus
1609 2487 1845 2554 repressi

248 2588 396 2647 sunt,
427 2589 482 2633 et
517 2577 699 2634 Caesar
738 2580 902 2649 paulo
939 2580 1175 2650 quietior
1214 2579 1418 2650 reliqua
1459 2587 1614 2649 parte
1654 2579 1846 2634 bicmis

251 2671 373 2727 fuit.
420 2673 468 2703 ”
505 2671 615 2728 Sed
656 2673 968 2742 intelligens
1005 2671 1108 2727 sibi
1148 2672 1352 2741 majora
1392 2671 1520 2726 belli
1557 2685 1846 2740 superesse

252 2765 491 2836 negotia,
508 2764 742 2819 maxime
761 2764 887 2835 quia
915 2764 1138 2834 plurima
1162 2773 1315 2834 parte
1330 2763 1603 2818 exercitus
1622 2764 1840 2831 amissa,

250 2858 481 2929 aliisque
509 2857 748 2929 graviter
778 2859 998 2925 sauciis,
1029 2872 1097 2912 ne
1124 2857 1189 2912 ad
1221 2857 1597 2914 sustinendum
1627 2858 1845 2930 quidem

249 2954 352 3008 sibi
383 2953 632 3020 idoneus,
658 2967 764 3010 non
791 2952 965 3008 dicam
993 2954 1057 3008 ad
1079 2953 1543 3023 comprimendum
1566 2953 1845 3010 Gallorum

252 3045 514 3115 impetum
541 3045 838 3110 videretur,
870 3061 900 3100 a
928 3043 1028 3100 Cn.
1063 3046 1319 3117 Pompeio
1349 3048 1676 3117 proconsule
1716 3062 1848 3104 con-

250 3140 416 3196 scribi
453 3139 714 3211 legiones,
745 3140 959 3211 sibique
988 3139 1128 3196 mitti
1159 3139 1212 3196 in
1243 3141 1503 3196 auxilium
1545 3142 1697 3212 petit.
1739 3140 1846 3198 Ita-

1945 1949 2142 1991 ennam
2169 1934 2361 1990 silvam
2389 1934 2432 1966 ³³
2467 1935 2732 2004 refugisse
2755 1936 3046 2006 comperit,
3080 1935 3127 1966 ³³
3157 1950 3278 2006 quat
3304 1934 3439 1990 silva
3474 1943 3557 1990 to-

1947 2031 2052 2083 tius
2082 2027 2270 2083 Gallia:
2297 2027 2533 2082 maxima
2562 2036 2671 2093 est,
2700 2038 2862 2098 atque
2890 2043 2918 2080 a
2954 2027 3088 2097 ripis
3118 2027 3294 2083 Rbeni
3334 2025 3560 2083 finibus~

1945 2137 2051 2191 quc
2089 2121 2438 2176 Trevirorum
2477 2121 2543 2175 ad
2578 2120 2805 2176 Nervios
2834 2135 3004 2191 usque
3034 2120 3314 2190 pertingit,
3342 2129 3398 2175 et
3423 2118 3470 2150 “
3500 2120 3553 2174 in

1947 2212 2280 2282 longitudine
2305 2213 2430 2285 plus
2458 2228 2619 2283 quam
2651 2213 2941 2282 quingenta
2970 2211 3137 2266 millia
3165 2225 3420 2281 passuum
3454 2224 3555 2280 pa-

1948 2317 2045 2374 tet,
2079 2307 2416 2377 permetiens
2443 2321 2559 2363 rem
2587 2307 2632 2337 ³⁸
2663 2307 2778 2362 suis
2808 2305 3030 2360 maximi
3063 2304 3288 2373 periculi
3332 2304 3470 2369 fore,
3511 2304 3558 2360 si

1949 2416 2046 2472 per
2085 2399 2131 2431 ³⁸
2168 2401 2476 2456 obstructas
2516 2387 2896 2470 Spatiosasque
2935 2398 3100 2454 silvas
3139 2398 3306 2468 ignoti
3345 2397 3556 2456 divide-

1947 2500 2175 2558 rentur,
2218 2490 2262 2522 ³⁷
2303 2489 2621 2560 hostemque
2659 2489 2796 2544 locis
2836 2489 3182 2544 netissinmm
3221 2497 3554 2559 quaererent,

1947 2599 2165 2641 omnem
2216 2583 2446 2639 Galliam
2502 2597 2599 2653 per
2650 2582 2867 2638 nuntios
2912 2581 2959 2613 ³⁸
2999 2581 3210 2648 invitat,
3259 2587 3317 2635 ut
3354 2579 3557 2651 quique

1947 2677 2246 2734 secundum
2295 2675 2554 2747 placitum
2604 2691 2761 2732 suum
2811 2674 3119 2730 reconditas
3164 2673 3218 2729 in
3260 2673 3555 2729 Arduenna

1949 2774 2085 2828 silva
2115 2772 2326 2844 praedas
2353 2779 2600 2843 qurcrant
2633 2771 3016 2842 diripiantqne.
3051 2771 3169 2838 Quo
3211 2769 3351 2824 facto
3388 2767 3558 2824 Gallis

1952 2867 2223 2937 utrimque
2264 2865 2656 2926 morientibus,
2701 2863 2964 2919 maximas
3003 2863 3376 2918 Itotnanorum
3417 2861 3559 2931 inju—

1950 2959 2059 3013 rias
2087 2958 2203 3014 sine
2246 2960 2564 3029 cujusquam
2618 2957 2844 3012 Romani
2887 2955 3201 3010 discrimine
3239 2954 3555 3010 vindicavit.

1950 3050 2025 3105 Ita
2055 3049 2160 3105 boc
2192 3050 2464 3105 tutissimo
2491 3049 2535 3082 3°
2568 3049 2815 3104 vincendi
2855 3063 3058 3118 genere
3096 3062 3320 3105 securus
3360 3047 3414 3102 in
3453 3045 3559 3101 Ita-

1952 3143 2078 3198 liam
2110 3141 2294 3198 rediit.

1542 3399 1991 3458 IIAVERCAMPI
2029 3399 2263 3458 ΝΟΤᾸΞἸ.

255 3624 433 3686 sarem
467 3617 576 3666 tum
611 3609 870 3668 habuisse
901 3612 1327 3686 ἑπτακισχιλίους
1369 3611 1492 3674 τοὺς
1520 3612 1847 3682 σύμπαντας-

1965 3609 2152 3686 mione,
2166 3609 2421 3686 legatur.
2447 3610 2612 3686 Fasti.

256 3681 424 3738 FABB.

329 3757 416 3808 17.
453 3752 734 3809 Desernnl.
761 3753 861 3810 Ed.
891 3771 1000 3826 pr.,
1024 3756 1384 3822 deseruerunt,
1409 3764 1465 3809 et
1484 3753 1627 3808 illam
1653 3762 1855 3808 secutas

255 3824 504 3886 Venetae,
537 3826 825 3882 deseruere.

325 3898 418 4022 (1'8.
462 3895 732 3954 Consulto.
784 3900 839 3954 in
869 3913 1044 3969 marg.
1099 3897 1274 3969 Lugd.
1303 3897 1420 3951 Bat.
1463 3910 1608 3962 sec.,
1641 3896 1721 3951 vel
1764 3911 1853 3949 oc-

367 3984 417 4022 o.

253 3979 417 4023 culto.

331 4040 421 4098 I9.
465 4039 546 4094 Ad
566 4040 925 4096 abducendum
950 4041 1268 4096 extrinsecus
1287 4040 1505 4095 vallum.
1528 4037 1609 4094 Cl.
1637 4037 1856 4093 Ouden-

255 4111 482 4183 dorpius
504 4112 570 4166 ad
591 4111 840 4168 Frontin.
866 4128 918 4182 p.
936 4111 1041 4167 397
1067 4113 1194 4183 legit
1220 4112 1286 4166 ad
1311 4111 1693 4183 abducendum,
1727 4109 1853 4177 quia

257 4181 514 4238 videlicet
545 4183 617 4238 ibi
665 4185 764 4238 lib.
807 4181 879 4238 trt’
907 4181 1140 4253 Stratagl
1176 4200 1297 4250 cap.
1331 4185 1456 4242 ll7.
1490 4185 1540 4235 in
1591 4181 1857 4236 Frontino

258 4254 489 4328 legitur.
541 4263 585 4309 et
614 4257 806 4310 uallum
835 4254 1108 4328 detrahere
1131 4266 1406 4328 creperum.
1439 4254 1546 4328 Sed
1581 4269 1704 4306 cum
1738 4267 1858 4328 om-

258 4327 410 4396 nium
441 4340 570 4396 mss.
591 4337 850 4382 constans
880 4327 1041 4382 lectio
1061 4322 1313 4380 obducere
1341 4327 1616 4396 pratferat,
1649 4340 1754 4396 non
1783 4322 1855 4396 de

256 4395 404 4450 vallo
440 4393 816 4466 Romanorum
861 4397 1005 4466 loqui
1043 4398 1298 4451 existimo
1339 4393 1617 4461 Orosium,
1663 4395 1757 4449 sed
1787 4395 1856 4448 de

257 4467 408 4521 vallo
427 4465 726 4539 Gallorum.
752 4484 862 4539 quo
891 4465 1169 4537 incingere
1198 4469 1430 4523 Caesaris
1459 4479 1635 4522 castra
1668 4467 1858 4539 volue-

261 4546 410 4593 runt.
442 4537 714 4593 Fecerunt
743 4537 962 4595 scilicet
1010 4539 1060 4592 in
1099 4539 1380 4593 obsidione
1407 4547 1707 4593 castrorum
1740 4537 1857 4591 Cll:-

259 4609 400 4663 saris
427 4607 599 4682 idem,
646 4611 788 4682 quod
838 4609 1085 4682 fecerant
1110 4609 1166 4682 in
1196 4609 1512 4682 obsidendis
1543 4607 1738 4662 castris
1768 4606 1860 4662 Ci-

259 4679 500 4745 ceronis,
521 4682 636 4743 ttbi,
660 4679 840 4736 edocti
863 4697 891 4736 a
918 4680 1171 4748 captivis,
1197 4683 1248 4734 in
1272 4680 1541 4734 obsidione
1569 4687 1857 4732 castrorum

260 4751 692 4822 circumdandum
717 4769 850 4820 esse,
875 4753 1074 4822 gladiis
1101 4752 1416 4806 effoderunt
1453 4760 1654 4822 terram
1683 4760 1856 4822 etgsa-

257 4821 403 4892 gulis
445 4819 1010 4893 exportarunt.Qnod
1055 4840 1176 4877 cum
1215 4823 1376 4892 paulo
1421 4831 1549 4893 ante
1593 4821 1695 4875 boe
1739 4819 1857 4888 ipso

257 4894 445 4964 capite
460 4892 823 4961 praecesserit,
851 4895 1102 4950 similiter
1123 4895 1190 4949 de
1211 4892 1621 4964 oppugnatione
1641 4902 1858 4964 castro-

2029 3680 2122 3756 25.
2157 3675 2263 3736 Sed
2291 3681 2606 3751 intelligens.
2632 3680 2763 3747 Qum
2789 3678 3058 3756 deinceps
3069 3689 3243 3756 usque
3285 3675 3557 3756 adulinem

1958 3751 2154 3821 capitis
2195 3745 2520 3819 sequuntur,
2564 3765 2626 3805 ea
2656 3745 2801 3821 sunt
2849 3745 2998 3818 apud
3042 3745 3314 3801 Caesarem
3360 3745 3454 3800 lib.
3507 3759 3559 3800 Vl

1958 3820 2140 3888 Com.,
2175 3833 2233 3876 et
2265 3822 2490 3877 Dionem
2523 3823 2614 3877 lib.
2647 3839 2733 3876 XL.
2769 3820 2932 3875 linea.

2027 3893 2123 3950 9.6.
2159 3894 2389 3962 Recepit.
2417 3894 2588 3962 Lugd.
2619 3893 2760 3949 Batt.
2788 3901 2920 3955 tres,
2952 3888 3157 3958 recipit.

2028 3965 2121 4019 27.
2154 3958 2442 4034 Interfecit.
2473 3958 2645 4033 Lugd.
2675 3965 2794 4018 Bat.
2825 3971 3032 4033 quart.,
3071 3958 3337 4028 interﬁcit.

2027 4036 2120 4090 .‘28.
2147 4037 2290 4095 Arte.
2322 4036 2496 4106 Lugd.
2529 4036 2666 4090 Batt.
2699 4051 2780 4106 pr.
2811 4044 2863 4087 et
2894 4041 3045 4106 tert.,
3077 4039 3216 4084 ante.

2028 4107 2121 4161 29.
2156 4107 2330 4175 Capit.
2359 4099 2486 4162 mss.
2522 4099 2713 4169 iidem;
2737 4105 2890 4176 cepit.
2923 4099 3040 4159 Mus
3073 4110 3362 4175 protractus
3387 4099 3559 4172 Lttgd.

1960 4178 2078 4234 Bat.
2113 4191 2317 4249 quart.,
2351 4190 2450 4244 pro
2473 4188 2799 4249 provocatus.

2031 4244 2516 4321 50.'Ambiorigent,
2542 4260 2653 4321 etc.
2676 4248 2867 4317 Vulgg.
2899 4248 3106 4321 legunt,
3137 4246 3192 4321 in
3219 4244 3564 4315 Ambiorigem

1958 4330 2004 4376 et
2039 4320 2324 4374 Eburones.
2351 4317 2456 4374 Sed
2487 4321 2536 4373 itt
2567 4320 2732 4374 nullis
2777 4333 2910 4376 mss.
2957 4317 3087 4372 illud
3133 4318 3184 4369 in
3234 4327 3513 4384 comparet
3545 4331 3560 4377 ;

1960 4391 2264 4460 repudiavit
2298 4405 2516 4461 quoque
2543 4393 2631 4444 ed.
2659 4391 2890 4458 August.
2933 4403 3051 4458 quae
3095 4385 3330 4461 fideliter
3367 4401 3432 4439 ex
3460 4401 3562 4439 tns.

1960 4457 2167 4533 optimo
2194 4457 2454 4531 expressa
2486 4471 2589 4533 est,
2623 4457 2794 4533 quare
2815 4457 3078 4533 exsulare
3096 4457 3253 4533 jussi.

2031 4535 2119 4588 51.
2156 4527 2460 4601 Postquam.
2496 4532 2613 4586 Non
2643 4527 2916 4586 invenitur
2962 4531 3016 4584 in
3058 4529 3230 4598 Lugd.
3275 4527 3414 4581 Batt.
3450 4542 3559 4596 pr.,

1961 4615 2085 4661 tert.
2121 4614 2174 4658 et
2195 4603 2336 4659 Coll.
2369 4603 2538 4658 Gron.

2029 4675 2121 4732 32.
2153 4675 2444 4745 Refugisse.
2477 4673 2650 4746 Lugd.
2681 4673 2797 4728 Bat.
2823 4681 3027 4744 quart.,
3057 4669 3431 4742 transfugisse;
3463 4667 3562 4723 Ed.

1959 4747 2190 4817 August.
2205 4791 2218 4811 ,
2250 4747 2462 4817 fugisse.

2034 4809 2124 4874 ἐξ).
2160 4809 2288 4884 Qua:
2311 4809 2467 4871 'silva.
2503 4816 2778 4872 Posterior
2801 4829 2929 4874 vox.
2962 4824 3018 4869 ttt
3045 4813 3276 4877 inutilis,
3319 4829 3348 4866 a
3389 4809 3562 4882 Lugd.

1961 4889 2105 4944 Batt.
2139 4903 2221 4958 pr.
2253 4897 2307 4941 et
2337 4889 2498 4942 tertio
2529 4898 2690 4958 atque
2721 4887 2863 4942 (Zoll.
2894 4887 3091 4958 Gron.,
3122 4886 3296 4958 abest.

260 4951 655 5054 rumJCiesaris
669 4968 785 5035 capi
813 4951 1006 5054 debet}
1041 4975 1208 5054 atque
1249 4951 1331 5021 'si'c
1362 4951 1547 5054 Gallos
1585 4963 1652 5017 ad
1675 4961 1854 5044 obdu-
1884 4992 1940 5054 D
2033 4951 2228 5054 34:11.
2259 4951 2727 5030 longitudine.'Sic
2756 4972 2925 5018 mss.;
2958 4961 3010 5012 in
3035 4951 3408 5028 longitudinem
3437 4951 3562 5009 edd.

258 5034 493 5107 cendttm
519 5032 860 5094 extrinsecus
892 5038 1090 5092 vallum
1119 5032 1251 5107 '(quo
1282 5044 1461 5091 castra
1490 5032 1726 5090 Caesaris
1765 5033 1852 5086 in-

258 5106 566 5180 cluderent,
602 5108 814 5180 ipsique
839 5110 1048 5166 abitum
1083 5106 1512 5180 pratcluderent)
1534 5117 1854 5170 conversos,

259 5177 439 5249 subita
466 5177 754 5249 eruptione
779 5181 908 5237 vicit
933 5193 986 5237 et
1017 5180 1223 5236 delevit
1247 5179 1454 5235 Ctesar.

330 5248 419 5324 2Q.
454 5247 593 5324 Nam
617 5251 1098 5324 sexagintamillia.
1135 5251 1288 5306 I-lunc
1319 5263 1607 5324 numerum
1636 5260 1856 5324 eorlum,

257 5321 352 5389 qui
381 5322 446 5390 Q.
474 5317 764 5378 Ciceronis
778 5317 957 5379 castra
987 5325 1341 5386 obsederunt,
1376 5322 1489 5378 edit
1518 5323 1680 5376 etiam
1713 5317 1854 5373 Plut.

259 5391 315 5446 in
336 5389 570 5465 Gaesare.
597 5393 763 5450 FABB.
786 5425 856 5436 ——
876 5394 1046 5464 Lugd.
1073 5394 1190 5449 Bat.
1215 5409 1298 5465 pr.
1321 5404 1377 5449 et
1398 5401 1550 5465 tert._.
1576 5407 1643 5445 χι.
1666 5389 1856 5443 millia.

458 5463 869 5544 ndutiomarus.
899 5463 1316 5544 ’Iujioujrtotmpog,
1347 5465 1477 5544 Dio._
1503 5463 1670 5544 Fasti.

331 5534 423 5608 2.9..
452 5534 549 5608 Qui
570 5537 615 5590 is
659 5546 899 5608 praeerat.
950 5534 1179 5596 Mediam
1205 5534 1414 5594 'vocem
1459 5537 1503 5590 is
1533 5535 1716 5590 delent
1746 5541 1856 5587 tres

260 5603 431 5668 Lugd.
467 5606 607 5662 Batt.
634 5603 756 5663 eum
784 5609 923 5666 Ultr.
951 5621 1004 5666 et
1031 5611 1168 5666 Coll.
1204 5609 1444 5666 Gronov.

331 5675 419 5753 gf}.
453 5675 560 5753 I__ta.
593 5679 766 5735 Abest
792 5683 861 5738 ab
887 5683 1017 5738 edit.
1048 5684 1276 5753 August.

331 5746 424 5803 24.
460 5749 743 5825 Repentino
760 5755 1028 5825 eruptione
1054 5746 1355 5823 prostravit.
1381 5749 1688 5825 Erupttone,
1711 5756 1860 5825 recte

260 5833 478 5892 ¢I'Wlue
509 5820 644 5878 κου.
697 5837 819 5880 cum
854 5820 1135 5896 'vulgo'in
1187 5825 1467 5896 impressis
1494 5820 1672 5891 male,
1720 5820 1862 5874 irrit-

2003 5031 2232 5085 modum.

1963 5050 2285 5174 litigi-agi}?
2318 5103 2530 5157 maxim,-
2561 5101 2803 5174 pm'culi.
2836 5099 2998 5174 Editi,
3033 5099 3117 5153 sui
3147 5099 3391 5159 maxime,
3418 5095 3566 5174 quod

1961 5175 2186 5232 nollem.
2236 5172 2410 5228 Laur.
2452 5205 2524 5216 —
2562 5169 2894 5228 Emendatio
2927 5172 3044 5228 hanc
3096 5185 3230 5226 mss.
3289 5169 3563 5232 euntibus,

1964 5254 2113 5303 certe
2141 5243 2389 5314 plurimis
2419 5245 2772 5316 approbatur.

2037 5305 2503 5374 56.'0bstruclas'.'
2523 5317 2692 5387 Lugd.
2726 5315 2842 5370 Bat.
2873 5322 3078 5386 quart.,
3108 5313 3394 5375 abstrusas,
3421 5305 3569 5378 quod

1963 5390 2093 5446 etin
2123 5387 2212 5462 ed.
2239 5389 2378 5458 Aug.
2411 5388 2613 5462 inveni.
2733 5459 2744 5462 _
2805 5458 2816 5462 _
3007 5457 3024 5462 _
3085 5455 3120 5462 _
3170 5455 3183 5462 _

2034 5463 2123 5517 57.
2150 5458 2198 5512 Η
2207 5449 2462 5530 οειεῦιιιηε
2485 5461 2614 5514 locis
2637 5458 2981 5530 notissimum.
3007 5457 3063 5513 In
3085 5453 3308 5511 Ruberti
3333 5449 3429 5506 lib.
3455 5456 3562 5516 est,

1963 5532 2259 5600 hostemque
2281 5529 2387 5585 loci
2403 5533 2792 5600 gnarissimum.
2824 5529 2991 5584 ΕΔΜ.

2034 5546 2173 5586 stem.
2195 5546 2259 5584 ue
2281 5546 2379 5585 toct
2403 5547 2792 5598 qnanssnnum.
2824 5546 2853 5584 ι1
2871 5546 2991 5584 san.

2034 5605 2123 5660 38.
2159 5546 2374 5656 Invitat.
2403 5590 2574 5671 Lugd.
2607 5602 2728 5657 Bat.
2749 5609 2956 5669 quart.,
2982 5596 3232 5658 inritavit,
3259 5592 3334 5648 uti
3355 5591 3566 5662 quique.

2035 5676 2124 5732 59.
2149 5673 2412 5746 Vincendi
2441 5691 2642 5746 genere.
2675 5671 2845 5742 Lugd.
2882 5671 3021 5725 Batt.
3055 5683 3139 5738 pr.
3184 5675 3234 5722 et
3260 5672 3414 5732 tert.,
3443 5676 3566 5717 cum

1964 5747 2100 5804 Coll.
2129 5745 2395 5814 Gronov.,
2427 5745 2724 5803 uindicandi
2754 5757 2953 5814 genere.
