4076 6174
454 267 595 329 1025

1843 263 2051 324 PAULI
2088 262 2316 324 OROSII

3611 258 3750 316 102$

450 390 608 455 perte
633 379 865 438 Romani
895 379 964 437 ad
995 380 1316 438 insidiarum
1343 380 1521 438 locum
1543 380 1796 440 instructi
1827 383 2048 441 ordina—
2077 381 2126 440 A
2154 388 2329 451 parte,
2356 387 2413 436 et
2450 377 2685 435 Caninio
2714 379 2759 410 ³²
2791 393 2858 433 ex
2886 377 3055 433 altera
3095 375 3402 442 insistente,
3436 375 3678 432 maximo
3699 382 3765 432 et

457 475 607 543 tique
629 474 931 544 venissent,
952 474 1246 530 commisso
1269 474 1484 545 prtelio,
1510 473 1746 531 Romani
1764 474 1950 533 Gallos
1977 475 2057 533 fu-

451 569 665 641 gientes
689 567 901 624 eisdem
931 566 1179 623 locorum
1212 565 1629 637 munitionibus,
1661 566 1858 640 quibus
1883 568 2052 625 clausi

453 663 703 728 fuerant,
748 659 1118 728 incluserunt,
1158 668 1496 732 cunctosque
1526 660 1594 717 ad
1620 660 2053 719 internecionem

454 753 802 811 ceciderunt.
876 751 957 810 lbi
1019 752 1258 811 Correus
1326 753 1510 825 fugam
1572 754 1657 812 vel
1719 753 2056 813 deditionem

452 847 800 915 detrectans,
833 845 880 879 ’δ
909 846 1187 902 Romanos
1207 886 1224 914 ,
1257 856 1316 902 ut
1343 846 1499 904 vivus
1525 856 1815 919 caperetur
1841 846 2052 903 instan-

453 952 562 1010 tes,
609 938 939 1008 occideudo,
984 948 1045 996 ut
1092 939 1461 1005 occideretur,
1509 940 1706 1012 coegit.
1733 939 1903 1010 Igitur
1929 955 2054 997 cum

451 1042 699 1105 pacatam
722 1046 845 1088 esse
875 1033 1187 1089 universam
1214 1031 1448 1088 Galliam
1471 1029 1677 1098 Caesar,
1693 1029 1860 1105 hoc
1880 1047 2056 1104 neque

455 1137 713 1183 ausuram
748 1126 869 1183 fore
894 1127 941 1159 “
975 1125 1041 1182 ad
1083 1127 1299 1198 aliquos
1332 1125 1575 1197 aspirare
1605 1134 1788 1181 motus
1816 1125 2057 1181 arbitra-

453 1230 630 1291 retur,
655 1219 900 1291 legiines
928 1220 984 1275 in
1012 1220 1255 1290 hyberna
1285 1218 1332 1250 ²⁶
1362 1216 1572 1274 dimisit
1605 1233 1620 1273 :
1654 1218 1699 1250 ⁸⁷
1732 1217 1847 1288 ipse
1871 1227 2056 1275 autem

455 1314 792 1386 Ambiorigis
820 1314 979 1382 lines,
1001 1313 1096 1386 qui
1122 1322 1206 1370 tot
1226 1312 1367 1370 bella
1393 1312 1755 1381 excitaverat,
1784 1312 2057 1370 horrenda

456 1410 738 1466 hominum
784 1418 967 1480 strage
1013 1409 1265 1465 vastavit.
1309 1409 1382 1463 At
1417 1423 1557 1464 vero
1592 1408 1640 1440 ’⁸
1685 1404 1748 1462 C.
1793 1404 2058 1464 Caninius

458 1505 503 1537 '9
537 1504 749 1574 legatus
776 1501 980 1558 bellum
1008 1502 1150 1573 apud
1178 1500 1432 1558 Pictonas
1460 1500 1708 1557 invenit:
1740 1500 1833 1558 ubi
1863 1516 2057 1573 magna

458 1597 703 1654 hostium
747 1597 1038 1654 mttltitudo
1074 1596 1393 1668 impeditam
1422 1597 1621 1655 itinere
1650 1596 1925 1669 legionem
1950 1596 2060 1653 cir-

460 1691 777 1757 cumdedit,
819 1703 982 1761 atque
1023 1690 1091 1746 ad
1134 1699 1444 1747 extremum
1476 1689 1772 1747 discrimen
1808 1689 2053 1746 adduxit.
2108 1686 2113 1690 ’

2158 476 2416 532 diuturno
2458 474 2602 530 bello
2646 474 2948 530 innumera:
2991 471 3269 528 Gallorum
3300 469 3347 502 ³³
3386 470 3563 540 copia:
3585 470 3765 527 truci-

2156 571 2299 627 data:
2326 578 2474 627 sunt.
2501 568 2634 625 lude
2661 567 2867 624 Fabius
2895 565 2940 598 ”
2965 567 3018 621 in
3047 565 3312 622 Carnutes
3338 563 3619 638 profectus
3643 574 3760 622 est.

2156 664 2380 722 Sciebat
2405 663 2552 720 enim
2587 662 2634 694 ³⁸
2663 662 3023 728 Dumnacum,
3046 658 3241 716 ducem
3273 658 3715 730 antiquissimum
3735 697 3760 726 ,

2159 758 2477 815 rebellionis
2510 756 2674 814 totius
2712 755 3080 819 inccntorem,
3104 753 3177 818 ab
3209 752 3314 809 hoc
3348 752 3495 809 bello
3526 751 3572 783 ³⁸
3599 753 3761 823 elap—

2157 864 2300 919 sum,
2330 850 2380 906 si
2410 848 2708 906 Arnioricis
2752 846 3007 920 gentibus
3034 844 3320 915 adjunctus
3355 855 3536 913 esset,
3580 845 3763 900 maxi-

2159 961 2278 1004 mos
2344 946 2540 1003 iterum
2606 946 2660 1001 in
2715 944 2889 1001 Gallia
2929 941 3201 998 tumultus
3239 955 3364 997 esse
3426 950 3758 997 moturum:

2160 1039 2203 1071 ³⁷
2281 1037 2378 1094 sed
2454 1052 2550 1093 eas
2614 1036 2794 1092 adhuc
2872 1037 2990 1106 ipsa
3054 1032 3295 1090 novitate
3370 1032 3758 1105 trepidantes,

2161 1133 2299 1188 mira
2366 1135 2571 1188 virtute
2633 1139 2689 1187 et
2752 1129 3040 1186 celeritate
3102 1126 3432 1199 perdomuit.
3492 1125 3656 1199 40⁸1
3709 1127 3763 1159 ³·

2159 1225 2369 1284 Interea
2419 1227 2645 1298 Draptcs
2684 1240 2900 1296 unaque
2938 1224 2982 1258 ’9
3021 1222 3339 1291 Lucterius,
3401 1237 3527 1278 cum
3561 1222 3762 1278 adesse

2159 1321 2447 1377 Caninium
2498 1331 2555 1377 et
2603 1319 2848 1390 legiones
2915 1318 2970 1373 in
3035 1316 3234 1372 linibus
3292 1315 3407 1371 suis
3452 1314 3708 1370 viderent
3739 1355 3761 1381 ,

2161 1413 2401 1486 undique
2444 1412 2696 1470 collectis
2739 1411 2936 1482 c0piis,
2984 1409 3246 1481 oppidum
3272 1408 3318 1440 ‘°
3351 1407 3761 1465 Uxellodunurn

2161 1508 2452 1577 occupant.
2488 1506 2602 1562 lloc
2632 1504 2891 1577 oppidum
2923 1504 2977 1558 in
3004 1502 3305 1559 editissima
3334 1501 3538 1558 montis
3563 1515 3692 1556 arce
3710 1500 3759 1532 δι

2161 1599 2469 1672 pendebat,
2502 1598 2547 1630 δ’
2575 1597 2897 1668 duabusque
2928 1595 3174 1667 partibus
3206 1608 3303 1663 per
3331 1594 3558 1663 abrupta
3585 1591 3761 1648 latera

2163 1710 2271 1751 non
2298 1709 2467 1765 parvo
2489 1693 2716 1749 lluniine
2747 1690 3066 1761 cingebatur
3085 1707 3105 1748 ;
3147 1687 3196 1720 ⁸³
3225 1686 3407 1743 medio
3433 1685 3639 1742 deinde
3666 1684 3765 1740 de-

460 1784 633 1841 PON‘O
671 1794 854 1841 amem
884 1785 1086 1840 Fabius
1116 1784 1352 1855 ιεςθιιιε.
1381 1785 1620 1855 acceptis
1656 1784 1870 1841 εδιιῖιιίί
1914 1785 2058 1841 Ιίιιο-
2088 1789 2135 1850 Β
2162 1804 2361 1845 scensu
2384 1787 2696 1859 largissimo
2718 1784 2865 1841 fonte
2885 1797 3162 1850 securum,
3187 1780 3535 1852 plurimaque
3556 1777 3765 1833 intror-

457 1878 569 1943 ris,
601 1878 659 1932 in
693 1876 949 1932 Pictonas
986 1876 1380 1946 proficiscitur,
1427 1877 1612 1948 ibique
1660 1891 1689 1930 a
1731 1876 1957 1947 captivis
1987 1875 2058 1932 de
2161 1896 2284 1937 sum
2311 1880 2471 1952 copia
2502 1877 2762 1935 frumenti
2795 1884 2966 1932 tutum
2990 1919 3004 1945 ,
3050 1873 3236 1930 irritos
3262 1870 3452 1944 procul
3478 1869 3765 1926 discursus

458 1969 876 2041 opportunitate
917 1970 1162 2027 locorum
1207 1972 1410 2027 certior
1450 1970 1657 2040 factus,
1706 1971 2058 2043 inopinantes
2164 1974 2399 2031 hostium
2432 1968 2809 2042 despiciebat:
2851 1968 3146 2034 Caninius,
3188 1965 3334 2034 quod
3366 1963 3412 1996 δ”
3437 1964 3617 2020 solum
3653 1961 3769 2017 Bo-

461 2061 652 2118 hostcs
674 2061 966 2133 opprimit,
995 2063 1316 2134 magnisque
1339 2062 1384 2095 ³⁰
1415 2063 1693 2136 stragibus
1722 2062 1902 2131 factis,
1935 2064 2058 2134 plu-
2165 2082 2325 2124 mana
2358 2065 2668 2137 provisione
2698 2061 2893 2132 potuit,
2926 2059 3119 2115 ambos
3143 2058 3311 2114 duces
3335 2070 3459 2113 cum
3486 2064 3647 2126 parte
3670 2067 3768 2110 co-

463 2154 632 2210 rimas
654 2154 867 2224 praedas
899 2155 1030 2226 agit.
1064 2154 1274 2211 Deinde
1303 2169 1425 2211 cum
1457 2155 1691 2212 Caninio
1720 2157 1934 2228 signum
1966 2155 2063 2212 ad-
2164 2160 2380 2233 piarum
2408 2157 2644 2230 plurima
2672 2156 2729 2212 in
2759 2169 3012 2225 campum
3033 2160 3314 2218 evocatos,
3343 2147 3588 2205 maximo
3619 2161 3765 2216 pra:-

464 2255 662 2301 ventus
704 2248 787 2301 sui
826 2245 1111 2315 dedisset,
1151 2245 1412 2303 Caninius
1460 2247 1592 2303 totis
1637 2248 1833 2305 castris
1879 2247 2064 2306 subito
2165 2252 2240 2309 lio
2270 2248 2569 2321 superavit.
2598 2248 2645 2280 ’⁸⁵
2672 2247 2806 2304 Nam
2836 2260 2946 2302 uno
2971 2260 3003 2301 e
3031 2242 3263 2300 ducibus
3285 2238 3590 2307 interfecto,
3616 2236 3766 2291 “al-

463 2337 506 2371 ”
541 2337 779 2397 exsilivit
814 2353 1049 2413 seseque
1079 2338 1274 2412 injecit
1314 2339 1480 2398 hosti.
1526 2339 1605 2397 lta
1642 2340 1813 2398 Fabio
1851 2356 1921 2397 ex
1956 2340 2064 2398 alia
2167 2354 2251 2403 ter
2278 2361 2400 2402 cum
2432 2342 2776 2418 paucissimis
2803 2341 2969 2413 fugit,
3000 2338 3181 2396 nullus
3208 2337 3263 2394 in
3286 2335 3546 2410 oppidum
3574 2333 3761 2401 rediit,

1748 2499 2199 2561 llAVERCAMPl
2235 2503 2468 2561 NOTAE.

525 2634 936 2710 2i.__Romanos.
966 2648 1023 2694 ut
1052 2638 1194 2695 vivus
1232 2646 1524 2710 caperetur.
1557 2636 1789 2695 Boberti
1819 2639 1916 2696 lib.
1957 2639 2053 2695 ha-

2160 2641 2421 2711 trepidare
2449 2648 2503 2696 ct
2538 2638 2875 2711 perdomare,
2908 2637 2977 2711 ad
3002 2645 3180 2710 gentes
3212 2635 3508 2709 pertinere,
3545 2648 3653 2691 non
3690 2631 3762 2689 ad

455 2706 549 2762 bet
579 2724 592 2762 :
619 2704 885 2780 Romanos
910 2718 968 2763 ut
1016 2710 1155 2764 vivus
1186 2704 1451 2780 caperetur
1469 2711 1736 2778 instantes,
1771 2711 2052 2766 occidendo
2161 2704 2429 2768 tumultus.
2538 2704 2548 2711 ’
2860 2704 2869 2706 ἡ
2910 2708 2916 2714 ’

2161 2714 2429 2768 tumultus.

457 2787 514 2832 ut
534 2776 852 2852 occideretur
877 2780 1176 2852 eoegit._'l‘u
1210 2776 1329 2852 lege
1369 2781 1598 2837 llirtium
1637 2776 1731 2837 lib.
1766 2798 1857 2837 vni
1885 2780 2052 2837 Com-

460 2857 628 2923 ment.
670 2847 942 2923 Fasn.—
966 2847 1350 2923 Verballirtii
1390 2866 1511 2921 cap.
1547 2852 1614 2907 19
1656 2867 1777 2923 pag.
1808 2853 1904 2909 ed.
1942 2852 2054 2908 Ou-

455 2920 725 3002 dendorp.
759 2921 887 2989 475,
924 2935 1045 2978 sunt
1075 2939 1095 3002 _:
1137 2922 1266 2978 Cum
1306 2920 1513 3002 interim
1556 2920 2053 2979 nullu'calamitate

455 2990 616 3068 uictus
639 2989 862 3068 Correus
882 3034 899 3060 ,
930 2995 1174 3068 excedere
1202 2996 1406 3068 prrelio,
1436 2995 1694 3065 silvasque
1713 3006 1905 3068 petere,
1936 3004 2049 3068 aut,

2213 2784 2304 2839 58.
2320 2781 2529 2838 Interea
2544 2780 2786 2852 Draptes.
2805 2778 3478 2852 Parisienses._Bolsning.,
3494 2778 3754 2852 llittorp.,

2163 2852 2448 2910 Fabricius
2482 2862 2539 2909 et
2566 2849 2792 2910 Scottus
2818 2852 3113 2907 ediderunt
3141 2850 3377 2922 Drapes,
3426 2849 3522 2905 sed
3561 2865 3757 2922 verum

2163 2941 2361 2981 nomen
2395 2925 2611 2981 videtur
2644 2924 2812 2978 fuisse
2846 2923 3090 2993 Draptes,
3121 2924 3165 2976 si
3191 2921 3324 2993 mss.
3358 2921 3531 2993 iisque
3559 2921 3759 2977 melio-

2165 2996 2317 3052 ribus
2336 3038 2349 3061 ,
2379 2996 2632 3051 standum
2662 3003 2768 3050 est.
2808 2993 2898 3049 Sic
2924 2991 3070 3049 enim
3102 2992 3363 3048 scribitur
3392 2991 3456 3046 in
3485 2991 3753 3049 Florentt.

454 3060 1000 3139 invitantibus'nostris
1011 3064 1090 3139 ad
1115 3060 1448 3129 deditionem,
1471 3060 1638 3139 potuit
1659 3060 1871 3139 adduci,
1891 3060 2052 3138 'quin,
2080 3060 2128 3124 C
2161 3084 2243 3139 pr.
2272 3068 2389 3123 sive
2416 3067 2547 3139 cod.
2562 3065 2814 3139 Langob.
2839 3074 2895 3120 ct
2922 3078 3060 3133 sec.,
3088 3072 3223 3139 utet
3244 3063 3415 3139 Lugd.
3443 3063 3559 3139 _Bat.
3588 3079 3675 3133 pr.
3699 3074 3759 3119 et

455 3133 1054 3211 fortissimeprwliaudo
1074 3181 1099 3211 γ
1116 3133 1509 3211 compluresque
1549 3133 2051 3211 vulnerando_roge-

453 3202 531 3261 ret
555 3202 720 3281 elatos
738 3202 1015 3281 iracundia
1043 3202 1259 3264 uictores
1279 3211 1335 3281 in
1353 3224 1406 3263 se
1422 3202 1536 3281 'tela
1559 3208 1837 3281 conjicere.
1860 3202 2053 3281 Neqfue

457 3284 638 3349 tamen
665 3274 826 3349 video
851 3291 950 3334 cur
978 3296 1047 3334 ex
1082 3280 1153 3335 iis
1180 3280 1364 3336 verbis
1396 3279 1572 3349 majus
1599 3274 1914 3349 praesidium
1952 3274 2051 3333 Fa-

459 3345 737 3429 briciosit
767 3363 866 3429 pro
883 3350 1112 3429 _vulgata
1154 3350 1426 3416 lectione,
1459 3345 1525 3405 ne
1559 3345 1701 3429 uiuus
1743 3357 2011 3429 caperetur
2035 3391 2049 3414 ,

455 3418 708 3499 instanter
747 3418 1223 3499 occidendoscum
1263 3431 1464 3499 pateat
1507 3436 1579 3476 ex
1628 3418 2048 3499 llirtii'verbis,

457 3487 713 3559 omnibus
746 3489 922 3546 modis
957 3487 1226 3548 institisse
1263 3492 1562 3559 Romanos,
1592 3501 1653 3546 ut
1680 3493 1864 3546 vivum
1891 3505 2052 3559 cape-

459 3567 584 3633 rent
611 3557 899 3633 Correum,
934 3562 1028 3618 sed
1058 3564 1209 3619 illum
1240 3563 1449 3626 hostes,
1479 3557 1555 3618 ad
1583 3557 2055 3633 comprehenden-

459 3629 588 3684 dum
613 3631 698 3686 vel
741 3630 1136 3691 cohortandum
1175 3644 1233 3691 ut
1273 3634 1503 3690 dederet
1541 3629 2053 3700 sese,'accedentes

463 3702 732 3777 propius,
776 3702 1036 3777 ferociter
1076 3707 1364 3777 repulisse,
1422 3704 1824 3777 pluris-mosque
1865 3705 2055 3760 vulne-

462 3787 635 3841 rasse,
666 3773 913 3851 adeoque
940 3773 1226 3851 olfecisse,
1259 3787 1318 3851 ut
1343 3773 1531 3851 hostes
1562 3773 1875 3832 occiderent
1905 3792 2053 3851 cum,

462 3859 629 3928 queui
675 3847 973 3928 lubentius,
1006 3847 1318 3920 pro'gloria
1365 3847 2053 3928 gictorum,spectandum

460 3914 740 3990 omnibus,
772 3914 968 3973 vivunt
987 3914 1322 3976 servassent.
1368 3918 1641 3975 Revocavi
1673 3914 1836 3990 igitur
1862 3918 2056 3973 lectio-

462 4000 589 4060 nem
617 3988 897 4060 meliorem
921 4004 987 4045 ex
1011 3990 1264 4046 omnibus
1283 4004 1420 4057 quos
1440 3988 1868 4055 consuluiiuss.,
1891 4004 2056 4060 quam

466 4055 689 4130 insuper
718 4057 1009 4130 conﬁrmat
1034 4061 1237 4130 optima
1265 4055 1354 4115 ed.
1390 4062 1721 4130 Augustana.

653 4128 733 4201 Ad
753 4127 979 4200 aliquos.
1006 4125 1176 4201 Lugd.
1202 4131 1349 4186 Batt.
1362 4125 1501 4199 tres,
1514 4146 1634 4187 cum
1652 4131 1792 4188 Coll.
1812 4130 2058 4188 Gronov.

464 4207 520 4253 ct
538 4197 638 4274 _ed.
666 4197 931 4274 A_ug.,nut
955 4197 1180 4274 aliqu'os.

678 4268 909 4327 Dimisit.
954 4268 1127 4345 Lugd.
1160 4274 1281 4329 Bal.
1335 4281 1462 4329 tcrt.
1495 4281 1552 4330 et
1577 4272 1720 4329 Coll.
1769 4273 2012 4331 Gronov.
2038 4316 2056 4343 ,

465 4351 622 4396 misit.

535 4412 626 4487 g7.
664 4413 785 4487 Ipse
810 4424 1005 4471 autent.
1041 4417 1116 4472 Ex
1148 4416 1318 4487 Lugd.
1361 4415 1499 4487 Batt.
1548 4424 1680 4486 tres,
1710 4416 1822 4487 ipse
1860 4425 2054 4472 tamen.

536 4482 627 4539 98.
660 4484 717 4558 ϐ.
744 4486 1018 4544 Caninius.
1047 4487 1128 4558 Ex
1156 4482 1333 4558 Lugd.
1362 4486 1507 4543 Batt.
1530 4482 1758 4558 seculi.
1780 4486 2059 4556 Caninius;

467 4562 584 4629 tres
635 4557 853 4629 reliqui.
894 4574 1019 4629 cum
1063 4557 1203 4615 Coll.
1245 4559 1514 4625 Grounv.,
1564 4557 1751 4614 Gallus
1792 4559 2060 4615 Caninius.

466 4627 910 4695 Agnomen'illud
945 4629 1046 4685 fuit
1070 4630 1439 4687 Caniniorum.

534 4697 626 4773 ἓξ).
657 4698 906 4773 Legatus.
939 4700 1378 4773 Edd.qu:edam,
1413 4702 1543 4757 alter
1568 4702 1788 4773 legatus.

502 4838 514 4850 θ
534 4768 625 4852 50.
668 4768 944 4843 Stragibus
972 4768 1151 4844 {actis}
1188 4772 1422 4829 Additur
1455 4774 1505 4826 iu
1548 4768 1779 4843 August.
1811 4788 1905 4846 per
1927 4774 2060 4829 anti-

467 4850 798 4911 etpatianem.

541 4912 928 4992 '5_l._Ea§l_ivit.
957 4913 1129 4992 Lugd.
1174 4914 1292 4992 But.
1335 4923 1513 4987 quart.
1546 4914 1748 4992 et__duo
1792 4913 2059 4992 Florent._,

469 4982 704 5104 afﬂuit.
746 4984 848 5040 Ed.
890 4982 1062 5059 prima
1099 4996 1155 5043 et
1202 4982 1459 5053 Venetae,
1506 4987 1748 5042 exsiliens
1788 5004 1842 5042 se
1883 4988 2061 5061 injecit

594 5070 632 5104 1.
1892 5098 1895 5099 ,

490 5067 632 5108 “108".

658 5123 745 5207 Ea:
769 5126 938 5185 altera
957 5128 1247 5186 insistente.
1271 5129 1444 5203 Lugd.
1466 5130 1583 5185 Bal.
1607 5137 1813 5202 quam,
1840 5098 2061 5185 multum

470 5204 755 5253 insistente.

542 5267 632 5347 ἐξ.
660 5267 859 5347 Copiae.
893 5269 993 5326 Ms.
1029 5271 1194 5347 idem,
1221 5283 1417 5347 gentes.

670 5334 748 5417 I_n'
763 5339 1038 5397 Carnutes.
1071 5334 1364 5417 Floi".vpr..
1389 5346 1457 5401 ad
1494 5343 1765 5417 Carnutes.

547 5411 636 5466 55.
669 5411 1018 5487 Dumnaeum,
1063 5416 1120 5473 In
1146 5411 1320 5473 tribus
1341 5417 1607 5473 Floreutt.
1640 5430 1690 5471 et
1714 5416 1886 5487 Lugd.
1937 5416 2056 5473 Bai.

469 5495 606 5546 sec..
638 5492 706 5559 ut
723 5495 779 5541 et
807 5487 897 5542 ed.
930 5486 1095 5559 Ang.,
1131 5489 1313 5559 iuveni
1359 5487 1722 5555 Domnacum;
1754 5489 1807 5544 in
1834 5487 2058 5558 reliquis

478 5568 634 5620 mss.,
665 5554 1089 5618 Dominacum‘et
1119 5558 1412 5614 Donacum.

546 5626 637 5702 τερ.
665 5624 938 5702 Elapsum.
970 5632 1087 5687 Duo
1113 5645 1181 5687 ex
1206 5630 1381 5702 Lugd.
1416 5632 1582 5699 Batt.,
1611 5632 1834 5700 lapsum.

550 5697 637 5749 57.
669 5696 780 5771 Sed
808 5717 914 5756 eas.
942 5702 1017 5757 Ita
1047 5703 1261 5769 reposui
1288 5696 1352 5758 ἑκ
1385 5717 1517 5758 mss.
1554 5696 1826 5770 omnibus,
1867 5701 2059 5771 depra-

476 5776 665 5823 varaut
694 5770 839 5827 enim
867 5771 994 5829 edd.
1026 5773 1080 5830 in
1111 5773 1201 5829 sed
1225 5789 1333 5843 eos,
1365 5787 1472 5829 nou
1494 5773 1843 5833 attendentes
1866 5775 2053 5846 verba,

2156 3135 2283 3195 tert.
2308 3154 2433 3195 cum
2455 3138 2596 3194 Coll.
2621 3135 2863 3194 GrOnov.
2880 3147 3042 3205 atque
3064 3135 3192 3191 edd.
3212 3136 3402 3201 prima,
3428 3135 3756 3198 Augustana

2154 3219 2210 3266 et
2238 3209 2483 3265 Venetis.
2534 3207 2790 3264 Eamdem
2841 3207 3172 3275 scripturam
3219 3206 3463 3261 indicant
3503 3204 3757 3261 Florent.

2156 3290 2310 3348 tert.,
2342 3280 2516 3351 Lugd.
2547 3280 2664 3351 Bal.
2691 3294 2803 3351 sec.
2822 3288 2877 3331 et
2896 3276 3041 3351 Ultr.
3070 3278 3198 3333 dum
3220 3278 3485 3351 ΔΑάηιῃιρδ
3505 3277 3759 3351 scribunt

2156 3347 2502 3408 redttiidatile
2521 3350 2706 3422 priore
2729 3349 2906 3403 littera
2934 3349 3104 3422 hujus
3114 3348 3263 3404 vocis
3287 3364 3353 3415 ex
3375 3347 3757 3422 duplicatione

2157 3422 2487 3495 posterioris
2523 3418 2658 3495 qua:
2707 3418 3017 3495 praecessit.
3066 3418 3267 3495 Drnpes
3313 3429 3492 3495 tamen
3534 3419 3587 3495 in
3632 3433 3757 3495 ineo

2154 3489 2344 3550 codice
2365 3502 2418 3548 et
2443 3489 2694 3549 Perizon.
2712 3489 3030 3557 invenitur,
3061 3489 3363 3562 eademque
3382 3489 3675 3545 diversitas
3700 3491 3755 3545 in

2155 3564 2316 3621 codd.
2347 3562 2582 3619 Caesaris
2609 3563 2954 3619 observatur.

2227 3637 2318 3692 59.
2350 3635 2643 3690 Lucterius.
2679 3633 2942 3690 Florenti.
2975 3647 3061 3703 pr.
3094 3640 3151 3688 et
3178 3647 3293 3688 sec.
3318 3672 3336 3698 ,
3361 3630 3632 3703 Lycterius
3658 3646 3757 3687 seu

2160 3707 2565 3780 Lycteriusque;
2615 3703 3112 3780 tcrt.,__Lieterius;
3158 3703 3333 3780 Lugd.
3380 3703 3522 3780 Batt.
3556 3719 3660 3780 _pr.
3701 3713 3758 3780 et

2159 3774 2321 3843 te'rt.,
2367 3775 2838 3849 Lipterius._Coll.
2885 3774 3163 3849 Granum,
3219 3774 3512 3849 Lypterius.
3556 3775 3612 3830 In
3661 3775 3756 3829 ed.

2158 3852 2389 3920 August.
2420 3845 2615 3917 legitur
2644 3846 2901 3920 Leptirins
2922 3848 3012 3920 vel
3031 3845 3682 3920 Lceteriusconjunetim.

2229 3916 2321 3979 4'0.
2359 3920 2767 3977 Uaellodunum.
2798 3917 2855 3972 In
2878 3918 3037 3972 codd.
3063 3927 3119 3972 et
3138 3931 3271 3973 mss.
3289 3958 3306 3981 ,
3340 3916 3758 3983 Velutudnnmn,

2168 3991 2535 4053 Veludunum,
2572 3988 2921 4053 Velutuuum,
2978 3986 3335 4052 Velucunum,
3379 3986 3755 4043 Velludonstm.

2228 4064 2319 4119 41.
2358 4062 2642 4117 f’endebat.
2674 4060 2767 4116 Sic
2796 4074 2962 4126 mss.;
2993 4060 3221 4129 pendens
3250 4059 3376 4114 edd.
3406 4059 3681 4129 quasdam.

2230 4135 2323 4191 42.
2358 4132 2691 4206 Duabusque.
2722 4128 3118 4203 Copulatnguou
3157 4132 3408 4203 agnoscit
3428 4128 3601 4199 Lugd.
3635 4130 3756 4186 Bal.

2200 4217 2341 4261 uart.

2159 4222 2341 4333 quis?
2359 4276 2534 4332 Medio
2557 4275 2761 4330 deinde.
2791 4274 2961 4344 Lugd.
2992 4274 3111 4330 en.
3144 4288 3290 4342 sec.,
3318 4273 3489 4329 medio
3517 4273 3663 4328 inde.

2232 4347 2324 4404 44.
2357 4349 2564 4403 Solum.
2592 4346 2764 4416 Lugd.
2799 4346 2919 4401 Bat.
2950 4361 3063 4402 sec.
3085 4388 3100 4408 ,
3128 4346 3265 4400 sola.

2089 4452 2141 4514 υ
2192 4492 2203 4503 .
2235 4419 2329 4475 45.
2361 4419 2660 4501 Numanae
2678 4418 2896 4502 ducibus
2911 4418 3332 4503 interfecto..etc.
3352 4416 3511 4486 Fugit
3525 4431 3592 4471 ex
3616 4431 3761 4484 pra:-

2167 4490 2265 4546 lto.
2295 4490 2442 4546 nuod
2473 4503 2800 4545 acerrimum
2848 4490 2969 4546 luit.
3011 4489 3316 4546 Lucterius.
3345 4498 3538 4546 captus
3568 4498 3756 4543 autem

2210 4506 2265 4556 ο,
2295 4490 2442 4551 nuod
2473 4489 2800 4545 acerrimum
2848 4489 2969 4552 fuit,
3011 4486 3316 4553 Lucterius,
3345 4498 3538 4557 captus
3568 4498 3756 4543 autent

2169 4561 2269 4617 fuit
2297 4562 2548 4632 Draptes.
2578 4560 2780 4614 Hirtius
2805 4561 2875 4615 de
2898 4559 3051 4632 Bello
3078 4560 3220 4632 G_all.
3252 4559 3347 4614 lib.
3366 4573 3486 4632 vin,
3515 4573 3636 4626 cap.
3661 4559 3755 4627 '56,

2169 4649 2220 4701 p.
2253 4633 2360 4688 490
2385 4629 2642 4697 {Capitur
2666 4632 2780 4703 ipse
2804 4647 2877 4703 eo,
2901 4631 3081 4703 prwlio
3106 4629 3347 4703 Draptes.
3382 4629 3755 4703 Romanorum

2166 4700 2344 4760 autem
2368 4703 2604 4758 ludibrio
2627 4700 2926 4771 sereripuit'.
2953 4702 3088 4773 lbid.
3116 4717 3175 4757 ca
3187 4700 3238 4769 p'.
3263 4701 3362 4773 με
3392 4700 3610 4773 Drapies
3632 4702 3755 4771 (seu

2166 4786 2228 4831 ut
2261 4774 2405 4846 apud
2442 4774 2673 4829 Hirtium
2719 4773 3006 4846 scribitur,
3053 4771 3313 4846 Drappes)
3349 4771 3523 4846 quem“
3541 4781 3754 4846 captum

2165 4863 2275 4903 esse
2300 4842 2330 4901 ξι
2357 4846 2576 4902 Caninio
2608 4845 2762 4899 docui
2786 4890 2802 4915 ,
2848 4844 2953 4899 sive
2977 4842 3341 4915 indignatione
3364 4842 3410 4897 et
3436 4842 3616 4897 dolore
3642 4845 3758 4896 vin-

2165 4920 2434 4986 culorum,
2466 4919 2573 4972 sive
2598 4913 2794 4971 timore
2819 4916 3068 4987 gravioris
3095 4913 3375 4987 supplicii,
3416 4915 3597 4987 paucis
3635 4915 3753 4969 die-

2167 4990 2256 5044 bus
2295 5006 2349 5045 se
2388 4990 2502 5044 cibo
2542 4987 2789 5042 abstinuit
2806 4985 2835 5052 ,“
2857 4998 3010 5056 atque
3045 4988 3121 5041 ita
3152 4985 3366 5039 interiit.
3417 4985 3555 5054 Quid
3593 4987 3752 5041 alteri

2164 5063 2410 5116 evenerit
2440 5059 2566 5115 duci
2596 5072 2718 5114 mox
2752 5055 3116 5129 persetiuitnr,
3157 5071 3209 5127 p.
3244 5056 3342 5129 501
3370 5100 3386 5124 ,
3417 5055 3503 5111 his
3531 5056 3751 5129 verbis:

2166 5130 2366 5187 Eodem
2396 5142 2622 5201 tempore
2651 5127 2946 5193 Lucterius,
2978 5145 3129 5200 quem
3161 5127 3457 5201 profugisse
3485 5127 3754 5201 exprmh'o

2163 5204 2383 5275 scripsi,
2412 5197 2538 5257 cum
2558 5204 2616 5256 in
2645 5209 2948 5275 potestatem
2976 5197 3190 5275 uenisset
3224 5197 3507 5275 Epasnacti
3533 5199 3753 5275 Arverni

2163 5269 2367 5344 (crebro
2383 5276 2518 5331 enim
2540 5269 2804 5326 mutandis
2828 5271 2978 5344 locis,
3002 5269 3280 5344 multorum
3292 5269 3424 5344 ﬁdei
3444 5285 3497 5324 se
3515 5271 3756 5324 commit-

2165 5340 2329 5411 tebat,
2375 5343 2515 5416 quod
2542 5359 2799 5415 nusquam
2828 5342 3024 5416 diutius
3054 5342 3162 5416 sine
3191 5340 3425 5413 periculo
3460 5357 3757 5416 commora-

2163 5424 2308 5470 turus
2332 5412 2624 5481 uidebatur,
2657 5412 2780 5468 cum
2804 5412 2898 5467 sibi
2924 5414 3163 5468 conscius
3193 5412 3322 5467 esset.
3345 5455 3359 5476 ,
3384 5427 3552 5482 quam
3575 5413 3757 5466 inimi.

2160 5503 2277 5541 cum
2298 5489 2500 5543 deberet
2521 5485 2774 5543 Cursarem
2796 5485 3025 5554 habere).
3054 5485 3192 5538 hunc
3216 5483 3543 5555 Epasnactus
3565 5484 3758 5538 Arcer-

2161 5574 2278 5625 nus,
2309 5560 2658 5614 amicissimus
2681 5557 2860 5630 populi
2890 5554 3134 5630 Romani,
3164 5553 3276 5610 sine
3296 5553 3618 5609 dubitatione
3641 5557 3751 5609 ulla

2159 5631 2387 5686 uinctum
2415 5633 2484 5686 ad
2511 5628 2766 5684 Caesarem
2797 5628 3031 5683 deduxit.

2231 5701 2322 5759 46.
2348 5703 2514 5774 Alter,
2534 5711 2641 5759 etc.
2663 5698 2765 5756 Ed.
2782 5697 3033 5771 August.,
3051 5699 3273 5756 alterum
3296 5714 3409 5754 cum
3423 5695 3755 5769 paucissimis

2158 5778 2329 5847 fugat.
