4076 6174
272 278 408 337 lii-25

1307 275 1787 336 lllSTORlAIlUM
1827 275 2036 334 LIBin
2076 275 2164 334 Vl.
2205 275 2362 333 CAP.
2409 275 2521 333 XII.

3428 266 3567 333 1026

265 391 358 444 sed
396 389 463 444 ad
507 388 555 444 id
602 389 1024 461 oppugnandum
1064 389 1282 448 Cmsare
1322 407 1460 464 Opus
1500 393 1618 448 fuit.
1674 393 1863 465 Itaque
1890 399 1940 458 Α
1968 392 2094 450 dum
2149 407 2440 450 recurrere
2494 390 2561 447 ad
2614 389 2968 447 muniendum
3019 390 3282 461 oppidum
3340 391 3561 460 volunt,

267 484 470 537 certior
493 497 590 551 per
613 482 836 537 nuntios
861 482 903 514 ⁸⁷
938 481 1108 538 factus
1130 483 1314 539 Caesar
1335 485 1604 541 accurrit:
1633 485 1865 539 circurn-

265 575 578 646 spcctisqnc
601 576 858 631 omnibus
887 576 1054 641 videt,
1089 577 1132 632 si
1161 593 1476 649 expugnare
1507 578 1558 633 vi
1587 579 1863 644 moliatur,

268 666 398 722 ludo
427 675 482 723 et
506 668 818 738 spectaculo
843 668 1080 724 hostium
1099 669 1392 725 delendum
1417 685 1537 727 esse
1562 672 1864 726 exercitum

270 757 436 832 408
466 773 623 815 suum
651 776 666 814 :
701 759 746 793 ⁵⁸
772 777 940 816 unum
974 762 1149 817 solum
1182 777 1304 818 esse
1333 763 1595 834 praesidii,
1621 763 1664 797 ³³
1692 763 1736 818 si
1759 779 1867 833 quo

268 852 433 907 modo
457 851 642 908 hostes
663 867 801 924 aqua
827 864 1142 912 arceantur.
1189 856 1296 912 Sed
1323 867 1378 912 et
1401 857 1503 913 hoc
1524 872 1740 928 quoque
1765 858 1864 912 nisi

269 945 453 1002 Czesar
485 949 530 979 ⁸ο
561 963 667 1003 ιιοη
697 941 1011 1021 potuisset:
1044 949 1312 1020 siquidem
1341 950 1466 1008 fons
1487 992 1502 1017 ,
1533 967 1641 1023 quo
1672 951 1738 1006 ad
1771 967 1867 1022 po-

271 1047 385 1095 tum
429 1040 744 1106 utebantur,
794 1040 977 1096 medio
1005 1039 1199 1097 devexi
1241 1042 1444 1096 montis
1473 1042 1644 1098 latere
1676 1042 1868 1099 funde-

271 1133 453 1190 batur.
495 1135 677 1191 Caesar
709 1134 774 1190 ad
811 1135 1122 1204 proximum
1152 1135 1319 1190 fontis
1349 1135 1625 1192 admoveri
1659 1137 1865 1204 vineas,

273 1226 578 1297 turrimque
608 1227 820 1282 exstrui
843 1225 1019 1297 jubet.
1043 1226 1132 1283 Fit
1159 1230 1449 1299 magnus“
1466 1228 1615 1284 illico
1638 1244 1870 1285 concur-

274 1332 368 1374 sus
399 1334 466 1374 ex
492 1317 714 1389 oppido.
763 1317 970 1386 Quibus
1010 1320 1130 1374 sine
1181 1320 1432 1390 periculo
1473 1321 1867 1391 pracliantibus,

273 1411 505 1468 Romani
543 1413 792 1484 quamvis
833 1413 1188 1483 pertinaciter
1212 1412 1562 1479 obsisterent,
1598 1414 1872 1470 crebrius-

275 1520 380 1574 que
435 1505 838 1571 succederent,
896 1506 1204 1576 complures
1267 1517 1447 1563 tamen
1506 1502 1867 1564 trucidantur.

275 1599 438 1670 igitur
458 1600 757 1655 exstruitur
778 1615 962 1669 agger,
977 1608 1033 1656 et
1056 1600 1221 1656 turris
1245 1601 1444 1670 pedum
1468 1603 1770 1672 sexaginta,
1786 1618 1873 1658 cu-

271 1691 360 1764 jus
381 1703 566 1749 vertex
594 1695 639 1724 δ’
663 1693 958 1763 aquuare
984 1692 1156 1750 fontis
1182 1694 1360 1750 locum
1392 1705 1597 1766 posset,
1629 1706 1687 1750 ut
1715 1698 1798 1752 vel
1825 1697 1870 1728 ³³

279 1797 344 1841 ex
374 1801 527 1856 teque
557 1787 664 1842 tela
693 1786 893 1856 conjici
926 1799 1162 1858 queant,
1205 1789 1292 1844 vel
1333 1791 1666 1860 prtecipitata
1707 1791 1869 1846 desu-
1903 1784 1951 1847 B

274 1891 374 1948 per
401 1892 661 1933 saxorum
693 1879 972 1933 volumina
1001 1895 1108 1933 non
1137 1879 1335 1934 timeri.
1371 1881 1640 1951 Oppidani
1667 1892 1871 1947 autem,

273 1968 369 2024 ubi
393 1970 692 2025 exanimari
717 1970 806 2026 siti
830 1985 936 2025 non
955 1971 1130 2025 solum
1151 1986 1348 2042 pecora
1367 1987 1486 2038 sua,
1501 1988 1689 2028 verum
1710 1975 1871 2030 etiam

271 2060 605 2118 inﬁrmiores
630 2063 907 2118 hominum
943 2073 1128 2120 aetates
1149 2065 1353 2127 vident.
1385 2081 1550 2136 cupas
1576 2069 1714 2138 pice,
1737 2083 1874 2124 sevo

273 2164 330 2211 ct
361 2155 406 2186 ³⁵
433 2155 715 2212 scandulis
745 2157 982 2227 repletas
1002 2199 1018 2225 ,
1052 2173 1116 2213 ac
1143 2158 1343 2214 deinde
1375 2159 1603 2215 inmisso
1631 2160 1784 2231 igne,
1821 2162 1872 2215 in

278 2262 447 2318 prona
491 2249 869 2320 praecipitant,
923 2265 1126 2322 easque
1165 2251 1266 2322 ipsi
1319 2261 1432 2308 toto
1471 2252 1673 2323 oppido
1714 2254 1872 2309 cﬂ‘usi

272 2341 702 2413 subsequuntur.
727 2343 1059 2399 Ardeatibus
1081 2343 1369 2413 machinis,
1394 2361 1516 2400 cum
1539 2361 1704 2415 grave
1731 2363 1871 2415 pra»

273 2433 404 2490 lium
445 2433 558 2489 suis
586 2433 768 2490 Caesar
809 2450 874 2490 ac
904 2435 1352 2506 periculosum."5
1384 2436 1624 2507 videret,
1667 2436 1872 2493 cohor-

273 2535 356 2583 tes
398 2527 444 2559 ⁸⁸
497 2528 548 2582 in
589 2529 818 2584 circuitu
868 2528 1049 2600 oppidi
1103 2528 1186 2584 ire
1233 2529 1495 2586 velociter
1548 2546 1646 2600 per
1690 2531 1874 2586 occul-

273 2629 388 2677 tum
437 2622 710 2693 imperat,
769 2633 934 2694 atque
978 2623 1218 2695 undique
1273 2624 1458 2680 subito
1508 2635 1721 2680 vastum
1763 2624 1872 2681 cla-

270 2730 482 2774 morem
511 2717 791 2774 attollere.
847 2717 968 2787 Quo
1015 2717 1158 2776 laeto
1209 2720 1542 2776 consternati
1593 2719 1870 2792 oppidani,

1969 487 2038 542 ab
2090 488 2498 559 oppugnatione
2556 486 2722 542 turris
2783 485 2871 542 vel
2924 485 3290 551 demolitione
3347 487 3566 556 aggeris

1967 576 2133 650 409
2161 580 2204 610 ⁸⁷
2252 586 2612 634 recesserunt.
2650 577 2730 632 llli
2778 587 2958 634 tamen
2988 578 3081 649 qui
3128 577 3197 634 ad
3233 576 3559 633 incidendus

1969 670 2134 726 fontis
2165 686 2335 727 venas
2359 671 2460 726 sub
2483 671 2710 726 obtentu
2731 670 2946 742 aggeris
2977 671 3100 736 tuti,
3128 670 3412 727 cuniculos
3439 685 3563 741 per-

1968 761 2269 832 fodiebant,
2295 774 2540 835 repertos
2571 763 2624 819 in
2654 763 2910 819 abstruso
2934 778 3197 834 aquarum
3217 773 3564 834 meatus,per

1972 855 2138 912 multa
2160 855 2454 911 dividendo
2502 854 2711 910 tenuari
2752 855 2805 910 in
2844 855 3178 926 semetipsis,
3209 856 3568 926 consumiquc

1971 949 2233 1004 fecerunt.
2252 948 2544 1020 Oppidani.
2572 948 2721 1004 fonte
2733 948 2958 1014 siccato,
2979 949 3165 1004 ultima
3185 949 3571 1020 desperatione

1970 1043 2234 1113 correpti,
2265 1041 2598 1097 deditionem
2627 1039 2711 1097 sui
2735 1039 2958 1096 faciunt.
2994 1041 3174 1097 Caesar
3213 1049 3417 1108 autem,
3449 1056 3569 1096 om-

1971 1137 2133 1193 nibus
2161 1135 2254 1209 qui
2282 1152 2433 1192 arma
2457 1136 2694 1192 tulerant
2725 1149 2917 1192 manus
2947 1135 3191 1203 sustulit,
3215 1144 3267 1191 et
3288 1134 3458 1190 vitam
3486 1151 3572 1191 re-

1972 1229 2149 1301 liquit,
2175 1228 2603 1299 quo"testatior
2630 1237 2778 1284 esset
2811 1227 2976 1283 etiam
3010 1227 3245 1298 posteris
3284 1241 3444 1297 poma
3469 1228 3568 1284 im.

1973 1322 2288 1392 proborum.
2323 1321 2545 1376 Multum
2573 1320 2720 1376 enim
2765 1320 2832 1375 ad
2878 1320 3237 1376 coercendam
3286 1319 3566 1376 audaciam

1976 1414 2111 1469 valet
2138 1411 2470 1484 prepositum
2499 1411 2800 1484 punitionis
2822 1411 3294 1482 exemplum,eum
3324 1411 3439 1482 ipsa
3467 1411 3568 1466 mi-

1974 1507 2084 1562 seri
2125 1520 2362 1577 praesens
2409 1506 2585 1562 forma
2636 1504 2892 1574 viventis,
2931 1515 2986 1562 et
3026 1505 3093 1560 ad
3133 1504 3564 1562 recordationem

1974 1601 2233 1659 admonet
2267 1601 2542 1669 conscios,
2584 1609 2638 1658 et
2688 1599 2756 1655 ad
2785 1597 3214 1656 sciscitationem
3241 1598 3387 1670 cogit
3415 1598 3572 1670 igna-
3656 1607 3661 1611 '

1976 1710 2086 1752 1‘08.

2572 1786 2801 1845 CAPUT
2848 1787 2962 1844 Xll.

1979 1878 2245 1934 Miscriam
2267 1887 2310 1934 et
2341 1879 2687 1953 calamitatem
2717 1878 2911 1953 Gallia:
2958 1890 3222 1953 acceptam
3277 1897 3312 1935 a
3367 1880 3574 1938 σωθῆτε

2408 1951 2618 2020 subjicit
2639 1951 2790 2022 quasi
2825 1952 2918 2006 sub
2945 1951 3141 2008 oculos.

2055 2071 2070 2100 ³
2103 2067 2394 2125 Exhaustis
2427 2077 2588 2139 atque
2613 2067 2870 2124 edomitis
2895 2068 3087 2136 Gallis,
3117 2084 3345 2126 securus
3393 2069 3576 2126 Caesar

1977 2179 2100 2220 cum
2132 2164 2432 2235 legionibus
2465 2164 2518 2218 in
2541 2163 2753 2219 Italiam
2773 2165 2793 2194 ¹
2821 2163 3199 2230 rediit,nullos
3221 2174 3346 2235 post
3370 2179 3432 2220 se
3457 2163 3577 2220 Gal-

1978 2256 2153 2312 lorum
2185 2267 2367 2312 motus
2389 2255 2814 2327 pertimescens;
2847 2255 3033 2311 3certo
3061 2271 3121 2312 se
3143 2256 3323 2312 Sciens
3352 2255 3578 2312 minimc

1975 2349 2188 2419 aliquos
2216 2347 2308 2418 qui
2355 2349 2438 2404 vel
2468 2348 2674 2404 moveri
2725 2347 2984 2413 audeant,
3018 2348 3106 2404 vel
3145 2347 3191 2403 si
3231 2358 3580 2414 moveantur,

1978 2440 2209 2497 timendi
2237 2440 2348 2496 sint
2375 2482 2389 2506 ,
2420 2440 2728 2511 reliquisse.
2763 2439 3031 2496 Constitui
3066 2457 3210 2496 nunc
3236 2449 3362 2496 ante
3388 2439 3578 2496 oculos

1980 2535 2146 2590 velim
2193 2548 2522 2605 exsanguem
2554 2532 2576 2564 ‘*
2604 2533 2983 2604 deiectamque
3019 2532 3270 2603 Galliam,
3301 2540 3428 2603 post
3453 2533 3578 2588 illas

1979 2625 2392 2690 ardentissimas
2414 2624 2582 2699 410
2605 2627 2785 2685 febres
2816 2626 3171 2695 internosque
3199 2634 3364 2681 aestus
3392 2626 3413 2657 ⁵
3439 2626 3578 2681 vita-

1979 2720 2110 2777 lium
2141 2719 2366 2777 meliora
2396 2728 2690 2788 torrentes,
2727 2727 2786 2776 ut
2811 2733 2932 2777 sese
2959 2718 3177 2788 habeat,
3205 2728 3408 2792 quanta
3455 2733 3576 2774 ma-

1574 2898 2027 2957 ιιΑγΕιιΟΑιιΡι
2063 2899 2301 2957 ΝΟΤιΕ.

343 3023 438 3078 47.
467 3017 682 3076 Factus.
709 3018 882 3092 Lugd.
907 3021 1050 3076 Batt.
1076 3036 1157 3091 pr.
1177 3029 1232 3078 et
1250 3028 1400 3086 tert.,
1429 3035 1552 3077 cum
1572 3018 1714 3075 Coll.
1736 3020 1874 3077 Gro-

271 3109 402 3151 nov.
423 3135 437 3157 ,
465 3093 712 3148 scribunt
743 3093 1012 3155 redditus;
1051 3101 1108 3148 et
1137 3108 1259 3147 mox
1293 3092 1521 3147 occurrit
1555 3107 1652 3163 pro
1684 3108 1873 3146 accur-

272 3167 365 3229 rit,
389 3173 448 3220 ut
476 3173 531 3219 et
561 3162 911 3234 deludendum
943 3179 1044 3234 pro
1066 3164 1370 3218 delendum.
1561 3162 1566 3163 ⁷
1699 3199 1742 3234 ί,

341 3237 435 3292 48.
473 3235 645 3290 Unum
665 3233 968 3307 solum_esse
999 3236 1256 3307 prtesidii.
1291 3234 1393 3307 Ed.
1426 3249 1520 3307 pr:
1543 3249 1674 3307 cum
1697 3233 1873 3289 Paris.

271 3317 331 3362 et
361 3307 583 3362 Venetis
603 3347 617 3367 .
657 3307 752 3360 hoc
777 3304 947 3360 solum
977 3304 1089 3362 esse
1123 3304 1447 3374 praesidium.
1491 3304 1774 3373 Bolsuing.
1820 3312 1878 3360 et

271 3378 513 3444 llittorp.
540 3422 554 3445 ,
587 3393 751 3448 unum
779 3378 949 3448 solum
979 3393 1086 3431 esse
1113 3377 1371 3448 praesidii,
1403 3377 1547 3448 quod
1580 3386 1632 3430 et
1665 3377 1718 3430 in
1743 3391 1874 3448 mis.

273 3431 624 3504 omnibuset
654 3447 740 3502 ed.
775 3431 1006 3517 August.
1037 3431 1240 3502 inveni.
1274 3431 1537 3516 Repo'suit
1563 3457 1743 3502 autem
1773 3446 1876 3502 Fa-
1905 3431 1950 3495 Ο

274 3521 513 3586 bricius,
559 3535 715 3573 unum
757 3519 924 3573 soluat
959 3535 1070 3574 esse
1108 3519 1431 3587 prmsidium.
1485 3517 1720 3586 Verum,
1751 3533 1875 3574 cum

278 3593 391 3646 vim
412 3589 554 3645 hanc
574 3590 816 3646 abnuant
838 3605 970 3645 mss.
996 3589 1250 3656 Codices,
1279 3589 1573 3656 cllipticam
1600 3598 1728 3658 puto
1754 3605 1880 3645 esse

276 3662 581 3719 orationem
602 3701 618 3725 ,
652 3670 706 3715 et
731 3660 1065 3731 subintelligi
1099 3675 1258 3730 posse
1287 3661 1424 3715 loco.

348 3733 442 3788 49.
467 3732 527 3788 Si
542 3748 640 3802 quo
657 3732 830 3787 modo.
857 3733 920 3787 Et
938 3729 1208 3786 hic'nimls
1232 3733 1491 3786 liberales
1510 3730 1732 3802 fuerunt
1750 3729 1877 3785 edd.

275 3801 610 3870 duplicando
636 3802 870 3857 mediam
898 3816 1113 3871 vocem,
1147 3817 1268 3857 cum
1301 3816 1494 3858 omnes
1520 3801 1684 3857 codd.
1713 3817 1874 3869 mss.,

277 3874 612 4000 astipulante
662 3874 750 3930 ed.
791 3873 1062 3946 August”
1122 3889 1224 3945 quo
1264 3874 1482 3945 legant,
1529 3888 1637 3928 non
1676 3889 1879 3944 quoquo

282 3961 369 4000 mo
413 3964 461 3999 ο.

282 3961 461 4000 111οα0.

357 4017 444 4072 50.
471 4016 592 4070 Non
614 4016 885 4087 potuisset.
910 4015 980 4072 Et
1003 4015 1120 4070 haec
1142 4026 1406 4072 constans
1426 4029 1560 4070 mss.
1589 4022 1675 4070 est
1693 4013 1878 4079 lectio,

284 4103 455 4156 quare
478 4086 677 4142 frustra
711 4099 834 4142 ante
863 4086 1179 4143 Fabricium
1210 4088 1490 4158 legebatur
1512 4103 1660 4158 nemo
1682 4087 1881 4156 potuis-

283 4168 382 4227 set,
414 4174 574 4227 quam
610 4158 899 4214 lectionem
931 4158 1072 4213 male
1104 4156 1386 4214 revocavit
1411 4160 1464 4211 in
1487 4156 1576 4211 ed.
1606 4158 1881 4227 suaScot-

285 4226 396 4285 tus.
429 4226 539 4284 Nisi
571 4228 755 4286 Crrsar
787 4230 972 4284 luisset
998 4228 1202 4296 Cmsar,
1235 4245 1342 4284 non
1373 4228 1674 4297 potuisset,
1703 4226 1885 4298 inquit

284 4301 536 4372 Orosius.
563 4299 665 4355 Ed.
699 4303 928 4372 August.
958 4299 1046 4355 hic
1075 4301 1274 4372 iterum
1301 4299 1626 4367 astipulatur
1648 4313 1780 4372 mss,

363 4372 453 4428 51.
486 4370 658 4426 Illico.
693 4369 1077 4442 Edeugust.,
1112 4371 1374 4443 undique;
1402 4380 1456 4427 et
1478 4385 1626 4437 mox,
1650 4369 1882 4424 trucida-

290 4442 499 4496 bantur.

361 4512 451 4568 52.
481 4513 766 4582 Ada'quare
786 4513 945 4585 fontis
968 4513 1136 4568 locum
1161 4521 1352 4582 posset.
1383 4512 1512 4568 Mss.
1537 4511 1649 4568 fere
1669 4525 1883 4581 omnes,

292 4601 503 4654 arquare
530 4585 599 4638 ad
631 4587 789 4652 fontis
815 4587 985 4639 locum
1016 4585 1197 4653 possit.

363 4657 452 4712 55.
484 4655 569 4710 Ea:
592 4672 758 4725 (equo.
800 4655 973 4728 Lugd.
1008 4655 1148 4711 Batt.
1185 4671 1268 4727 pr.
1296 4663 1352 4711 et
1383 4663 1506 4710 tert.
1533 4695 1549 4720 ,
1588 4669 1710 4710 cum
1739 4653 1881 4711 Coll.

292 4727 556 4792 Cronov.,
587 4743 748 4797 a'que.

366 4797 454 4853 5-1.
481 4795 766 4879 Scamlu_l_i_s
787 4799 1031 4879 repletas.
1062 4798 1120 4879 In
1142 4795 1528 4879 mantisctiptis
1546 4805 1652 4865 est,
1679 4796 1886 4879 scindu-
1912 4815 1965 4879 υ

294 4869 357 4922 lis
381 4883 401 4923 :
436 4885 536 4924 nos
575 4883 644 4924 ex
693 4867 890 4939 llirtin,
931 4867 1234 4932 scandulis,
1273 4867 1609 4939 scripsimus
1627 4882 1750 4922 cum
1781 4867 1888 4921 Ro-

293 4941 469 4996 berto.
497 4941 535 4994 Λ
554 4940 835 4995 scindendo
852 4937 1057 5006 autem,
1081 4947 1141 4993 ut
1159 4939 1276 4993 vult
1297 4937 1556 5003 Isidorus,
1583 4938 1743 4994 dicta:
1764 4945 1890 4993 sunt

295 5011 562 5082 scandala
585 5027 603 5064 :
632 5027 751 5078 quae
771 5024 894 5066 sunt
923 5009 1430 5082 parvaztabcllaiex
1451 5009 1648 5082 robore
1669 5008 1756 5064 vel
1777 5008 1888 5082 alio

292 5080 441 5150 ligno
460 5083 739 5137 assulatim
765 5079 934 5138 secto.
963 5081 1119 5137 Unde
1139 5080 1422 5136 Vitruvius
1444 5079 1568 5137 libr.
1595 5095 1656 5145 ιι,
1679 5094 1799 5148 cap.
1830 5081 1883 5146 1,

293 5152 619 5221 quibusdam
650 5154 960 5209 nationibus
990 5168 1056 5208 ex
1087 5151 1352 5221 scandulis
1378 5152 1635 5206 robusteis
1660 5150 1890 5221 cedi/icio

243 5272 254 5277 _
294 5220 539 5278 constitui
558 5223 766 5279 scribit.
791 5223 1077 5280 Cornelius
1102 5237 1230 5276 vero
1255 5220 1454 5291 Nepos,
1481 5220 1737 5276 scandala
1758 5237 1886 5274 cou~

292 5303 481 5347 tectam
510 5295 673 5350 fuisse
699 5295 922 5350 Romam
954 5308 1123 5362 usque
1147 5291 1212 5347 ad
1243 5293 1443 5348 bellum
1477 5292 1693 5364 Pyrrhi,
1721 5291 1887 5364 anuis

292 5365 423 5430 470,
445 5374 632 5436 auctor
651 5377 755 5421 est.
780 5365 920 5436 Lege
943 5361 1174 5421 Plinium
1197 5364 1323 5420 libr.
1341 5361 1694 5436 xv1,{cap.10.
1720 5361 1886 5418 Ιθλιιιιι.

366 5437 456 5492 55.
498 5435 725 5492 Videt-et.
761 5435 981 5492 Frustra
1009 5447 1066 5492 et
1093 5443 1286 5491 contra
1306 5450 1440 5492 mss.
1460 5435 1716 5490 inminere
1736 5449 1886 5506 qua:-

294 5503 423 5560 dam
450 5507 578 5563 cdd.
607 5508 886 5576 adjiciunt.

368 5576 460 5659 {56.
503 5575 570 5632 In
605 5574 848 5635 circuitu.
898 5579 989 5637 Sic
1022 5579 1216 5652 jubcnt
1239 5579 1421 5650 legere
1443 5590 1603 5644 mss.,
1642 5591 1746 5630 non
1787 5574 1888 5629 cir-

294 5659 513 5707 curtum.

371 5720 464 5794 57.
505 5719 858 5794 Recesserunt.
893 5723 1033 5779 Flor.
1070 5722 1551 5794 prnidecesserunt.
1587 5717 1696 5794 Pro
1720 5733 1885 5790 oppu-

295 5793 544 5866 gnatione
564 5793 731 5869 Lugd.
759 5794 874 5852 Bat.
912 5809 1021 5853 sec.
1056 5792 1112 5853 ct
1137 5792 1298 5864 Ultr.,
1323 5792 1720 5865 expugnatione.
1760 5865 1762 5867 _

2053 3020 2141 3077 58.
2180 3019 2454 3075 Testatior.
2479 3019 2618 3076 Coll.
2645 3021 2911 3097 Gronov.,
2942 3031 3232 3097 testatura;
3257 3021 3426 3097 Lugd.
3460 3024 3577 3080 Bat.

1984 3100 2137 3163 tert.,
2167 3099 2448 3163 testatum;
2477 3107 2605 3163 me}
2634 3107 2772 3160 sec.,
2804 3103 2860 3148 ut
2886 3093 3265 3163 improborum.

2052 3160 2332 3238 (ξιιμ-ΧΠ.
2366 3192 2442 3238 -—:
2467 3163 2515 3238 1.
2547 3161 2834 3238 Exhaustis
2858 3160 3281 3238 atqueedomitis.
3315 3165 3411 3222 Ed.
3439 3167 3576 3238 Aug.

1983 3233 2138 3302 legit,
2185 3231 2469 3288 Exltaustis
2496 3234 2669 3304 itaque
2699 3244 2746 3288 et
2769 3231 3009 3289 edomitis
3037 3234 3226 3291 Gallis.

2054 3304 2108 3360 2.
2136 3304 2332 3358 Rediit.
2362 3304 2481 3359 Dtto
2509 3319 2575 3359 ex
2601 3305 2777 3374 Lugd.
2813 3305 2978 3369 BatL,
3009 3307 3161 3362 redit.

2058 3378 2108 3431 5.
2141 3374 2296 3429 Certo
2319 3393 2373 3429 se
2403 3376 2584 3430 sciens.
2647 3376 2875 3432 Mediam
2901 3391 3088 3433 vocem
3117 3389 3175 3434 ut
3213 3379 3460 3435 inutilem
3492 3378 3588 3435 de-

1985 3447 2099 3503 lent
2126 3445 2299 3516 Lugd.
2343 3446 2458 3500 Bal.
2487 3457 2610 3501 tert.
2638 3456 2695 3502 et
2721 3447 2857 3504 Coll.
2889 3448 3126 3504 Gronov.
3166 3461 3334 3506 recte.

2052 3518 2107 3572 4.
2145 3517 2508 3591 Defectumque
2538 3517 2784 3573 Galliam.
2817 3518 3013 3591 Nescio
3035 3521 3163 3591 quid
3213 3521 3442 3576 moverit
3467 3521 3583 3576 edi-

1983 3598 2151 3654 tores,
2179 3601 2233 3642 ιιι
2262 3603 2384 3662 cum
2417 3589 2670 3662 defectam
2703 3590 2754 3644 in
2781 3590 2936 3662 codd.
2973 3589 3335 3653 invenissent.
3367 3600 3424 3646 et
3453 3609 3579 3662 prn—

1988 3671 2173 3732 ptcrca
2199 3659 2648 3732 collocassentin
2672 3661 2937 3732 margine,
2981 3670 3160 3717 tamen
3211 3659 3587 3732 dcfetam'ma-

1985 3731 2185 3786 luerint
2229 3729 2425 3795 edere;
2487 3729 2768 3784 Fabricius
2788 3729 2932 3786 enim
2959 3740 3015 3787 et
3058 3729 3292 3787 Scottus
3332 3732 3583 3786 vitiosam

1982 3801 2229 3856 eamdem
2265 3801 2553 3872 lectionem
2580 3809 3106 3872 receperunt,quam
3129 3813 3308 3857 tamen
3341 3801 3588 3856 unanimi

1983 3887 2254 3928 consensu
2290 3871 2579 3937 repudiant
2609 3886 2802 3928 omnes
2828 3871 2979 3940 quos
2993 3873 3245 3928 consului
3275 3887 3436 3936 mss.,
3460 3887 3586 3927 cum

1983 3942 2107 3998 cod.
2144 3958 2241 3998 seu
2272 3941 2407 4014 edit.
2434 3944 2768 4014 Augustana.
2801 3943 2991 4014 Neque
3019 3958 3170 3998 sanas
3198 3944 3396 4014 mentis
3435 3943 3588 4012 quis-

1984 4013 2439 4084 quamprarlerre
2471 4028 2630 4082 posse
2673 4013 2909 4078 videtur.
2967 4014 3264 4070 dummodo
3294 4013 3586 4084 diligenter

1984 4083 2262 4158 attendat;
2296 4083 2480 4158 Defeta
2499 4085 2644 4158 enim
2678 4085 2821 4158 idem
2848 4085 3160 4158 signiﬁcare
3198 4083 3417 4158 videtur
3441 4084 3586 4158 quod

1985 4155 2144 4222 c/Teta
2166 4156 2310 4225 apud
2342 4155 2658 4212 Sallustium
2691 4157 2742 4212 in
2760 4155 2992 4211 Catilina
3022 4171 3143 4226 cap.
3170 4158 3240 4212 55
3272 4157 3406 4220 :Ac,
3434 4155 3593 4211 veluti

1985 4226 2138 4293 e/feta
2168 4237 2463 4299 parentum,
2488 4227 2668 4280 multis
2709 4227 3099 4299 tempestatibus
3129 4227 3272 4299 (laud
3291 4243 3422 4299 sane
3448 4228 3596 4299 quis-

1986 4314 2144 4370 quam
2170 4296 2371 4370 'Rom_cc
2406 4296 2855 4370 cirtute__ntognus
2887 4297 3256 4370 [uitalteferri
3290 4296 3455 4370 igitur
3479 4297 3591 4352 alio

1988 4366 2196 4439 nequit,
2227 4368 2332 4439 nisi
2358 4366 2423 4422 ad
2447 4366 2822 4439 sterilitatem,
2851 4366 3277 4439 etuexhaustam
3315 4366 3490 4439 :attnis
3531 4377 3593 4439 _et

1987 4437 2180 4495 crebra
2221 4438 2408 4495 sobole
2439 4437 2852 4494 fecunditatem.
2909 4437 3259 4508 Nequaquam
3284 4437 3587 4508 figituriiu

1987 4508 2266 4565 Orosiauis
2305 4509 2459 4565 hisce
2484 4509 2664 4564 locum
2691 4508 2833 4563 tueri
2864 4519 3065 4577 potest,
3097 4507 3151 4564 in
3183 4507 3387 4578 quibus
3412 4507 3588 4578 Gallia

1991 4596 2101 4635 non
2128 4588 2478 4649 comparatur
2505 4579 2663 4634 matri
2703 4579 2903 4646 eﬂ‘ette,
2933 4589 3118 4647 atque,
3143 4577 3446 4634 visceribus
3477 4577 3590 4634 las-

1989 4651 2089 4714 sis,
2116 4653 2424 4715 exhaustae;
2453 4649 2777 4721 sedimagno
2815 4652 3030 4721 corpori
3060 4649 3438 4721 quod,morbo
3460 4662 3587 4721 cor-

1991 4731 2204 4792 reptum
2229 4720 2790 4792 validiore,vigorem,
2808 4719 2954 4776 vires
2971 4729 3027 4777 et
3044 4719 3361 4792 sanguinem
3381 4719 3583 4792 amisit.

1995 4791 2204 4876 pefecta
2244 4791 2406 4876 igitur
2433 4790 2630 4876 Callia,
2654 4790 3332 4876 subintellec't‘msauguiue
3357 4790 3441 4876 vel
3460 4791 3591 4876 piri-

1990 4860 2106 4933 bus,
2123 4862 2212 4919 hic
2233 4860 2431 4918 dicitur
2452 4871 2508 4917 ut
2527 4860 2668 4932 apud
2695 4863 2955 4927 Plinium,
2970 4860 3330 4919 Columellam
3353 4869 3410 4918 et
3425 4860 3587 4928 alios,

1992 4937 2156 4990 homo
2176 4934 2405 5003 defectus
2431 4936 2629 5001 animo,
2653 4935 2822 4998 senio,
2848 4942 3023 5000 aetate,
3047 4941 3153 4990 etc.

2063 5008 2114 5062 5.
2148 5004 2400 5060 Vitalium
2445 5003 2662 5076 meliora
2701 5014 2984 5076 torrentes.
3011 5004 3137 5061 ﬂare
3184 5013 3270 5061 est
3318 5004 3591 5076 scriptura

1989 5079 2108 5133 cod.
2137 5077 2378 5146 Longob.
2414 5074 2530 5130 sive
2551 5076 2796 5132 Floreat.
2829 5074 2996 5146 primi
3019 5085 3076 5146 ut
3106 5086 3156 5146 et
3180 5090 3318 5143 sec.,
3347 5074 3449 5132 nec
3479 5089 3589 5131 non

1991 5148 2160 5218 Lugd.
2195 5145 2311 5202 Bait.
2343 5160 2452 5203 sec.
2487 5155 2649 5218 atque
2694 5145 2888 5218 Ultraj.
2944 5145 3303 5200 Medullorum
3332 5147 3596 5202 exhibent

1991 5215 2234 5276 Floreat.
2261 5225 2386 5274 tert.
2415 5223 2472 5272 et
2500 5215 2669 5288 Lugd.
2698 5217 2814 5272 Bat.
2843 5215 3048 5288 quart.,
3078 5218 3234 5288 quasi
3257 5218 3461 5273 vellent
3485 5231 3592 5288 me-

1996 5289 2223 5355 tlullant,
2247 5288 2390 5357 quod
2415 5288 2471 5344 in
2505 5285 2624 5344 Meo
2646 5287 2717 5343 ita
2745 5285 2945 5354 exstat,
2975 5296 3035 5343 ut
3062 5286 3243 5345 littera
3264 5288 3452 5357 ultima
3472 5285 3590 5357 sive

1996 5378 2067 5428 m,
2100 5361 2167 5418 ad
2201 5355 2442 5431 [lg—uram
2468 5359 2677 5431 littera:
2725 5375 2750 5412 v
2787 5359 3037 5431 videatur
3065 5360 3349 5431 accedere.
3381 5355 3439 5410 In
3460 5355 3592 5431 aliis

1994 5427 2127 5489 mss.
2170 5427 2332 5502 atque
2379 5428 2504 5486 edd.
2535 5429 2960 5502 vettsomnibus
3007 5429 3252 5502 molliora
3291 5427 3586 5502 invenitur,

1989 5495 2825 5632 quongt-tetuleruntFabricius
2845 5510 2901 5558 et
2929 5501 3169 5569 Scottus,
3192 5498 3340 5570 Virg.
3366 5495 3584 5554 Aincid.

1991 5589 2071 5632 tv.
2193 5593 2205 5628 :

1991 5589 2071 5643 tv,
2103 5578 2205 5632 (56:

2331 5731 2417 5784 Est
2435 5732 2596 5784 mollis
2616 5696 2806 5783 ﬂamma
2829 5725 3072 5781 medullas

2113 5797 2331 5863 Interea,
2357 5802 2413 5850 et
2434 5798 2638 5850 tacitum
2654 5795 2775 5849 vivit
2790 5793 2886 5844 sub
2908 5795 3114 5856 pectore
3132 5785 3336 5847 vulnus.
