4076 6174
513 205 646 265 1051

1926 207 2131 269 PAULI
2171 208 2404 272 OROSll

3673 209 3814 267 1032

504 320 630 376 bus.
661 319 867 388 Ctesar,
901 317 1185 377 Rubiconc
1209 321 1434 378 flumine
1456 322 1475 353 ³
1500 330 1854 389 transmeato,
1892 339 2019 380 mox
2051 334 2107 381 ut
2135 344 2180 404 Α
2213 330 2338 383 liam
2375 327 2614 394 rediens,
2648 325 2932 383 obsidione
2962 327 3250 392 domitam,
3283 324 3392 380 vita
3421 332 3627 379 tantum
3662 334 3718 379 et
3749 325 3813 378 li-

508 411 814 467 Ariminttm
837 415 1007 478 venit,
1052 414 1298 484 quinque
1325 414 1604 480 cohortes,
1637 432 1774 486 quas
1799 425 1926 474 tunc
1957 419 2109 474 solas

509 503 768 570 habebat,
795 520 920 560 cum
945 507 1144 577 quibus
1167 507 1250 578 (ut
1275 507 1350 562 ait
1381 507 1590 580 Livius)
1611 509 1802 564 orbem
1833 518 2105 566 terrarum

507 596 734 653 adortus
764 609 879 667 est,
909 599 1037 669 quid
1083 599 1228 654 facto
1255 614 1391 670 opus
1432 611 1602 668 esset,
1636 602 1876 658 edocuit.
1913 604 2109 674 Deplo-

508 709 638 750 rans
667 693 900 762 injurias
923 708 1048 748 suas
1074 733 1090 759 ,
1141 708 1361 748 causam
1390 693 1521 749 belli
1563 695 1741 750 civilis
1767 736 1780 762 ,
1815 711 1914 766 pro
1944 698 2102 752 resti-

509 786 725 842 tuendis
756 787 810 841 in
839 785 1069 857 patriam
1116 786 1366 856 tribunis,
1396 803 1520 844 esse
1566 799 1788 844 testatus
1837 803 1940 844 εει.
1977 789 2108 845 Inde

509 894 606 950 per
637 877 936 934 Antonium
981 887 1192 949 septem
1235 880 1516 946 cohortes,
1556 897 1678 951 qua:
1717 882 1859 950 apud
1887 881 2109 937 Sulmo-

507 989 632 1031 nem
663 971 1040 1038 morabantur,
1067 989 1096 1026 a
1119 972 1376 1028 Lucretio
1400 975 1422 1006 ³
1455 976 1684 1044 recepit,
1719 982 1831 1030 tres
1862 975 2110 1046 legiones

507 1084 629 1140 qua:
669 1083 790 1124 cum
824 1067 1058 1122 Domitio
1101 1067 1244 1138 apud
1273 1067 1568 1123 Corfinium
1621 1068 2008 1136 morabantur,
2043 1067 2108 1122 ad

510 1172 693 1234 partes
715 1176 842 1216 suas
867 1160 1122 1216 traduxit.
1145 1160 1441 1230 Pompeius
1469 1173 1632 1233 atque
1657 1163 1838 1216 omnis
1864 1171 2107 1228 senatus,

511 1257 892 1313 crescentibus
917 1256 1152 1311 Caesaris
1174 1256 1412 1322 viribus,
1440 1256 1664 1327 trepidi.
1699 1268 1976 1328 tamquam
2003 1256 2110 1310 Ita-

508 1351 580 1407 lia
609 1349 772 1421 pulsi,
799 1350 852 1406 in
877 1349 1146 1406 Grmciam
1173 1349 1492 1414 transvecti,
1513 1349 1870 1422 Dyrrachium
1889 1347 2112 1420 gerendi

510 1443 638 1499 belli
673 1442 864 1499 sedem
894 1441 1239 1513 delegerunt.
1273 1443 1458 1496 (Imsar
1491 1441 1719 1495 Romam
1755 1441 1932 1518 venit,
1971 1440 1990 1470 ⁸
2019 1454 2114 1494 ne-

509 1546 806 1606 gatamque
832 1535 932 1588 sibi
964 1550 1030 1588 ex
1078 1534 1275 1588 aerario
1319 1534 1627 1604 pecuniam,
1681 1531 1869 1586 fractis
1905 1530 2112 1585 foribus

509 1627 747 1694 invadit,
780 1628 1118 1698 protulitque
1153 1643 1218 1683 ex
1245 1641 1312 1682 co
1343 1627 1462 1681 auri
1498 1625 1680 1696 pondo
1705 1632 1941 1696 quatuor
1968 1623 2113 1678 mille

2215 421 2429 476 bertate
2459 435 2740 487 concessa,
2787 420 3000 476 cmteris
3048 420 3213 476 rebus
3241 419 3466 474 abrasit.
3501 420 3541 451 ’ί
3573 420 3645 472 At
3680 433 3815 474 vero

2214 513 2496 570 Dolabella
2515 515 2556 547 ¹²
2573 514 2806 586 partittm
2829 512 3084 579 Cmsaris,
3103 514 3155 567 in
3177 511 3394 583 Illyrico
3413 526 3511 580 per
3528 510 3814 565 Octavium

2211 616 2269 663 et
2288 606 2552 662 Libonem
2577 605 2775 673 victus',
2796 607 3078 676 cOpiisque
3100 615 3318 671 exutus,
3352 604 3394 634 ¹³
3415 604 3485 658 ad
3507 603 3816 658 Antonium

2211 701 2367 771 fugit.
2405 699 2447 732 ’⁸
2475 699 2711 756 Basillus
2750 709 2805 754 et
2847 698 3141 755 Sallustius
3174 698 3219 728 ¹⁸
3249 712 3344 767 per
3373 697 3616 767 singulas
3647 695 3823 765 legio-

2214 808 2346 860 nes,
2378 792 2576 864 quibus
2607 802 2906 863 praeerant,
2958 789 3214 846 similiter
3229 797 3286 846 et
3312 791 3583 845 Antonius
3605 828 3623 857 ,
3677 788 3821 843 llor-

2218 883 2426 941 tensius
2477 900 2694 955 quoque
2727 883 2794 939 ab
2825 883 3012 939 infimo
3054 883 3188 937 mari
3220 897 3344 936 cum
3374 883 3550 937 classe
3579 895 3823 936 concur-

2214 995 2364 1044 rens,
2396 993 2588 1033 omnes
2617 977 2824 1048 pariter
2853 976 3118 1031 adversus
3145 975 3432 1030 Octavium
3461 982 3518 1029 et
3547 972 3821 1028 Libonem

2214 1069 2462 1141 profecti,
2484 1068 2647 1141 417
2666 1069 2778 1125 “et
2797 1067 2926 1124 victi
2947 1077 3094 1124 sunt.
3121 1066 3394 1122 Antonius
3415 1080 3539 1120 eum
3571 1080 3629 1120 se
3653 1064 3825 1120 Octa-

2214 1165 2304 1218 vio
2333 1165 2374 1195 ¹⁷
2397 1178 2521 1218 cum
2553 1161 2868 1233 quindecim
2895 1159 3219 1216 cohortibus
3240 1158 3506 1224 dedisset,
3532 1173 3728 1213 omnes
3747 1157 3822 1212 ad

2217 1257 2531 1328 Pompeium
2554 1273 2582 1311 a
2606 1256 2817 1312 Libone
2838 1255 3062 1312 deducti
3093 1263 3243 1309 sunt.
3270 1255 3314 1285 “'
3339 1253 3504 1308 Curio
3533 1268 3599 1308 ex
3627 1251 3822 1308 Sicilia

2216 1353 2268 1406 in
2295 1350 2684 1406 Africamcum
2716 1349 2960 1404 exercitu
2985 1356 3365 1417 transgressus
3383 1355 3468 1400 est
3490 1362 3505 1402 :
3535 1361 3698 1416 quem
3719 1344 3825 1399 Ju-

2215 1444 2281 1499 ba
2313 1458 2406 1498 rex
2437 1442 2701 1507 continuo
2732 1451 3018 1511 exceptum
3059 1454 3181 1495 cum
3209 1436 3460 1493 omnibus
3487 1437 3664 1507 copiis
3691 1447 3813 1492 tru-

2213 1535 2439 1592 cidavit.
2510 1533 2765 1590 Octavius
2812 1532 3044 1588 Salonas
3092 1532 3133 1564 ¹⁰
3181 1545 3497 1602 oppugnare
3547 1537 3819 1598 conatus,

2214 1643 2406 1684 omnes
2436 1641 2573 1696 pene
2600 1625 2789 1696 copias
2819 1639 2958 1695 quas
2987 1623 3144 1679 duxit
3172 1623 3372 1682 amisit.
3401 1622 3608 1678 Ctelins
3631 1622 3816 1676 desci-

508 1733 733 1781 centum
761 1721 985 1793 triginta
1008 1721 1269 1792 quinque,
1297 1722 1316 1752 ⁷
1339 1720 1550 1790 argenti
1575 1719 1755 1789 pondo
1783 1733 1949 1788 prope
1971 1731 2108 1772 non—
2143 1733 2186 1793 Β
2214 1719 2349 1774 vita
2376 1718 2623 1782 Caesare,
2675 1731 2740 1771 ac
2783 1731 2840 1772 se
2879 1715 3061 1770 Miloni
3104 1714 3278 1769 exsuli
3313 1713 3514 1783 junxit.
3558 1713 3819 1784 Cumque

509 1827 668 1890 genta
699 1816 888 1873 millia.
924 1814 1091 1887 416
1119 1814 1251 1869 Inde
1279 1815 1558 1884 digressus
1585 1811 1890 1866 Ariminum
1931 1811 1994 1864 ad
2028 1810 2106 1864 le-

508 1911 724 1980 giones,
753 1924 880 1962 mox
912 1907 1079 1976 Alpes
1105 1917 1468 1972 transvectus,
1502 1903 1801 1959 Massiliam
1843 1903 2013 1964 venit,
2043 1901 2109 1956 ad

511 2017 673 2073 quam
723 1999 1179 2073 oppugnandam,
1226 2003 1401 2056 “cum
1459 2006 1713 2070 receptus
1765 2015 1873 2054 nun
1932 2007 2110 2064 esset,

509 2095 830 2152 Tribonium
873 2111 996 2150 cum
1049 2093 1222 2148 tribus
1274 2092 1578 2162 legionibus
1634 2091 1985 2162 relinquens,
2042 2090 2110 2144 ad

509 2187 804 2259 Hispanias
840 2187 1159 2254 contendit,
1192 2202 1326 2256 qu:ts
1373 2185 1439 2241 L.
1485 2185 1776 2250 Afranius,
1810 2193 1867 2240 et
1909 2184 1976 2239 Μ.
2011 2183 2112 2240 Pc-

511 2281 704 2347 treius,
737 2287 795 2336 ct
824 2279 894 2334 Μ.
925 2278 1118 2348 Varro,
1155 2278 1473 2348 Pompeiani
1506 2277 1694 2343 duces,
1726 2293 1848 2333 cum
1882 2277 2110 2347 legioni-

510 2373 616 2429 bus
644 2372 986 2429 obtinebant.
1039 2372 1114 2428 lbi
1156 2371 1340 2426 multis
1385 2371 1588 2441 pra-liis
1633 2371 1912 2426 Petreium
1951 2370 2112 2425 Afra-

512 2468 774 2538 niumquc
800 2475 1114 2538 superatos,
1156 2469 1177 2499 °
1202 2465 1507 2536 composita
1555 2466 1813 2535 pactione
1835 2504 1849 2529 ,
1881 2464 2110 2519 dimisit.

512 2561 570 2619 In
596 2561 860 2618 ulteriore
901 2576 1032 2617 vero
1073 2560 1332 2631 llispania
1365 2559 1499 2616 duas
1535 2558 1840 2630 legiones-a
1865 2559 1937 2614 M.
1973 2558 2111 2614 Var-

513 2666 651 2709 rone
682 2652 942 2722 suscepit.
995 2652 1260 2708 Similiter
1285 2662 1340 2708 et
1377 2651 1548 2707 duces
1580 2652 1730 2721 ejus,
1767 2652 1811 2683 ¹⁰
1840 2651 1945 2708 hoc
1988 2662 2073 2707 est
2094 2693 2110 2719 ,

511 2739 679 2796 Curio
707 2741 968 2797 Catonem
999 2740 1186 2798 Sicilia
1210 2740 1438 2812 expulit,
1469 2741 1717 2796 Valerius
1739 2741 1957 2796 Cottam
1983 2741 2112 2798 Sar-

512 2833 685 2902 dinia,
714 2834 1059 2892 Tuberonem
1083 2834 1270 2892 Africa
1305 2834 1481 2891 Varus
1499 2834 1683 2907 ejecit.
1713 2833 1898 2892 Caesar
1919 2835 2110 2892 Massi-

2213 1810 2375 1867 ambo
2416 1825 2700 1865 servorum
2743 1822 2902 1862 manu
2933 1807 3172 1878 Capuam
3202 1821 3515 1878 oppugnare
3545 1805 3821 1861 moliren-

2217 1911 2324 1968 tur,
2356 1902 2522 1957 occisi
2555 1909 2702 1956 sunt.
2739 1899 2962 1956 Bibulus
2989 1899 3130 1970 apud
3153 1899 3458 1970 Corcyram
3487 1899 3701 1969 pudore
3728 1899 3821 1954 vi-

2214 2003 2334 2050 ctus
2357 2035 2372 2060 ,
2399 1991 2543 2063 quod
2575 1990 2843 2047 custodia:
2870 1991 2988 2062 ejus
3011 2033 3027 2059 ,
3079 2006 3244 2060 quam
3289 1993 3480 2062 pelago
3518 2001 3572 2046 et
3609 1991 3820 2061 oppido

2216 2087 2622 2160 praitendebat,
2655 2087 2828 2142 hostis
2857 2086 3120 2150 illuserat,
3150 2083 3332 2140 inedia
3360 2099 3482 2140 sese
3506 2083 3824 2155 vigiliisque

2215 2185 2468 2243 confecit.
2498 2183 2543 2214 ²⁰
2587 2181 2793 2253 Appius
2831 2180 3094 2235 Claudius
3135 2177 3499 2244 Censorinus,
3541 2181 3634 2250 qui
3657 2179 3823 2249 jussu

2214 2275 2461 2344 Pompeii
2508 2276 2772 2331 Graeciam
2819 2275 3106 2340 tuebatur,
3147 2274 3263 2345 jam
3301 2275 3557 2328 abolitam
3597 2273 3825 2346 Pythici

2214 2370 2423 2426 oraculi
2469 2367 2633 2424 fidem
2677 2368 2846 2422 voluit
2885 2368 3158 2438 experiri:
3200 2367 3398 2438 quippe
3424 2367 3493 2423 ab
3525 2382 3592 2422 eo
3620 2367 3825 2422 adacta

2215 2471 2369 2518 vates
2398 2461 2737 2518 descendere
2770 2463 2823 2516 in
2855 2477 3079 2529 specum
3106 2503 3121 2528 ,
3167 2462 3516 2532 respondisse
3545 2463 3719 2518 fertur
3747 2463 3830 2520 de

2215 2555 2363 2611 bello
2399 2555 2748 2610 consulenti:
2799 2552 2953 2608 Mhi!
2981 2557 3048 2608 ad
3078 2564 3126 2608 te
3152 2554 3278 2622 Itoc,
3323 2554 3585 2624 Romane,
3619 2555 3830 2610 bellum

2217 2651 2478 2719 pertinet,
2510 2649 2554 2680 ”
2588 2647 2800 2704 Euboea:
2825 2648 2955 2703 ccela
2985 2649 3260 2703 obtinebis.
3306 2647 3454 2704 C(ela
3496 2661 3678 2706 autem
3719 2666 3832 2705 vo-

2214 2749 2344 2797 cant
2372 2741 2677 2796 Euboicum
2702 2741 2906 2796 sinum.
2937 2741 3012 2798 ita
3042 2743 3250 2812 Appius
3277 2742 3534 2813 perplexa
3562 2743 3829 2800 incertus

2213 2844 2364 2890 sorte
2388 2831 2664 2888 discessit.
2689 2835 2734 2864 "
2765 2834 3037 2890 Admonet
3066 2849 3167 2890 nos
3191 2834 3394 2906 aliquid
3424 2835 3828 2892 obtrectatori-

1801 2976 1936 3034 ιῐΑν
1949 2977 2254 3035 ERCAMPI
2292 2979 2526 3036 NOTAE.

586 3092 642 3148 4.
681 3089 1042 3148 Transmeato.
1076 3090 1223 3147 Flor.
1259 3098 1385 3148 tert.
1417 3091 1745 3148 transmisso.

587 3165 642 3236 5.
684 3162 918 3236 Recepit.
949 3165 1081 3219 Mss.
1104 3164 1351 3231 quidam,
1381 3164 1583 3236 recipit.
1614 3163 1716 3218 Pro
1745 3163 2104 3232 morabantur,

514 3233 639 3292 edd.
664 3234 910 3303 qutcdam
933 3276 947 3297 ,
971 3245 1136 3288 erant.

586 3307 640 3362 6.
686 3305 1043 3376 Negatumque
1071 3321 1133 3360 ea:
1157 3305 1345 3360 errario
1366 3306 1657 3376 pecuniam.
1689 3305 2015 3375 lnterposuit
2046 3323 2107 3362 se

513 3376 638 3448 huic
663 3379 742 3430 rei
767 3377 828 3430 L.
849 3376 1100 3448 Metellus
1123 3377 1371 3448 tribunus
1396 3379 1590 3442 plebis.
1621 3378 1761 3448 App.
1788 3378 1884 3432 lib.
1916 3394 1978 3445 ιι,
2009 3379 2107 3434 Dio

513 3445 611 3502 lib.
648 3462 762 3513 xu,
789 3447 988 3501 Lucan.
1026 3447 1121 3502 lib.
1156 3463 1237 3502 ιιι.
1267 3446 1432 3502 ιῖἈιιιι.

585 3518 640 3573 7.
681 3516 892 3590 Argenti
932 3519 1130 3590 pondo.
1174 3517 1400 3584 lnqttirit
1444 3519 1496 3590 iu
1531 3517 1668 3572 hanc
1705 3534 1970 3574 summam
2003 3520 2106 3576 Btt-

511 3587 662 3662 dteus
692 3587 1056 3662 de’Asse'lib:
1089 3603 1159 3662 tt,
1199 3603 1323 3662 pag.
1361 3589 1468 3645 518
1490 3630 1507 3658 ,
1551 3605 1711 3662 quem
1746 3591 1898 3662 vide.
1930 3591 2101 3662 Lugd.

511 3659 656 3733 Bait.
707 3668 816 3718 tres
852 3676 972 3716 cum
1017 3659 1161 3716 Coll.
1206 3661 1448 3716 Gronov.
1499 3659 1700 3733 pondus
1740 3661 1844 3719 hoc
1885 3663 1937 3718 in
1985 3659 2106 3720 loco
2206 3673 2486 3718 contracte
2530 3663 2863 3720 scriberetur

510 3731 720 3788 delent.

550 3873 657 3945 itur
709 3890 822 3936 cur,
859 3873 1007 3945 qudd
1057 3873 1112 3929 in
1147 3875 1402 3930 omnibus
1453 3875 1626 3930 Editis
1677 3873 1948 3932 Servatur.
1995 3877 2102 3932 Sed

2134 3092 2178 3154 C
2212 3093 2338 3167 edd.
2388 3101 2614 3167 excepta
2645 3093 2877 3164 August.
2911 3065 3220 3167 occupavit.
3261 3093 3548 3152 Fabricius
3574 3107 3768 3154 autem
3799 3140 3818 3167 ,

2213 3166 2364 3220 nulla
2393 3166 2706 3220 mutationis
2749 3181 2863 3237 sua:
2893 3165 3108 3222 ratione
3135 3167 3221 3221 vel
3249 3168 3569 3224 auctoritate
3599 3165 3819 3237 addita,

2213 3239 2458 3305 reposuit
2483 3237 2790 3290 dividentes.
2815 3235 2864 3290 Ις
2889 3251 3128 3306 quoque,
3158 3239 3251 3306 qui
3276 3237 3516 3294 Florent.
3547 3240 3672 3295 eod.
3701 3235 3826 3296 ter;

2214 3308 2346 3362 tium
2396 3309 2676 3374 exaravit,
2729 3308 2920 3362 deesse
2965 3308 3172 3375 aliquid
3206 3310 3426 3378 videns,
3475 3311 3659 3366 verbis
3691 3312 3824 3367 illis

2175 3432 2183 3439 _
2209 3380 2394 3449 quibus
2423 3389 2702 3448 praerupit,
2727 3380 3115 3448 superscripsit
3141 3380 3405 3436 ducentes.
3438 3382 3510 3437 At
3535 3397 3662 3450 ego,
3685 3399 3820 3440 cum

2209 3449 2261 3504 in
2292 3450 2653 3522 tribuscodd.
2694 3465 2835 3522 mss.
2870 3450 3240 3522 Lugd.rBatt.,
3274 3462 3539 3522 praeterea
3574 3449 3632 3508 in
3665 3454 3818 3510 Ultr.

2209 3528 2263 3596 et
2293 3520 2508 3596 in‘Coll.
2548 3520 2790 3596 Gronov.
2828 3521 3128 3596 invenerim
3163 3539 3254 3592 per
3272 3520 3530 3596 singulas,
3561 3541 3670 3581 non
3699 3528 3819 3581 du-

2211 3592 2373 3646 bitavi
2405 3607 2589 3647 veram
2621 3595 2758 3665 hanc
2782 3607 2905 3648 esse
2931 3593 3223 3665 lectionem
3241 3639 3256 3662 ,
3283 3592 3442 3665 atque
3467 3612 3534 3652 ex
3562 3611 3650 3661 ea,
3683 3615 3816 3654 cum

2914 3681 3036 3734 per,
3069 3663 3311 3721 editores
3356 3663 3566 3735 primos
3611 3667 3820 3726 fecisse

2209 3745 2478 3809 parantes.
2505 3736 2608 3791 Per
2643 3735 2886 3809 singulas
2921 3747 3102 3809 autem
3135 3736 3377 3809 legiones
3398 3737 3453 3792 hi
3483 3739 3609 3794 victi
3645 3751 3813 3809 sunt,

583 3807 638 3858 8.
681 3803 811 3858 Cum
839 3812 1072 3880 receptus
1099 3819 1201 3858 non
1227 3813 1376 3880 esset.
1405 3803 1489 3880 ln_
1513 3820 1645 3880 mss.
1671 3804 2106 3880 quibusdam_le7
2206 3803 2352 3880 Quod
2396 3820 2502 3861 non
2547 3803 2859 3880 conjunctis
2903 3806 3076 3876 copiis
3103 3852 3117 3875 ,
3159 3803 3256 3862 sed
3297 3809 3492 3880 singuli
3537 3825 3665 3865 cum
3706 3803 3815 3865 sua

2207 3877 2446 3947 legione,
2480 3877 2566 3932 cui
2595 3887 2885 3947 przeerant,
2921 3893 3138 3933 manum
3167 3893 3290 3933 cum
3316 3877 3473 3938 hoste
3498 3895 3814 3940 conserue-

561 3944 890 4017 ugd.'Batt.
909 3960 1022 4001 sec.
1052 3955 1108 3999 et
1136 3955 1317 4017 quart.
1356 3947 1602 4017 scribunt
1639 3962 1789 4011 cum,
1840 3949 1983 4017 quod
2017 3948 2104 4004 hic
2206 3944 2335 4003 rint.

511 4016 728 4070 videtur
757 4029 880 4070 esse
928 4016 1296 4088 reponendum
1317 4056 1330 4077 ,
1379 4016 1481 4070 nisi
1530 4017 1782 4088 malimus
1804 4016 1972 4088 quod,
2005 4035 2104 4087 pro

509 4099 615 4155 qua
649 4099 780 4155 voce
811 4086 1012 4153 passim
1043 4088 1095 4140 in
1127 4102 1258 4141 mss.
1291 4087 1572 4142 Orosianis
1607 4103 1700 4140 cur
1730 4086 1898 4144 scribi
1938 4086 2100 4145 Solet.

583 4156 638 4228 9.
680 4154 976 4228 Composita
1019 4157 1275 4228 pactione.
1324 4155 1462 4212 Edd.
1495 4158 1738 4228 quaedam
1771 4160 2104 4217 interserunt

513 4226 723 4298 [aderis
751 4226 941 4298 centra
974 4226 1106 4284 mss.

587 4299 677 4356 10.
718 4297 838 4376 Hoc
869 4309 963 4376 est.
1003 4299 1156 4376 Solet
1184 4298 1258 4376 ita
1298 4297 1443 4376 loqui
1490 4300 1754 4376 Orosius.
1779 4303 1958 4376 Quare
1986 4315 2101 4376 post

511 4369 644 4436 lucc,
667 4369 811 4442 quod
840 4369 964 4426 edd.
998 4369 1216 4442 quidam
1244 4369 1465 4442 habent,
1498 4383 1648 4428 recte
1679 4373 1952 4442 rejiciunt.

2281 4020 2367 4094 l6.
2396 4017 2466 4073 Et
2490 4020 2612 4074 victi
2641 4029 2780 4075 sunt.
2806 4019 2956 4076 Meus
2975 4019 3146 4078 codex
3169 4023 3607 4094 conjttnctionem
3641 4038 3689 4081 et
3711 4044 3819 4085 cx-

2206 4091 2414 4162 pungit.

2276 4161 2366 4241 i7.
2394 4161 2528 4241 Cum
2554 4165 2846 4234 quindecim
2874 4164 3195 4224 cohortibus.
3232 4163 3335 4229 Ed.
3367 4170 3530 4241 Aug,
3570 4184 3690 4223 cum
3732 4187 3812 4228 ιιι

2204 4234 2522 4290 cohortibus.

2278 4306 2558 4381 l§._Curio
2588 4316 2636 4364 et
2667 4309 2875 4367 Sicilia.
2907 4309 3036 4376 Qua:
3068 4310 3156 4365 hic
3183 4310 3251 4367 de
3271 4307 3524 4367 Curionis
3548 4311 3809 4381 interitu,

2205 4387 2262 4452 et
2301 4377 2628 4452 Salonarum
2663 4384 3096 4452 oppugnatione,
3134 4382 3266 4452 item
3303 4383 3369 4439 dc
3396 4384 3465 4440 Μ.
3495 4385 3705 4441 leino
3754 4377 3812 4444 ei

584 4440 698 4537 1
718 4441 922 4537 “tie-:0
941 4440 1672 4537 epla-bella:I-liup‘c.“losum
1699 4440 2099 4537 studiosi“
2126 4475 2180 4537 Β
2303 4449 2500 4507 llilone
2523 4440 2994 4525 perstringuntur,
3029 4440 3094 4508 ea
3117 4451 3302 4510 Cwsar
3336 4457 3557 4526 capiose
3586 4440 3802 4515 narrat

509 4521 698 4583 genter
727 4513 909 4583 legere
937 4513 1171 4574 debent,
1225 4528 1346 4568 cum
1388 4521 1496 4568 tota
1544 4515 1661 4571 tunc
1700 4530 1790 4571 res
1817 4531 1844 4570 a
1876 4514 2094 4575 Ctesare

509 4599 617 4658 non
644 4583 817 4658 longe
849 4583 1112 4658 ab_in_itio
1148 4583 1243 4658 lib.
1297 4599 1357 4639 ιιι
1381 4584 1449 4640 de
1477 4585 1622 4640 bello
1648 4586 1792 4642 civili
1822 4587 2092 4658 descripta

508 4652 869 4732 interciderit.
913 4655 1116 4732 Eadem
1159 4655 1402 4732 breviter
1449 4668 1714 4732 narratur
1741 4659 1817 4732 ab
1846 4652 2095 4732 Appiano

509 4734 567 4780 et
601 4727 800 4794 Dione,
848 4724 996 4782 scda
1030 4725 1251 4781 Lucano
1299 4726 1473 4782 fusius
1520 4727 1849 4786 describitur
1891 4724 1984 4786 lib.
2018 4748 2091 4788 tv.

509 4794 647 4853 Vide
679 4796 899 4854 Florum
932 4797 1026 4852 lib.
1060 4811 1132 4866 tv,
1158 4812 1213 4852 c.
1246 4795 1302 4852 2.
1335 4795 1499 4853 Fann.

507 4866 1214 4992 60312..Partiunt(la:saris.
1249 4868 1306 4923 ln
1336 4869 1658 4939 quibusdam
1680 4871 1831 4938 edd.,
1859 4889 1925 4928 ea:
1946 4885 2095 4945 parte

596 4954 751 4992 saris.

551 4952 730 4993 wsarts
738 4978 751 4992 ο

825 5009 1130 5085 Antonium.
1162 5010 1219 5067 In
1249 5010 1377 5070 cod.
1408 5010 1556 5068 Flor.
1582 5028 1666 5085 pr.
1701 5013 1782 5068 Ad
1813 5015 2094 5072 Antonium

503 5079 981 5151 confugitjegitur.
1417 5122 1425 5129 ς

581 5148 684 5206 Mi
735 5148 988 5206 Basilius.
1029 5152 1280 5208 Lucanus
1309 5154 1405 5210 lib.
1435 5171 1486 5210 tv
1515 5174 1528 5211 :
1556 5157 1623 5212 Et
1655 5157 1892 5214 Basilum
1921 5159 2094 5215 videre

508 5220 712 5278 ducem.
745 5220 853 5278 Sed
879 5221 950 5277 tle
994 5225 1095 5278 hoc
1127 5227 1346 5282 nomine
1372 5225 1616 5284 dicemus
1645 5244 1696 5286 c.
1731 5231 1821 5285 f8.
1850 5229 2017 5287 Fam.

580 5292 670 5349 15.
710 5291 817 5366 Per
853 5293 1089 5366 singulas
1119 5296 1360 5366 legiones.
1395 5297 1638 5355 Pessime
1683 5302 1734 5356 in
1765 5299 1960 5357 Oresio
2006 5303 2090 5357 af-

2203 4519 2370 4576 FABR.

2275 4594 2365 4670 fit.
2400 4593 2743 4670 Qppugna‘re.
2771 4595 2900 4670 Mss.
2929 4597 3144 4670 quidam
3171 4614 3494 4670 expugnare.

2273 4663 2364 4719 20.
2406 4663 2918 4742 AppittsACla‘udius.
2950 4663 3113 4742 Hanc
3148 4663 3262 4742 rem
3299 4663 3523 4742 Exponit
3550 4671 3810 4729 Valerius

2203 4732 2297 4789 lib.
2325 4750 2365 4803 ι,
2398 4732 2535 4792 ε.’8.
2568 4736 2703 4793 Vide
2733 4737 2938 4794 Lucan.
2971 4740 3066 4794 lib.
3095 4756 3146 4794 v.
3183 4741 3347 4797 Faue.

2273 4805 2366 4883 21.
2411 4805 2619 4883 Euboea
2656 4811 2800 4864 coelo.
2845 4809 2901 4864 In
2944 4811 3224 4883 impressis
3253 4812 3454 4883 Valerii
3493 4813 3650 4870 libris
3680 4824 3806 4883 est,

2203 4875 2415 4953 Eubtea:
2441 4879 2656 4953 cellam;
2695 4883 2751 4953 in
2797 4875 3195 4953 manuscripto,
3243 4882 3453 4941 Euboea:
3485 4887 3701 4953 casiam,
3747 4875 3811 4944 et

2202 4947 2425 5017 deinde,
2453 4949 2596 5005 saeta:
2617 4952 2824 5007 cubare.
2857 4947 3111 5010 Lucanus
3141 4972 3154 5008 :

2503 5103 2524 5130 ._
2551 5099 2564 5113 .
2609 5105 2620 5116 .
2654 5063 2900 5130 solusque
2921 5069 3145 5127 quietem

2325 5103 2528 5177 Euboici
2547 5103 3364 5185 ltenebis.
3571 5134 3733 5187 Fasti.

2269 5232 2361 5287 Ξῖ.
2388 5233 2641 5289 Admonet
2663 5250 2780 5302 nos,
2815 5245 2924 5293 etc.
2952 5235 3236 5302 Vulgatam
3259 5239 3402 5296 hanc
3425 5241 3720 5298 lectionem
3751 5245 3803 5299 si

2199 5305 2557 5383 retineamus,
2583 5308 2864 5383 consulere
2881 5305 3082 5383 aliquid
3106 5311 3550 5378 obtrectatoribus,
3579 5314 3804 5383 signifi-

507 5361 684 5451 fectus
735 5361 1193 5451 IAliEAlCCtlS‘ltiil'.
1245 5366 1381 5451 Cum
1432 5369 1484 5451 in
1530 5371 1802 5451 plerisque
1847 5387 1977 5426 mss.
2004 5373 2095 5451 (_ut
2197 5374 2378 5441 cabit,
2420 5361 2667 5451 proferre
2687 5361 3001 5451 aliquidin
3023 5361 3236 5451 eorum
3250 5361 3660 5440 liminis}.th
3667 5361 3802 5451 "Qui

506 5433 766 5512 colligere
788 5435 922 5512 licet
948 5448 1015 5490 ex
1047 5435 1218 5490 tribus
1248 5433 1734 5512 Florenttq'iLngd'.
1761 5442 1880 5496 Bat.
1907 5433 2090 5512 tertio,

2200 5460 2267 5517 an
2290 5460 2484 5502 sensus
2513 5449 2585 5502 sit
2610 5448 2766 5512 hujus
2790 5449 2892 5504 loci
2913 5450 3069 5506 valde
3093 5452 3308 5517 dubito;
3345 5456 3642 5517 praesertim
3664 5448 3800 5511 cum

505 5503 1130 5595 bieg,'.Peri_zon..atque
1167 5506 1294 5595 eod.
1327 5503 1830 5595 Aug.)_.'_lege'retur,
1865 5503 2098 5595 Basilius
2201 5513 2256 5570 in
2285 5517 2458 5595 tribus
2501 5503 3308 5595 mssiul't‘torentt.totidemque
3328 5503 3802 5595 t'.’i.§&."a§ii.'3i‘l

505 5585 555 5631 et
584 5577 869 5651 Sallustius
899 5576 1135 5651 singulas
1167 5576 1683 5649 legioncsfe'ditores
1711 5576 1965 5637 viderunt
1989 5583 2099 5644 im-

506 5647 804 5721 perfectum
827 5648 932 5706 hoc
959 5647 1123 5721 modo
1147 5647 1272 5721 esse
1293 5665 1538 5716 sensum,
1565 5660 1735 5721 atque
1759 5653 1828 5708 de
1857 5667 1958 5709 suo
1985 5655 2096 5708 Iar-

2202 5601 2308 5656 quc
2351 5587 2574 5661 insuper
2613 5588 2750 5645 Ultr.
2794 5591 3006 5661 legatur
3045 5593 3108 5647 ab
3138 5587 3567 5651 obtrectatoribus
3599 5603 3801 5652 nostris

2202 5659 2471 5714 consultor
2491 5660 2594 5736 iste
2620 5659 2904 5736 consulere.
2939 5665 3246 5736 Quomodo,
3279 5669 3322 5721 si
3355 5682 3451 5736 pro
3475 5668 3668 5723 saeculi
3698 5669 3797 5723 sui

504 5717 601 5791 giti
627 5728 755 5775 sunt
783 5731 1048 5794 parantes.
1079 5719 1234 5789 Quod
1268 5736 1437 5794 usque
1464 5722 1534 5780 ad
1567 5717 1874 5782 Fabricium
1905 5740 2098 5784 omnes
2201 5737 2365 5800 captu
2395 5730 2684 5802 scripserit
2710 5717 3322 5809 0rosiusf$ignivﬁeabit
3345 5717 3668 5810 {dediticii
3690 5717 3794 5798 Si:
