  <div class='ocr_page' id='page_1' title='image "/cluster/home/n/w/nwhite01/storage/ocr_20150623/31/hvd.32044096580543/524.png"; bbox 0 0 4076 6174; ppageno 0'>
   <div class='ocr_carea' id='block_1_1' title="bbox 319 260 475 334">
    <p class='ocr_par' dir='ltr' id='par_1_1' title="bbox 319 260 475 334">
     <span class='ocr_line' id='line_1_1' title="bbox 319 260 475 334; baseline 0 -6"><span class='ocrx_word' id='word_1_1' title='bbox 319 330 323 334; x_wconf 92' lang='lat'>_</span> <span class='ocrx_word' id='word_1_2' title='bbox 338 260 475 328; x_wconf 67' lang='lat' dir='ltr'><strong>I057</strong></span> 
     </span>
    </p>
   </div>
   <div class='ocr_carea' id='block_1_2' title="bbox 1365 270 2587 333">
    <p class='ocr_par' dir='ltr' id='par_1_2' title="bbox 1365 270 2587 333">
     <span class='ocr_line' id='line_1_2' title="bbox 1365 270 2587 333; baseline 0 -6"><span class='ocrx_word' id='word_1_3' title='bbox 1365 270 1834 333; x_wconf 53' lang='lat' dir='ltr'><strong>HISTORIAM!”</strong></span> <span class='ocrx_word' id='word_1_4' title='bbox 1875 270 2080 331; x_wconf 75' lang='lat' dir='ltr'><strong>LIBER</strong></span> <span class='ocrx_word' id='word_1_5' title='bbox 2118 272 2208 332; x_wconf 71' lang='lat' dir='ltr'><strong>VI.</strong></span> <span class='ocrx_word' id='word_1_6' title='bbox 2249 271 2405 331; x_wconf 84' lang='lat' dir='ltr'><strong>CAP.</strong></span> <span class='ocrx_word' id='word_1_7' title='bbox 2448 272 2587 331; x_wconf 74' lang='lat' dir='ltr'><strong>XVI.</strong></span> 
     </span>
    </p>
   </div>
   <div class='ocr_carea' id='block_1_3' title="bbox 3489 266 3631 326">
    <p class='ocr_par' dir='ltr' id='par_1_3' title="bbox 3489 266 3631 326">
     <span class='ocr_line' id='line_1_3' title="bbox 3489 266 3631 326; baseline -0.014 0"><span class='ocrx_word' id='word_1_8' title='bbox 3489 266 3631 326; x_wconf 73' lang='grc'><strong>1058</strong></span> 
     </span>
    </p>
   </div>
   <div class='ocr_carea' id='block_1_4' title="bbox 336 335 3632 455">
    <p class='ocr_par' dir='ltr' id='par_1_4' title="bbox 336 335 3632 455">
     <span class='ocr_line' id='line_1_4' title="bbox 336 335 3632 455; baseline 0.002 -25"><span class='ocrx_word' id='word_1_9' title='bbox 336 335 444 428; x_wconf 84' lang='lat' dir='ltr'><strong>lam</strong></span> <span class='ocrx_word' id='word_1_10' title='bbox 480 380 607 430; x_wconf 88' lang='lat' dir='ltr'><strong>tunc</strong></span> <span class='ocrx_word' id='word_1_11' title='bbox 633 371 802 435; x_wconf 85' lang='lat' dir='ltr'><strong>fuisse</strong></span> <span class='ocrx_word' id='word_1_12' title='bbox 820 376 1235 447; x_wconf 74' lang='lat' dir='ltr'><strong>bibliothecam,</strong></span> <span class='ocrx_word' id='word_1_13' title='bbox 1261 397 1384 454; x_wconf 84' lang='lat' dir='ltr'><strong>quae</strong></span> <span class='ocrx_word' id='word_1_14' title='bbox 1413 390 1574 439; x_wconf 78' lang='lat' dir='ltr'><strong>extra</strong></span> <span class='ocrx_word' id='word_1_15' title='bbox 1602 384 1645 419; x_wconf 71' lang='grc' dir='ltr'><strong>θ’</strong></span> <span class='ocrx_word' id='word_1_16' title='bbox 1675 383 1931 453; x_wconf 78' lang='lat' dir='ltr'><strong>quadrin-</strong></span> <span class='ocrx_word' id='word_1_17' title='bbox 1959 385 2009 447; x_wconf 82' lang='grc' dir='ltr'>Α</span> <span class='ocrx_word' id='word_1_18' title='bbox 2034 384 2373 442; x_wconf 82' lang='lat' dir='ltr'><strong>deditionem</strong></span> <span class='ocrx_word' id='word_1_19' title='bbox 2412 362 2796 455; x_wconf 77' lang='lat' dir='ltr'><strong>desperatione</strong></span> <span class='ocrx_word' id='word_1_20' title='bbox 2833 381 3137 453; x_wconf 83' lang='lat' dir='ltr'><strong>compulit,</strong></span> <span class='ocrx_word' id='word_1_21' title='bbox 3165 394 3507 454; x_wconf 70' lang='lat' dir='ltr'><strong>regnumque</strong></span> <span class='ocrx_word' id='word_1_22' title='bbox 3531 381 3632 438; x_wconf 70' lang='lat' dir='ltr'><strong>E-</strong></span> 
     </span>
    </p>
   </div>
   <div class='ocr_carea' id='block_1_5' title="bbox 334 470 1937 548">
    <p class='ocr_par' dir='ltr' id='par_1_5' title="bbox 334 470 1937 548">
     <span class='ocr_line' id='line_1_5' title="bbox 334 470 1937 548; baseline 0.009 -27"><span class='ocrx_word' id='word_1_23' title='bbox 334 476 501 537; x_wconf 89' lang='lat' dir='ltr'><strong>gcnta</strong></span> <span class='ocrx_word' id='word_1_24' title='bbox 547 470 714 527; x_wconf 83' lang='lat' dir='ltr'><strong>millia</strong></span> <span class='ocrx_word' id='word_1_25' title='bbox 761 471 1027 531; x_wconf 90' lang='lat' dir='ltr'><strong>librorum</strong></span> <span class='ocrx_word' id='word_1_26' title='bbox 1078 473 1268 541; x_wconf 85' lang='lat' dir='ltr'><strong>fuisse.</strong></span> <span class='ocrx_word' id='word_1_27' title='bbox 1317 492 1383 534; x_wconf 88' lang='lat' dir='ltr'><strong>ac</strong></span> <span class='ocrx_word' id='word_1_28' title='bbox 1425 493 1523 548; x_wconf 90' lang='lat' dir='ltr'><strong>per</strong></span> <span class='ocrx_word' id='word_1_29' title='bbox 1554 478 1657 534; x_wconf 91' lang='lat' dir='ltr'><strong>hoc</strong></span> <span class='ocrx_word' id='word_1_30' title='bbox 1697 479 1937 535; x_wconf 75' lang='lat' dir='ltr'><strong>evasisse</strong></span> 
     </span>
    </p>
   </div>
   <div class='ocr_carea' id='block_1_6' title="bbox 338 559 1939 635">
    <p class='ocr_par' dir='ltr' id='par_1_6' title="bbox 338 559 1939 635">
     <span class='ocr_line' id='line_1_6' title="bbox 338 559 1939 635; baseline 0.011 -25"><span class='ocrx_word' id='word_1_31' title='bbox 338 559 613 615; x_wconf 82' lang='lat' dir='ltr'><strong>credatur.</strong></span> <span class='ocrx_word' id='word_1_32' title='bbox 647 561 834 619; x_wconf 73' lang='lat' dir='ltr'><strong>Cmsar</strong></span> <span class='ocrx_word' id='word_1_33' title='bbox 857 576 1041 635; x_wconf 82' lang='lat' dir='ltr'><strong>postea</strong></span> <span class='ocrx_word' id='word_1_34' title='bbox 1072 567 1304 624; x_wconf 83' lang='lat' dir='ltr'><strong>insulam</strong></span> <span class='ocrx_word' id='word_1_35' title='bbox 1336 569 1425 626; x_wconf 92' lang='lat' dir='ltr'><strong>ubi</strong></span> <span class='ocrx_word' id='word_1_36' title='bbox 1453 569 1664 625; x_wconf 88' lang='lat' dir='ltr'><strong>Pbarus</strong></span> <span class='ocrx_word' id='word_1_37' title='bbox 1692 578 1778 626; x_wconf 92' lang='lat' dir='ltr'><strong>est</strong></span> <span class='ocrx_word' id='word_1_38' title='bbox 1804 610 1818 632; x_wconf 86' lang='lat'><strong>.</strong></span> <span class='ocrx_word' id='word_1_39' title='bbox 1852 585 1939 627; x_wconf 87' lang='lat' dir='ltr'><strong>ce-</strong></span> 
     </span>
    </p>
   </div>
   <div class='ocr_carea' id='block_1_7' title="bbox 338 652 1934 727">
    <p class='ocr_par' dir='ltr' id='par_1_7' title="bbox 338 652 1934 727">
     <span class='ocr_line' id='line_1_7' title="bbox 338 652 1934 727; baseline 0.006 -20"><span class='ocrx_word' id='word_1_40' title='bbox 338 652 436 723; x_wconf 85' lang='lat' dir='ltr'><strong>pit.</strong></span> <span class='ocrx_word' id='word_1_41' title='bbox 474 654 553 709; x_wconf 83' lang='lat' dir='ltr'><strong>Eo</strong></span> <span class='ocrx_word' id='word_1_42' title='bbox 589 653 830 712; x_wconf 80' lang='lat' dir='ltr'><strong>Achillas</strong></span> <span class='ocrx_word' id='word_1_43' title='bbox 875 674 997 714; x_wconf 89' lang='lat' dir='ltr'><strong>cum</strong></span> <span class='ocrx_word' id='word_1_44' title='bbox 1041 659 1358 719; x_wconf 74' lang='lat' dir='ltr'><strong>Gabinianis</strong></span> <span class='ocrx_word' id='word_1_45' title='bbox 1398 661 1664 719; x_wconf 77' lang='lat' dir='ltr'><strong>militibus</strong></span> <span class='ocrx_word' id='word_1_46' title='bbox 1695 662 1741 695; x_wconf 75' lang='grc'><strong>⁸³</strong></span> <span class='ocrx_word' id='word_1_47' title='bbox 1768 663 1934 727; x_wconf 79' lang='lat' dir='ltr'><strong>venit.</strong></span> 
     </span>
    </p>
   </div>
   <div class='ocr_carea' id='block_1_8' title="bbox 338 744 1939 824">
    <p class='ocr_par' dir='ltr' id='par_1_8' title="bbox 338 744 1939 824">
     <span class='ocr_line' id='line_1_8' title="bbox 338 744 1939 824; baseline 0.006 -24"><span class='ocrx_word' id='word_1_48' title='bbox 338 744 536 816; x_wconf 86' lang='lat' dir='ltr'><strong>lugens</strong></span> <span class='ocrx_word' id='word_1_49' title='bbox 564 763 741 819; x_wconf 88' lang='lat' dir='ltr'><strong>pugna</strong></span> <span class='ocrx_word' id='word_1_50' title='bbox 766 752 1064 807; x_wconf 87' lang='lat' dir='ltr'><strong>commissa</strong></span> <span class='ocrx_word' id='word_1_51' title='bbox 1091 762 1173 808; x_wconf 90' lang='lat' dir='ltr'><strong>est</strong></span> <span class='ocrx_word' id='word_1_52' title='bbox 1201 770 1215 807; x_wconf 90' lang='lat'><strong>:</strong></span> <span class='ocrx_word' id='word_1_53' title='bbox 1247 767 1439 824; x_wconf 87' lang='lat' dir='ltr'><strong>magna</strong></span> <span class='ocrx_word' id='word_1_54' title='bbox 1486 752 1562 811; x_wconf 85' lang='lat' dir='ltr'><strong>ibi</strong></span> <span class='ocrx_word' id='word_1_55' title='bbox 1604 753 1939 811; x_wconf 65' lang='lat' dir='ltr'><strong>Ca&#39;sariano-</strong></span> 
     </span>
    </p>
   </div>
   <div class='ocr_carea' id='block_1_9' title="bbox 336 838 1937 912">
    <p class='ocr_par' dir='ltr' id='par_1_9' title="bbox 336 838 1937 912">
     <span class='ocr_line' id='line_1_9' title="bbox 336 838 1937 912; baseline 0.005 -19"><span class='ocrx_word' id='word_1_56' title='bbox 336 852 456 895; x_wconf 84' lang='lat' dir='ltr'><strong>runt</strong></span> <span class='ocrx_word' id='word_1_57' title='bbox 490 838 720 894; x_wconf 91' lang='lat' dir='ltr'><strong>militum</strong></span> <span class='ocrx_word' id='word_1_58' title='bbox 749 841 1039 897; x_wconf 74' lang='lat' dir='ltr'><strong>multitudo</strong></span> <span class='ocrx_word' id='word_1_59' title='bbox 1075 843 1280 900; x_wconf 86' lang='lat' dir='ltr'><strong>cecidit</strong></span> <span class='ocrx_word' id='word_1_60' title='bbox 1307 884 1324 912; x_wconf 95' lang='lat'><strong>,</strong></span> <span class='ocrx_word' id='word_1_61' title='bbox 1354 859 1543 901; x_wconf 87' lang='lat' dir='ltr'><strong>omnes</strong></span> <span class='ocrx_word' id='word_1_62' title='bbox 1573 845 1737 903; x_wconf 87' lang='lat' dir='ltr'><strong>etiam</strong></span> <span class='ocrx_word' id='word_1_63' title='bbox 1768 845 1937 903; x_wconf 86' lang='lat' dir='ltr'><strong>inter-</strong></span> 
     </span>
    </p>
   </div>
   <div class='ocr_carea' id='block_1_10' title="bbox 340 932 1963 1008">
    <p class='ocr_par' dir='ltr' id='par_1_10' title="bbox 340 932 1963 1008">
     <span class='ocr_line' id='line_1_10' title="bbox 340 932 1963 1008; baseline 0.007 -20"><span class='ocrx_word' id='word_1_64' title='bbox 340 932 577 997; x_wconf 85' lang='lat' dir='ltr'><strong>fectores</strong></span> <span class='ocrx_word' id='word_1_65' title='bbox 604 936 845 1008; x_wconf 86' lang='lat' dir='ltr'><strong>Pompeii</strong></span> <span class='ocrx_word' id='word_1_66' title='bbox 889 938 1165 997; x_wconf 88' lang='lat' dir='ltr'><strong>interfecti</strong></span> <span class='ocrx_word' id='word_1_67' title='bbox 1188 940 1563 1006; x_wconf 74' lang='lat' dir='ltr'><strong>sunt;Ctesar</strong></span> <span class='ocrx_word' id='word_1_68' title='bbox 1582 939 1636 994; x_wconf 87' lang='lat' dir='ltr'><strong>vi</strong></span> <span class='ocrx_word' id='word_1_69' title='bbox 1684 940 1963 999; x_wconf 87' lang='lat' dir='ltr'><strong>insisten—.</strong></span> 
     </span>
    </p>
   </div>
   <div class='ocr_carea' id='block_1_11' title="bbox 339 1024 1939 1103">
    <p class='ocr_par' dir='ltr' id='par_1_11' title="bbox 339 1024 1939 1103">
     <span class='ocr_line' id='line_1_11' title="bbox 339 1024 1939 1103; baseline 0.006 -25"><span class='ocrx_word' id='word_1_70' title='bbox 339 1024 473 1081; x_wconf 90' lang='lat' dir='ltr'><strong>tium</strong></span> <span class='ocrx_word' id='word_1_71' title='bbox 508 1026 744 1083; x_wconf 89' lang='lat' dir='ltr'><strong>hostium</strong></span> <span class='ocrx_word' id='word_1_72' title='bbox 778 1044 1029 1100; x_wconf 78' lang='lat' dir='ltr'><strong>pressus,</strong></span> <span class='ocrx_word' id='word_1_73' title='bbox 1062 1031 1324 1101; x_wconf 79' lang='lat' dir='ltr'><strong>scapham</strong></span> <span class='ocrx_word' id='word_1_74' title='bbox 1353 1031 1647 1097; x_wconf 78' lang='lat' dir='ltr'><strong>ascendit;</strong></span> <span class='ocrx_word' id='word_1_75' title='bbox 1678 1046 1783 1103; x_wconf 90' lang='lat' dir='ltr'><strong>qua</strong></span> <span class='ocrx_word' id='word_1_76' title='bbox 1814 1044 1939 1088; x_wconf 80' lang='lat' dir='ltr'><strong>mox</strong></span> 
     </span>
    </p>
   </div>
   <div class='ocr_carea' id='block_1_12' title="bbox 341 1116 1941 1195">
    <p class='ocr_par' dir='ltr' id='par_1_12' title="bbox 341 1116 1941 1195">
     <span class='ocr_line' id='line_1_12' title="bbox 341 1116 1941 1195; baseline 0.006 -24"><span class='ocrx_word' id='word_1_77' title='bbox 341 1116 584 1193; x_wconf 84' lang='lat' dir='ltr'><strong>pondere</strong></span> <span class='ocrx_word' id='word_1_78' title='bbox 626 1119 1073 1193; x_wconf 84' lang='lat' dir='ltr'><strong>subscquentium</strong></span> <span class='ocrx_word' id='word_1_79' title='bbox 1120 1132 1342 1195; x_wconf 87' lang='lat' dir='ltr'><strong>gravata</strong></span> <span class='ocrx_word' id='word_1_80' title='bbox 1391 1139 1457 1181; x_wconf 87' lang='lat' dir='ltr'><strong>ac</strong></span> <span class='ocrx_word' id='word_1_81' title='bbox 1507 1138 1722 1187; x_wconf 88' lang='lat' dir='ltr'><strong>mersa,</strong></span> <span class='ocrx_word' id='word_1_82' title='bbox 1750 1139 1847 1194; x_wconf 88' lang='lat' dir='ltr'><strong>per</strong></span> <span class='ocrx_word' id='word_1_83' title='bbox 1875 1138 1941 1181; x_wconf 85' lang='lat' dir='ltr'><strong>cc</strong></span> 
     </span>
    </p>
   </div>
   <div class='ocr_carea' id='block_1_13' title="bbox 341 1214 1944 1289">
    <p class='ocr_par' dir='ltr' id='par_1_13' title="bbox 341 1214 1944 1289">
     <span class='ocr_line' id='line_1_13' title="bbox 341 1214 1944 1289; baseline 0.004 -20"><span class='ocrx_word' id='word_1_84' title='bbox 341 1229 540 1286; x_wconf 84' lang='lat' dir='ltr'><strong>passus</strong></span> <span class='ocrx_word' id='word_1_85' title='bbox 564 1214 633 1271; x_wconf 84' lang='lat' dir='ltr'><strong>ad</strong></span> <span class='ocrx_word' id='word_1_86' title='bbox 656 1230 851 1275; x_wconf 89' lang='lat' dir='ltr'><strong>navem</strong></span> <span class='ocrx_word' id='word_1_87' title='bbox 884 1232 986 1272; x_wconf 87' lang='lat' dir='ltr'><strong>una</strong></span> <span class='ocrx_word' id='word_1_88' title='bbox 1016 1233 1177 1275; x_wconf 87' lang='lat' dir='ltr'><strong>manu</strong></span> <span class='ocrx_word' id='word_1_89' title='bbox 1205 1218 1414 1279; x_wconf 81' lang='lat' dir='ltr'><strong>elevata</strong></span> <span class='ocrx_word' id='word_1_90' title='bbox 1442 1258 1457 1284; x_wconf 89' lang='lat'><strong>,</strong></span> <span class='ocrx_word' id='word_1_91' title='bbox 1489 1234 1594 1289; x_wconf 82' lang='lat' dir='ltr'><strong>qua</strong></span> <span class='ocrx_word' id='word_1_92' title='bbox 1617 1217 1839 1275; x_wconf 84' lang='lat' dir='ltr'><strong>chartas</strong></span> <span class='ocrx_word' id='word_1_93' title='bbox 1864 1227 1944 1276; x_wconf 86' lang='lat' dir='ltr'><strong>te-</strong></span> 
     </span>
    </p>
   </div>
   <div class='ocr_carea' id='block_1_14' title="bbox 341 1306 1944 1382">
    <p class='ocr_par' dir='ltr' id='par_1_14' title="bbox 341 1306 1944 1382">
     <span class='ocr_line' id='line_1_14' title="bbox 341 1306 1944 1382; baseline 0.001 -17"><span class='ocrx_word' id='word_1_94' title='bbox 341 1306 535 1375; x_wconf 78' lang='lat' dir='ltr'><strong>nebat,</strong></span> <span class='ocrx_word' id='word_1_95' title='bbox 560 1306 605 1339; x_wconf 69' lang='lat'><strong>“</strong></span> <span class='ocrx_word' id='word_1_96' title='bbox 634 1309 871 1369; x_wconf 85' lang='lat' dir='ltr'><strong>natando</strong></span> <span class='ocrx_word' id='word_1_97' title='bbox 921 1313 1208 1382; x_wconf 83' lang='lat' dir='ltr'><strong>pervenit,</strong></span> <span class='ocrx_word' id='word_1_98' title='bbox 1257 1328 1385 1369; x_wconf 83' lang='lat' dir='ltr'><strong>mox</strong></span> <span class='ocrx_word' id='word_1_99' title='bbox 1414 1312 1595 1371; x_wconf 88' lang='lat' dir='ltr'><strong>navali</strong></span> <span class='ocrx_word' id='word_1_100' title='bbox 1640 1311 1944 1369; x_wconf 82' lang='lat' dir='ltr'><strong>certamine</strong></span> 
     </span>
    </p>
   </div>
   <div class='ocr_carea' id='block_1_15' title="bbox 341 1398 1944 1476">
    <p class='ocr_par' dir='ltr' id='par_1_15' title="bbox 341 1398 1944 1476">
     <span class='ocr_line' id='line_1_15' title="bbox 341 1398 1944 1476; baseline 0.005 -23"><span class='ocrx_word' id='word_1_101' title='bbox 341 1398 585 1469; x_wconf 80' lang='lat' dir='ltr'><strong>pulsatus</strong></span> <span class='ocrx_word' id='word_1_102' title='bbox 609 1441 623 1465; x_wconf 88' lang='lat'><strong>,</strong></span> <span class='ocrx_word' id='word_1_103' title='bbox 651 1415 848 1473; x_wconf 82' lang='lat' dir='ltr'><strong>magna</strong></span> <span class='ocrx_word' id='word_1_104' title='bbox 874 1400 1201 1463; x_wconf 76' lang='lat' dir='ltr'><strong>“felicitate</strong></span> <span class='ocrx_word' id='word_1_105' title='bbox 1226 1403 1466 1465; x_wconf 73' lang='lat' dir='ltr'><strong>classem</strong></span> <span class='ocrx_word' id='word_1_106' title='bbox 1491 1402 1699 1476; x_wconf 86' lang='lat' dir='ltr'><strong>regiam</strong></span> <span class='ocrx_word' id='word_1_107' title='bbox 1728 1412 1823 1459; x_wconf 91' lang='lat' dir='ltr'><strong>aut</strong></span> <span class='ocrx_word' id='word_1_108' title='bbox 1848 1401 1944 1461; x_wconf 80' lang='lat' dir='ltr'><strong>de-</strong></span> 
     </span>
    </p>
   </div>
   <div class='ocr_carea' id='block_1_16' title="bbox 341 1490 901 1563">
    <p class='ocr_par' dir='ltr' id='par_1_16' title="bbox 341 1490 901 1563">
     <span class='ocr_line' id='line_1_16' title="bbox 341 1490 901 1563; baseline 0.005 -18"><span class='ocrx_word' id='word_1_109' title='bbox 341 1490 544 1560; x_wconf 88' lang='lat' dir='ltr'><strong>pressit</strong></span> <span class='ocrx_word' id='word_1_110' title='bbox 574 1501 666 1549; x_wconf 90' lang='lat' dir='ltr'><strong>aut</strong></span> <span class='ocrx_word' id='word_1_111' title='bbox 693 1493 860 1563; x_wconf 89' lang='lat' dir='ltr'><strong>cepit.</strong></span> <span class='ocrx_word' id='word_1_112' title='bbox 896 1535 901 1539; x_wconf 85' lang='lat'><strong>.</strong></span> 
     </span>
    </p>
   </div>
   <div class='ocr_carea' id='block_1_17' title="bbox 343 1675 1942 1751">
    <p class='ocr_par' dir='ltr' id='par_1_17' title="bbox 343 1675 1942 1751">
     <span class='ocr_line' id='line_1_17' title="bbox 343 1675 1942 1751; baseline 0.001 -16"><span class='ocrx_word' id='word_1_113' title='bbox 343 1675 516 1735; x_wconf 65' lang='lat' dir='ltr'><strong>Casar</strong></span> <span class='ocrx_word' id='word_1_114' title='bbox 545 1676 1128 1751; x_wconf 71' lang='lat' dir='ltr'><strong>Alexandrinisregem</strong></span> <span class='ocrx_word' id='word_1_115' title='bbox 1170 1679 1372 1751; x_wconf 80' lang='lat' dir='ltr'><strong>reddit,</strong></span> <span class='ocrx_word' id='word_1_116' title='bbox 1403 1679 1787 1737; x_wconf 66' lang='lat' dir='ltr'><strong>Alexandrina</strong></span> <span class='ocrx_word' id='word_1_117' title='bbox 1816 1680 1942 1739; x_wconf 74' lang='lat' dir='ltr'><strong>utb-</strong></span> 
     </span>
    </p>
   </div>
   <div class='ocr_carea' id='block_1_18' title="bbox 726 1750 1557 1824">
    <p class='ocr_par' dir='ltr' id='par_1_18' title="bbox 726 1750 1557 1824">
     <span class='ocr_line' id='line_1_18' title="bbox 726 1750 1557 1824; baseline 0.002 -22"><span class='ocrx_word' id='word_1_118' title='bbox 726 1750 823 1824; x_wconf 88' lang='lat' dir='ltr'><strong>igit</strong></span> <span class='ocrx_word' id='word_1_119' title='bbox 849 1790 864 1817; x_wconf 91' lang='lat'><strong>,</strong></span> <span class='ocrx_word' id='word_1_120' title='bbox 897 1750 1130 1822; x_wconf 81' lang='lat' dir='ltr'><strong>civesque</strong></span> <span class='ocrx_word' id='word_1_121' title='bbox 1156 1750 1352 1807; x_wconf 89' lang='lat' dir='ltr'><strong>multos</strong></span> <span class='ocrx_word' id='word_1_122' title='bbox 1384 1751 1557 1805; x_wconf 70' lang='lat' dir='ltr'><strong>credit.</strong></span> 
     </span>
    </p>
   </div>
   <div class='ocr_carea' id='block_1_19' title="bbox 416 1862 1940 1935">
    <p class='ocr_par' dir='ltr' id='par_1_19' title="bbox 416 1862 1940 1935">
     <span class='ocr_line' id='line_1_19' title="bbox 416 1862 1940 1935; baseline 0.001 -16"><span class='ocrx_word' id='word_1_123' title='bbox 416 1864 433 1895; x_wconf 78' lang='grc' dir='ltr'>ί</span> <span class='ocrx_word' id='word_1_124' title='bbox 464 1862 856 1920; x_wconf 77' lang='lat' dir='ltr'><strong>Alexandrinis</strong></span> <span class='ocrx_word' id='word_1_125' title='bbox 904 1864 1214 1935; x_wconf 88' lang='lat' dir='ltr'><strong>petentibus</strong></span> <span class='ocrx_word' id='word_1_126' title='bbox 1258 1879 1442 1935; x_wconf 82' lang='lat' dir='ltr'><strong>regem</strong></span> <span class='ocrx_word' id='word_1_127' title='bbox 1471 1864 1492 1895; x_wconf 86' lang='grc'><strong><em>²</em></strong></span> <span class='ocrx_word' id='word_1_128' title='bbox 1520 1862 1789 1932; x_wconf 82' lang='lat' dir='ltr'><strong>reddidit,</strong></span> <span class='ocrx_word' id='word_1_129' title='bbox 1822 1877 1940 1921; x_wconf 89' lang='lat' dir='ltr'><strong>mo-</strong></span> 
     </span>
    </p>
   </div>
   <div class='ocr_carea' id='block_1_20' title="bbox 344 1955 1940 2031">
    <p class='ocr_par' dir='ltr' id='par_1_20' title="bbox 344 1955 1940 2031">
     <span class='ocr_line' id='line_1_20' title="bbox 344 1955 1940 2031; baseline -0.001 -18"><span class='ocrx_word' id='word_1_130' title='bbox 344 1955 551 2027; x_wconf 88' lang='lat' dir='ltr'><strong>nitum,</strong></span> <span class='ocrx_word' id='word_1_131' title='bbox 575 1963 634 2015; x_wconf 87' lang='lat' dir='ltr'><strong>ut</strong></span> <span class='ocrx_word' id='word_1_132' title='bbox 662 1956 834 2031; x_wconf 82' lang='lat' dir='ltr'><strong>magis</strong></span> <span class='ocrx_word' id='word_1_133' title='bbox 879 1955 1172 2012; x_wconf 84' lang='lat' dir='ltr'><strong>amicitiam</strong></span> <span class='ocrx_word' id='word_1_134' title='bbox 1208 1955 1508 2015; x_wconf 82' lang='lat' dir='ltr'><strong>Romanam</strong></span> <span class='ocrx_word' id='word_1_135' title='bbox 1530 1996 1543 2021; x_wconf 85' lang='lat'><strong>,</strong></span> <span class='ocrx_word' id='word_1_136' title='bbox 1590 1970 1754 2027; x_wconf 88' lang='lat' dir='ltr'><strong>quam</strong></span> <span class='ocrx_word' id='word_1_137' title='bbox 1787 1969 1940 2015; x_wconf 86' lang='lat' dir='ltr'><strong>arma</strong></span> 
     </span>
    </p>
   </div>
   <div class='ocr_carea' id='block_1_21' title="bbox 346 2046 1939 2117">
    <p class='ocr_par' dir='ltr' id='par_1_21' title="bbox 346 2046 1939 2117">
     <span class='ocr_line' id='line_1_21' title="bbox 346 2046 1939 2117; baseline 0 -15"><span class='ocrx_word' id='word_1_138' title='bbox 346 2047 585 2117; x_wconf 80' lang='lat' dir='ltr'><strong>experiri</strong></span> <span class='ocrx_word' id='word_1_139' title='bbox 619 2047 927 2103; x_wconf 77' lang='lat' dir='ltr'><strong>&#39;studeret.</strong></span> <span class='ocrx_word' id='word_1_140' title='bbox 953 2047 1057 2115; x_wconf 78' lang='lat' dir='ltr'><strong>Qui</strong></span> <span class='ocrx_word' id='word_1_141' title='bbox 1103 2058 1283 2103; x_wconf 90' lang='lat' dir='ltr'><strong>tamen</strong></span> <span class='ocrx_word' id='word_1_142' title='bbox 1318 2046 1339 2078; x_wconf 72' lang='grc'>⁸</span> <span class='ocrx_word' id='word_1_143' title='bbox 1370 2047 1520 2103; x_wconf 85' lang='lat' dir='ltr'><strong>illico</strong></span> <span class='ocrx_word' id='word_1_144' title='bbox 1551 2058 1606 2101; x_wconf 91' lang='lat' dir='ltr'><strong>ut</strong></span> <span class='ocrx_word' id='word_1_145' title='bbox 1640 2047 1780 2107; x_wconf 84' lang='lat' dir='ltr'><strong>liber</strong></span> <span class='ocrx_word' id='word_1_146' title='bbox 1803 2046 1939 2114; x_wconf 89' lang='lat' dir='ltr'><strong>fuit,</strong></span> 
     </span>
    </p>
   </div>
   <div class='ocr_carea' id='block_1_22' title="bbox 345 2140 1940 2206">
    <p class='ocr_par' dir='ltr' id='par_1_22' title="bbox 345 2140 1940 2206">
     <span class='ocr_line' id='line_1_22' title="bbox 345 2140 1940 2206; baseline 0.001 -12"><span class='ocrx_word' id='word_1_147' title='bbox 345 2140 549 2196; x_wconf 86' lang='lat' dir='ltr'><strong>bellum</strong></span> <span class='ocrx_word' id='word_1_148' title='bbox 582 2141 799 2206; x_wconf 89' lang='lat' dir='ltr'><strong>intulit,</strong></span> <span class='ocrx_word' id='word_1_149' title='bbox 828 2140 923 2196; x_wconf 90' lang='lat' dir='ltr'><strong>sed</strong></span> <span class='ocrx_word' id='word_1_150' title='bbox 952 2142 1216 2197; x_wconf 90' lang='lat' dir='ltr'><strong>continuo</strong></span> <span class='ocrx_word' id='word_1_151' title='bbox 1247 2156 1371 2197; x_wconf 93' lang='lat' dir='ltr'><strong>cum</strong></span> <span class='ocrx_word' id='word_1_152' title='bbox 1415 2149 1531 2197; x_wconf 88' lang='lat' dir='ltr'><strong>toto</strong></span> <span class='ocrx_word' id='word_1_153' title='bbox 1562 2140 1806 2197; x_wconf 80' lang='lat' dir='ltr'><strong>exercitu</strong></span> <span class='ocrx_word' id='word_1_154' title='bbox 1838 2155 1940 2195; x_wconf 90' lang='lat' dir='ltr'><strong>suo</strong></span> 
     </span>
    </p>
   </div>
   <div class='ocr_carea' id='block_1_23' title="bbox 340 2233 1939 2306">
    <p class='ocr_par' dir='ltr' id='par_1_23' title="bbox 340 2233 1939 2306">
     <span class='ocr_line' id='line_1_23' title="bbox 340 2233 1939 2306; baseline 0 -17"><span class='ocrx_word' id='word_1_155' title='bbox 340 2242 397 2289; x_wconf 89' lang='lat' dir='ltr'><strong>ct</strong></span> <span class='ocrx_word' id='word_1_156' title='bbox 426 2233 544 2303; x_wconf 90' lang='lat' dir='ltr'><strong>ipse</strong></span> <span class='ocrx_word' id='word_1_157' title='bbox 572 2233 786 2290; x_wconf 88' lang='lat' dir='ltr'><strong>deletus</strong></span> <span class='ocrx_word' id='word_1_158' title='bbox 818 2244 922 2289; x_wconf 89' lang='lat' dir='ltr'><strong>cst.</strong></span> <span class='ocrx_word' id='word_1_159' title='bbox 955 2234 1088 2291; x_wconf 88' lang='lat' dir='ltr'><strong>Nam</strong></span> <span class='ocrx_word' id='word_1_160' title='bbox 1122 2235 1312 2306; x_wconf 80' lang='lat' dir='ltr'><strong>viginti</strong></span> <span class='ocrx_word' id='word_1_161' title='bbox 1360 2234 1531 2290; x_wconf 89' lang='lat' dir='ltr'><strong>millia</strong></span> <span class='ocrx_word' id='word_1_162' title='bbox 1576 2236 1856 2289; x_wconf 86' lang='lat' dir='ltr'><strong>hominum</strong></span> <span class='ocrx_word' id='word_1_163' title='bbox 1886 2236 1939 2289; x_wconf 91' lang='lat' dir='ltr'><strong>in</strong></span> 
     </span>
    </p>
   </div>
   <div class='ocr_carea' id='block_1_24' title="bbox 342 2323 1942 2395">
    <p class='ocr_par' dir='ltr' id='par_1_24' title="bbox 342 2323 1942 2395">
     <span class='ocr_line' id='line_1_24' title="bbox 342 2323 1942 2395; baseline 0.001 -16"><span class='ocrx_word' id='word_1_164' title='bbox 342 2337 410 2380; x_wconf 91' lang='lat' dir='ltr'><strong>eo</strong></span> <span class='ocrx_word' id='word_1_165' title='bbox 440 2323 584 2379; x_wconf 91' lang='lat' dir='ltr'><strong>bello</strong></span> <span class='ocrx_word' id='word_1_166' title='bbox 609 2338 748 2379; x_wconf 66' lang='lat' dir='ltr'><strong>caesa</strong></span> <span class='ocrx_word' id='word_1_167' title='bbox 779 2323 1115 2393; x_wconf 84' lang='lat' dir='ltr'><strong>referuntur,</strong></span> <span class='ocrx_word' id='word_1_168' title='bbox 1147 2325 1440 2382; x_wconf 86' lang='lat' dir='ltr'><strong>duodecim</strong></span> <span class='ocrx_word' id='word_1_169' title='bbox 1471 2326 1639 2380; x_wconf 90' lang='lat' dir='ltr'><strong>millia</strong></span> <span class='ocrx_word' id='word_1_170' title='bbox 1668 2340 1790 2381; x_wconf 87' lang='lat' dir='ltr'><strong>cum</strong></span> <span class='ocrx_word' id='word_1_171' title='bbox 1819 2339 1942 2395; x_wconf 90' lang='lat' dir='ltr'><strong>sep—</strong></span> 
     </span>
    </p>
   </div>
   <div class='ocr_carea' id='block_1_25' title="bbox 344 2416 1942 2491">
    <p class='ocr_par' dir='ltr' id='par_1_25' title="bbox 344 2416 1942 2491">
     <span class='ocr_line' id='line_1_25' title="bbox 344 2416 1942 2491; baseline -0.001 -20"><span class='ocrx_word' id='word_1_172' title='bbox 344 2417 582 2488; x_wconf 86' lang='lat' dir='ltr'><strong>tuaginta</strong></span> <span class='ocrx_word' id='word_1_173' title='bbox 614 2417 791 2490; x_wconf 79' lang='lat' dir='ltr'><strong>longis</strong></span> <span class='ocrx_word' id='word_1_174' title='bbox 818 2416 1055 2474; x_wconf 73' lang='lat' dir='ltr'><strong>navibus</strong></span> <span class='ocrx_word' id='word_1_175' title='bbox 1088 2419 1306 2487; x_wconf 85' lang='lat' dir='ltr'><strong>dedita,</strong></span> <span class='ocrx_word' id='word_1_176' title='bbox 1355 2420 1639 2491; x_wconf 79' lang='lat' dir='ltr'><strong>quingenti</strong></span> <span class='ocrx_word' id='word_1_177' title='bbox 1670 2433 1736 2474; x_wconf 83' lang='lat' dir='ltr'><strong>ex</strong></span> <span class='ocrx_word' id='word_1_178' title='bbox 1765 2419 1942 2473; x_wconf 87' lang='lat' dir='ltr'><strong>victo-</strong></span> 
     </span>
    </p>
   </div>
   <div class='ocr_carea' id='block_1_26' title="bbox 343 2511 1945 2584">
    <p class='ocr_par' dir='ltr' id='par_1_26' title="bbox 343 2511 1945 2584">
     <span class='ocr_line' id='line_1_26' title="bbox 343 2511 1945 2584; baseline 0 -19"><span class='ocrx_word' id='word_1_179' title='bbox 343 2511 497 2566; x_wconf 88' lang='lat' dir='ltr'><strong>ribus</strong></span> <span class='ocrx_word' id='word_1_180' title='bbox 519 2511 786 2570; x_wconf 86' lang='lat' dir='ltr'><strong>cecidisse</strong></span> <span class='ocrx_word' id='word_1_181' title='bbox 808 2512 829 2545; x_wconf 81' lang='grc'><em>³</em></span> <span class='ocrx_word' id='word_1_182' title='bbox 860 2513 1134 2569; x_wconf 88' lang='lat' dir='ltr'><strong>dicuntur.</strong></span> <span class='ocrx_word' id='word_1_183' title='bbox 1163 2513 1276 2569; x_wconf 81' lang='lat' dir='ltr'><strong>Rex</strong></span> <span class='ocrx_word' id='word_1_184' title='bbox 1310 2513 1431 2584; x_wconf 90' lang='lat' dir='ltr'><strong>ipse</strong></span> <span class='ocrx_word' id='word_1_185' title='bbox 1459 2512 1787 2568; x_wconf 86' lang='lat' dir='ltr'><strong>adolescens</strong></span> <span class='ocrx_word' id='word_1_186' title='bbox 1823 2525 1945 2566; x_wconf 88' lang='lat' dir='ltr'><strong>sea-</strong></span> 
     </span>
    </p>
   </div>
   <div class='ocr_carea' id='block_1_27' title="bbox 344 2603 1945 2676">
    <p class='ocr_par' dir='ltr' id='par_1_27' title="bbox 344 2603 1945 2676">
     <span class='ocr_line' id='line_1_27' title="bbox 344 2603 1945 2676; baseline 0.001 -18"><span class='ocrx_word' id='word_1_187' title='bbox 344 2603 447 2674; x_wconf 91' lang='lat' dir='ltr'><strong>pha</strong></span> <span class='ocrx_word' id='word_1_188' title='bbox 471 2613 733 2676; x_wconf 80' lang='lat' dir='ltr'><strong>exceptus</strong></span> <span class='ocrx_word' id='word_1_189' title='bbox 759 2617 816 2661; x_wconf 92' lang='lat' dir='ltr'><strong>ut</strong></span> <span class='ocrx_word' id='word_1_190' title='bbox 840 2604 1071 2676; x_wconf 79' lang='lat' dir='ltr'><strong>fugeret,</strong></span> <span class='ocrx_word' id='word_1_191' title='bbox 1094 2607 1282 2662; x_wconf 90' lang='lat' dir='ltr'><strong>multis</strong></span> <span class='ocrx_word' id='word_1_192' title='bbox 1306 2604 1675 2662; x_wconf 90' lang='lat' dir='ltr'><strong>insilientibus</strong></span> <span class='ocrx_word' id='word_1_193' title='bbox 1702 2619 1945 2670; x_wconf 88' lang='lat' dir='ltr'><strong>mersus,</strong></span> 
     </span>
    </p>
   </div>
   <div class='ocr_carea' id='block_1_28' title="bbox 344 2696 1941 2769">
    <p class='ocr_par' dir='ltr' id='par_1_28' title="bbox 344 2696 1941 2769">
     <span class='ocr_line' id='line_1_28' title="bbox 344 2696 1941 2769; baseline -0.001 -18"><span class='ocrx_word' id='word_1_194' title='bbox 344 2706 684 2767; x_wconf 85' lang='lat' dir='ltr'><strong>necatusque</strong></span> <span class='ocrx_word' id='word_1_195' title='bbox 712 2708 816 2755; x_wconf 86' lang='lat' dir='ltr'><strong>est.</strong></span> <span class='ocrx_word' id='word_1_196' title='bbox 851 2699 872 2730; x_wconf 84' lang='grc'>⁶</span> <span class='ocrx_word' id='word_1_197' title='bbox 897 2698 1110 2769; x_wconf 92' lang='lat' dir='ltr'><strong>Corpus</strong></span> <span class='ocrx_word' id='word_1_198' title='bbox 1141 2699 1258 2769; x_wconf 91' lang='lat' dir='ltr'><strong>ejus</strong></span> <span class='ocrx_word' id='word_1_199' title='bbox 1290 2699 1355 2752; x_wconf 86' lang='lat' dir='ltr'><strong>ad</strong></span> <span class='ocrx_word' id='word_1_200' title='bbox 1396 2699 1546 2753; x_wconf 91' lang='lat' dir='ltr'><strong>littus</strong></span> <span class='ocrx_word' id='word_1_201' title='bbox 1594 2696 1941 2764; x_wconf 85' lang='lat' dir='ltr'><strong>devolutum,</strong></span> 
     </span>
    </p>
   </div>
   <div class='ocr_carea' id='block_1_29' title="bbox 346 2788 1946 2865">
    <p class='ocr_par' dir='ltr' id='par_1_29' title="bbox 346 2788 1946 2865">
     <span class='ocr_line' id='line_1_29' title="bbox 346 2788 1946 2865; baseline 0 -20"><span class='ocrx_word' id='word_1_202' title='bbox 346 2789 546 2847; x_wconf 90' lang='lat' dir='ltr'><strong>iudicio</strong></span> <span class='ocrx_word' id='word_1_203' title='bbox 593 2791 779 2847; x_wconf 75' lang='lat' dir='ltr'><strong>lorica:</strong></span> <span class='ocrx_word' id='word_1_204' title='bbox 828 2807 1011 2848; x_wconf 67' lang='lat' dir='ltr'><strong>aureae</strong></span> <span class='ocrx_word' id='word_1_205' title='bbox 1066 2793 1346 2865; x_wconf 89' lang='lat' dir='ltr'><strong>cognitum</strong></span> <span class='ocrx_word' id='word_1_206' title='bbox 1410 2792 1530 2847; x_wconf 90' lang='lat' dir='ltr'><strong>fuit.</strong></span> <span class='ocrx_word' id='word_1_207' title='bbox 1588 2791 1705 2859; x_wconf 88' lang='lat' dir='ltr'><strong>Qua</strong></span> <span class='ocrx_word' id='word_1_208' title='bbox 1759 2788 1946 2846; x_wconf 67' lang='lat' dir='ltr'><strong>Caesar</strong></span> 
     </span>
    </p>
   </div>
   <div class='ocr_carea' id='block_1_30' title="bbox 347 2881 1942 2956">
    <p class='ocr_par' dir='ltr' id='par_1_30' title="bbox 347 2881 1942 2956">
     <span class='ocr_line' id='line_1_30' title="bbox 347 2881 1942 2956; baseline -0.002 -17"><span class='ocrx_word' id='word_1_209' title='bbox 347 2881 733 2940; x_wconf 78' lang='lat' dir='ltr'><strong>Alexandriam</strong></span> <span class='ocrx_word' id='word_1_210' title='bbox 793 2883 1119 2956; x_wconf 68' lang='lat' dir='ltr'><strong>prcemissa,</strong></span> <span class='ocrx_word' id='word_1_211' title='bbox 1170 2884 1575 2941; x_wconf 78' lang='lat' dir='ltr'><strong>Alexandrinos</strong></span> <span class='ocrx_word' id='word_1_212' title='bbox 1624 2898 1819 2940; x_wconf 91' lang='lat' dir='ltr'><strong>omnes</strong></span> <span class='ocrx_word' id='word_1_213' title='bbox 1874 2882 1942 2937; x_wconf 90' lang='lat' dir='ltr'><strong>ad</strong></span> 
     </span>
    </p>
   </div>
   <div class='ocr_carea' id='block_1_31' title="bbox 2041 474 3632 550">
    <p class='ocr_par' dir='ltr' id='par_1_31' title="bbox 2041 474 3632 550">
     <span class='ocr_line' id='line_1_31' title="bbox 2041 474 3632 550; baseline -0.004 -15"><span class='ocrx_word' id='word_1_214' title='bbox 2041 477 2189 550; x_wconf 85' lang='lat' dir='ltr'><strong>gypti</strong></span> <span class='ocrx_word' id='word_1_215' title='bbox 2237 476 2547 548; x_wconf 63' lang='lat' dir='ltr'><strong>Cleopatra:</strong></span> <span class='ocrx_word' id='word_1_216' title='bbox 2600 474 2773 532; x_wconf 88' lang='lat' dir='ltr'><strong>dedit.</strong></span> <span class='ocrx_word' id='word_1_217' title='bbox 2808 474 2936 531; x_wconf 90' lang='lat' dir='ltr'><strong>Inde</strong></span> <span class='ocrx_word' id='word_1_218' title='bbox 3000 474 3217 547; x_wconf 89' lang='lat' dir='ltr'><strong>Syriam</strong></span> <span class='ocrx_word' id='word_1_219' title='bbox 3282 482 3632 546; x_wconf 87' lang='lat' dir='ltr'><strong>pervagatus,</strong></span> 
     </span>
    </p>
   </div>
   <div class='ocr_carea' id='block_1_32' title="bbox 2040 567 3633 635">
    <p class='ocr_par' dir='ltr' id='par_1_32' title="bbox 2040 567 3633 635">
     <span class='ocr_line' id='line_1_32' title="bbox 2040 567 3633 635; baseline -0.003 -7"><span class='ocrx_word' id='word_1_220' title='bbox 2040 573 2408 628; x_wconf 85' lang='lat' dir='ltr'><strong>&#39;Pharnaccm</strong></span> <span class='ocrx_word' id='word_1_221' title='bbox 2425 571 2477 625; x_wconf 91' lang='lat' dir='ltr'><strong>in</strong></span> <span class='ocrx_word' id='word_1_222' title='bbox 2496 569 2670 625; x_wconf 90' lang='lat' dir='ltr'><strong>Ponto</strong></span> <span class='ocrx_word' id='word_1_223' title='bbox 2690 569 2838 625; x_wconf 90' lang='lat' dir='ltr'><strong>vicit.</strong></span> <span class='ocrx_word' id='word_1_224' title='bbox 2862 568 3053 624; x_wconf 81' lang='lat' dir='ltr'><strong>Postea</strong></span> <span class='ocrx_word' id='word_1_225' title='bbox 3072 582 3205 623; x_wconf 89' lang='lat' dir='ltr'><strong>vero</strong></span> <span class='ocrx_word' id='word_1_226' title='bbox 3227 583 3388 635; x_wconf 88' lang='lat' dir='ltr'><strong>quam</strong></span> <span class='ocrx_word' id='word_1_227' title='bbox 3406 567 3633 624; x_wconf 80' lang='lat' dir='ltr'><strong>Romam</strong></span> 
     </span>
    </p>
   </div>
   <div class='ocr_carea' id='block_1_33' title="bbox 2043 660 3639 731">
    <p class='ocr_par' dir='ltr' id='par_1_33' title="bbox 2043 660 3639 731">
     <span class='ocr_line' id='line_1_33' title="bbox 2043 660 3639 731; baseline -0.001 -15"><span class='ocrx_word' id='word_1_228' title='bbox 2043 665 2219 731; x_wconf 89' lang='lat' dir='ltr'><strong>venit,</strong></span> <span class='ocrx_word' id='word_1_229' title='bbox 2240 666 2263 697; x_wconf 84' lang='grc'><strong>⁸</strong></span> <span class='ocrx_word' id='word_1_230' title='bbox 2288 664 2521 719; x_wconf 88' lang='lat' dir='ltr'><strong>dictator</strong></span> <span class='ocrx_word' id='word_1_231' title='bbox 2543 671 2601 718; x_wconf 90' lang='lat' dir='ltr'><strong>et</strong></span> <span class='ocrx_word' id='word_1_232' title='bbox 2630 661 2820 718; x_wconf 75' lang='lat' dir='ltr'><strong>consul</strong></span> <span class='ocrx_word' id='word_1_233' title='bbox 2848 669 3087 726; x_wconf 85' lang='lat' dir='ltr'><strong>creatus,</strong></span> <span class='ocrx_word' id='word_1_234' title='bbox 3112 660 3166 716; x_wconf 91' lang='lat' dir='ltr'><strong>in</strong></span> <span class='ocrx_word' id='word_1_235' title='bbox 3200 660 3437 719; x_wconf 75' lang='lat' dir='ltr'><strong>Africam</strong></span> <span class='ocrx_word' id='word_1_236' title='bbox 3464 670 3639 716; x_wconf 80' lang='lat' dir='ltr'><strong>trans-</strong></span> 
     </span>
    </p>
   </div>
   <div class='ocr_carea' id='block_1_34' title="bbox 2045 753 3638 826">
    <p class='ocr_par' dir='ltr' id='par_1_34' title="bbox 2045 753 3638 826">
     <span class='ocr_line' id='line_1_34' title="bbox 2045 753 3638 826; baseline -0.001 -14"><span class='ocrx_word' id='word_1_237' title='bbox 2045 758 2142 824; x_wconf 85' lang='lat' dir='ltr'><strong>iit,</strong></span> <span class='ocrx_word' id='word_1_238' title='bbox 2180 766 2237 813; x_wconf 89' lang='lat' dir='ltr'><strong>et</strong></span> <span class='ocrx_word' id='word_1_239' title='bbox 2264 756 2408 826; x_wconf 85' lang='lat' dir='ltr'><strong>apud</strong></span> <span class='ocrx_word' id='word_1_240' title='bbox 2440 756 2718 825; x_wconf 85' lang='lat' dir='ltr'><strong>Thapsum</strong></span> <span class='ocrx_word' id='word_1_241' title='bbox 2748 770 2869 810; x_wconf 80' lang='lat' dir='ltr'><strong>cum</strong></span> <span class='ocrx_word' id='word_1_242' title='bbox 2900 755 3038 810; x_wconf 84' lang='lat' dir='ltr'><strong>Juba</strong></span> <span class='ocrx_word' id='word_1_243' title='bbox 3063 763 3119 809; x_wconf 93' lang='lat' dir='ltr'><strong>et</strong></span> <span class='ocrx_word' id='word_1_244' title='bbox 3148 753 3407 824; x_wconf 86' lang='lat' dir='ltr'><strong>Scipione</strong></span> <span class='ocrx_word' id='word_1_245' title='bbox 3431 769 3638 825; x_wconf 87' lang='lat' dir='ltr'><strong>pugna-</strong></span> 
     </span>
    </p>
   </div>
   <div class='ocr_carea' id='block_1_35' title="bbox 2046 846 3640 918">
    <p class='ocr_par' dir='ltr' id='par_1_35' title="bbox 2046 846 3640 918">
     <span class='ocr_line' id='line_1_35' title="bbox 2046 846 3640 918; baseline 0.002 -19"><span class='ocrx_word' id='word_1_246' title='bbox 2046 848 2158 916; x_wconf 88' lang='lat' dir='ltr'><strong>vit,</strong></span> <span class='ocrx_word' id='word_1_247' title='bbox 2193 848 2594 918; x_wconf 80' lang='lat' dir='ltr'><strong>maximamque</strong></span> <span class='ocrx_word' id='word_1_248' title='bbox 2624 847 2699 902; x_wconf 89' lang='lat' dir='ltr'><strong>ibi</strong></span> <span class='ocrx_word' id='word_1_249' title='bbox 2729 846 3011 901; x_wconf 86' lang='lat' dir='ltr'><strong>hominum</strong></span> <span class='ocrx_word' id='word_1_250' title='bbox 3040 846 3441 902; x_wconf 84' lang='lat' dir='ltr'><strong>multitudinem</strong></span> <span class='ocrx_word' id='word_1_251' title='bbox 3468 847 3640 903; x_wconf 87' lang='lat' dir='ltr'><strong>inter-</strong></span> 
     </span>
    </p>
   </div>
   <div class='ocr_carea' id='block_1_36' title="bbox 2045 938 3644 1011">
    <p class='ocr_par' dir='ltr' id='par_1_36' title="bbox 2045 938 3644 1011">
     <span class='ocr_line' id='line_1_36' title="bbox 2045 938 3644 1011; baseline -0.001 -15"><span class='ocrx_word' id='word_1_252' title='bbox 2045 938 2196 997; x_wconf 80' lang='lat' dir='ltr'><strong>fecit.</strong></span> <span class='ocrx_word' id='word_1_253' title='bbox 2227 940 2414 995; x_wconf 86' lang='lat' dir='ltr'><strong>Castra</strong></span> <span class='ocrx_word' id='word_1_254' title='bbox 2449 940 2736 1011; x_wconf 85' lang='lat' dir='ltr'><strong>utriusque</strong></span> <span class='ocrx_word' id='word_1_255' title='bbox 2773 939 2986 1008; x_wconf 84' lang='lat' dir='ltr'><strong>direpta</strong></span> <span class='ocrx_word' id='word_1_256' title='bbox 3015 946 3181 1005; x_wconf 87' lang='lat' dir='ltr'><strong>sunt,</strong></span> <span class='ocrx_word' id='word_1_257' title='bbox 3221 938 3509 1008; x_wconf 75' lang='lat' dir='ltr'><strong>sexaginta</strong></span> <span class='ocrx_word' id='word_1_258' title='bbox 3532 938 3644 994; x_wconf 88' lang='lat' dir='ltr'><strong>ele-</strong></span> 
     </span>
    </p>
   </div>
   <div class='ocr_carea' id='block_1_37' title="bbox 2047 1029 3644 1102">
    <p class='ocr_par' dir='ltr' id='par_1_37' title="bbox 2047 1029 3644 1102">
     <span class='ocr_line' id='line_1_37' title="bbox 2047 1029 3644 1102; baseline 0 -17"><span class='ocrx_word' id='word_1_259' title='bbox 2047 1031 2235 1100; x_wconf 87' lang='lat' dir='ltr'><strong>phanti</strong></span> <span class='ocrx_word' id='word_1_260' title='bbox 2262 1032 2430 1102; x_wconf 91' lang='lat' dir='ltr'><strong>capti.</strong></span> <span class='ocrx_word' id='word_1_261' title='bbox 2456 1031 2594 1087; x_wconf 89' lang='lat' dir='ltr'><strong>Cato</strong></span> <span class='ocrx_word' id='word_1_262' title='bbox 2623 1046 2750 1088; x_wconf 86' lang='lat' dir='ltr'><strong>sese</strong></span> <span class='ocrx_word' id='word_1_263' title='bbox 2785 1030 2929 1100; x_wconf 88' lang='lat' dir='ltr'><strong>apud</strong></span> <span class='ocrx_word' id='word_1_264' title='bbox 2965 1029 3178 1087; x_wconf 86' lang='lat' dir='ltr'><strong>Uticam</strong></span> <span class='ocrx_word' id='word_1_265' title='bbox 3210 1030 3433 1086; x_wconf 90' lang='lat' dir='ltr'><strong>occidit.</strong></span> <span class='ocrx_word' id='word_1_266' title='bbox 3463 1034 3485 1067; x_wconf 74' lang='lat'>&#39;</span> <span class='ocrx_word' id='word_1_267' title='bbox 3504 1030 3644 1085; x_wconf 74' lang='lat' dir='ltr'><strong>Julia</strong></span> 
     </span>
    </p>
   </div>
   <div class='ocr_carea' id='block_1_38' title="bbox 2048 1124 3647 1197">
    <p class='ocr_par' dir='ltr' id='par_1_38' title="bbox 2048 1124 3647 1197">
     <span class='ocr_line' id='line_1_38' title="bbox 2048 1124 3647 1197; baseline -0.003 -15"><span class='ocrx_word' id='word_1_268' title='bbox 2048 1126 2091 1158; x_wconf 85' lang='grc'><strong>¹⁰</strong></span> <span class='ocrx_word' id='word_1_269' title='bbox 2114 1124 2423 1196; x_wconf 84' lang='lat' dir='ltr'><strong>percussori</strong></span> <span class='ocrx_word' id='word_1_270' title='bbox 2446 1125 2695 1196; x_wconf 81' lang='lat' dir='ltr'><strong>jugulum</strong></span> <span class='ocrx_word' id='word_1_271' title='bbox 2726 1126 2767 1158; x_wconf 86' lang='grc'>¹¹</span> <span class='ocrx_word' id='word_1_272' title='bbox 2794 1126 2975 1193; x_wconf 87' lang='lat' dir='ltr'><strong>pretio</strong></span> <span class='ocrx_word' id='word_1_273' title='bbox 3004 1124 3136 1179; x_wconf 83' lang='lat' dir='ltr'><strong>dato</strong></span> <span class='ocrx_word' id='word_1_274' title='bbox 3154 1166 3169 1191; x_wconf 90' lang='lat'><strong>,</strong></span> <span class='ocrx_word' id='word_1_275' title='bbox 3195 1124 3449 1194; x_wconf 68' lang='lat' dir='ltr'><strong>prmbuit.</strong></span> <span class='ocrx_word' id='word_1_276' title='bbox 3481 1124 3647 1197; x_wconf 62' lang='grc'><strong>424</strong></span> 
     </span>
    </p>
   </div>
   <div class='ocr_carea' id='block_1_39' title="bbox 2047 1218 3642 1290">
    <p class='ocr_par' dir='ltr' id='par_1_39' title="bbox 2047 1218 3642 1290">
     <span class='ocr_line' id='line_1_39' title="bbox 2047 1218 3642 1290; baseline -0.002 -13"><span class='ocrx_word' id='word_1_277' title='bbox 2047 1218 2295 1277; x_wconf 84' lang='lat' dir='ltr'><strong>Petreius</strong></span> <span class='ocrx_word' id='word_1_278' title='bbox 2323 1218 2519 1275; x_wconf 89' lang='lat' dir='ltr'><strong>eodem</strong></span> <span class='ocrx_word' id='word_1_279' title='bbox 2551 1234 2612 1274; x_wconf 89' lang='lat' dir='ltr'><strong>se</strong></span> <span class='ocrx_word' id='word_1_280' title='bbox 2650 1218 2832 1289; x_wconf 84' lang='lat' dir='ltr'><strong>gladio</strong></span> <span class='ocrx_word' id='word_1_281' title='bbox 2863 1218 3141 1290; x_wconf 88' lang='lat' dir='ltr'><strong>perfodit:</strong></span> <span class='ocrx_word' id='word_1_282' title='bbox 3167 1219 3353 1288; x_wconf 82' lang='lat' dir='ltr'><strong>Scipio</strong></span> <span class='ocrx_word' id='word_1_283' title='bbox 3382 1219 3435 1276; x_wconf 88' lang='lat' dir='ltr'><strong>in</strong></span> <span class='ocrx_word' id='word_1_284' title='bbox 3483 1221 3603 1274; x_wconf 91' lang='lat' dir='ltr'><strong>uavi</strong></span> <span class='ocrx_word' id='word_1_285' title='bbox 3626 1262 3642 1283; x_wconf 83' lang='lat'><strong>,</strong></span> 
     </span>
    </p>
   </div>
   <div class='ocr_carea' id='block_1_40' title="bbox 2047 1309 3647 1380">
    <p class='ocr_par' dir='ltr' id='par_1_40' title="bbox 2047 1309 3647 1380">
     <span class='ocr_line' id='line_1_40' title="bbox 2047 1309 3647 1380; baseline 0.003 -18"><span class='ocrx_word' id='word_1_286' title='bbox 2047 1324 2151 1379; x_wconf 82' lang='lat' dir='ltr'><strong>qua</strong></span> <span class='ocrx_word' id='word_1_287' title='bbox 2185 1309 2251 1364; x_wconf 91' lang='lat' dir='ltr'><strong>ad</strong></span> <span class='ocrx_word' id='word_1_288' title='bbox 2276 1309 2565 1380; x_wconf 88' lang='lat' dir='ltr'><strong>Hispanias</strong></span> <span class='ocrx_word' id='word_1_289' title='bbox 2592 1310 2775 1380; x_wconf 80' lang='lat' dir='ltr'><strong>lugere</strong></span> <span class='ocrx_word' id='word_1_290' title='bbox 2803 1310 3148 1365; x_wconf 87' lang='lat' dir='ltr'><strong>contendens</strong></span> <span class='ocrx_word' id='word_1_291' title='bbox 3172 1311 3397 1367; x_wconf 77' lang='lat' dir='ltr'><strong>&quot;‘vento</strong></span> <span class='ocrx_word' id='word_1_292' title='bbox 3425 1321 3647 1367; x_wconf 82' lang='lat' dir='ltr'><strong>coactus</strong></span> 
     </span>
    </p>
   </div>
   <div class='ocr_carea' id='block_1_41' title="bbox 2048 1399 3644 1472">
    <p class='ocr_par' dir='ltr' id='par_1_41' title="bbox 2048 1399 3644 1472">
     <span class='ocr_line' id='line_1_41' title="bbox 2048 1399 3644 1472; baseline 0.001 -17"><span class='ocrx_word' id='word_1_293' title='bbox 2048 1400 2102 1455; x_wconf 91' lang='lat' dir='ltr'><strong>in</strong></span> <span class='ocrx_word' id='word_1_294' title='bbox 2124 1399 2360 1455; x_wconf 82' lang='lat' dir='ltr'><strong>Africam</strong></span> <span class='ocrx_word' id='word_1_295' title='bbox 2386 1401 2645 1467; x_wconf 84' lang='lat' dir='ltr'><strong>redierat,</strong></span> <span class='ocrx_word' id='word_1_296' title='bbox 2671 1400 2715 1434; x_wconf 74' lang='grc' dir='ltr'>ι³</span> <span class='ocrx_word' id='word_1_297' title='bbox 2737 1400 3034 1471; x_wconf 78' lang='lat' dir='ltr'><strong>semetipsa</strong></span> <span class='ocrx_word' id='word_1_298' title='bbox 3054 1402 3346 1472; x_wconf 87' lang='lat' dir='ltr'><strong>jugulavit.</strong></span> <span class='ocrx_word' id='word_1_299' title='bbox 3374 1401 3429 1457; x_wconf 92' lang='lat' dir='ltr'><strong>ln</strong></span> <span class='ocrx_word' id='word_1_300' title='bbox 3456 1402 3644 1457; x_wconf 87' lang='lat' dir='ltr'><strong>eadem</strong></span> 
     </span>
    </p>
   </div>
   <div class='ocr_carea' id='block_1_42' title="bbox 2048 1491 3650 1564">
    <p class='ocr_par' dir='ltr' id='par_1_42' title="bbox 2048 1491 3650 1564">
     <span class='ocr_line' id='line_1_42' title="bbox 2048 1491 3650 1564; baseline 0.001 -17"><span class='ocrx_word' id='word_1_301' title='bbox 2048 1491 2175 1549; x_wconf 87' lang='lat' dir='ltr'><strong>navi</strong></span> <span class='ocrx_word' id='word_1_302' title='bbox 2211 1493 2376 1549; x_wconf 90' lang='lat' dir='ltr'><strong>etiam</strong></span> <span class='ocrx_word' id='word_1_303' title='bbox 2423 1492 2486 1548; x_wconf 90' lang='lat' dir='ltr'><strong>T.</strong></span> <span class='ocrx_word' id='word_1_304' title='bbox 2525 1492 2832 1564; x_wconf 85' lang='lat' dir='ltr'><strong>Torquatus</strong></span> <span class='ocrx_word' id='word_1_305' title='bbox 2882 1494 3099 1550; x_wconf 89' lang='lat' dir='ltr'><strong>occisus</strong></span> <span class='ocrx_word' id='word_1_306' title='bbox 3125 1504 3228 1549; x_wconf 89' lang='lat' dir='ltr'><strong>est.</strong></span> <span class='ocrx_word' id='word_1_307' title='bbox 3261 1493 3448 1551; x_wconf 67' lang='lat' dir='ltr'><strong>Caesar</strong></span> <span class='ocrx_word' id='word_1_308' title='bbox 3488 1494 3650 1551; x_wconf 86' lang='lat' dir='ltr'><strong>Pom-</strong></span> 
     </span>
    </p>
   </div>
   <div class='ocr_carea' id='block_1_43' title="bbox 2048 1582 3652 1655">
    <p class='ocr_par' dir='ltr' id='par_1_43' title="bbox 2048 1582 3652 1655">
     <span class='ocr_line' id='line_1_43' title="bbox 2048 1582 3652 1655; baseline 0 -16"><span class='ocrx_word' id='word_1_309' title='bbox 2048 1584 2158 1655; x_wconf 88' lang='lat' dir='ltr'><strong>peii</strong></span> <span class='ocrx_word' id='word_1_310' title='bbox 2188 1582 2368 1655; x_wconf 82' lang='lat' dir='ltr'><strong>Magni</strong></span> <span class='ocrx_word' id='word_1_311' title='bbox 2402 1590 2629 1654; x_wconf 80' lang='lat' dir='ltr'><strong>nepotes</strong></span> <span class='ocrx_word' id='word_1_312' title='bbox 2649 1627 2665 1653; x_wconf 91' lang='lat'><strong>,</strong></span> <span class='ocrx_word' id='word_1_313' title='bbox 2692 1584 2970 1653; x_wconf 87' lang='lat' dir='ltr'><strong>filiamque</strong></span> <span class='ocrx_word' id='word_1_314' title='bbox 2999 1583 3044 1616; x_wconf 73' lang='lat'>“</span> <span class='ocrx_word' id='word_1_315' title='bbox 3074 1584 3386 1655; x_wconf 88' lang='lat' dir='ltr'><strong>Pompeiam</strong></span> <span class='ocrx_word' id='word_1_316' title='bbox 3410 1627 3423 1649; x_wconf 91' lang='lat'><strong>,</strong></span> <span class='ocrx_word' id='word_1_317' title='bbox 3460 1584 3652 1639; x_wconf 70' lang='lat' dir='ltr'><strong>simttl~</strong></span> 
     </span>
    </p>
   </div>
   <div class='ocr_carea' id='block_1_44' title="bbox 2048 1677 3649 1750">
    <p class='ocr_par' dir='ltr' id='par_1_44' title="bbox 2048 1677 3649 1750">
     <span class='ocr_line' id='line_1_44' title="bbox 2048 1677 3649 1750; baseline -0.001 -15"><span class='ocrx_word' id='word_1_318' title='bbox 2048 1693 2159 1749; x_wconf 86' lang='lat' dir='ltr'><strong>que</strong></span> <span class='ocrx_word' id='word_1_319' title='bbox 2201 1693 2330 1735; x_wconf 84' lang='lat' dir='ltr'><strong>eum</strong></span> <span class='ocrx_word' id='word_1_320' title='bbox 2371 1677 2458 1733; x_wconf 88' lang='lat' dir='ltr'><strong>his</strong></span> <span class='ocrx_word' id='word_1_321' title='bbox 2497 1678 2756 1733; x_wconf 80' lang='lat' dir='ltr'><strong>Faustum</strong></span> <span class='ocrx_word' id='word_1_322' title='bbox 2797 1678 3003 1750; x_wconf 86' lang='lat' dir='ltr'><strong>Syllam</strong></span> <span class='ocrx_word' id='word_1_323' title='bbox 3039 1686 3096 1734; x_wconf 90' lang='lat' dir='ltr'><strong>et</strong></span> <span class='ocrx_word' id='word_1_324' title='bbox 3130 1677 3415 1735; x_wconf 81' lang='lat' dir='ltr'><strong>Afranium</strong></span> <span class='ocrx_word' id='word_1_325' title='bbox 3447 1688 3502 1733; x_wconf 89' lang='lat' dir='ltr'><strong>et</strong></span> <span class='ocrx_word' id='word_1_326' title='bbox 3544 1677 3649 1733; x_wconf 90' lang='lat' dir='ltr'><strong>Pe-</strong></span> 
     </span>
    </p>
   </div>
   <div class='ocr_carea' id='block_1_45' title="bbox 1914 1767 3653 1841">
    <p class='ocr_par' dir='ltr' id='par_1_45' title="bbox 1914 1767 3653 1841">
     <span class='ocr_line' id='line_1_45' title="bbox 1914 1767 3653 1841; baseline -0.001 -14"><span class='ocrx_word' id='word_1_327' title='bbox 1914 1770 1919 1773; x_wconf 82' lang='grc'><em>’</em></span> <span class='ocrx_word' id='word_1_328' title='bbox 1975 1771 2024 1833; x_wconf 81' lang='grc' dir='ltr'><strong>Β</strong></span> <span class='ocrx_word' id='word_1_329' title='bbox 2053 1767 2249 1827; x_wconf 84' lang='lat' dir='ltr'><strong>treium</strong></span> <span class='ocrx_word' id='word_1_330' title='bbox 2282 1768 2454 1824; x_wconf 81' lang='lat' dir='ltr'><strong>ﬁlium</strong></span> <span class='ocrx_word' id='word_1_331' title='bbox 2482 1769 2644 1839; x_wconf 83' lang='lat' dir='ltr'><strong>jussit</strong></span> <span class='ocrx_word' id='word_1_332' title='bbox 2673 1770 2876 1825; x_wconf 84' lang='lat' dir='ltr'><strong>occidi.</strong></span> <span class='ocrx_word' id='word_1_333' title='bbox 2910 1768 3041 1829; x_wconf 87' lang='lat' dir='ltr'><strong>Inde</strong></span> <span class='ocrx_word' id='word_1_334' title='bbox 3079 1778 3316 1840; x_wconf 89' lang='lat' dir='ltr'><strong>quatuor</strong></span> <span class='ocrx_word' id='word_1_335' title='bbox 3357 1770 3653 1841; x_wconf 82' lang='lat' dir='ltr'><strong>triumphis</strong></span> 
     </span>
    </p>
   </div>
   <div class='ocr_carea' id='block_1_46' title="bbox 2050 1859 3652 1936">
    <p class='ocr_par' dir='ltr' id='par_1_46' title="bbox 2050 1859 3652 1936">
     <span class='ocr_line' id='line_1_46' title="bbox 2050 1859 3652 1936; baseline -0.002 -18"><span class='ocrx_word' id='word_1_336' title='bbox 2050 1859 2253 1918; x_wconf 84' lang='lat' dir='ltr'><strong>Urbem</strong></span> <span class='ocrx_word' id='word_1_337' title='bbox 2278 1860 2590 1928; x_wconf 83' lang='lat' dir='ltr'><strong>ingressus.</strong></span> <span class='ocrx_word' id='word_1_338' title='bbox 2621 1859 2891 1936; x_wconf 83' lang='lat' dir='ltr'><strong>disposito</strong></span> <span class='ocrx_word' id='word_1_339' title='bbox 2918 1868 3262 1930; x_wconf 82' lang='lat' dir='ltr'><strong>recuperatae</strong></span> <span class='ocrx_word' id='word_1_340' title='bbox 3291 1862 3430 1929; x_wconf 87' lang='lat' dir='ltr'><strong>reip.</strong></span> <span class='ocrx_word' id='word_1_341' title='bbox 3466 1867 3608 1914; x_wconf 89' lang='lat' dir='ltr'><strong>statu</strong></span> <span class='ocrx_word' id='word_1_342' title='bbox 3637 1876 3652 1925; x_wconf 91' lang='lat'><strong>;</strong></span> 
     </span>
    </p>
   </div>
   <div class='ocr_carea' id='block_1_47' title="bbox 2053 1949 3655 2021">
    <p class='ocr_par' dir='ltr' id='par_1_47' title="bbox 2053 1949 3655 2021">
     <span class='ocr_line' id='line_1_47' title="bbox 2053 1949 3655 2021; baseline -0.001 -13"><span class='ocrx_word' id='word_1_343' title='bbox 2053 1951 2098 1983; x_wconf 82' lang='grc'><strong>¹⁵</strong></span> <span class='ocrx_word' id='word_1_344' title='bbox 2117 1951 2381 2009; x_wconf 86' lang='lat' dir='ltr'><strong>continuo</strong></span> <span class='ocrx_word' id='word_1_345' title='bbox 2404 1952 2450 1984; x_wconf 80' lang='lat'><strong>“</strong></span> <span class='ocrx_word' id='word_1_346' title='bbox 2472 1952 2526 2006; x_wconf 88' lang='lat' dir='ltr'><strong>in</strong></span> <span class='ocrx_word' id='word_1_347' title='bbox 2554 1949 2849 2019; x_wconf 86' lang='lat' dir='ltr'><strong>Hispanias</strong></span> <span class='ocrx_word' id='word_1_348' title='bbox 2883 1959 3073 2006; x_wconf 89' lang='lat' dir='ltr'><strong>contra</strong></span> <span class='ocrx_word' id='word_1_349' title='bbox 3096 1950 3388 2020; x_wconf 85' lang='lat' dir='ltr'><strong>Pompeios</strong></span> <span class='ocrx_word' id='word_1_350' title='bbox 3408 1951 3655 2021; x_wconf 83' lang='lat' dir='ltr'><strong>Pompeii</strong></span> 
     </span>
    </p>
   </div>
   <div class='ocr_carea' id='block_1_48' title="bbox 2047 2044 3649 2117">
    <p class='ocr_par' dir='ltr' id='par_1_48' title="bbox 2047 2044 3649 2117">
     <span class='ocr_line' id='line_1_48' title="bbox 2047 2044 3649 2117; baseline -0.001 -17"><span class='ocrx_word' id='word_1_351' title='bbox 2047 2046 2192 2103; x_wconf 78' lang='lat' dir='ltr'><strong>ﬁlios</strong></span> <span class='ocrx_word' id='word_1_352' title='bbox 2238 2045 2547 2117; x_wconf 86' lang='lat' dir='ltr'><strong>profectus,</strong></span> <span class='ocrx_word' id='word_1_353' title='bbox 2574 2044 2616 2076; x_wconf 74' lang='grc'><strong>³⁷</strong></span> <span class='ocrx_word' id='word_1_354' title='bbox 2646 2046 2885 2114; x_wconf 91' lang='lat' dir='ltr'><strong>septimo</strong></span> <span class='ocrx_word' id='word_1_355' title='bbox 2932 2045 3146 2100; x_wconf 90' lang='lat' dir='ltr'><strong>decimo</strong></span> <span class='ocrx_word' id='word_1_356' title='bbox 3190 2060 3351 2117; x_wconf 90' lang='lat' dir='ltr'><strong>quam</strong></span> <span class='ocrx_word' id='word_1_357' title='bbox 3394 2061 3649 2116; x_wconf 77' lang='lat' dir='ltr'><strong>egressus</strong></span> 
     </span>
    </p>
   </div>
   <div class='ocr_carea' id='block_1_49' title="bbox 2046 2137 3656 2211">
    <p class='ocr_par' dir='ltr' id='par_1_49' title="bbox 2046 2137 3656 2211">
     <span class='ocr_line' id='line_1_49' title="bbox 2046 2137 3656 2211; baseline -0.001 -14"><span class='ocrx_word' id='word_1_358' title='bbox 2046 2139 2116 2197; x_wconf 86' lang='lat' dir='ltr'><strong>ab</strong></span> <span class='ocrx_word' id='word_1_359' title='bbox 2145 2139 2295 2197; x_wconf 82' lang='lat' dir='ltr'><strong>Urbe</strong></span> <span class='ocrx_word' id='word_1_360' title='bbox 2325 2137 2501 2194; x_wconf 82' lang='lat' dir='ltr'><strong>fuerat</strong></span> <span class='ocrx_word' id='word_1_361' title='bbox 2541 2137 2664 2202; x_wconf 85' lang='lat' dir='ltr'><strong>die,</strong></span> <span class='ocrx_word' id='word_1_362' title='bbox 2707 2138 3010 2208; x_wconf 83' lang='lat' dir='ltr'><strong>Saguntum</strong></span> <span class='ocrx_word' id='word_1_363' title='bbox 3046 2139 3324 2206; x_wconf 87' lang='lat' dir='ltr'><strong>pervenit,</strong></span> <span class='ocrx_word' id='word_1_364' title='bbox 3354 2140 3656 2211; x_wconf 83' lang='lat' dir='ltr'><strong>statimque</strong></span> 
     </span>
    </p>
   </div>
   <div class='ocr_carea' id='block_1_50' title="bbox 2051 2228 3649 2304">
    <p class='ocr_par' dir='ltr' id='par_1_50' title="bbox 2051 2228 3649 2304">
     <span class='ocr_line' id='line_1_50' title="bbox 2051 2228 3649 2304; baseline -0.001 -14"><span class='ocrx_word' id='word_1_365' title='bbox 2051 2233 2314 2291; x_wconf 83' lang='lat' dir='ltr'><strong>adversus</strong></span> <span class='ocrx_word' id='word_1_366' title='bbox 2339 2230 2633 2300; x_wconf 84' lang='lat' dir='ltr'><strong>Pompeios</strong></span> <span class='ocrx_word' id='word_1_367' title='bbox 2660 2229 2826 2295; x_wconf 75' lang='lat' dir='ltr'><strong>diros,</strong></span> <span class='ocrx_word' id='word_1_368' title='bbox 2857 2239 2913 2285; x_wconf 87' lang='lat' dir='ltr'><strong>et</strong></span> <span class='ocrx_word' id='word_1_369' title='bbox 2948 2228 3248 2285; x_wconf 88' lang='lat' dir='ltr'><strong>Labienum</strong></span> <span class='ocrx_word' id='word_1_370' title='bbox 3290 2240 3454 2304; x_wconf 87' lang='lat' dir='ltr'><strong>atque</strong></span> <span class='ocrx_word' id='word_1_371' title='bbox 3485 2235 3530 2266; x_wconf 80' lang='grc'><strong>¹⁸</strong></span> <span class='ocrx_word' id='word_1_372' title='bbox 3550 2236 3649 2288; x_wconf 81' lang='grc' dir='ltr'><strong>Αι-</strong></span> 
     </span>
    </p>
   </div>
   <div class='ocr_carea' id='block_1_51' title="bbox 2052 2322 3655 2397">
    <p class='ocr_par' dir='ltr' id='par_1_51' title="bbox 2052 2322 3655 2397">
     <span class='ocr_line' id='line_1_51' title="bbox 2052 2322 3655 2397; baseline 0.001 -17"><span class='ocrx_word' id='word_1_373' title='bbox 2052 2326 2186 2380; x_wconf 84' lang='lat' dir='ltr'><strong>tium</strong></span> <span class='ocrx_word' id='word_1_374' title='bbox 2210 2322 2411 2383; x_wconf 80' lang='lat' dir='ltr'><strong>Varum</strong></span> <span class='ocrx_word' id='word_1_375' title='bbox 2430 2366 2445 2391; x_wconf 88' lang='lat'><strong>,</strong></span> <span class='ocrx_word' id='word_1_376' title='bbox 2479 2324 2645 2383; x_wconf 82' lang='lat' dir='ltr'><strong>multa</strong></span> <span class='ocrx_word' id='word_1_377' title='bbox 2677 2323 2820 2381; x_wconf 85' lang='lat' dir='ltr'><strong>bella</strong></span> <span class='ocrx_word' id='word_1_378' title='bbox 2853 2334 2908 2377; x_wconf 75' lang='lat' dir='ltr'><strong>et</strong></span> <span class='ocrx_word' id='word_1_379' title='bbox 2935 2322 3089 2383; x_wconf 84' lang='lat' dir='ltr'><strong>varia</strong></span> <span class='ocrx_word' id='word_1_380' title='bbox 3120 2332 3269 2379; x_wconf 88' lang='lat' dir='ltr'><strong>sorte</strong></span> <span class='ocrx_word' id='word_1_381' title='bbox 3299 2327 3489 2397; x_wconf 88' lang='lat' dir='ltr'><strong>gessit.</strong></span> <span class='ocrx_word' id='word_1_382' title='bbox 3515 2326 3655 2382; x_wconf 76' lang='lat' dir='ltr'><strong>Ulti-</strong></span> 
     </span>
    </p>
   </div>
   <div class='ocr_carea' id='block_1_52' title="bbox 2053 2415 3655 2487">
    <p class='ocr_par' dir='ltr' id='par_1_52' title="bbox 2053 2415 3655 2487">
     <span class='ocr_line' id='line_1_52' title="bbox 2053 2415 3655 2487; baseline -0.003 -12"><span class='ocrx_word' id='word_1_383' title='bbox 2053 2433 2198 2477; x_wconf 91' lang='lat' dir='ltr'><strong>mum</strong></span> <span class='ocrx_word' id='word_1_384' title='bbox 2231 2416 2435 2475; x_wconf 87' lang='lat' dir='ltr'><strong>bellum</strong></span> <span class='ocrx_word' id='word_1_385' title='bbox 2467 2415 2607 2486; x_wconf 90' lang='lat' dir='ltr'><strong>apud</strong></span> <span class='ocrx_word' id='word_1_386' title='bbox 2632 2416 2674 2450; x_wconf 82' lang='grc'><strong>¹⁹</strong></span> <span class='ocrx_word' id='word_1_387' title='bbox 2697 2415 2950 2472; x_wconf 82' lang='lat' dir='ltr'><strong>Mundam</strong></span> <span class='ocrx_word' id='word_1_388' title='bbox 2984 2415 3176 2473; x_wconf 87' lang='lat' dir='ltr'><strong>urbem</strong></span> <span class='ocrx_word' id='word_1_389' title='bbox 3203 2425 3414 2487; x_wconf 84' lang='lat' dir='ltr'><strong>gestum</strong></span> <span class='ocrx_word' id='word_1_390' title='bbox 3446 2425 3530 2472; x_wconf 91' lang='lat' dir='ltr'><strong>est</strong></span> <span class='ocrx_word' id='word_1_391' title='bbox 3550 2459 3566 2485; x_wconf 88' lang='lat'><strong>,</strong></span> <span class='ocrx_word' id='word_1_392' title='bbox 3609 2419 3655 2450; x_wconf 75' lang='grc' dir='ltr'>ιο</span> 
     </span>
    </p>
   </div>
   <div class='ocr_carea' id='block_1_53' title="bbox 2054 2508 3657 2580">
    <p class='ocr_par' dir='ltr' id='par_1_53' title="bbox 2054 2508 3657 2580">
     <span class='ocr_line' id='line_1_53' title="bbox 2054 2508 3657 2580; baseline -0.001 -12"><span class='ocrx_word' id='word_1_393' title='bbox 2054 2512 2145 2568; x_wconf 90' lang='lat' dir='ltr'><strong>ubi</strong></span> <span class='ocrx_word' id='word_1_394' title='bbox 2178 2512 2343 2567; x_wconf 87' lang='lat' dir='ltr'><strong>tantis</strong></span> <span class='ocrx_word' id='word_1_395' title='bbox 2394 2520 2484 2568; x_wconf 82' lang='lat' dir='ltr'><strong>est</strong></span> <span class='ocrx_word' id='word_1_396' title='bbox 2531 2508 2741 2566; x_wconf 86' lang='lat' dir='ltr'><strong>viribus</strong></span> <span class='ocrx_word' id='word_1_397' title='bbox 2788 2508 3141 2576; x_wconf 87' lang='lat' dir='ltr'><strong>dimicatum,</strong></span> <span class='ocrx_word' id='word_1_398' title='bbox 3176 2518 3434 2580; x_wconf 86' lang='lat' dir='ltr'><strong>tantaque</strong></span> <span class='ocrx_word' id='word_1_399' title='bbox 3466 2511 3657 2566; x_wconf 68' lang='lat' dir='ltr'><strong>&#39;cardes</strong></span> 
     </span>
    </p>
   </div>
   <div class='ocr_carea' id='block_1_54' title="bbox 2055 2600 3656 2673">
    <p class='ocr_par' dir='ltr' id='par_1_54' title="bbox 2055 2600 3656 2673">
     <span class='ocr_line' id='line_1_54' title="bbox 2055 2600 3656 2673; baseline 0.001 -15"><span class='ocrx_word' id='word_1_400' title='bbox 2055 2612 2176 2658; x_wconf 86' lang='lat' dir='ltr'><strong>acta</strong></span> <span class='ocrx_word' id='word_1_401' title='bbox 2200 2647 2214 2669; x_wconf 85' lang='lat'><strong>,</strong></span> <span class='ocrx_word' id='word_1_402' title='bbox 2251 2611 2307 2657; x_wconf 92' lang='lat' dir='ltr'><strong>ut</strong></span> <span class='ocrx_word' id='word_1_403' title='bbox 2332 2600 2517 2658; x_wconf 67' lang='lat' dir='ltr'><strong>Caesar</strong></span> <span class='ocrx_word' id='word_1_404' title='bbox 2545 2616 2788 2673; x_wconf 88' lang='lat' dir='ltr'><strong>quoque,</strong></span> <span class='ocrx_word' id='word_1_405' title='bbox 2821 2600 3099 2658; x_wconf 85' lang='lat' dir='ltr'><strong>veteranis</strong></span> <span class='ocrx_word' id='word_1_406' title='bbox 3129 2602 3294 2658; x_wconf 90' lang='lat' dir='ltr'><strong>etiam</strong></span> <span class='ocrx_word' id='word_1_407' title='bbox 3324 2605 3439 2659; x_wconf 91' lang='lat' dir='ltr'><strong>suis</strong></span> <span class='ocrx_word' id='word_1_408' title='bbox 3463 2604 3656 2660; x_wconf 86' lang='lat' dir='ltr'><strong>cedere</strong></span> 
     </span>
    </p>
   </div>
   <div class='ocr_carea' id='block_1_55' title="bbox 2056 2693 3653 2766">
    <p class='ocr_par' dir='ltr' id='par_1_55' title="bbox 2056 2693 3653 2766">
     <span class='ocr_line' id='line_1_55' title="bbox 2056 2693 3653 2766; baseline -0.001 -14"><span class='ocrx_word' id='word_1_409' title='bbox 2056 2710 2164 2753; x_wconf 90' lang='lat' dir='ltr'><strong>non</strong></span> <span class='ocrx_word' id='word_1_410' title='bbox 2192 2694 2678 2761; x_wconf 87' lang='lat' dir='ltr'><strong>erubescentibus,</strong></span> <span class='ocrx_word' id='word_1_411' title='bbox 2712 2709 2834 2750; x_wconf 89' lang='lat' dir='ltr'><strong>cum</strong></span> <span class='ocrx_word' id='word_1_412' title='bbox 2866 2693 3002 2751; x_wconf 68' lang='grc' dir='ltr'><strong>αεάὶ</strong></span> <span class='ocrx_word' id='word_1_413' title='bbox 3030 2694 3263 2766; x_wconf 87' lang='lat' dir='ltr'><strong>cogique</strong></span> <span class='ocrx_word' id='word_1_414' title='bbox 3292 2697 3465 2751; x_wconf 86' lang='lat' dir='ltr'><strong>aciem</strong></span> <span class='ocrx_word' id='word_1_415' title='bbox 3500 2711 3653 2751; x_wconf 86' lang='lat' dir='ltr'><strong>suam</strong></span> 
     </span>
    </p>
   </div>
   <div class='ocr_carea' id='block_1_56' title="bbox 2052 2786 3646 2857">
    <p class='ocr_par' dir='ltr' id='par_1_56' title="bbox 2052 2786 3646 2857">
     <span class='ocr_line' id='line_1_56' title="bbox 2052 2786 3646 2857; baseline 0 -15"><span class='ocrx_word' id='word_1_416' title='bbox 2052 2796 2330 2852; x_wconf 85' lang='lat' dir='ltr'><strong>cerneret,</strong></span> <span class='ocrx_word' id='word_1_417' title='bbox 2358 2786 2662 2857; x_wconf 72' lang='lat' dir='ltr'><strong>prtevenire</strong></span> <span class='ocrx_word' id='word_1_418' title='bbox 2696 2793 2872 2843; x_wconf 86' lang='lat' dir='ltr'><strong>morte</strong></span> <span class='ocrx_word' id='word_1_419' title='bbox 2904 2786 3145 2842; x_wconf 85' lang='lat' dir='ltr'><strong>futurum</strong></span> <span class='ocrx_word' id='word_1_420' title='bbox 3178 2786 3306 2842; x_wconf 86' lang='lat' dir='ltr'><strong>victi</strong></span> <span class='ocrx_word' id='word_1_421' title='bbox 3340 2786 3579 2842; x_wconf 85' lang='lat' dir='ltr'><strong>dedecus</strong></span> <span class='ocrx_word' id='word_1_422' title='bbox 3602 2789 3646 2823; x_wconf 68' lang='grc' dir='ltr'>’ί</span> 
     </span>
    </p>
   </div>
   <div class='ocr_carea' id='block_1_57' title="bbox 2050 2877 3636 2964">
    <p class='ocr_par' dir='ltr' id='par_1_57' title="bbox 2050 2877 3636 2964">
     <span class='ocr_line' id='line_1_57' title="bbox 2050 2877 3636 2964; baseline 0 -29"><span class='ocrx_word' id='word_1_423' title='bbox 2050 2879 2331 2951; x_wconf 86' lang='lat' dir='ltr'><strong>cogitarit,</strong></span> <span class='ocrx_word' id='word_1_424' title='bbox 2365 2892 2489 2934; x_wconf 91' lang='lat' dir='ltr'><strong>cum</strong></span> <span class='ocrx_word' id='word_1_425' title='bbox 2519 2877 2706 2964; x_wconf 83' lang='lat' dir='ltr'><strong>subito</strong></span> <span class='ocrx_word' id='word_1_426' title='bbox 2737 2892 2929 2933; x_wconf 89' lang='lat' dir='ltr'><strong>versus</strong></span> <span class='ocrx_word' id='word_1_427' title='bbox 2960 2878 3016 2933; x_wconf 89' lang='lat' dir='ltr'><strong>in</strong></span> <span class='ocrx_word' id='word_1_428' title='bbox 3044 2878 3221 2949; x_wconf 80' lang='lat' dir='ltr'><strong>fugam</strong></span> <span class='ocrx_word' id='word_1_429' title='bbox 3253 2878 3636 2950; x_wconf 85' lang='lat' dir='ltr'><strong>Pompeiorum</strong></span> 
     </span>
    </p>
   </div>
   <div class='ocr_carea' id='block_1_58' title="bbox 1628 3055 2351 3117">
    <p class='ocr_par' dir='ltr' id='par_1_58' title="bbox 1628 3055 2351 3117">
     <span class='ocr_line' id='line_1_58' title="bbox 1628 3055 2351 3117; baseline -0.004 -4"><span class='ocrx_word' id='word_1_430' title='bbox 1628 3055 2083 3117; x_wconf 74' lang='lat' dir='ltr'><strong>IIAVERCAMPI</strong></span> <span class='ocrx_word' id='word_1_431' title='bbox 2123 3055 2351 3112; x_wconf 78' lang='grc' dir='ltr'><strong>ΝΟΤιΕ.</strong></span> 
     </span>
    </p>
   </div>
   <div class='ocr_carea' id='block_1_59' title="bbox 418 3195 1944 3269">
    <p class='ocr_par' dir='ltr' id='par_1_59' title="bbox 418 3195 1944 3269">
     <span class='ocr_line' id='line_1_59' title="bbox 418 3195 1944 3269; baseline -0.002 -15"><span class='ocrx_word' id='word_1_432' title='bbox 418 3198 509 3254; x_wconf 73' lang='grc'><strong>82.</strong></span> <span class='ocrx_word' id='word_1_433' title='bbox 544 3198 937 3269; x_wconf 78' lang='lat' dir='ltr'><strong>Quadringenta</strong></span> <span class='ocrx_word' id='word_1_434' title='bbox 966 3196 1130 3269; x_wconf 70' lang='lat' dir='ltr'><strong>millia</strong></span> <span class='ocrx_word' id='word_1_435' title='bbox 1151 3195 1691 3269; x_wconf 80' lang='lat' dir='ltr'><strong>librorum.‘_l‘otidem</strong></span> <span class='ocrx_word' id='word_1_436' title='bbox 1714 3195 1944 3269; x_wconf 66' lang='lat' dir='ltr'><strong>Alexan-</strong></span> 
     </span>
    </p>
   </div>
   <div class='ocr_carea' id='block_1_60' title="bbox 349 3266 1949 3340">
    <p class='ocr_par' dir='ltr' id='par_1_60' title="bbox 349 3266 1949 3340">
     <span class='ocr_line' id='line_1_60' title="bbox 349 3266 1949 3340; baseline -0.001 -16"><span class='ocrx_word' id='word_1_437' title='bbox 349 3270 480 3326; x_wconf 66' lang='lat' dir='ltr'><strong>dria</strong></span> <span class='ocrx_word' id='word_1_438' title='bbox 507 3272 696 3325; x_wconf 79' lang='lat' dir='ltr'><strong>arsisse</strong></span> <span class='ocrx_word' id='word_1_439' title='bbox 726 3266 954 3340; x_wconf 78' lang='lat' dir='ltr'><strong>legimus</strong></span> <span class='ocrx_word' id='word_1_440' title='bbox 976 3283 1043 3324; x_wconf 81' lang='lat' dir='ltr'><strong>ex</strong></span> <span class='ocrx_word' id='word_1_441' title='bbox 1075 3268 1415 3340; x_wconf 78' lang='lat' dir='ltr'><strong>&#39;l‘estlmouio</strong></span> <span class='ocrx_word' id='word_1_442' title='bbox 1438 3266 1576 3340; x_wconf 83' lang='lat' dir='ltr'><strong>Livii</strong></span> <span class='ocrx_word' id='word_1_443' title='bbox 1602 3267 1744 3336; x_wconf 88' lang='lat' dir='ltr'><strong>apud</strong></span> <span class='ocrx_word' id='word_1_444' title='bbox 1777 3268 1949 3340; x_wconf 85' lang='lat' dir='ltr'><strong>Sene-</strong></span> 
     </span>
    </p>
   </div>
   <div class='ocr_carea' id='block_1_61' title="bbox 348 3338 1948 3410">
    <p class='ocr_par' dir='ltr' id='par_1_61' title="bbox 348 3338 1948 3410">
     <span class='ocr_line' id='line_1_61' title="bbox 348 3338 1948 3410; baseline -0.002 -13"><span class='ocrx_word' id='word_1_445' title='bbox 348 3356 467 3397; x_wconf 82' lang='lat' dir='ltr'><strong>cam</strong></span> <span class='ocrx_word' id='word_1_446' title='bbox 493 3343 561 3396; x_wconf 81' lang='lat' dir='ltr'><strong>de</strong></span> <span class='ocrx_word' id='word_1_447' title='bbox 591 3338 892 3410; x_wconf 83' lang='lat' dir='ltr'><strong>Tranquill.</strong></span> <span class='ocrx_word' id='word_1_448' title='bbox 926 3354 1046 3407; x_wconf 87' lang='lat' dir='ltr'><strong>cap.</strong></span> <span class='ocrx_word' id='word_1_449' title='bbox 1074 3338 1129 3394; x_wconf 87' lang='lat'><strong>9.</strong></span> <span class='ocrx_word' id='word_1_450' title='bbox 1162 3339 1377 3410; x_wconf 76' lang='lat' dir='ltr'><strong>Gellius</strong></span> <span class='ocrx_word' id='word_1_451' title='bbox 1401 3338 1741 3409; x_wconf 87' lang='lat' dir='ltr'><strong>septingenta</strong></span> <span class='ocrx_word' id='word_1_452' title='bbox 1772 3339 1948 3410; x_wconf 87' lang='lat' dir='ltr'><strong>millia</strong></span> 
     </span>
    </p>
   </div>
   <div class='ocr_carea' id='block_1_62' title="bbox 350 3408 1946 3494">
    <p class='ocr_par' dir='ltr' id='par_1_62' title="bbox 350 3408 1946 3494">
     <span class='ocr_line' id='line_1_62' title="bbox 350 3408 1946 3494; baseline -0.001 -27"><span class='ocrx_word' id='word_1_453' title='bbox 350 3421 602 3494; x_wconf 76' lang='lat' dir='ltr'><strong>numerat</strong></span> <span class='ocrx_word' id='word_1_454' title='bbox 626 3408 818 3494; x_wconf 38' lang='lat' dir='ltr'><strong>lib...\‘t,</strong></span> <span class='ocrx_word' id='word_1_455' title='bbox 846 3426 966 3494; x_wconf 88' lang='lat' dir='ltr'><strong>cap.</strong></span> <span class='ocrx_word' id='word_1_456' title='bbox 1098 3430 1119 3494; x_wconf 41' lang='grc' dir='ltr'><strong>,τ</strong></span> <span class='ocrx_word' id='word_1_457' title='bbox 1164 3408 1360 3494; x_wconf 77' lang='lat' dir='ltr'><strong>Ingens</strong></span> <span class='ocrx_word' id='word_1_458' title='bbox 1389 3408 1565 3494; x_wconf 66' lang='lat' dir='ltr'><strong>postea</strong></span> <span class='ocrx_word' id='word_1_459' title='bbox 1586 3408 1946 3494; x_wconf 29' lang='lat' dir='ltr'><strong>.numerustli-</strong></span> 
     </span>
    </p>
   </div>
   <div class='ocr_carea' id='block_1_63' title="bbox 350 3479 1946 3554">
    <p class='ocr_par' dir='ltr' id='par_1_63' title="bbox 350 3479 1946 3554">
     <span class='ocr_line' id='line_1_63' title="bbox 350 3479 1946 3554; baseline -0.001 -16"><span class='ocrx_word' id='word_1_460' title='bbox 350 3483 557 3538; x_wconf 76' lang='lat' dir='ltr'><strong>brorum</strong></span> <span class='ocrx_word' id='word_1_461' title='bbox 576 3485 629 3537; x_wconf 82' lang='lat' dir='ltr'><strong>in</strong></span> <span class='ocrx_word' id='word_1_462' title='bbox 662 3483 898 3554; x_wconf 67' lang='lat' dir='ltr'><strong>.It&#39;ggpto</strong></span> <span class='ocrx_word' id='word_1_463' title='bbox 926 3498 958 3535; x_wconf 89' lang='lat' dir='ltr'><strong>a</strong></span> <span class='ocrx_word' id='word_1_464' title='bbox 986 3479 1280 3554; x_wconf 81' lang='lat' dir='ltr'><strong>Ptolemteis</strong></span> <span class='ocrx_word' id='word_1_465' title='bbox 1295 3482 1501 3554; x_wconf 83' lang='lat' dir='ltr'><strong>regibus</strong></span> <span class='ocrx_word' id='word_1_466' title='bbox 1520 3480 1599 3554; x_wconf 84' lang='lat' dir='ltr'><strong>vel</strong></span> <span class='ocrx_word' id='word_1_467' title='bbox 1622 3482 1946 3551; x_wconf 78' lang='lat' dir='ltr'><strong>conquisitus</strong></span> 
     </span>
    </p>
   </div>
   <div class='ocr_carea' id='block_1_64' title="bbox 351 3552 1943 3636">
    <p class='ocr_par' dir='ltr' id='par_1_64' title="bbox 351 3552 1943 3636">
     <span class='ocr_line' id='line_1_64' title="bbox 351 3552 1943 3636; baseline -0.002 -27"><span class='ocrx_word' id='word_1_468' title='bbox 351 3554 719 3636; x_wconf 74' lang='lat' dir='ltr'><strong>velconfectus</strong></span> <span class='ocrx_word' id='word_1_469' title='bbox 744 3552 823 3608; x_wconf 74' lang='lat' dir='ltr'><strong>est</strong></span> <span class='ocrx_word' id='word_1_470' title='bbox 847 3594 861 3617; x_wconf 92' lang='lat'><strong>,</strong></span> <span class='ocrx_word' id='word_1_471' title='bbox 895 3554 964 3636; x_wconf 65' lang='lat' dir='ltr'><strong>qd</strong></span> <span class='ocrx_word' id='word_1_472' title='bbox 994 3552 1161 3636; x_wconf 60' lang='lat' dir='ltr'><strong>millia</strong></span> <span class='ocrx_word' id='word_1_473' title='bbox 1193 3552 1369 3636; x_wconf 72' lang='lat' dir='ltr'><strong>ferme</strong></span> <span class='ocrx_word' id='word_1_474' title='bbox 1394 3552 1713 3636; x_wconf 63' lang='lat' dir='ltr'><strong>poluminttm</strong></span> <span class='ocrx_word' id='word_1_475' title='bbox 1745 3554 1943 3636; x_wconf 72' lang='lat' dir='ltr'><strong>septin-</strong></span> 
     </span>
    </p>
   </div>
   <div class='ocr_carea' id='block_1_65' title="bbox 350 3623 1945 3775">
    <p class='ocr_par' dir='ltr' id='par_1_65' title="bbox 350 3623 1945 3775">
     <span class='ocr_line' id='line_1_65' title="bbox 350 3623 1945 3699; baseline -0.001 -19"><span class='ocrx_word' id='word_1_476' title='bbox 350 3636 503 3699; x_wconf 76' lang='lat' dir='ltr'><strong>genta</strong></span> <span class='ocrx_word' id='word_1_477' title='bbox 530 3640 549 3678; x_wconf 88' lang='lat'><strong><em>:</em></strong></span> <span class='ocrx_word' id='word_1_478' title='bbox 574 3627 662 3680; x_wconf 81' lang='lat' dir='ltr'><strong>sed</strong></span> <span class='ocrx_word' id='word_1_479' title='bbox 704 3642 763 3680; x_wconf 85' lang='lat' dir='ltr'><strong>ea</strong></span> <span class='ocrx_word' id='word_1_480' title='bbox 792 3626 965 3681; x_wconf 87' lang='lat' dir='ltr'><strong>omnia</strong></span> <span class='ocrx_word' id='word_1_481' title='bbox 991 3623 1124 3678; x_wconf 86' lang='lat' dir='ltr'><strong>bello</strong></span> <span class='ocrx_word' id='word_1_482' title='bbox 1164 3623 1335 3695; x_wconf 79' lang='lat' dir='ltr'><strong>priore</strong></span> <span class='ocrx_word' id='word_1_483' title='bbox 1376 3623 1735 3677; x_wconf 76' lang='lat' dir='ltr'><strong>Alexandrino</strong></span> <span class='ocrx_word' id='word_1_484' title='bbox 1757 3668 1771 3693; x_wconf 81' lang='lat'><strong>,</strong></span> <span class='ocrx_word' id='word_1_485' title='bbox 1802 3623 1945 3678; x_wconf 84' lang='lat' dir='ltr'><strong>dum</strong></span> 
     </span>
     <span class='ocr_line' id='line_1_66' title="bbox 354 3694 1941 3775; baseline -0.001 -25"><span class='ocrx_word' id='word_1_486' title='bbox 354 3697 924 3775; x_wconf 56' lang='lat' dir='ltr'><strong>diripitureocivitas,</strong></span> <span class='ocrx_word' id='word_1_487' title='bbox 948 3711 1050 3748; x_wconf 88' lang='lat' dir='ltr'><strong>non</strong></span> <span class='ocrx_word' id='word_1_488' title='bbox 1076 3704 1267 3775; x_wconf 66' lang='lat' dir='ltr'><strong>sponte</strong></span> <span class='ocrx_word' id='word_1_489' title='bbox 1301 3710 1463 3775; x_wconf 71' lang='lat' dir='ltr'><strong>neque</strong></span> <span class='ocrx_word' id='word_1_490' title='bbox 1492 3710 1649 3766; x_wconf 86' lang='lat' dir='ltr'><strong>opera</strong></span> <span class='ocrx_word' id='word_1_491' title='bbox 1665 3694 1941 3775; x_wconf 79' lang='lat' dir='ltr'><strong>consulta,</strong></span> 
     </span>
    </p>
   </div>
   <div class='ocr_carea' id='block_1_66' title="bbox 349 3766 1689 3837">
    <p class='ocr_par' dir='ltr' id='par_1_66' title="bbox 349 3766 1689 3837">
     <span class='ocr_line' id='line_1_67' title="bbox 349 3766 1689 3837; baseline -0.004 -14"><span class='ocrx_word' id='word_1_492' title='bbox 349 3769 442 3823; x_wconf 86' lang='lat' dir='ltr'><strong>sed</strong></span> <span class='ocrx_word' id='word_1_493' title='bbox 462 3766 781 3823; x_wconf 54' lang='lat' dir='ltr'><strong>&#39;a‘militibus</strong></span> <span class='ocrx_word' id='word_1_494' title='bbox 802 3771 933 3837; x_wconf 79' lang='lat' dir='ltr'><strong>forte</strong></span> <span class='ocrx_word' id='word_1_495' title='bbox 961 3766 1291 3837; x_wconf 60' lang='lat' dir='ltr'><strong>auxiliariis,</strong></span> <span class='ocrx_word' id='word_1_496' title='bbox 1321 3767 1531 3819; x_wconf 84' lang='lat' dir='ltr'><strong>incensa</strong></span> <span class='ocrx_word' id='word_1_497' title='bbox 1554 3772 1689 3818; x_wconf 84' lang='lat' dir='ltr'><strong>sunt.</strong></span> 
     </span>
    </p>
   </div>
   <div class='ocr_carea' id='block_1_67' title="bbox 422 3835 1794 3907">
    <p class='ocr_par' dir='ltr' id='par_1_67' title="bbox 422 3835 1794 3907">
     <span class='ocr_line' id='line_1_68' title="bbox 422 3835 1794 3907; baseline -0.004 -12"><span class='ocrx_word' id='word_1_498' title='bbox 422 3838 511 3895; x_wconf 78' lang='lat'><strong>6&#39;5.</strong></span> <span class='ocrx_word' id='word_1_499' title='bbox 553 3837 727 3895; x_wconf 83' lang='lat' dir='ltr'><strong>Venit.</strong></span> <span class='ocrx_word' id='word_1_500' title='bbox 758 3835 886 3895; x_wconf 80' lang='lat' dir='ltr'><strong>Mss.</strong></span> <span class='ocrx_word' id='word_1_501' title='bbox 913 3846 967 3892; x_wconf 92' lang='lat' dir='ltr'><strong>et</strong></span> <span class='ocrx_word' id='word_1_502' title='bbox 988 3836 1111 3907; x_wconf 88' lang='lat' dir='ltr'><strong>edd.</strong></span> <span class='ocrx_word' id='word_1_503' title='bbox 1146 3835 1365 3907; x_wconf 89' lang='lat' dir='ltr'><strong>quidam</strong></span> <span class='ocrx_word' id='word_1_504' title='bbox 1386 3876 1402 3907; x_wconf 82' lang='lat'><strong>,</strong></span> <span class='ocrx_word' id='word_1_505' title='bbox 1436 3844 1612 3906; x_wconf 87' lang='lat' dir='ltr'><strong>postea</strong></span> <span class='ocrx_word' id='word_1_506' title='bbox 1638 3837 1794 3907; x_wconf 75' lang='lat' dir='ltr'><strong>venit.</strong></span> 
     </span>
    </p>
   </div>
   <div class='ocr_carea' id='block_1_68' title="bbox 335 3904 1939 3983">
    <p class='ocr_par' dir='ltr' id='par_1_68' title="bbox 335 3904 1939 3983">
     <span class='ocr_line' id='line_1_69' title="bbox 335 3904 1939 3983; baseline -0.005 -15"><span class='ocrx_word' id='word_1_507' title='bbox 335 3943 348 3953; x_wconf 83' lang='lat'><strong>-</strong></span> <span class='ocrx_word' id='word_1_508' title='bbox 423 3912 513 3967; x_wconf 66' lang='lat'><strong>64.</strong></span> <span class='ocrx_word' id='word_1_509' title='bbox 558 3908 827 3965; x_wconf 78' lang='lat' dir='ltr'><strong>Nutando.</strong></span> <span class='ocrx_word' id='word_1_510' title='bbox 868 3906 1002 3964; x_wconf 90' lang='lat' dir='ltr'><strong>Cod.</strong></span> <span class='ocrx_word' id='word_1_511' title='bbox 1044 3904 1290 3979; x_wconf 80' lang='lat' dir='ltr'><strong>Longob.</strong></span> <span class='ocrx_word' id='word_1_512' title='bbox 1315 3904 1509 3983; x_wconf 43' lang='lat' dir='ltr'><strong>,Me’us</strong></span> <span class='ocrx_word' id='word_1_513' title='bbox 1531 3914 1585 3961; x_wconf 91' lang='lat' dir='ltr'><strong>et</strong></span> <span class='ocrx_word' id='word_1_514' title='bbox 1610 3913 1733 3962; x_wconf 91' lang='lat' dir='ltr'><strong>tert.</strong></span> <span class='ocrx_word' id='word_1_515' title='bbox 1765 3906 1939 3972; x_wconf 87' lang='lat' dir='ltr'><strong>Flor.,</strong></span> 
     </span>
    </p>
   </div>
   <div class='ocr_carea' id='block_1_69' title="bbox 354 3983 1151 4036">
    <p class='ocr_par' dir='ltr' id='par_1_69' title="bbox 354 3983 1151 4036">
     <span class='ocr_line' id='line_1_70' title="bbox 354 3983 1151 4036; baseline 0 0"><span class='ocrx_word' id='word_1_516' title='bbox 354 3983 525 4036; x_wconf 86' lang='lat' dir='ltr'><strong>nando</strong></span> <span class='ocrx_word' id='word_1_517' title='bbox 554 3983 800 4036; x_wconf 75' lang='lat' dir='ltr'><strong>pervenit.</strong></span> <span class='ocrx_word' id='word_1_518' title='bbox 1146 4006 1151 4011; x_wconf 52' lang='grc' dir='ltr'><strong><em>α</em></strong></span> 
     </span>
    </p>
   </div>
   <div class='ocr_carea' id='block_1_70' title="bbox 422 4048 1940 4119">
    <p class='ocr_par' dir='ltr' id='par_1_70' title="bbox 422 4048 1940 4119">
     <span class='ocr_line' id='line_1_71' title="bbox 422 4048 1940 4119; baseline -0.001 -10"><span class='ocrx_word' id='word_1_519' title='bbox 422 4054 512 4109; x_wconf 74' lang='lat'><strong>65.</strong></span> <span class='ocrx_word' id='word_1_520' title='bbox 545 4048 845 4109; x_wconf 82' lang='lat' dir='ltr'><strong>Felicitate.</strong></span> <span class='ocrx_word' id='word_1_521' title='bbox 874 4053 1079 4109; x_wconf 84' lang='lat' dir='ltr'><strong>Omnes</strong></span> <span class='ocrx_word' id='word_1_522' title='bbox 1103 4050 1264 4107; x_wconf 87' lang='lat' dir='ltr'><strong>codd.</strong></span> <span class='ocrx_word' id='word_1_523' title='bbox 1292 4064 1424 4106; x_wconf 84' lang='lat' dir='ltr'><strong>mss.</strong></span> <span class='ocrx_word' id='word_1_524' title='bbox 1458 4058 1622 4119; x_wconf 87' lang='lat' dir='ltr'><strong>atque</strong></span> <span class='ocrx_word' id='word_1_525' title='bbox 1650 4048 1774 4104; x_wconf 87' lang='lat' dir='ltr'><strong>edd.</strong></span> <span class='ocrx_word' id='word_1_526' title='bbox 1803 4056 1940 4107; x_wconf 88' lang='lat' dir='ltr'><strong>vett.</strong></span> 
     </span>
    </p>
   </div>
   <div class='ocr_carea' id='block_1_71' title="bbox 354 4118 1942 4194">
    <p class='ocr_par' dir='ltr' id='par_1_71' title="bbox 354 4118 1942 4194">
     <span class='ocr_line' id='line_1_72' title="bbox 354 4118 1942 4194; baseline -0.004 -15"><span class='ocrx_word' id='word_1_527' title='bbox 354 4123 558 4193; x_wconf 80' lang='lat' dir='ltr'><strong>legunt,</strong></span> <span class='ocrx_word' id='word_1_528' title='bbox 586 4125 855 4194; x_wconf 78' lang='lat' dir='ltr'><strong>facilitate.</strong></span> <span class='ocrx_word' id='word_1_529' title='bbox 873 4123 1156 4194; x_wconf 77' lang='lat' dir='ltr'><strong>Vulgatam</strong></span> <span class='ocrx_word' id='word_1_530' title='bbox 1183 4132 1360 4178; x_wconf 87' lang='lat' dir='ltr'><strong>tamen</strong></span> <span class='ocrx_word' id='word_1_531' title='bbox 1384 4118 1564 4176; x_wconf 78' lang='lat' dir='ltr'><strong>servat</strong></span> <span class='ocrx_word' id='word_1_532' title='bbox 1593 4118 1796 4175; x_wconf 89' lang='lat' dir='ltr'><strong>Paulus</strong></span> <span class='ocrx_word' id='word_1_533' title='bbox 1819 4120 1942 4174; x_wconf 88' lang='lat' dir='ltr'><strong>Dia-</strong></span> 
     </span>
    </p>
   </div>
   <div class='ocr_carea' id='block_1_72' title="bbox 351 4193 1295 4251">
    <p class='ocr_par' dir='ltr' id='par_1_72' title="bbox 351 4193 1295 4251">
     <span class='ocr_line' id='line_1_73' title="bbox 351 4193 1295 4251; baseline -0.003 0"><span class='ocrx_word' id='word_1_534' title='bbox 351 4209 521 4251; x_wconf 90' lang='lat' dir='ltr'><strong>conus</strong></span> <span class='ocrx_word' id='word_1_535' title='bbox 553 4193 603 4249; x_wconf 89' lang='lat' dir='ltr'><strong>in</strong></span> <span class='ocrx_word' id='word_1_536' title='bbox 630 4196 736 4249; x_wconf 85' lang='lat' dir='ltr'><strong>line</strong></span> <span class='ocrx_word' id='word_1_537' title='bbox 763 4194 856 4250; x_wconf 91' lang='lat' dir='ltr'><strong>lib.</strong></span> <span class='ocrx_word' id='word_1_538' title='bbox 888 4211 940 4250; x_wconf 84' lang='lat' dir='ltr'><strong>vt</strong></span> <span class='ocrx_word' id='word_1_539' title='bbox 971 4194 1109 4249; x_wconf 84' lang='lat' dir='ltr'><strong>Hist.</strong></span> <span class='ocrx_word' id='word_1_540' title='bbox 1142 4193 1295 4249; x_wconf 81' lang='lat' dir='ltr'><strong>Misc.</strong></span> 
     </span>
    </p>
   </div>
   <div class='ocr_carea' id='block_1_73' title="bbox 426 4260 1934 4339">
    <p class='ocr_par' dir='ltr' id='par_1_73' title="bbox 426 4260 1934 4339">
     <span class='ocr_line' id='line_1_74' title="bbox 426 4260 1934 4339; baseline -0.005 -17"><span class='ocrx_word' id='word_1_541' title='bbox 426 4266 555 4322; x_wconf 67' lang='lat' dir='ltr'><strong>Car.</strong></span> <span class='ocrx_word' id='word_1_542' title='bbox 582 4265 799 4339; x_wconf 82' lang='lat' dir='ltr'><strong>XVI.—</strong></span> <span class='ocrx_word' id='word_1_543' title='bbox 822 4268 874 4322; x_wconf 92' lang='grc'><strong>1.</strong></span> <span class='ocrx_word' id='word_1_544' title='bbox 902 4264 1268 4339; x_wconf 52' lang='lat' dir='ltr'><strong>Alexandrinis</strong></span> <span class='ocrx_word' id='word_1_545' title='bbox 1307 4263 1614 4339; x_wconf 72' lang='lat' dir='ltr'><strong>petentibus.</strong></span> <span class='ocrx_word' id='word_1_546' title='bbox 1650 4260 1745 4317; x_wconf 82' lang='lat' dir='ltr'><strong>Ed.</strong></span> <span class='ocrx_word' id='word_1_547' title='bbox 1773 4264 1934 4333; x_wconf 86' lang='lat' dir='ltr'><strong>Aug.,</strong></span> 
     </span>
    </p>
   </div>
   <div class='ocr_carea' id='block_1_74' title="bbox 356 4334 1542 4409">
    <p class='ocr_par' dir='ltr' id='par_1_74' title="bbox 356 4334 1542 4409">
     <span class='ocr_line' id='line_1_75' title="bbox 356 4334 1542 4409; baseline -0.005 -18"><span class='ocrx_word' id='word_1_548' title='bbox 356 4338 726 4409; x_wconf 70' lang='lat' dir='ltr'><strong>Alexandrinis</strong></span> <span class='ocrx_word' id='word_1_549' title='bbox 747 4353 920 4409; x_wconf 81' lang='lat' dir='ltr'><strong>regem</strong></span> <span class='ocrx_word' id='word_1_550' title='bbox 949 4335 1260 4409; x_wconf 70' lang='lat' dir='ltr'><strong>petentibus,</strong></span> <span class='ocrx_word' id='word_1_551' title='bbox 1293 4334 1542 4409; x_wconf 74' lang='lat' dir='ltr'><strong>reddidit.</strong></span> 
     </span>
    </p>
   </div>
   <div class='ocr_carea' id='block_1_75' title="bbox 424 4406 1545 4479">
    <p class='ocr_par' dir='ltr' id='par_1_75' title="bbox 424 4406 1545 4479">
     <span class='ocr_line' id='line_1_76' title="bbox 424 4406 1545 4479; baseline -0.004 -17"><span class='ocrx_word' id='word_1_552' title='bbox 424 4410 480 4462; x_wconf 75' lang='lat'><strong>2.</strong></span> <span class='ocrx_word' id='word_1_553' title='bbox 506 4407 776 4462; x_wconf 81' lang='lat' dir='ltr'><strong>Reddidit.</strong></span> <span class='ocrx_word' id='word_1_554' title='bbox 806 4406 989 4479; x_wconf 67' lang='lat' dir='ltr'><strong>Lugd.</strong></span> <span class='ocrx_word' id='word_1_555' title='bbox 1014 4407 1155 4479; x_wconf 68' lang='lat' dir='ltr'><strong>Bait.</strong></span> <span class='ocrx_word' id='word_1_556' title='bbox 1198 4417 1328 4470; x_wconf 85' lang='lat' dir='ltr'><strong>tres,</strong></span> <span class='ocrx_word' id='word_1_557' title='bbox 1356 4406 1545 4479; x_wconf 82' lang='lat' dir='ltr'><strong>reddit.</strong></span> 
     </span>
    </p>
   </div>
   <div class='ocr_carea' id='block_1_76' title="bbox 425 4476 1557 4550">
    <p class='ocr_par' dir='ltr' id='par_1_76' title="bbox 425 4476 1557 4550">
     <span class='ocr_line' id='line_1_77' title="bbox 425 4476 1557 4550; baseline -0.004 -18"><span class='ocrx_word' id='word_1_558' title='bbox 425 4479 477 4550; x_wconf 65' lang='grc' dir='ltr'><strong>ὅ.</strong></span> <span class='ocrx_word' id='word_1_559' title='bbox 518 4478 786 4550; x_wconf 86' lang='lat' dir='ltr'><strong>_Studeret.</strong></span> <span class='ocrx_word' id='word_1_560' title='bbox 840 4476 1015 4550; x_wconf 81' lang='lat' dir='ltr'><strong>Lugd.</strong></span> <span class='ocrx_word' id='word_1_561' title='bbox 1060 4477 1197 4550; x_wconf 46' lang='lat' dir='ltr'><strong>Bal.</strong></span> <span class='ocrx_word' id='word_1_562' title='bbox 1220 4491 1304 4546; x_wconf 90' lang='lat' dir='ltr'><strong>pr.</strong></span> <span class='ocrx_word' id='word_1_563' title='bbox 1333 4476 1557 4550; x_wconf 77' lang='lat' dir='ltr'><strong>studeat.</strong></span> 
     </span>
    </p>
   </div>
   <div class='ocr_carea' id='block_1_77' title="bbox 423 4546 1937 4619">
    <p class='ocr_par' dir='ltr' id='par_1_77' title="bbox 423 4546 1937 4619">
     <span class='ocr_line' id='line_1_78' title="bbox 423 4546 1937 4619; baseline -0.003 -15"><span class='ocrx_word' id='word_1_564' title='bbox 423 4549 479 4604; x_wconf 78' lang='grc'><strong>4.</strong></span> <span class='ocrx_word' id='word_1_565' title='bbox 504 4548 683 4615; x_wconf 84' lang='lat' dir='ltr'><strong>Illico,</strong></span> <span class='ocrx_word' id='word_1_566' title='bbox 709 4559 763 4603; x_wconf 85' lang='lat' dir='ltr'><strong>ut</strong></span> <span class='ocrx_word' id='word_1_567' title='bbox 793 4546 1061 4619; x_wconf 54' lang='lat' dir='ltr'><strong>liber&#39;fuit.</strong></span> <span class='ocrx_word' id='word_1_568' title='bbox 1086 4546 1221 4603; x_wconf 86' lang='lat' dir='ltr'><strong>Edd.</strong></span> <span class='ocrx_word' id='word_1_569' title='bbox 1248 4547 1496 4617; x_wconf 61' lang='lat' dir='ltr'><strong>quaedam</strong></span> <span class='ocrx_word' id='word_1_570' title='bbox 1529 4555 1685 4612; x_wconf 87' lang='lat' dir='ltr'><strong>vett.,</strong></span> <span class='ocrx_word' id='word_1_571' title='bbox 1711 4557 1765 4600; x_wconf 91' lang='lat' dir='ltr'><strong>ut</strong></span> <span class='ocrx_word' id='word_1_572' title='bbox 1811 4546 1937 4600; x_wconf 82' lang='lat' dir='ltr'><strong>liber</strong></span> 
     </span>
    </p>
   </div>
   <div class='ocr_carea' id='block_1_78' title="bbox 354 4620 1008 4691">
    <p class='ocr_par' dir='ltr' id='par_1_78' title="bbox 354 4620 1008 4691">
     <span class='ocr_line' id='line_1_79' title="bbox 354 4620 1008 4691; baseline -0.005 -16"><span class='ocrx_word' id='word_1_573' title='bbox 354 4620 475 4691; x_wconf 75' lang='lat' dir='ltr'><strong>fuit,</strong></span> <span class='ocrx_word' id='word_1_574' title='bbox 499 4621 638 4677; x_wconf 83' lang='lat' dir='ltr'><strong>illico</strong></span> <span class='ocrx_word' id='word_1_575' title='bbox 657 4621 874 4689; x_wconf 83' lang='lat' dir='ltr'><strong>bellum,</strong></span> <span class='ocrx_word' id='word_1_576' title='bbox 900 4633 1008 4678; x_wconf 85' lang='lat' dir='ltr'><strong>etc.</strong></span> 
     </span>
    </p>
   </div>
   <div class='ocr_carea' id='block_1_79' title="bbox 424 4689 1935 4755">
    <p class='ocr_par' dir='ltr' id='par_1_79' title="bbox 424 4689 1935 4755">
     <span class='ocr_line' id='line_1_80' title="bbox 424 4689 1935 4755; baseline -0.003 -8"><span class='ocrx_word' id='word_1_577' title='bbox 424 4693 479 4747; x_wconf 85' lang='lat'><strong>5.</strong></span> <span class='ocrx_word' id='word_1_578' title='bbox 534 4691 811 4748; x_wconf 84' lang='lat' dir='ltr'><strong>Dicuntur.</strong></span> <span class='ocrx_word' id='word_1_579' title='bbox 859 4692 1063 4748; x_wconf 80' lang='lat' dir='ltr'><strong>Malunt</strong></span> <span class='ocrx_word' id='word_1_580' title='bbox 1108 4689 1214 4747; x_wconf 83' lang='lat' dir='ltr'><strong>hoc</strong></span> <span class='ocrx_word' id='word_1_581' title='bbox 1251 4690 1476 4745; x_wconf 84' lang='lat' dir='ltr'><strong>verbum</strong></span> <span class='ocrx_word' id='word_1_582' title='bbox 1520 4705 1652 4745; x_wconf 89' lang='lat' dir='ltr'><strong>mss.</strong></span> <span class='ocrx_word' id='word_1_583' title='bbox 1702 4700 1935 4755; x_wconf 85' lang='lat' dir='ltr'><strong>omnes;</strong></span> 
     </span>
    </p>
   </div>
   <div class='ocr_carea' id='block_1_80' title="bbox 354 4764 910 4836">
    <p class='ocr_par' dir='ltr' id='par_1_80' title="bbox 354 4764 910 4836">
     <span class='ocr_line' id='line_1_81' title="bbox 354 4764 910 4836; baseline 0.002 -19"><span class='ocrx_word' id='word_1_584' title='bbox 354 4764 558 4836; x_wconf 72' lang='lat' dir='ltr'><strong>vulgg.,</strong></span> <span class='ocrx_word' id='word_1_585' title='bbox 592 4766 910 4836; x_wconf 70' lang='lat' dir='ltr'><strong>referuntur.</strong></span> 
     </span>
    </p>
   </div>
   <div class='ocr_carea' id='block_1_81' title="bbox 425 4833 1592 4907">
    <p class='ocr_par' dir='ltr' id='par_1_81' title="bbox 425 4833 1592 4907">
     <span class='ocr_line' id='line_1_82' title="bbox 425 4833 1592 4907; baseline -0.005 -18"><span class='ocrx_word' id='word_1_586' title='bbox 425 4833 733 4907; x_wconf 54' lang='lat' dir='ltr'><strong>(illjorp&#39;us.</strong></span> <span class='ocrx_word' id='word_1_587' title='bbox 755 4833 1079 4907; x_wconf 83' lang='lat' dir='ltr'><strong>Lugd._Bat.</strong></span> <span class='ocrx_word' id='word_1_588' title='bbox 1132 4848 1238 4907; x_wconf 84' lang='lat' dir='ltr'><strong>p_r.,</strong></span> <span class='ocrx_word' id='word_1_589' title='bbox 1257 4848 1592 4907; x_wconf 74' lang='lat' dir='ltr'><strong>_corpusque.</strong></span> 
     </span>
    </p>
   </div>
   <div class='ocr_carea' id='block_1_82' title="bbox 426 4903 1941 4961">
    <p class='ocr_par' dir='ltr' id='par_1_82' title="bbox 426 4903 1941 4961">
     <span class='ocr_line' id='line_1_83' title="bbox 426 4903 1941 4961; baseline -0.003 -1"><span class='ocrx_word' id='word_1_590' title='bbox 426 4908 479 4960; x_wconf 94' lang='lat'><strong>7.</strong></span> <span class='ocrx_word' id='word_1_591' title='bbox 504 4903 832 4961; x_wconf 71' lang='lat' dir='ltr'><strong>Pharnace»:</strong></span> <span class='ocrx_word' id='word_1_592' title='bbox 850 4903 906 4960; x_wconf 89' lang='lat' dir='ltr'><strong>in</strong></span> <span class='ocrx_word' id='word_1_593' title='bbox 929 4904 1120 4959; x_wconf 89' lang='lat' dir='ltr'><strong>Ponto.</strong></span> <span class='ocrx_word' id='word_1_594' title='bbox 1150 4903 1228 4960; x_wconf 90' lang='lat' dir='ltr'><strong>De</strong></span> <span class='ocrx_word' id='word_1_595' title='bbox 1257 4903 1538 4958; x_wconf 88' lang='lat' dir='ltr'><strong>Pharnace</strong></span> <span class='ocrx_word' id='word_1_596' title='bbox 1561 4909 1618 4956; x_wconf 89' lang='lat' dir='ltr'><strong>et</strong></span> <span class='ocrx_word' id='word_1_597' title='bbox 1640 4915 1700 4955; x_wconf 89' lang='lat' dir='ltr'><strong>re</strong></span> <span class='ocrx_word' id='word_1_598' title='bbox 1722 4915 1843 4955; x_wconf 91' lang='lat' dir='ltr'><strong>cum</strong></span> <span class='ocrx_word' id='word_1_599' title='bbox 1874 4914 1941 4955; x_wconf 90' lang='lat' dir='ltr'><strong>eo</strong></span> 
     </span>
    </p>
   </div>
   <div class='ocr_carea' id='block_1_83' title="bbox 352 4972 1935 5104">
    <p class='ocr_par' dir='ltr' id='par_1_83' title="bbox 352 4972 1935 5104">
     <span class='ocr_line' id='line_1_84' title="bbox 352 4972 1935 5104; baseline -0.005 -71"><span class='ocrx_word' id='word_1_600' title='bbox 352 4987 524 5104; x_wconf 51' lang='lat' dir='ltr'><strong>gesta,</strong></span> <span class='ocrx_word' id='word_1_601' title='bbox 577 4978 714 5033; x_wconf 84' lang='lat' dir='ltr'><strong>Hirt.</strong></span> <span class='ocrx_word' id='word_1_602' title='bbox 762 4976 831 5035; x_wconf 87' lang='lat' dir='ltr'><strong>de</strong></span> <span class='ocrx_word' id='word_1_603' title='bbox 881 4976 994 5033; x_wconf 85' lang='lat' dir='ltr'><strong>bel.</strong></span> <span class='ocrx_word' id='word_1_604' title='bbox 1045 4976 1228 5043; x_wconf 83' lang='lat' dir='ltr'><strong>Alex.,</strong></span> <span class='ocrx_word' id='word_1_605' title='bbox 1264 4974 1361 5031; x_wconf 91' lang='lat' dir='ltr'><strong>Dio</strong></span> <span class='ocrx_word' id='word_1_606' title='bbox 1410 4974 1506 5028; x_wconf 88' lang='lat' dir='ltr'><strong>lib.</strong></span> <span class='ocrx_word' id='word_1_607' title='bbox 1554 4987 1689 5039; x_wconf 73' lang='lat' dir='ltr'><strong>nn,</strong></span> <span class='ocrx_word' id='word_1_608' title='bbox 1730 4980 1784 5025; x_wconf 90' lang='lat' dir='ltr'><strong>ct</strong></span> <span class='ocrx_word' id='word_1_609' title='bbox 1820 4972 1935 5026; x_wconf 87' lang='lat' dir='ltr'><strong>alii.</strong></span> 
     </span>
     <span class='ocr_line' id='line_1_85' title="bbox 399 5065 1797 5104; baseline -0.019 1"><span class='ocrx_word' id='word_1_610' title='bbox 399 5065 520 5104; x_wconf 73' lang='lat' dir='ltr'><strong>ann.</strong></span> <span class='ocrx_word' id='word_1_611' title='bbox 1796 5076 1797 5079; x_wconf 44' lang='grc' dir='ltr'><strong>η</strong></span> 
     </span>
    </p>
   </div>
   <div class='ocr_carea' id='block_1_84' title="bbox 399 5065 1797 5105">
    <p class='ocr_par' dir='ltr' id='par_1_84' title="bbox 399 5065 1797 5105">
     <span class='ocr_line' id='line_1_86' title="bbox 399 5065 1797 5105; baseline 0.001 -1"><span class='ocrx_word' id='word_1_612' title='bbox 399 5065 520 5105; x_wconf 68' lang='lat' dir='ltr'><strong>ABR.</strong></span> <span class='ocrx_word' id='word_1_613' title='bbox 1796 5076 1797 5079; x_wconf 83' lang='lat'>‘</span> 
     </span>
    </p>
   </div>
   <div class='ocr_carea' id='block_1_85' title="bbox 425 5113 1940 5179">
    <p class='ocr_par' dir='ltr' id='par_1_85' title="bbox 425 5113 1940 5179">
     <span class='ocr_line' id='line_1_87' title="bbox 425 5113 1940 5179; baseline -0.005 -4"><span class='ocrx_word' id='word_1_614' title='bbox 425 5121 480 5176; x_wconf 89' lang='lat'><strong>8.</strong></span> <span class='ocrx_word' id='word_1_615' title='bbox 514 5120 748 5175; x_wconf 87' lang='lat' dir='ltr'><strong>Dictator</strong></span> <span class='ocrx_word' id='word_1_616' title='bbox 768 5129 815 5173; x_wconf 90' lang='lat' dir='ltr'><strong>et</strong></span> <span class='ocrx_word' id='word_1_617' title='bbox 837 5119 1037 5174; x_wconf 81' lang='lat' dir='ltr'><strong>consul.</strong></span> <span class='ocrx_word' id='word_1_618' title='bbox 1066 5116 1311 5179; x_wconf 86' lang='lat' dir='ltr'><strong>Orosius,</strong></span> <span class='ocrx_word' id='word_1_619' title='bbox 1347 5125 1562 5171; x_wconf 69' lang='lat' dir='ltr'><strong>secutus</strong></span> <span class='ocrx_word' id='word_1_620' title='bbox 1583 5113 1821 5170; x_wconf 79' lang='lat' dir='ltr'><strong>fortasse</strong></span> <span class='ocrx_word' id='word_1_621' title='bbox 1850 5113 1940 5168; x_wconf 90' lang='lat' dir='ltr'><strong>Li-</strong></span> 
     </span>
    </p>
   </div>
   <div class='ocr_carea' id='block_1_86' title="bbox 357 5185 1935 5261">
    <p class='ocr_par' dir='ltr' id='par_1_86' title="bbox 357 5185 1935 5261">
     <span class='ocr_line' id='line_1_88' title="bbox 357 5185 1935 5261; baseline -0.005 -15"><span class='ocrx_word' id='word_1_622' title='bbox 357 5191 531 5259; x_wconf 86' lang='lat' dir='ltr'><strong>vium,</strong></span> <span class='ocrx_word' id='word_1_623' title='bbox 566 5192 654 5247; x_wconf 89' lang='lat' dir='ltr'><strong>hic</strong></span> <span class='ocrx_word' id='word_1_624' title='bbox 673 5201 859 5261; x_wconf 83' lang='lat' dir='ltr'><strong>aperte</strong></span> <span class='ocrx_word' id='word_1_625' title='bbox 890 5190 1162 5246; x_wconf 67' lang='lat' dir='ltr'><strong>Caesarem</strong></span> <span class='ocrx_word' id='word_1_626' title='bbox 1186 5186 1371 5261; x_wconf 30' lang='lat' dir='ltr'><strong>anuli.</strong></span> <span class='ocrx_word' id='word_1_627' title='bbox 1406 5202 1581 5243; x_wconf 84' lang='lat' dir='ltr'><strong>nccvtt</strong></span> <span class='ocrx_word' id='word_1_628' title='bbox 1613 5185 1935 5261; x_wconf 71' lang='lat' dir='ltr'><strong>dictatorern</strong></span> 
     </span>
    </p>
   </div>
   <div class='ocr_carea' id='block_1_87' title="bbox 352 5255 1936 5329">
    <p class='ocr_par' dir='ltr' id='par_1_87' title="bbox 352 5255 1936 5329">
     <span class='ocr_line' id='line_1_89' title="bbox 352 5255 1936 5329; baseline -0.003 -13"><span class='ocrx_word' id='word_1_629' title='bbox 352 5270 409 5317; x_wconf 88' lang='lat' dir='ltr'><strong>et</strong></span> <span class='ocrx_word' id='word_1_630' title='bbox 436 5255 721 5319; x_wconf 82' lang='lat' dir='ltr'><strong>consulem</strong></span> <span class='ocrx_word' id='word_1_631' title='bbox 747 5278 803 5318; x_wconf 88' lang='lat' dir='ltr'><strong>tu</strong></span> <span class='ocrx_word' id='word_1_632' title='bbox 830 5273 1074 5318; x_wconf 88' lang='lat' dir='ltr'><strong>creatum</strong></span> <span class='ocrx_word' id='word_1_633' title='bbox 1107 5259 1347 5315; x_wconf 87' lang='lat' dir='ltr'><strong>ostendit</strong></span> <span class='ocrx_word' id='word_1_634' title='bbox 1374 5277 1385 5310; x_wconf 87' lang='lat'>:</span> <span class='ocrx_word' id='word_1_635' title='bbox 1421 5258 1669 5329; x_wconf 88' lang='lat' dir='ltr'><strong>quamvis</strong></span> <span class='ocrx_word' id='word_1_636' title='bbox 1698 5255 1811 5310; x_wconf 75' lang='lat' dir='ltr'><strong>ltzcc</strong></span> <span class='ocrx_word' id='word_1_637' title='bbox 1856 5255 1936 5313; x_wconf 85' lang='lat' dir='ltr'><strong>di-</strong></span> 
     </span>
    </p>
   </div>
   <div class='ocr_carea' id='block_1_88' title="bbox 351 5329 1934 5398">
    <p class='ocr_par' dir='ltr' id='par_1_88' title="bbox 351 5329 1934 5398">
     <span class='ocr_line' id='line_1_90' title="bbox 351 5329 1934 5398; baseline -0.004 -9"><span class='ocrx_word' id='word_1_638' title='bbox 351 5341 563 5389; x_wconf 81' lang='lat' dir='ltr'><strong>ctatura</strong></span> <span class='ocrx_word' id='word_1_639' title='bbox 592 5351 697 5389; x_wconf 87' lang='lat' dir='ltr'><strong>non</strong></span> <span class='ocrx_word' id='word_1_640' title='bbox 731 5348 924 5388; x_wconf 85' lang='lat' dir='ltr'><strong>onmcs</strong></span> <span class='ocrx_word' id='word_1_641' title='bbox 948 5331 1185 5387; x_wconf 81' lang='lat' dir='ltr'><strong>Annales</strong></span> <span class='ocrx_word' id='word_1_642' title='bbox 1211 5329 1571 5398; x_wconf 78' lang='lat' dir='ltr'><strong>sull‘ragautes</strong></span> <span class='ocrx_word' id='word_1_643' title='bbox 1596 5329 1810 5393; x_wconf 85' lang='lat' dir='ltr'><strong>haheat,</strong></span> <span class='ocrx_word' id='word_1_644' title='bbox 1831 5342 1934 5398; x_wconf 90' lang='lat' dir='ltr'><strong>qua</strong></span> 
     </span>
    </p>
   </div>
   <div class='ocr_carea' id='block_1_89' title="bbox 350 5400 1933 5477">
    <p class='ocr_par' dir='ltr' id='par_1_89' title="bbox 350 5400 1933 5477">
     <span class='ocr_line' id='line_1_91' title="bbox 350 5400 1933 5477; baseline -0.004 -18"><span class='ocrx_word' id='word_1_645' title='bbox 350 5404 423 5477; x_wconf 62' lang='lat' dir='ltr'><strong>de</strong></span> <span class='ocrx_word' id='word_1_646' title='bbox 453 5421 511 5460; x_wconf 87' lang='lat' dir='ltr'><strong>re</strong></span> <span class='ocrx_word' id='word_1_647' title='bbox 529 5404 858 5477; x_wconf 13' lang='lat' dir='ltr'><strong>Sigonius‘in</strong></span> <span class='ocrx_word' id='word_1_648' title='bbox 886 5403 1080 5458; x_wconf 83' lang='lat' dir='ltr'><strong>Fastis.</strong></span> <span class='ocrx_word' id='word_1_649' title='bbox 1105 5400 1351 5477; x_wconf 51' lang='lat' dir='ltr'><strong>Depelle</strong></span> <span class='ocrx_word' id='word_1_650' title='bbox 1367 5400 1547 5472; x_wconf 81' lang='lat' dir='ltr'><strong>Africo</strong></span> <span class='ocrx_word' id='word_1_651' title='bbox 1575 5407 1755 5456; x_wconf 76' lang='lat' dir='ltr'><strong>exstat</strong></span> <span class='ocrx_word' id='word_1_652' title='bbox 1780 5400 1933 5477; x_wconf 80' lang='lat' dir='ltr'><strong>llirtii</strong></span> 
     </span>
    </p>
   </div>
   <div class='ocr_carea' id='block_1_90' title="bbox 344 5471 1936 5543">
    <p class='ocr_par' dir='ltr' id='par_1_90' title="bbox 344 5471 1936 5543">
     <span class='ocr_line' id='line_1_92' title="bbox 344 5471 1936 5543; baseline -0.003 -14"><span class='ocrx_word' id='word_1_653' title='bbox 344 5474 562 5531; x_wconf 83' lang='lat' dir='ltr'><strong>Comm.</strong></span> <span class='ocrx_word' id='word_1_654' title='bbox 593 5471 668 5532; x_wconf 66' lang='lat' dir='ltr'><strong>lie</strong></span> <span class='ocrx_word' id='word_1_655' title='bbox 694 5475 884 5531; x_wconf 89' lang='lat' dir='ltr'><strong>eodem</strong></span> <span class='ocrx_word' id='word_1_656' title='bbox 908 5487 1101 5529; x_wconf 89' lang='lat' dir='ltr'><strong>omnes</strong></span> <span class='ocrx_word' id='word_1_657' title='bbox 1124 5472 1215 5527; x_wconf 89' lang='lat' dir='ltr'><strong>alii</strong></span> <span class='ocrx_word' id='word_1_658' title='bbox 1246 5472 1771 5543; x_wconf 63' lang='lat' dir='ltr'><strong>scriptorcs;_quarc</strong></span> <span class='ocrx_word' id='word_1_659' title='bbox 1801 5471 1853 5526; x_wconf 90' lang='lat' dir='ltr'><strong>in</strong></span> <span class='ocrx_word' id='word_1_660' title='bbox 1875 5484 1936 5525; x_wconf 84' lang='lat' dir='ltr'><strong>re</strong></span> 
     </span>
    </p>
   </div>
   <div class='ocr_carea' id='block_1_91' title="bbox 351 5541 1735 5615">
    <p class='ocr_par' dir='ltr' id='par_1_91' title="bbox 351 5541 1735 5615">
     <span class='ocr_line' id='line_1_93' title="bbox 351 5541 1735 5615; baseline -0.006 -14"><span class='ocrx_word' id='word_1_661' title='bbox 351 5556 541 5615; x_wconf 80' lang='lat' dir='ltr'><strong>aperta</strong></span> <span class='ocrx_word' id='word_1_662' title='bbox 573 5550 772 5603; x_wconf 89' lang='lat' dir='ltr'><strong>nostris</strong></span> <span class='ocrx_word' id='word_1_663' title='bbox 805 5546 981 5602; x_wconf 81' lang='lat' dir='ltr'><strong>verbis</strong></span> <span class='ocrx_word' id='word_1_664' title='bbox 1006 5544 1232 5601; x_wconf 89' lang='lat' dir='ltr'><strong>minime</strong></span> <span class='ocrx_word' id='word_1_665' title='bbox 1258 5541 1395 5613; x_wconf 82' lang='lat' dir='ltr'><strong>Opus</strong></span> <span class='ocrx_word' id='word_1_666' title='bbox 1426 5552 1547 5615; x_wconf 81' lang='lat' dir='ltr'><strong>est.</strong></span> <span class='ocrx_word' id='word_1_667' title='bbox 1567 5541 1735 5615; x_wconf 63' lang='lat' dir='ltr'><strong>Esau.</strong></span> 
     </span>
    </p>
   </div>
   <div class='ocr_carea' id='block_1_92' title="bbox 350 5612 1935 5745">
    <p class='ocr_par' dir='ltr' id='par_1_92' title="bbox 350 5612 1935 5745">
     <span class='ocr_line' id='line_1_94' title="bbox 388 5612 1935 5692; baseline -0.005 -19"><span class='ocrx_word' id='word_1_668' title='bbox 388 5612 652 5674; x_wconf 37' lang='lat' dir='ltr'><strong>’9.Juba.</strong></span> <span class='ocrx_word' id='word_1_669' title='bbox 684 5618 854 5692; x_wconf 86' lang='lat' dir='ltr'><strong>Lugd.</strong></span> <span class='ocrx_word' id='word_1_670' title='bbox 887 5616 1002 5671; x_wconf 86' lang='lat' dir='ltr'><strong>Bat.</strong></span> <span class='ocrx_word' id='word_1_671' title='bbox 1038 5624 1199 5687; x_wconf 85' lang='lat' dir='ltr'><strong>pr.et</strong></span> <span class='ocrx_word' id='word_1_672' title='bbox 1220 5612 1343 5670; x_wconf 87' lang='lat' dir='ltr'><strong>tert.</strong></span> <span class='ocrx_word' id='word_1_673' title='bbox 1364 5632 1482 5670; x_wconf 85' lang='lat' dir='ltr'><strong>cum</strong></span> <span class='ocrx_word' id='word_1_674' title='bbox 1512 5612 1935 5675; x_wconf 74' lang='lat' dir='ltr'><strong>(loll.Gronov.,</strong></span> 
     </span>
     <span class='ocr_line' id='line_1_95' title="bbox 350 5686 1200 5745; baseline 0 0"><span class='ocrx_word' id='word_1_675' title='bbox 350 5686 491 5745; x_wconf 72' lang='lat' dir='ltr'><strong>Juba</strong></span> <span class='ocrx_word' id='word_1_676' title='bbox 516 5707 625 5745; x_wconf 71' lang='lat' dir='ltr'><strong>rex.</strong></span> <span class='ocrx_word' id='word_1_677' title='bbox 1177 5694 1200 5718; x_wconf 77' lang='grc'><strong>⁸</strong></span> 
     </span>
    </p>
   </div>
   <div class='ocr_carea' id='block_1_93' title="bbox 516 5694 1200 5747">
    <p class='ocr_par' dir='ltr' id='par_1_93' title="bbox 516 5694 1200 5747">
     <span class='ocr_line' id='line_1_96' title="bbox 516 5694 1200 5747; baseline 0 -1"><span class='ocrx_word' id='word_1_678' title='bbox 516 5707 625 5747; x_wconf 70' lang='lat' dir='ltr'><strong>rex.</strong></span> <span class='ocrx_word' id='word_1_679' title='bbox 1177 5694 1200 5718; x_wconf 80' lang='grc'><strong>⁸</strong></span> 
     </span>
    </p>
   </div>
   <div class='ocr_carea' id='block_1_94' title="bbox 428 5754 1938 5818">
    <p class='ocr_par' dir='ltr' id='par_1_94' title="bbox 428 5754 1938 5818">
     <span class='ocr_line' id='line_1_97' title="bbox 428 5754 1938 5818; baseline -0.005 -3"><span class='ocrx_word' id='word_1_680' title='bbox 428 5761 512 5816; x_wconf 86' lang='grc'><strong>10.</strong></span> <span class='ocrx_word' id='word_1_681' title='bbox 567 5761 892 5818; x_wconf 79' lang='lat' dir='ltr'><strong>Pcrcussori.</strong></span> <span class='ocrx_word' id='word_1_682' title='bbox 950 5759 1052 5814; x_wconf 86' lang='lat' dir='ltr'><strong>Dio</strong></span> <span class='ocrx_word' id='word_1_683' title='bbox 1108 5755 1517 5814; x_wconf 76' lang='lat' dir='ltr'><strong>scribitlubam</strong></span> <span class='ocrx_word' id='word_1_684' title='bbox 1569 5772 1690 5813; x_wconf 84' lang='lat' dir='ltr'><strong>cunt</strong></span> <span class='ocrx_word' id='word_1_685' title='bbox 1723 5754 1938 5811; x_wconf 77' lang='lat' dir='ltr'><strong>Petreio</strong></span> 
     </span>
    </p>
   </div>
   <div class='ocr_carea' id='block_1_95' title="bbox 1975 3192 3649 3324">
    <p class='ocr_par' dir='ltr' id='par_1_95' title="bbox 1975 3192 3649 3324">
     <span class='ocr_line' id='line_1_98' title="bbox 1975 3192 3649 3267; baseline 0.004 -18"><span class='ocrx_word' id='word_1_686' title='bbox 1975 3200 2021 3265; x_wconf 75' lang='grc' dir='ltr'>ρ</span> <span class='ocrx_word' id='word_1_687' title='bbox 2053 3192 2204 3251; x_wconf 80' lang='lat' dir='ltr'><strong>ferro</strong></span> <span class='ocrx_word' id='word_1_688' title='bbox 2232 3208 2616 3265; x_wconf 86' lang='lat' dir='ltr'><strong>congressum,</strong></span> <span class='ocrx_word' id='word_1_689' title='bbox 2646 3203 2808 3263; x_wconf 81' lang='lat' dir='ltr'><strong>atque</strong></span> <span class='ocrx_word' id='word_1_690' title='bbox 2833 3194 2904 3251; x_wconf 88' lang='lat' dir='ltr'><strong>ita</strong></span> <span class='ocrx_word' id='word_1_691' title='bbox 2936 3204 3113 3251; x_wconf 90' lang='lat' dir='ltr'><strong>utrum</strong></span> <span class='ocrx_word' id='word_1_692' title='bbox 3159 3213 3227 3253; x_wconf 89' lang='lat' dir='ltr'><strong>ue</strong></span> <span class='ocrx_word' id='word_1_693' title='bbox 3246 3196 3500 3267; x_wconf 89' lang='lat' dir='ltr'><strong>periisse.</strong></span> <span class='ocrx_word' id='word_1_694' title='bbox 3520 3200 3649 3260; x_wconf 78' lang='lat' dir='ltr'><strong>Flo-</strong></span> 
     </span>
     <span class='ocr_line' id='line_1_99' title="bbox 2054 3211 3649 3324; baseline 0.003 -4"><span class='ocrx_word' id='word_1_695' title='bbox 2054 3281 2146 3321; x_wconf 90' lang='lat' dir='ltr'><strong>rus</strong></span> <span class='ocrx_word' id='word_1_696' title='bbox 2173 3266 2336 3323; x_wconf 89' lang='lat' dir='ltr'><strong>tradit</strong></span> <span class='ocrx_word' id='word_1_697' title='bbox 2364 3264 2630 3320; x_wconf 87' lang='lat' dir='ltr'><strong>Petreium</strong></span> <span class='ocrx_word' id='word_1_698' title='bbox 2674 3278 2837 3324; x_wconf 85' lang='lat' dir='ltr'><strong>suuer</strong></span> <span class='ocrx_word' id='word_1_699' title='bbox 2872 3279 3090 3322; x_wconf 87' lang='lat' dir='ltr'><strong>mensas</strong></span> <span class='ocrx_word' id='word_1_700' title='bbox 3119 3211 3324 3324; x_wconf 61' lang='lat' dir='ltr'><strong>(iubant</strong></span> <span class='ocrx_word' id='word_1_701' title='bbox 3366 3279 3417 3324; x_wconf 92' lang='lat' dir='ltr'><strong>et</strong></span> <span class='ocrx_word' id='word_1_702' title='bbox 3459 3285 3520 3324; x_wconf 90' lang='lat' dir='ltr'><strong>se</strong></span> <span class='ocrx_word' id='word_1_703' title='bbox 3569 3274 3649 3324; x_wconf 83' lang='lat' dir='ltr'><strong>in-</strong></span> 
     </span>
    </p>
   </div>
   <div class='ocr_carea' id='block_1_96' title="bbox 2054 3264 3649 3331">
    <p class='ocr_par' dir='ltr' id='par_1_96' title="bbox 2054 3264 3649 3331">
     <span class='ocr_line' id='line_1_100' title="bbox 2054 3264 3649 3331; baseline 0.004 -11"><span class='ocrx_word' id='word_1_704' title='bbox 2054 3281 2146 3321; x_wconf 90' lang='lat' dir='ltr'><strong>rus</strong></span> <span class='ocrx_word' id='word_1_705' title='bbox 2173 3264 2630 3323; x_wconf 32' lang='lat' dir='ltr'><strong>tradit’Petreium</strong></span> <span class='ocrx_word' id='word_1_706' title='bbox 2674 3278 2837 3329; x_wconf 86' lang='lat' dir='ltr'><strong>super</strong></span> <span class='ocrx_word' id='word_1_707' title='bbox 2872 3279 3090 3322; x_wconf 87' lang='lat' dir='ltr'><strong>mensas</strong></span> <span class='ocrx_word' id='word_1_708' title='bbox 3130 3264 3324 3329; x_wconf 80' lang='lat' dir='ltr'><strong>Jubant</strong></span> <span class='ocrx_word' id='word_1_709' title='bbox 3366 3279 3417 3324; x_wconf 92' lang='lat' dir='ltr'><strong>et</strong></span> <span class='ocrx_word' id='word_1_710' title='bbox 3459 3285 3520 3327; x_wconf 90' lang='lat' dir='ltr'><strong>se</strong></span> <span class='ocrx_word' id='word_1_711' title='bbox 3569 3274 3649 3331; x_wconf 86' lang='lat' dir='ltr'><strong>in-</strong></span> 
     </span>
    </p>
   </div>
   <div class='ocr_carea' id='block_1_97' title="bbox 2054 3335 3644 3409">
    <p class='ocr_par' dir='ltr' id='par_1_97' title="bbox 2054 3335 3644 3409">
     <span class='ocr_line' id='line_1_101' title="bbox 2054 3335 3644 3409; baseline 0.006 -18"><span class='ocrx_word' id='word_1_712' title='bbox 2054 3336 2359 3409; x_wconf 75' lang='lat' dir='ltr'><strong>terfecisse.</strong></span> <span class='ocrx_word' id='word_1_713' title='bbox 2387 3336 2467 3393; x_wconf 88' lang='lat' dir='ltr'><strong>De</strong></span> <span class='ocrx_word' id='word_1_714' title='bbox 2510 3335 2787 3409; x_wconf 61' lang='lat' dir='ltr'><strong>Scipionis</strong></span> <span class='ocrx_word' id='word_1_715' title='bbox 2834 3336 3054 3393; x_wconf 89' lang='lat' dir='ltr'><strong>interitu</strong></span> <span class='ocrx_word' id='word_1_716' title='bbox 3105 3350 3303 3409; x_wconf 59' lang='lat' dir='ltr'><strong>praeter</strong></span> <span class='ocrx_word' id='word_1_717' title='bbox 3354 3338 3644 3401; x_wconf 85' lang='lat' dir='ltr'><strong>historicos</strong></span> 
     </span>
    </p>
   </div>
   <div class='ocr_carea' id='block_1_98' title="bbox 2049 3406 2888 3475">
    <p class='ocr_par' dir='ltr' id='par_1_98' title="bbox 2049 3406 2888 3475">
     <span class='ocr_line' id='line_1_102' title="bbox 2049 3406 2888 3475; baseline 0 -12"><span class='ocrx_word' id='word_1_718' title='bbox 2049 3407 2256 3464; x_wconf 88' lang='lat' dir='ltr'><strong>Seneca</strong></span> <span class='ocrx_word' id='word_1_719' title='bbox 2288 3409 2384 3464; x_wconf 91' lang='lat' dir='ltr'><strong>lib.</strong></span> <span class='ocrx_word' id='word_1_720' title='bbox 2428 3423 2487 3464; x_wconf 88' lang='grc' dir='ltr'><strong>ιιι</strong></span> <span class='ocrx_word' id='word_1_721' title='bbox 2516 3407 2691 3475; x_wconf 83' lang='lat' dir='ltr'><strong>Epist.</strong></span> <span class='ocrx_word' id='word_1_722' title='bbox 2723 3406 2888 3463; x_wconf 72' lang='lat' dir='ltr'><strong>Pun.</strong></span> 
     </span>
    </p>
   </div>
   <div class='ocr_carea' id='block_1_99' title="bbox 2126 3478 3641 3549">
    <p class='ocr_par' dir='ltr' id='par_1_99' title="bbox 2126 3478 3641 3549">
     <span class='ocr_line' id='line_1_103' title="bbox 2126 3478 3641 3549; baseline 0.005 -15"><span class='ocrx_word' id='word_1_723' title='bbox 2126 3479 2212 3534; x_wconf 84' lang='grc'><strong>11.</strong></span> <span class='ocrx_word' id='word_1_724' title='bbox 2262 3479 2438 3535; x_wconf 83' lang='lat' dir='ltr'><strong>Pretio</strong></span> <span class='ocrx_word' id='word_1_725' title='bbox 2470 3481 2612 3533; x_wconf 84' lang='lat' dir='ltr'><strong>dato.</strong></span> <span class='ocrx_word' id='word_1_726' title='bbox 2660 3478 2890 3549; x_wconf 84' lang='lat' dir='ltr'><strong>Egregia</strong></span> <span class='ocrx_word' id='word_1_727' title='bbox 2934 3489 3019 3537; x_wconf 92' lang='lat' dir='ltr'><strong>est</strong></span> <span class='ocrx_word' id='word_1_728' title='bbox 3051 3481 3368 3541; x_wconf 87' lang='lat' dir='ltr'><strong>emendatio</strong></span> <span class='ocrx_word' id='word_1_729' title='bbox 3411 3488 3641 3543; x_wconf 85' lang='lat' dir='ltr'><strong>Rubenii</strong></span> 
     </span>
    </p>
   </div>
   <div class='ocr_carea' id='block_1_100' title="bbox 2051 3548 3641 3624">
    <p class='ocr_par' dir='ltr' id='par_1_100' title="bbox 2051 3548 3641 3624">
     <span class='ocr_line' id='line_1_104' title="bbox 2051 3548 3641 3624; baseline 0.007 -21"><span class='ocrx_word' id='word_1_730' title='bbox 2051 3548 2226 3624; x_wconf 84' lang='lat' dir='ltr'><strong>Elect.</strong></span> <span class='ocrx_word' id='word_1_731' title='bbox 2261 3566 2300 3624; x_wconf 79' lang='grc' dir='ltr'>ι,</span> <span class='ocrx_word' id='word_1_732' title='bbox 2335 3550 2422 3624; x_wconf 74' lang='lat' dir='ltr'><strong>1Q,</strong></span> <span class='ocrx_word' id='word_1_733' title='bbox 2458 3548 2723 3624; x_wconf 61' lang='lat' dir='ltr'><strong>Petreio.</strong></span> <span class='ocrx_word' id='word_1_734' title='bbox 2759 3548 2951 3624; x_wconf 76' lang='lat' dir='ltr'><strong>Neque</strong></span> <span class='ocrx_word' id='word_1_735' title='bbox 2994 3551 3203 3624; x_wconf 84' lang='lat' dir='ltr'><strong>dubito,</strong></span> <span class='ocrx_word' id='word_1_736' title='bbox 3249 3556 3378 3624; x_wconf 86' lang='lat' dir='ltr'><strong>quin</strong></span> <span class='ocrx_word' id='word_1_737' title='bbox 3411 3560 3641 3614; x_wconf 82' lang='lat' dir='ltr'><strong>Orosius</strong></span> 
     </span>
    </p>
   </div>
   <div class='ocr_carea' id='block_1_101' title="bbox 2048 3618 3637 3699">
    <p class='ocr_par' dir='ltr' id='par_1_101' title="bbox 2048 3618 3637 3699">
     <span class='ocr_line' id='line_1_105' title="bbox 2048 3618 3637 3699; baseline 0.007 -26"><span class='ocrx_word' id='word_1_738' title='bbox 2048 3618 2511 3699; x_wconf 70' lang='lat' dir='ltr'><strong>scripse_rit.&#39;.l_uo_n</strong></span> <span class='ocrx_word' id='word_1_739' title='bbox 2542 3621 2832 3699; x_wconf 67' lang='lat' dir='ltr'><strong>percussori</strong></span> <span class='ocrx_word' id='word_1_740' title='bbox 2862 3618 3111 3699; x_wconf 69' lang='lat' dir='ltr'><strong>jugulum</strong></span> <span class='ocrx_word' id='word_1_741' title='bbox 3153 3618 3361 3680; x_wconf 66' lang='lat' dir='ltr'><strong>Petreio</strong></span> <span class='ocrx_word' id='word_1_742' title='bbox 3400 3629 3637 3699; x_wconf 78' lang='lat' dir='ltr'><strong>prwbuit.</strong></span> 
     </span>
    </p>
   </div>
   <div class='ocr_carea' id='block_1_102' title="bbox 2046 3690 3638 3763">
    <p class='ocr_par' dir='ltr' id='par_1_102' title="bbox 2046 3690 3638 3763">
     <span class='ocr_line' id='line_1_106' title="bbox 2046 3690 3638 3763; baseline 0.006 -18"><span class='ocrx_word' id='word_1_743' title='bbox 2046 3690 2202 3759; x_wconf 80' lang='lat' dir='ltr'><strong>Nam,</strong></span> <span class='ocrx_word' id='word_1_744' title='bbox 2222 3694 2265 3747; x_wconf 92' lang='lat' dir='ltr'><strong>si</strong></span> <span class='ocrx_word' id='word_1_745' title='bbox 2285 3692 2609 3748; x_wconf 90' lang='lat' dir='ltr'><strong>credidisset</strong></span> <span class='ocrx_word' id='word_1_746' title='bbox 2629 3692 2852 3763; x_wconf 73' lang='lat' dir='ltr'><strong>orosius</strong></span> <span class='ocrx_word' id='word_1_747' title='bbox 2865 3690 3052 3762; x_wconf 84' lang='lat' dir='ltr'><strong>pretio</strong></span> <span class='ocrx_word' id='word_1_748' title='bbox 3073 3693 3220 3759; x_wconf 86' lang='lat' dir='ltr'><strong>dato,</strong></span> <span class='ocrx_word' id='word_1_749' title='bbox 3252 3711 3281 3748; x_wconf 93' lang='lat' dir='ltr'><strong>a</strong></span> <span class='ocrx_word' id='word_1_750' title='bbox 3312 3690 3638 3763; x_wconf 71' lang='lat' dir='ltr'><strong>percussore</strong></span> 
     </span>
    </p>
   </div>
   <div class='ocr_carea' id='block_1_103' title="bbox 2048 3760 3642 3834">
    <p class='ocr_par' dir='ltr' id='par_1_103' title="bbox 2048 3760 3642 3834">
     <span class='ocr_line' id='line_1_107' title="bbox 2048 3760 3642 3834; baseline 0.004 -17"><span class='ocrx_word' id='word_1_751' title='bbox 2048 3764 2237 3834; x_wconf 75' lang='lat' dir='ltr'><strong>nescio</strong></span> <span class='ocrx_word' id='word_1_752' title='bbox 2262 3777 2394 3833; x_wconf 92' lang='lat' dir='ltr'><strong>quo,</strong></span> <span class='ocrx_word' id='word_1_753' title='bbox 2422 3763 2660 3818; x_wconf 83' lang='lat' dir='ltr'><strong>occisum</strong></span> <span class='ocrx_word' id='word_1_754' title='bbox 2682 3760 2901 3834; x_wconf 70' lang='lat' dir='ltr'><strong>Iubam,</strong></span> <span class='ocrx_word' id='word_1_755' title='bbox 2934 3764 3248 3834; x_wconf 79' lang='lat' dir='ltr'><strong>scripsisset</strong></span> <span class='ocrx_word' id='word_1_756' title='bbox 3270 3760 3324 3820; x_wconf 79' lang='lat' dir='ltr'><strong>ili</strong></span> <span class='ocrx_word' id='word_1_757' title='bbox 3366 3773 3642 3834; x_wconf 76' lang='lat' dir='ltr'><strong>sequenti-</strong></span> 
     </span>
    </p>
   </div>
   <div class='ocr_carea' id='block_1_104' title="bbox 2047 3831 3638 3905">
    <p class='ocr_par' dir='ltr' id='par_1_104' title="bbox 2047 3831 3638 3905">
     <span class='ocr_line' id='line_1_108' title="bbox 2047 3831 3638 3905; baseline 0.007 -20"><span class='ocrx_word' id='word_1_758' title='bbox 2047 3831 2170 3905; x_wconf 85' lang='lat' dir='ltr'><strong>bus,</strong></span> <span class='ocrx_word' id='word_1_759' title='bbox 2198 3831 2437 3905; x_wconf 72' lang='lat' dir='ltr'><strong>Petreius</strong></span> <span class='ocrx_word' id='word_1_760' title='bbox 2461 3850 2554 3887; x_wconf 85' lang='lat' dir='ltr'><strong>suo</strong></span> <span class='ocrx_word' id='word_1_761' title='bbox 2575 3848 2629 3886; x_wconf 79' lang='lat' dir='ltr'><strong>se</strong></span> <span class='ocrx_word' id='word_1_762' title='bbox 2668 3832 2846 3905; x_wconf 78' lang='lat' dir='ltr'><strong>gladio</strong></span> <span class='ocrx_word' id='word_1_763' title='bbox 2883 3831 3131 3905; x_wconf 78' lang='lat' dir='ltr'><strong>perfodit.</strong></span> <span class='ocrx_word' id='word_1_764' title='bbox 3165 3833 3343 3904; x_wconf 88' lang='lat' dir='ltr'><strong>Nunc,</strong></span> <span class='ocrx_word' id='word_1_765' title='bbox 3381 3831 3638 3905; x_wconf 72' lang='lat' dir='ltr'><strong>quoniam</strong></span> 
     </span>
    </p>
   </div>
   <div class='ocr_carea' id='block_1_105' title="bbox 2046 3901 3634 3980">
    <p class='ocr_par' dir='ltr' id='par_1_105' title="bbox 2046 3901 3634 3980">
     <span class='ocr_line' id='line_1_109' title="bbox 2046 3901 3634 3980; baseline 0.008 -23"><span class='ocrx_word' id='word_1_766' title='bbox 2046 3902 2177 3959; x_wconf 93' lang='lat' dir='ltr'><strong>dicit</strong></span> <span class='ocrx_word' id='word_1_767' title='bbox 2204 3904 2407 3980; x_wconf 76' lang='lat' dir='ltr'><strong>eodem,</strong></span> <span class='ocrx_word' id='word_1_768' title='bbox 2431 3901 2740 3980; x_wconf 79' lang='lat' dir='ltr'><strong>necessario</strong></span> <span class='ocrx_word' id='word_1_769' title='bbox 2756 3901 2987 3980; x_wconf 73' lang='lat' dir='ltr'><strong>intelligi</strong></span> <span class='ocrx_word' id='word_1_770' title='bbox 3015 3904 3178 3980; x_wconf 82' lang='lat' dir='ltr'><strong>debet</strong></span> <span class='ocrx_word' id='word_1_771' title='bbox 3197 3901 3491 3980; x_wconf 86' lang='lat' dir='ltr'><strong>de_gladio,</strong></span> <span class='ocrx_word' id='word_1_772' title='bbox 3524 3925 3634 3980; x_wconf 88' lang='lat' dir='ltr'><strong>quo</strong></span> 
     </span>
    </p>
   </div>
   <div class='ocr_carea' id='block_1_106' title="bbox 2044 3973 3630 4045">
    <p class='ocr_par' dir='ltr' id='par_1_106' title="bbox 2044 3973 3630 4045">
     <span class='ocr_line' id='line_1_110' title="bbox 2044 3973 3630 4045; baseline 0.006 -18"><span class='ocrx_word' id='word_1_773' title='bbox 2044 3985 2204 4030; x_wconf 89' lang='lat' dir='ltr'><strong>antea</strong></span> <span class='ocrx_word' id='word_1_774' title='bbox 2234 3975 2458 4041; x_wconf 82' lang='lat' dir='ltr'><strong>Jubam,</strong></span> <span class='ocrx_word' id='word_1_775' title='bbox 2491 3974 2616 4045; x_wconf 90' lang='lat' dir='ltr'><strong>dein</strong></span> <span class='ocrx_word' id='word_1_776' title='bbox 2634 3987 2724 4045; x_wconf 21' lang='lat' dir='ltr'><strong>Ase</strong></span> <span class='ocrx_word' id='word_1_777' title='bbox 2755 3973 2932 4045; x_wconf 88' lang='lat' dir='ltr'><strong>ipsum</strong></span> <span class='ocrx_word' id='word_1_778' title='bbox 2967 3974 3225 4032; x_wconf 77' lang='lat' dir='ltr'><strong>coniecit.</strong></span> <span class='ocrx_word' id='word_1_779' title='bbox 3259 3973 3364 4034; x_wconf 80' lang='lat' dir='ltr'><strong>Ille</strong></span> <span class='ocrx_word' id='word_1_780' title='bbox 3392 3973 3555 4039; x_wconf 59' lang='lat' dir='ltr'><strong>enim&#39;</strong></span> <span class='ocrx_word' id='word_1_781' title='bbox 3583 3992 3630 4037; x_wconf 87' lang='lat' dir='ltr'><strong>ct</strong></span> 
     </span>
    </p>
   </div>
   <div class='ocr_carea' id='block_1_107' title="bbox 2044 4043 3272 4116">
    <p class='ocr_par' dir='ltr' id='par_1_107' title="bbox 2044 4043 3272 4116">
     <span class='ocr_line' id='line_1_111' title="bbox 2044 4043 3272 4116; baseline 0.004 -19"><span class='ocrx_word' id='word_1_782' title='bbox 2044 4046 2153 4116; x_wconf 86' lang='lat' dir='ltr'><strong>regi</strong></span> <span class='ocrx_word' id='word_1_783' title='bbox 2178 4045 2382 4113; x_wconf 70' lang='lat' dir='ltr'><strong>stt/fecit</strong></span> <span class='ocrx_word' id='word_1_784' title='bbox 2406 4058 2453 4100; x_wconf 86' lang='lat' dir='ltr'><strong>et</strong></span> <span class='ocrx_word' id='word_1_785' title='bbox 2481 4044 2599 4100; x_wconf 87' lang='lat' dir='ltr'><strong>sibi.</strong></span> <span class='ocrx_word' id='word_1_786' title='bbox 2633 4043 2943 4116; x_wconf 70' lang='lat' dir='ltr'><strong>Florus-lib.</strong></span> <span class='ocrx_word' id='word_1_787' title='bbox 2964 4060 3040 4115; x_wconf 89' lang='lat' dir='ltr'><strong>tv,</strong></span> <span class='ocrx_word' id='word_1_788' title='bbox 3069 4062 3193 4116; x_wconf 87' lang='lat' dir='ltr'><strong>cap.</strong></span> <span class='ocrx_word' id='word_1_789' title='bbox 3215 4046 3272 4103; x_wconf 72' lang='grc'><strong>2.</strong></span> 
     </span>
    </p>
   </div>
   <div class='ocr_carea' id='block_1_108' title="bbox 2120 4114 3633 4193">
    <p class='ocr_par' dir='ltr' id='par_1_108' title="bbox 2120 4114 3633 4193">
     <span class='ocr_line' id='line_1_112' title="bbox 2120 4114 3633 4193; baseline 0.004 -22"><span class='ocrx_word' id='word_1_790' title='bbox 2120 4118 2227 4193; x_wconf 59' lang='grc' dir='ltr'><strong>12.Δ</strong></span> <span class='ocrx_word' id='word_1_791' title='bbox 2242 4116 2407 4193; x_wconf 48' lang='lat' dir='ltr'><strong>Venio</strong></span> <span class='ocrx_word' id='word_1_792' title='bbox 2434 4124 2664 4173; x_wconf 86' lang='lat' dir='ltr'><strong>coactus.</strong></span> <span class='ocrx_word' id='word_1_793' title='bbox 2689 4114 2860 4188; x_wconf 86' lang='lat' dir='ltr'><strong>Lugd.</strong></span> <span class='ocrx_word' id='word_1_794' title='bbox 2894 4114 3037 4193; x_wconf 65' lang='lat' dir='ltr'><strong>Batt.</strong></span> <span class='ocrx_word' id='word_1_795' title='bbox 3064 4114 3182 4193; x_wconf 79' lang='lat' dir='ltr'><strong>pr.,</strong></span> <span class='ocrx_word' id='word_1_796' title='bbox 3212 4128 3340 4176; x_wconf 89' lang='lat' dir='ltr'><strong>tert.</strong></span> <span class='ocrx_word' id='word_1_797' title='bbox 3373 4132 3429 4179; x_wconf 90' lang='lat' dir='ltr'><strong>et</strong></span> <span class='ocrx_word' id='word_1_798' title='bbox 3455 4134 3633 4193; x_wconf 85' lang='lat' dir='ltr'><strong>quart.</strong></span> 
     </span>
    </p>
   </div>
   <div class='ocr_carea' id='block_1_109' title="bbox 2043 4187 3635 4312">
    <p class='ocr_par' dir='ltr' id='par_1_109' title="bbox 2043 4187 3635 4312">
     <span class='ocr_line' id='line_1_113' title="bbox 2043 4187 3635 4312; baseline 0.005 -69"><span class='ocrx_word' id='word_1_799' title='bbox 2043 4198 2166 4312; x_wconf 64' lang='lat' dir='ltr'><strong>com</strong></span> <span class='ocrx_word' id='word_1_800' title='bbox 2188 4188 2305 4272; x_wconf 68' lang='grc' dir='ltr'>(ιρι.</span> <span class='ocrx_word' id='word_1_801' title='bbox 2340 4187 2607 4253; x_wconf 86' lang='lat' dir='ltr'><strong>Gronov.,</strong></span> <span class='ocrx_word' id='word_1_802' title='bbox 2650 4187 2797 4240; x_wconf 80' lang='lat' dir='ltr'><strong>vento</strong></span> <span class='ocrx_word' id='word_1_803' title='bbox 2819 4194 2967 4243; x_wconf 85' lang='lat' dir='ltr'><strong>actus</strong></span> <span class='ocrx_word' id='word_1_804' title='bbox 2998 4188 3232 4261; x_wconf 78' lang='lat' dir='ltr'><strong>Africam</strong></span> <span class='ocrx_word' id='word_1_805' title='bbox 3261 4187 3511 4260; x_wconf 75' lang='lat' dir='ltr'><strong>redierai,</strong></span> <span class='ocrx_word' id='word_1_806' title='bbox 3541 4212 3635 4251; x_wconf 87' lang='lat' dir='ltr'><strong>ne-</strong></span> 
     </span>
     <span class='ocr_line' id='line_1_114' title="bbox 2043 4267 2384 4312; baseline -0.012 0"><span class='ocrx_word' id='word_1_807' title='bbox 2043 4272 2074 4312; x_wconf 79' lang='lat' dir='ltr'><strong>t&#39;t</strong></span> <span class='ocrx_word' id='word_1_808' title='bbox 2100 4267 2218 4312; x_wconf 90' lang='lat' dir='ltr'><strong>ecto</strong></span> <span class='ocrx_word' id='word_1_809' title='bbox 2245 4277 2319 4312; x_wconf 84' lang='lat' dir='ltr'><strong>tn.</strong></span> <span class='ocrx_word' id='word_1_810' title='bbox 2380 4301 2384 4307; x_wconf 93' lang='lat'><strong>.</strong></span> 
     </span>
    </p>
   </div>
   <div class='ocr_carea' id='block_1_110' title="bbox 2100 4261 2384 4315">
    <p class='ocr_par' dir='ltr' id='par_1_110' title="bbox 2100 4261 2384 4315">
     <span class='ocr_line' id='line_1_115' title="bbox 2100 4261 2384 4315; baseline 0 -1"><span class='ocrx_word' id='word_1_811' title='bbox 2100 4267 2218 4315; x_wconf 91' lang='lat' dir='ltr'><strong>ecto</strong></span> <span class='ocrx_word' id='word_1_812' title='bbox 2245 4261 2319 4315; x_wconf 86' lang='lat' dir='ltr'><strong>in.</strong></span> <span class='ocrx_word' id='word_1_813' title='bbox 2380 4301 2384 4307; x_wconf 90' lang='lat'><strong>.</strong></span> 
     </span>
    </p>
   </div>
   <div class='ocr_carea' id='block_1_111' title="bbox 2042 4272 3633 4404">
    <p class='ocr_par' dir='ltr' id='par_1_111' title="bbox 2042 4272 3633 4404">
     <span class='ocr_line' id='line_1_116' title="bbox 2042 4272 3633 4404; baseline 0.002 -21"><span class='ocrx_word' id='word_1_814' title='bbox 2042 4272 2543 4404; x_wconf 53' lang='lat' dir='ltr'><strong>“liciis&#39;i&#39;méum.</strong></span> <span class='ocrx_word' id='word_1_815' title='bbox 2594 4328 2985 4404; x_wconf 83' lang='lat' dir='ltr'><strong>Edd_.__August.</strong></span> <span class='ocrx_word' id='word_1_816' title='bbox 3027 4337 3084 4387; x_wconf 90' lang='lat' dir='ltr'><strong>et</strong></span> <span class='ocrx_word' id='word_1_817' title='bbox 3109 4330 3353 4400; x_wconf 65' lang='lat' dir='ltr'><strong>Venetae,</strong></span> <span class='ocrx_word' id='word_1_818' title='bbox 3390 4335 3633 4404; x_wconf 68' lang='lat' dir='ltr'><strong>contmp-</strong></span> 
     </span>
    </p>
   </div>
   <div class='ocr_carea' id='block_1_112' title="bbox 1971 4384 2839 4457">
    <p class='ocr_par' dir='ltr' id='par_1_112' title="bbox 1971 4384 2839 4457">
     <span class='ocr_line' id='line_1_117' title="bbox 1971 4384 2839 4457; baseline -0.003 -2"><span class='ocrx_word' id='word_1_819' title='bbox 1971 4384 1980 4391; x_wconf 61' lang='grc'><strong>’</strong></span> <span class='ocrx_word' id='word_1_820' title='bbox 2042 4384 2175 4455; x_wconf 72' lang='lat' dir='ltr'><strong>sum.</strong></span> <span class='ocrx_word' id='word_1_821' title='bbox 2206 4384 2521 4457; x_wconf 70' lang='lat' dir='ltr'><strong>Assentilur</strong></span> <span class='ocrx_word' id='word_1_822' title='bbox 2544 4399 2666 4455; x_wconf 91' lang='lat' dir='ltr'><strong>cod.</strong></span> <span class='ocrx_word' id='word_1_823' title='bbox 2698 4397 2839 4456; x_wconf 82' lang='lat' dir='ltr'><strong>Ultr.</strong></span> 
     </span>
    </p>
   </div>
   <div class='ocr_carea' id='block_1_113' title="bbox 2115 4468 3199 4541">
    <p class='ocr_par' dir='ltr' id='par_1_113' title="bbox 2115 4468 3199 4541">
     <span class='ocr_line' id='line_1_118' title="bbox 2115 4468 3199 4541; baseline 0.001 -16"><span class='ocrx_word' id='word_1_824' title='bbox 2115 4472 2203 4526; x_wconf 71' lang='grc'><strong>14.</strong></span> <span class='ocrx_word' id='word_1_825' title='bbox 2238 4470 2565 4537; x_wconf 82' lang='lat' dir='ltr'><strong>Pompeiam.</strong></span> <span class='ocrx_word' id='word_1_826' title='bbox 2600 4468 2697 4541; x_wconf 73' lang='lat' dir='ltr'><strong>Ed.</strong></span> <span class='ocrx_word' id='word_1_827' title='bbox 2730 4468 2898 4541; x_wconf 70' lang='lat' dir='ltr'><strong>Aug,</strong></span> <span class='ocrx_word' id='word_1_828' title='bbox 2940 4471 3199 4541; x_wconf 81' lang='lat' dir='ltr'><strong>Pompeii.</strong></span> 
     </span>
    </p>
   </div>
   <div class='ocr_carea' id='block_1_114' title="bbox 2114 4539 3631 4616">
    <p class='ocr_par' dir='ltr' id='par_1_114' title="bbox 2114 4539 3631 4616">
     <span class='ocr_line' id='line_1_119' title="bbox 2114 4539 3631 4616; baseline 0.002 -19"><span class='ocrx_word' id='word_1_829' title='bbox 2114 4540 2203 4597; x_wconf 82' lang='grc'><strong>15.</strong></span> <span class='ocrx_word' id='word_1_830' title='bbox 2236 4542 2495 4616; x_wconf 72' lang='lat' dir='ltr'><strong>Continuo</strong></span> <span class='ocrx_word' id='word_1_831' title='bbox 2536 4539 2941 4616; x_wconf 20' lang='lat' dir='ltr'><strong>in‘Hispmiios.</strong></span> <span class='ocrx_word' id='word_1_832' title='bbox 2983 4539 3237 4616; x_wconf 26' lang='lat' dir='ltr'><strong>De’bello</strong></span> <span class='ocrx_word' id='word_1_833' title='bbox 3268 4542 3631 4616; x_wconf 58' lang='lat' dir='ltr'><strong>Hispaniensi</strong></span> 
     </span>
    </p>
   </div>
   <div class='ocr_carea' id='block_1_115' title="bbox 1968 4592 3630 4675">
    <p class='ocr_par' dir='ltr' id='par_1_115' title="bbox 1968 4592 3630 4675">
     <span class='ocr_line' id='line_1_120' title="bbox 1968 4592 3630 4675; baseline 0.005 -9"><span class='ocrx_word' id='word_1_834' title='bbox 1968 4592 2019 4653; x_wconf 82' lang='grc' dir='ltr'><strong>Ι)</strong></span> <span class='ocrx_word' id='word_1_835' title='bbox 2044 4592 2223 4669; x_wconf 59' lang='lat' dir='ltr'><strong>exse.</strong></span> <span class='ocrx_word' id='word_1_836' title='bbox 2243 4592 3019 4671; x_wconf 49' lang='lat' dir='ltr'><strong>causasua;itii-iiiis;</strong></span> <span class='ocrx_word' id='word_1_837' title='bbox 3040 4592 3235 4671; x_wconf 53' lang='lat' dir='ltr'><strong>suae};</strong></span> <span class='ocrx_word' id='word_1_838' title='bbox 3266 4592 3630 4675; x_wconf 63' lang='grc' dir='ltr'><strong>ιῆιιίεῗῖἔιὶῗῖἰ</strong></span> 
     </span>
    </p>
   </div>
   <div class='ocr_carea' id='block_1_116' title="bbox 2048 4679 2654 4742">
    <p class='ocr_par' dir='ltr' id='par_1_116' title="bbox 2048 4679 2654 4742">
     <span class='ocr_line' id='line_1_121' title="bbox 2048 4679 2654 4742; baseline -0.007 -1"><span class='ocrx_word' id='word_1_839' title='bbox 2048 4679 2149 4741; x_wconf 87' lang='lat' dir='ltr'><strong>Dio</strong></span> <span class='ocrx_word' id='word_1_840' title='bbox 2180 4684 2273 4742; x_wconf 86' lang='lat' dir='ltr'><strong>lib.</strong></span> <span class='ocrx_word' id='word_1_841' title='bbox 2300 4700 2449 4741; x_wconf 80' lang='lat' dir='ltr'><strong>mu.</strong></span> <span class='ocrx_word' id='word_1_842' title='bbox 2486 4683 2654 4740; x_wconf 77' lang='lat' dir='ltr'><strong>FABR.</strong></span> 
     </span>
    </p>
   </div>
   <div class='ocr_carea' id='block_1_117' title="bbox 2122 4752 3519 4828">
    <p class='ocr_par' dir='ltr' id='par_1_117' title="bbox 2122 4752 3519 4828">
     <span class='ocr_line' id='line_1_122' title="bbox 2122 4752 3519 4828; baseline 0.001 -18"><span class='ocrx_word' id='word_1_843' title='bbox 2122 4755 2212 4812; x_wconf 84' lang='grc'><strong>16.</strong></span> <span class='ocrx_word' id='word_1_844' title='bbox 2242 4755 2310 4811; x_wconf 83' lang='grc' dir='ltr'><strong>1η</strong></span> <span class='ocrx_word' id='word_1_845' title='bbox 2341 4755 2646 4828; x_wconf 79' lang='lat' dir='ltr'><strong>Hispanias.</strong></span> <span class='ocrx_word' id='word_1_846' title='bbox 2671 4752 2775 4828; x_wconf 48' lang='lat' dir='ltr'><strong>Ed:</strong></span> <span class='ocrx_word' id='word_1_847' title='bbox 2811 4754 3069 4828; x_wconf 45' lang='lat' dir='ltr'><strong>August”</strong></span> <span class='ocrx_word' id='word_1_848' title='bbox 3101 4757 3152 4810; x_wconf 89' lang='lat' dir='ltr'><strong>in</strong></span> <span class='ocrx_word' id='word_1_849' title='bbox 3182 4755 3519 4828; x_wconf 82' lang='lat' dir='ltr'><strong>Hispaniam.</strong></span> 
     </span>
    </p>
   </div>
   <div class='ocr_carea' id='block_1_118' title="bbox 2124 4824 3624 4911">
    <p class='ocr_par' dir='ltr' id='par_1_118' title="bbox 2124 4824 3624 4911">
     <span class='ocr_line' id='line_1_123' title="bbox 2124 4824 3624 4911; baseline 0.004 -30"><span class='ocrx_word' id='word_1_850' title='bbox 2124 4828 2210 4881; x_wconf 91' lang='grc'><strong>17.</strong></span> <span class='ocrx_word' id='word_1_851' title='bbox 2246 4828 2479 4911; x_wconf 59' lang='lat' dir='ltr'><strong>Septimo</strong></span> <span class='ocrx_word' id='word_1_852' title='bbox 2510 4826 2727 4880; x_wconf 85' lang='lat' dir='ltr'><strong>decimo.</strong></span> <span class='ocrx_word' id='word_1_853' title='bbox 2752 4824 3116 4911; x_wconf 78' lang='lat' dir='ltr'><strong>Ita_Florentt.</strong></span> <span class='ocrx_word' id='word_1_854' title='bbox 3152 4824 3299 4893; x_wconf 64' lang='lat' dir='ltr'><strong>tresi</strong></span> <span class='ocrx_word' id='word_1_855' title='bbox 3331 4829 3447 4894; x_wconf 89' lang='lat' dir='ltr'><strong>alii,</strong></span> <span class='ocrx_word' id='word_1_856' title='bbox 3479 4829 3624 4887; x_wconf 77' lang='lat' dir='ltr'><strong>deci-</strong></span> 
     </span>
    </p>
   </div>
   <div class='ocr_carea' id='block_1_119' title="bbox 2046 4897 3629 5029">
    <p class='ocr_par' dir='ltr' id='par_1_119' title="bbox 2046 4897 3629 5029">
     <span class='ocr_line' id='line_1_124' title="bbox 2046 4897 3215 4971; baseline 0 -17"><span class='ocrx_word' id='word_1_857' title='bbox 2046 4916 2129 4956; x_wconf 87' lang='lat' dir='ltr'><strong>mo</strong></span> <span class='ocrx_word' id='word_1_858' title='bbox 2158 4897 2396 4971; x_wconf 84' lang='lat' dir='ltr'><strong>septimo.</strong></span> <span class='ocrx_word' id='word_1_859' title='bbox 2432 4899 2537 4953; x_wconf 87' lang='lat' dir='ltr'><strong>Pro</strong></span> <span class='ocrx_word' id='word_1_860' title='bbox 2566 4913 2745 4967; x_wconf 88' lang='lat' dir='ltr'><strong>quam,</strong></span> <span class='ocrx_word' id='word_1_861' title='bbox 2775 4898 2863 4953; x_wconf 88' lang='lat' dir='ltr'><strong>ed.</strong></span> <span class='ocrx_word' id='word_1_862' title='bbox 2902 4897 3065 4968; x_wconf 81' lang='lat' dir='ltr'><strong>Aug.,</strong></span> <span class='ocrx_word' id='word_1_863' title='bbox 3093 4915 3215 4969; x_wconf 76' lang='lat' dir='ltr'><strong>qua.</strong></span> 
     </span>
     <span class='ocr_line' id='line_1_125' title="bbox 2124 4967 3629 5029; baseline 0.001 -2"><span class='ocrx_word' id='word_1_864' title='bbox 2124 4971 2211 5027; x_wconf 90' lang='grc'><strong>18.</strong></span> <span class='ocrx_word' id='word_1_865' title='bbox 2243 4971 2440 5027; x_wconf 84' lang='lat' dir='ltr'><strong>Attium</strong></span> <span class='ocrx_word' id='word_1_866' title='bbox 2474 4968 2691 5023; x_wconf 87' lang='lat' dir='ltr'><strong>Varum.</strong></span> <span class='ocrx_word' id='word_1_867' title='bbox 2720 4967 2893 5024; x_wconf 77' lang='lat' dir='ltr'><strong>Attius</strong></span> <span class='ocrx_word' id='word_1_868' title='bbox 2930 4978 3081 5026; x_wconf 86' lang='lat' dir='ltr'><strong>recte</strong></span> <span class='ocrx_word' id='word_1_869' title='bbox 3130 4970 3186 5025; x_wconf 90' lang='lat' dir='ltr'><strong>in</strong></span> <span class='ocrx_word' id='word_1_870' title='bbox 3216 4969 3368 5027; x_wconf 88' lang='lat' dir='ltr'><strong>libris</strong></span> <span class='ocrx_word' id='word_1_871' title='bbox 3396 4973 3629 5029; x_wconf 86' lang='lat' dir='ltr'><strong>vetustis</strong></span> 
     </span>
    </p>
   </div>
   <div class='ocr_carea' id='block_1_120' title="bbox 2048 5037 3625 5119">
    <p class='ocr_par' dir='ltr' id='par_1_120' title="bbox 2048 5037 3625 5119">
     <span class='ocr_line' id='line_1_126' title="bbox 2048 5037 3625 5119; baseline 0.003 -24"><span class='ocrx_word' id='word_1_872' title='bbox 2048 5042 2264 5119; x_wconf 66' lang='lat' dir='ltr'><strong>legitur.</strong></span> <span class='ocrx_word' id='word_1_873' title='bbox 2299 5041 2508 5119; x_wconf 61' lang='lat' dir='ltr'><strong>Namet</strong></span> <span class='ocrx_word' id='word_1_874' title='bbox 2531 5040 2629 5119; x_wconf 73' lang='lat' dir='ltr'><strong>Dio</strong></span> <span class='ocrx_word' id='word_1_875' title='bbox 2648 5040 2894 5119; x_wconf 61' lang='grc' dir='ltr'><strong>Πρύπλιον</strong></span> <span class='ocrx_word' id='word_1_876' title='bbox 2912 5037 3341 5119; x_wconf 20' lang='grc' dir='ltr'><strong>’Δτεςωνᾴοὖάρον-</strong></span> <span class='ocrx_word' id='word_1_877' title='bbox 3360 5042 3625 5119; x_wconf 75' lang='lat' dir='ltr'><strong>nominat.</strong></span> 
     </span>
    </p>
   </div>
   <div class='ocr_carea' id='block_1_121' title="bbox 2049 5111 3624 5180">
    <p class='ocr_par' dir='ltr' id='par_1_121' title="bbox 2049 5111 3624 5180">
     <span class='ocr_line' id='line_1_127' title="bbox 2049 5111 3624 5180; baseline 0.001 -13"><span class='ocrx_word' id='word_1_878' title='bbox 2049 5111 2306 5178; x_wconf 78' lang='lat' dir='ltr'><strong>Vulgares</strong></span> <span class='ocrx_word' id='word_1_879' title='bbox 2329 5111 2451 5166; x_wconf 89' lang='lat' dir='ltr'><strong>libri</strong></span> <span class='ocrx_word' id='word_1_880' title='bbox 2480 5111 2643 5165; x_wconf 91' lang='lat' dir='ltr'><strong>modo</strong></span> <span class='ocrx_word' id='word_1_881' title='bbox 2663 5111 2889 5180; x_wconf 83' lang='lat' dir='ltr'><strong>Actium,</strong></span> <span class='ocrx_word' id='word_1_882' title='bbox 2908 5111 3068 5167; x_wconf 90' lang='lat' dir='ltr'><strong>modo</strong></span> <span class='ocrx_word' id='word_1_883' title='bbox 3094 5111 3305 5166; x_wconf 74' lang='lat' dir='ltr'><strong>Accium</strong></span> <span class='ocrx_word' id='word_1_884' title='bbox 3329 5114 3546 5170; x_wconf 87' lang='lat' dir='ltr'><strong>habent.</strong></span> <span class='ocrx_word' id='word_1_885' title='bbox 3567 5116 3624 5169; x_wconf 91' lang='lat' dir='ltr'><strong>In</strong></span> 
     </span>
    </p>
   </div>
   <div class='ocr_carea' id='block_1_122' title="bbox 2041 5180 3620 5260">
    <p class='ocr_par' dir='ltr' id='par_1_122' title="bbox 2041 5180 3620 5260">
     <span class='ocr_line' id='line_1_128' title="bbox 2041 5180 3620 5260; baseline 0.001 -22"><span class='ocrx_word' id='word_1_886' title='bbox 2041 5183 2321 5260; x_wconf 66' lang='lat' dir='ltr'><strong>Plutarchi</strong></span> <span class='ocrx_word' id='word_1_887' title='bbox 2348 5184 2553 5239; x_wconf 83' lang='lat' dir='ltr'><strong>Catone</strong></span> <span class='ocrx_word' id='word_1_888' title='bbox 2595 5182 2857 5238; x_wconf 88' lang='lat' dir='ltr'><strong>mendose</strong></span> <span class='ocrx_word' id='word_1_889' title='bbox 2897 5182 3087 5260; x_wconf 81' lang='grc' dir='ltr'><strong>Οὐάρος</strong></span> <span class='ocrx_word' id='word_1_890' title='bbox 3113 5180 3335 5247; x_wconf 72' lang='lat' dir='ltr'><strong>&quot;An-mor</strong></span> <span class='ocrx_word' id='word_1_891' title='bbox 3375 5199 3620 5240; x_wconf 88' lang='lat' dir='ltr'><strong>vocatur.</strong></span> 
     </span>
    </p>
   </div>
   <div class='ocr_carea' id='block_1_123' title="bbox 2040 5254 3618 5397">
    <p class='ocr_par' dir='ltr' id='par_1_123' title="bbox 2040 5254 3618 5397">
     <span class='ocr_line' id='line_1_129' title="bbox 2040 5254 3618 5397; baseline -0.001 -17"><span class='ocrx_word' id='word_1_892' title='bbox 2040 5254 2205 5381; x_wconf 54' lang='lat'><strong>“133:</strong></span> <span class='ocrx_word' id='word_1_893' title='bbox 2235 5324 2494 5380; x_wconf 71' lang='lat' dir='ltr'><strong>Mundam</strong></span> <span class='ocrx_word' id='word_1_894' title='bbox 2524 5323 2719 5379; x_wconf 85' lang='lat' dir='ltr'><strong>urbem.</strong></span> <span class='ocrx_word' id='word_1_895' title='bbox 2768 5325 2897 5381; x_wconf 80' lang='lat' dir='ltr'><strong>Mss.</strong></span> <span class='ocrx_word' id='word_1_896' title='bbox 2934 5333 2987 5381; x_wconf 90' lang='lat' dir='ltr'><strong>et</strong></span> <span class='ocrx_word' id='word_1_897' title='bbox 3026 5326 3152 5383; x_wconf 90' lang='lat' dir='ltr'><strong>edd.</strong></span> <span class='ocrx_word' id='word_1_898' title='bbox 3183 5326 3430 5397; x_wconf 84' lang='lat' dir='ltr'><strong>quidam,</strong></span> <span class='ocrx_word' id='word_1_899' title='bbox 3459 5324 3618 5380; x_wconf 76' lang='lat' dir='ltr'><strong>Hun-</strong></span> 
     </span>
    </p>
   </div>
   <div class='ocr_carea' id='block_1_124' title="bbox 2037 5396 2399 5468">
    <p class='ocr_par' dir='ltr' id='par_1_124' title="bbox 2037 5396 2399 5468">
     <span class='ocr_line' id='line_1_130' title="bbox 2037 5396 2399 5468; baseline -0.003 -18"><span class='ocrx_word' id='word_1_900' title='bbox 2037 5396 2160 5451; x_wconf 86' lang='lat' dir='ltr'><strong>dam</strong></span> <span class='ocrx_word' id='word_1_901' title='bbox 2185 5400 2399 5468; x_wconf 86' lang='lat' dir='ltr'><strong>ﬂumen.</strong></span> 
     </span>
    </p>
   </div>
   <div class='ocr_carea' id='block_1_125' title="bbox 2111 5467 3619 5543">
    <p class='ocr_par' dir='ltr' id='par_1_125' title="bbox 2111 5467 3619 5543">
     <span class='ocr_line' id='line_1_131' title="bbox 2111 5467 3619 5543; baseline 0.005 -22"><span class='ocrx_word' id='word_1_902' title='bbox 2111 5467 2201 5524; x_wconf 73' lang='lat'><strong>20.</strong></span> <span class='ocrx_word' id='word_1_903' title='bbox 2240 5467 2522 5543; x_wconf 76' lang='lat' dir='ltr'><strong>Ultitontis</strong></span> <span class='ocrx_word' id='word_1_904' title='bbox 2551 5476 2650 5533; x_wconf 86' lang='lat' dir='ltr'><strong>est,</strong></span> <span class='ocrx_word' id='word_1_905' title='bbox 2673 5477 2778 5522; x_wconf 88' lang='lat' dir='ltr'><strong>etc.</strong></span> <span class='ocrx_word' id='word_1_906' title='bbox 2815 5468 2963 5543; x_wconf 58' lang='lat' dir='ltr'><strong>Mss.</strong></span> <span class='ocrx_word' id='word_1_907' title='bbox 2983 5478 3040 5525; x_wconf 91' lang='lat' dir='ltr'><strong>et</strong></span> <span class='ocrx_word' id='word_1_908' title='bbox 3065 5470 3152 5543; x_wconf 79' lang='lat' dir='ltr'><strong>ed.</strong></span> <span class='ocrx_word' id='word_1_909' title='bbox 3173 5468 3388 5543; x_wconf 82' lang='lat' dir='ltr'><strong>quidam</strong></span> <span class='ocrx_word' id='word_1_910' title='bbox 3410 5487 3619 5543; x_wconf 80' lang='lat' dir='ltr'><strong>expun-</strong></span> 
     </span>
    </p>
   </div>
   <div class='ocr_carea' id='block_1_126' title="bbox 2040 5538 3620 5610">
    <p class='ocr_par' dir='ltr' id='par_1_126' title="bbox 2040 5538 3620 5610">
     <span class='ocr_line' id='line_1_132' title="bbox 2040 5538 3620 5610; baseline 0.003 -16"><span class='ocrx_word' id='word_1_911' title='bbox 2040 5549 2177 5610; x_wconf 87' lang='lat' dir='ltr'><strong>gunt</strong></span> <span class='ocrx_word' id='word_1_912' title='bbox 2202 5548 2297 5594; x_wconf 83' lang='lat' dir='ltr'><strong>est.</strong></span> <span class='ocrx_word' id='word_1_913' title='bbox 2330 5538 2437 5595; x_wconf 82' lang='lat' dir='ltr'><strong>Alii</strong></span> <span class='ocrx_word' id='word_1_914' title='bbox 2462 5548 2848 5609; x_wconf 85' lang='lat' dir='ltr'><strong>transponunt,</strong></span> <span class='ocrx_word' id='word_1_915' title='bbox 2878 5541 2964 5594; x_wconf 86' lang='lat' dir='ltr'><strong>ubi</strong></span> <span class='ocrx_word' id='word_1_916' title='bbox 2992 5541 3146 5593; x_wconf 84' lang='lat' dir='ltr'><strong>tantis</strong></span> <span class='ocrx_word' id='word_1_917' title='bbox 3174 5539 3366 5595; x_wconf 79' lang='lat' dir='ltr'><strong>viribus</strong></span> <span class='ocrx_word' id='word_1_918' title='bbox 3404 5538 3620 5600; x_wconf 56' lang='lat' dir='ltr'><strong>dimica.</strong></span> 
     </span>
    </p>
   </div>
   <div class='ocr_carea' id='block_1_127' title="bbox 2042 5621 3614 5764">
    <p class='ocr_par' dir='ltr' id='par_1_127' title="bbox 2042 5621 3614 5764">
     <span class='ocr_line' id='line_1_133' title="bbox 2042 5621 3614 5764; baseline 0.004 -27"><span class='ocrx_word' id='word_1_919' title='bbox 2042 5621 2498 5764; x_wconf 42' lang='lat' dir='ltr'><strong>luglfsl’fogitarit.</strong></span> <span class='ocrx_word' id='word_1_920' title='bbox 2529 5680 2698 5752; x_wconf 84' lang='lat' dir='ltr'><strong>Lugd.</strong></span> <span class='ocrx_word' id='word_1_921' title='bbox 2722 5681 2863 5736; x_wconf 88' lang='lat' dir='ltr'><strong>Batt.</strong></span> <span class='ocrx_word' id='word_1_922' title='bbox 2893 5690 3021 5745; x_wconf 88' lang='lat' dir='ltr'><strong>tres,</strong></span> <span class='ocrx_word' id='word_1_923' title='bbox 3045 5678 3183 5736; x_wconf 90' lang='lat' dir='ltr'><strong>Ultr.</strong></span> <span class='ocrx_word' id='word_1_924' title='bbox 3229 5690 3283 5737; x_wconf 88' lang='lat' dir='ltr'><strong>et</strong></span> <span class='ocrx_word' id='word_1_925' title='bbox 3305 5681 3444 5739; x_wconf 90' lang='lat' dir='ltr'><strong>Coll.</strong></span> <span class='ocrx_word' id='word_1_926' title='bbox 3472 5686 3614 5743; x_wconf 85' lang='lat' dir='ltr'><strong>Gro-</strong></span> 
     </span>
    </p>
   </div>
   <div class='ocr_carea' id='block_1_128' title="bbox 2046 5764 2489 5825">
    <p class='ocr_par' dir='ltr' id='par_1_128' title="bbox 2046 5764 2489 5825">
     <span class='ocr_line' id='line_1_134' title="bbox 2046 5764 2489 5825; baseline -0.002 -17"><span class='ocrx_word' id='word_1_927' title='bbox 2046 5768 2198 5822; x_wconf 85' lang='lat' dir='ltr'><strong>nov.,</strong></span> <span class='ocrx_word' id='word_1_928' title='bbox 2223 5764 2489 5825; x_wconf 70' lang='lat' dir='ltr'><strong>cogitaret.</strong></span> 
     </span>
    </p>
   </div>
  </div>
