4076 6174
285 307 418 366 I0“

1308 311 1789 370 HISTORIARUM
1829 311 2038 369 LIBER
2073 311 2160 368 νι.
2203 309 2360 368 CAP.
2403 309 2586 367 XVIII.

3443 313 3581 372 ιοις.

284 419 416 475 belli
444 435 475 476 a
498 419 710 478 civibus
734 421 918 480 Casar
941 422 1232 492 occiditur,
1262 423 1318 479 in
1337 424 1544 480 cecdem
1573 424 1734 478 unius
1765 432 1874 479 tra-
1901 427 1956 490 Α
1979 439 2143 478 unum
2167 421 2408 487 redacta,
2433 423 2591 492 longe
2620 419 2769 476 aliud
2813 436 3008 478 omnes
3056 421 3308 480 homines
3351 425 3567 481 vivendi

281 513 488 571 buntur
513 517 728 586 agmina
758 518 1362 574 consciorum.Certum
1376 519 1522 574 enim
1545 515 1876 588 erat,”qnia

287 607 475 664 Caesar
497 607 717 679 indigne
740 619 1084 682 peremptus,
1131 612 1318 682 plures
1346 611 1551 666 habere
1581 619 1765 680 posset
1796 609 1878 663 ul-

281 709 458 756 tores.
488 700 533 732 “
560 701 908 774 Plurimaque
932 703 1187 760 nobilitas
1216 718 1324 760 una
1355 703 1516 759 simul
1541 713 1729 758 catena
1760 717 1880 758 sce-

283 793 416 851 leris
445 794 758 867 copulatur,
789 811 857 852 ne
897 797 1040 852 forte
1071 797 1116 830 ¹⁸
1153 805 1298 852 tanta
1338 797 1605 852 malorum
1648 794 1878 851 materia

279 899 390 941 non
422 885 550 940 belli
577 886 952 956 magnitudine
971 888 1316 958 suppleatur,
1349 887 1444 942 sed
1468 885 1724 940 vindicta:
1752 884 1878 940 bre-

280 977 453 1032 vitate
483 986 760 1033 tenuetur.
777 977 1076 1035 “Medeam
1091 978 1237 1034 illam
1261 977 1459 1034 fabula:
1485 977 1723 1033 ferunt”
1743 976 1880 1032 den-

280 1077 364 1124 tes
416 1067 692 1138 quondam
747 1069 916 1124 occisi
967 1071 1177 1127 sevisse
1231 1069 1542 1142 serpentis,
1603 1084 1634 1124 e
1676 1069 1877 1140 quibus

279 1160 436 1230 quasi
465 1160 510 1192 ¹³
537 1167 854 1229 competens
879 1161 1072 1216 semini
1124 1175 1281 1233 seges
1309 1204 1323 1229 ,
1371 1161 1572 1217 armati
1624 1161 1879 1216 homines

290 1261 437 1308 terra
473 1251 830 1317 emerserint,
867 1267 1099 1324 seseque
1136 1267 1263 1309 mox
1301 1253 1535 1308 invicem
1591 1249 1880 1320 pugnando

291 1345 708 1416 prostraverint.
740 1343 812 1401 Et
838 1345 1056 1417 quidem
1087 1345 1193 1402 hoc
1240 1355 1524 1417 poetarum
1572 1351 1881 1399 commenta

1981 532 2152 587 genus
2170 517 2424 582 subeant,
2462 525 2520 571 ut
2543 529 2735 572 omnes
2765 515 3041 571 humiliter
3055 517 3274 586 placere
3305 518 3581 586 studeant,

1981 623 2090 663 non
2118 609 2418 663 inSolenter
2445 607 2744 663 offendere.
2770 607 2877 664 Sed
2901 607 2968 662 ad
3001 619 3108 662 tam
3153 608 3428 664 salubrem
3480 609 3584 664 ltu-

1980 698 2226 753 militatis
2243 699 2552 753 doctrinam
2583 699 2842 770 magistro
2865 714 2998 769 opus
3027 710 3133 755 est.
3155 701 3360 771 Itaque,
3379 716 3582 772 oppor-

1983 800 2110 846 tune
2141 791 2459 862 compositis
2483 793 2668 857 rebus,
2698 793 2930 864 Augusti
2967 791 3198 848 Czesaris
3238 794 3577 865 temporibus

1982 895 2144 941 natus
2161 895 2244 940 est
2275 885 2536 940 Dominus
2560 885 2811 940 Christus
2846 887 2930 940 ε¹⁵
2959 886 3084 956 qui,
3137 901 3260 941 cum
3306 888 3357 941 in
3400 886 3577 942 forma

1985 977 2078 1034 Dei
2111 986 2278 1044 esset,
2313 977 2540 1032 formam
2587 977 2730 1033 servi
2783 977 3062 1033 humiliter
3110 979 3405 1048 assumpsit
3450 996 3462 1032 :
3515 988 3579 1033 ut

1985 1081 2114 1128 tunc
2138 1070 2360 1128 demum
2383 1072 2564 1140 aptior
2583 1070 2737 1125 ﬁeret
2757 1069 3386 1137 humilitatisinstitutio,
3403 1084 3578 1140 quan-

1980 1164 2051 1220 do
2081 1164 2188 1235 jam
2220 1179 2320 1234 per
2353 1172 2523 1219 totum
2548 1162 2808 1219 mundum
2839 1177 2999 1233 paena
3021 1162 3294 1233 superbiae
3316 1162 3566 1219 omnibus

1981 1265 2127 1314 esset
2155 1256 2431 1329 exemplo.

2540 1369 2769 1428 CAPUT
2809 1369 2999 1427 XVIII.

290 1434 597 1502 finxerunt,
630 1435 671 1466 ¹⁹
698 1445 883 1491 nostra
915 1446 1100 1492 autem
1149 1436 1353 1505 Roma,
1387 1435 1605 1492 Caesare
1645 1433 1837 1490 occiso
1858 1474 1876 1501 ,
1971 1461 1981 1469 -

281 1536 484 1598 quanta
507 1527 576 1583 de
600 1527 878 1584 cineribus
905 1527 1026 1599 ejus
1065 1529 1283 1598 agmina
1329 1537 1539 1583 armata
1581 1525 1873 1598 parturiit?

300 1620 514 1686 Quanta
565 1619 707 1677 bella
757 1621 811 1675 in
854 1621 1224 1676 testimonium
1267 1621 1483 1676 misera:
1537 1618 1880 1676 fecunditatis

289 1727 399 1769 non
420 1714 467 1745 ’θ
488 1713 716 1785 legenda
743 1715 948 1785 pueris,
976 1714 1070 1769 sed
1097 1715 1139 1748 ³⁸
1171 1715 1464 1784 spectanda
1493 1713 1703 1784 populis
1723 1712 1877 1768 exci-

280 1807 449 1862 tavit?
469 1817 524 1863 et
557 1819 735 1862 tamen
758 1806 949 1862 horum
977 1805 1146 1878 428
1169 1807 1410 1861 omnium
1457 1805 1724 1860 malorum
1768 1804 1871 1858 ini—

275 1898 411 1954 tium
434 1897 688 1969 superbia
711 1911 814 1955 est.
849 1897 978 1954 Inde
1017 1899 1063 1930 ²²
1098 1906 1426 1954 exarserunt
1460 1897 1604 1954 bella
1641 1897 1856 1966 civilia,

278 1989 410 2045 inde
431 1991 626 2046 iterum
655 1990 700 2022 "
730 1989 1082 2061 pullularunt.
1114 1988 1231 2044 Non
1269 2005 1404 2058 ergo
1444 1989 1645 2058 injusta
1688 1989 1868 2045 czcdes

294 2090 378 2136 est
396 2095 612 2147 corum,
641 2081 731 2151 qui
760 2096 881 2136 eam
915 2080 1110 2151 injuste
1140 2079 1186 2115 ³³
1216 2089 1599 2137 consectantur
1621 2122 1639 2148 ,
1681 2079 1729 2136 si
1755 2096 1871 2135 am-

277 2173 505 2230 bitionis
533 2175 808 2230 aemulatio
838 2189 934 2246 per
963 2175 1113 2245 ipsos
1134 2183 1298 2245 atque
1329 2176 1382 2230 in
1421 2175 1555 2245 ipsis
1598 2183 1655 2230 et
1693 2178 1872 2246 agitur

275 2279 332 2324 et
353 2270 596 2338 punitur,
615 2269 791 2324 donec
810 2269 902 2340 qui
930 2267 1310 2326 detrectavere
1327 2269 1638 2339 Collegium,
1660 2269 1873 2324 discant

275 2359 420 2418 ferre
467 2360 807 2417 dominatum
858 2377 874 2419 :
936 2375 1257 2431 summaque
1306 2359 1522 2430 imperii
1583 2360 1746 2415 totius
1802 2361 1870 2416 ad

2054 1506 2134 1564 De
2165 1507 2367 1565 Cursore
2395 1508 2678 1565 Octaviano
2702 1509 2957 1581 Augusto,
2982 1509 3234 1580 rebusque
3269 1527 3363 1579 per
3392 1525 3505 1564 eum

2687 1585 2864 1653 gestis.

2053 1715 2211 1770 Anno
2270 1715 2339 1769 ab
2387 1715 2533 1771 Urbe
2591 1715 2810 1770 condita
2868 1729 3035 1780 nccx,
3093 1712 3378 1770 interfecto
3434 1713 3579 1769 Julio

1977 1806 2223 1873 Caesare,
2281 1809 2297 1838 ³
2336 1805 2662 1862 Octavianus
2691 1851 2705 1875 ,
2752 1808 2843 1877 qni
2894 1816 3220 1862 testamento
3266 1805 3394 1861 Julii
3426 1807 3445 1836 ²
3471 1806 3579 1860 Czc-

1971 1900 2108 1955 saris
2171 1900 2421 1955 avunculi
2481 1909 2536 1954 et
2608 1900 2983 1956 haereditatem
3045 1899 3210 1972 429
3263 1909 3318 1955 et
3380 1913 3577 1954 nomen

1972 2001 2384 2061 assumpserat,
2455 1991 2709 2061 idemque
2756 1990 2848 2060 qui
2899 1998 3084 2060 postea
3134 2005 3317 2045 rerum
3376 1993 3577 2059 potitus

1971 2084 2248 2155 Augustus
2295 2092 2382 2139 est
2424 2085 2624 2151 dictus,
2671 2082 2834 2138 simul
2882 2091 2943 2136 ut
2988 2083 3214 2137 Romam
3259 2082 3580 2138 adolescens

1973 2175 2268 2230 admodum
2306 2176 2479 2242 venit,
2519 2174 2758 2230 indolem
2783 2189 2935 2230 suam
2965 2173 3123 2228 bellis
3146 2174 3400 2230 civilibus
3434 2174 3454 2204 ³
3483 2191 3578 2227 vo-

1975 2270 2069 2325 vit.
2140 2268 2272 2324 Nam
2305 2311 2320 2337 ,
2379 2278 2440 2324 ut
2497 2269 2734 2324 breviter
2791 2268 3255 2323 coacervationem
3313 2267 3576 2322 malormn

1975 2362 2290 2430 explicem,
2336 2361 2358 2391 ⁸
2411 2361 2549 2418 bella
2599 2360 2776 2417 civilia
2832 2361 3070 2431 quinque
3121 2360 3288 2431 gessit
3346 2378 3359 2413 :
3413 2360 3578 2415 Muti-

1563 2499 2016 2558 IIAVERCAMPI
2056 2499 2288 2558 ΝΟΤιΕ.

351 2616 439 2671 15.
468 2615 606 2684 Quia
625 2614 822 2671 C(er.
856 2613 995 2686 Puto
1019 2613 1306 2686 legendum
1331 2627 1477 2686 esse,
1501 2619 1666 2682 prout
1695 2613 1748 2686 in
1775 2613 1866 2669 ed.

280 2683 529 2760 principe
549 2696 751 2754 exstat,
779 2687 937 2757 quod.
971 2685 1026 2760 ln
1051 2683 1332 2740 codicibus
1368 2685 1512 2760 e_ni_m
1553 2683 1735 2760 Orosii
1766 2699 1872 2760 _vo-

278 2755 372 2816 eos
391 2755 552 2830 quad,
577 2761 724 2830 quia,
754 2755 870 2824 cur,
906 2756 1425 2830 solentpermut'tri.
1457 2755 1515 2809 In
1547 2755 1872 2830 quibusdam

280 2826 417 2912 mss;
456 2826 613 2886 abest
648 2830 822 2898 enim,
864 2829 920 2884 itt
959 2828 1207 2898 pluribus
1247 2841 1346 2898 pro
1393 2837 1563 2896 posset
1611 2826 1875 2881 scribitur

279 2911 466 2974 possit.

356 2972 444 3028 l4.
489 2969 850 3042 Plurimaque.
901 2969 1162 3040 Copulam
1203 2985 1300 3040 que
1347 2982 1455 3024 non
1500 2967 1748 3039 agnoscit
1781 2967 1872 3023 ed.

499 3115 697 3171 Tanta.
729 3115 903 3187 Lugd.
949 3115 1068 3170 Bal.
1103 3112 1212 3168 duo
1264 3126 1389 3169 cum
1416 3108 1556 3166 Coll.
1599 3109 1871 3175 Gronov.,

321 3207 368 3243 In
411 3205 511 3242 ens.

283 3202 511 3247 tandem.

358 3238 716 3316 inii-fﬁede
737 3259 906 3314 illam.
937 3255 1144 3312 Fabula
1171 3266 1256 3310 est
1286 3254 1338 3310 in
1371 3249 1662 3324 Apollonii
1691 3252 1868 3320 Argo-
1901 3238 1946 3302 C

282 3332 520 3389 nauticis
581 3330 677 3386 lib.
738 3346 796 3386 ιιι
860 3336 918 3385 et
959 3326 1135 3385 Ovidii
1189 3321 1550 3394 Metamorph.
1607 3321 1704 3376 lib.
1773 3338 1866 3378 vn.

283 3404 453 3462 FABtt.

358 3477 446 3530 l7.
493 3474 682 3529 Dentes
727 3473 1009 3545 quondam.
1069 3469 1199 3525 Haec
1240 3466 1531 3524 meliorum
1577 3463 1738 3521 codd.
1787 3474 1874 3520 est

288 3545 482 3612 lectio;
505 3545 627 3618 alii,
656 3545 930 3618 quosdam.
967 3614 978 3618 _
1178 3610 1199 3618 _
1267 3611 1281 3618 _
1506 3607 1548 3618 κ
1655 3605 1670 3618 _
1695 3605 1708 3618 _
1830 3607 1843 3618 ,

358 3618 449 3672 18.
470 3605 776 3684 ’ϐοητριὶεηε
797 3614 979 3669 semini
998 3628 1158 3685 seges.
1178 3610 1321 3667 Itain
1346 3623 1480 3666 mss.
1506 3607 1585 3662 Ex
1605 3605 1733 3662 edd.
1754 3607 1874 3677 qui-

284 3687 430 3753 dam,
455 3695 794 3758 competentes
811 3686 996 3758 semini
1020 3693 1236 3758 segetes.

358 3749 444 3814 19'.
478 3749 674 3814 Naitra
702 3767 877 3811 autem
909 3749 1098 3811 Roma:
1125 3753 1242 3808 Duo
1265 3769 1331 3808 ex
1352 3750 1525 3822 Lugd.
1555 3749 1722 3814 Batt.,
1746 3763 1870 3802 cum

283 3831 420 3886 Coll.
453 3829 720 3897 Gronov.,
750 3836 932 3882 nostra
953 3829 1061 3881 tunc
1089 3824 1280 3879 Roma.

352 3901 446 3956 ‘20.
480 3888 719 3970 Legenda
745 3900 944 3970 pueris.
986 3897 1044 3952 ln
1077 3893 1352 3970 exercitiis
1391 3892 1603 3948 scilicet
1647 3888 1875 3945 Schola-

285 3974 458 4030 sticis.
483 3966 886 4028 JuirenalﬁSat.
917 3985 974 4032 ι,
1006 3981 1091 4022 vs.
1121 3966 1226 4021 167
1259 3984 1274 4021 :

411 4062 477 4114 Ut
500 4063 673 4128 pueris
693 4061 910 4124 placeas,
935 4069 988 4111 et
1009 4057 1304 4109 declamatio
1326 4056 1438 4107 tias!

354 4169 446 4224 21.
481 4167 779 4238 Spectattda
799 4166 1030 4239 populis.
1062 4162 1397 4239 Quibusdam
1415 4178 1496 4239 _cx
1523 4161 1727 4239 ᾖξε-μου
1755 4160 1876 4216 sine

288 4232 586 4310 voluptate.
612 4248 673 4294 ut
691 4232 816 4310 tier'i
849 4232 1059 4310 s'olebat
1079 4238 1134 4291 in
1155 4233 1467 4306 spectaculo
1491 4232 1874 4310 gladiatorum,

283 4305 478 4384 quibus
488 4325 666 4384 _supra
689 4309 968 4384 Romattos
995 4309 1228 4363 miseros
1250 4305 1606 4384 comparavit.

356 4383 452 4438 2‘2.
479 4376 827 4435 Exarserunl.
857 4378 1161 4448 Edd.rvett.
1189 4376 1458 4448 qumdam,
1483 4383 1838 4448 surrexerunt.

359 4455 452 4508 25.
483 4450 849 4506 Pullularunt.
872 4447 1046 4516 Lugd.
1072 4446 1223 4504 Batti
1249 4448 1380 4516 duo,
1414 4446 1774 4516 popularium.

359 4463 452 4508 25.
483 4463 849 4506 Pullutarunt.
872 4463 949 4505 ιλιι
990 4463 1046 4504 (ι.
1072 4463 1215 4504 uatt.
1249 4463 1380 4516 (tuo,
1414 4463 1774 4516 popularium.

355 4523 445 4580 ει.
477 4523 872 4578 Consectanlur.
903 4463 1040 4574 Egd.
1072 4518 1321 4590 quaedam
1353 4525 1511 4581 vett.,
1532 4517 1873 4590 insectantur.

288 4595 674 4685 Emdem‘mox,
697 4602 745 4646 et
766 4593 821 4646 in
842 4591 990 4685 ipsis.
1009 4586 1165 4685 Dein,
1182 4590 1354 4660 agitur
1371 4599 1416 4643 et
1441 4587 1672 4657 punitur,
1699 4586 1879 4642 deleto
1903 4623 1960 4685 Β

289 4677 360 4734 et,
390 4666 534 4730 quod
563 4661 1070 4734 praecesseratLed:
1091 4661 1229 4734 Aug.

485 4726 613 4802 Qui,
643 4750 781 4802 cum,
798 4743 904 4789 etc.
934 4731 1012 4787 Ex
1037 4726 1208 4804 Epist:
1227 4730 1380 4787 Pauli
1403 4727 1470 4785 ad
1492 4726 1728 4798 Philipp.
1754 4741 1874 4797 cap.

286 4824 352 4866 tt.
383 4823 468 4862 vs.
502 4809 552 4862 6.

287 4854 714 4934 'XVIII.
737 4907 808 4918 —
831 4879 880 4932 l.
919 4875 1255 4930 Octavianus.
1297 4873 1466 4928 Recte
1504 4869 1878 4938 manuscripta

289 4950 639 5020 exemplaria.
665 4951 796 5004 Nam
822 4949 880 5002 ϐ.
907 4947 1150 5020 Oelagius
1181 4987 1198 5012 ,
1252 4945 1378 4999 Julii
1429 4941 1690 5020 Caesaris
1715 4948 1881 5020 testa-

289 5008 474 5077 mento
503 5021 814 5091 adoptatus,
840 5033 991 5074 more
1036 5008 1403 5091 Itomattorum
1442 5014 1620 5091 dictus
1668 5011 1766 5064 fuit
1813 5008 1874 5065 C.

289 5081 663 5162 JuliusCazsar
688 5081 1492 5162 Octavianus,_D_i_olilt._xt.vu.
1527 5081 1696 5162 Fasti.
1770 5150 1782 5162 ο
1863 5149 1876 5161 .

362 5165 418 5218 2.
450 5161 676 5216 Cwsaris
713 5161 978 5232 avunculi.
1019 5159 1224 5232 Iulium
1280 5159 1547 5232 Cat-sarem
1589 5155 1880 5232 Octaviani

290 5235 606 5289 auunculum
633 5232 875 5288 nominat
897 5230 1060 5285 etiam
1098 5228 1238 5284 infra
1279 5243 1328 5284 c.
1365 5226 1474 5286 20.
1511 5234 1564 5279 et
1588 5222 1882 5279 Suetonius

293 5304 348 5360 in
375 5306 616 5374 Augusto
655 5303 732 5358 ait
772 5320 784 5355 :
821 5301 973 5374 Nihil
1014 5300 1397 5355 conuenientius
1439 5297 1638 5350 ducens
1658 5334 1681 5374 n.
1727 5306 1882 5362 quant

291 5362 742 5429 nereui'avunculi
772 5373 1053 5438 vindicare,
1085 5387 1207 5424 cum
1234 5379 1416 5424 tamen
1448 5362 1734 5438 avunculus
1767 5377 1882 5414 ma-

293 5463 425 5517 gnus
448 5447 628 5500 luerit.
653 5445 851 5517 Nescio
878 5437 1056 5496 autem
1085 5456 1153 5496 an
1185 5439 1414 5517 Orosius
1439 5437 1794 5494 Octavianum
1807 5447 1886 5517 ex

294 5502 487 5571 ἔοι-ονε
512 5516 742 5571 Caesaris
771 5525 952 5568 natum
977 5513 1270 5582 putaverit,
1303 5525 1466 5580 quem
1513 5521 1757 5582 errorem
1778 5502 1884 5582 _._ln.

296 5586 530 5650 Pierius,
554 5586 782 5641 Carolus
818 5573 1092 5654 Sigonius.
1124 5597 1186 5637 ac
1222 5573 1495 5651 postremo
1523 5575 1738 5654 Cuiliel.
1778 5573 1889 5644 Xy-

299 5656 493 5730 lander
518 5648 634 5730 (qui
663 5659 720 5730 in
748 5648 937 5730 Dionis
963 5653 1193 5730 historia
1223 5648 1598 5730 convertenda
1606 5659 1672 5730 net
1697 5661 1888 5730 emen-

300 5727 478 5782 danda
511 5715 770 5796 praeclara
804 5723 1005 5797 ingenii
1029 5725 1114 5780 sui
1138 5725 1467 5780 documenta
1495 5715 1894 5788 dedit)refuta-

303 5810 450 5856 runt.
482 5796 650 5856 Fssa.

303 5810 450 5858 runt.
482 5810 650 5856 ΓΔΕΒ.

2049 2617 2103 2671 5.
2146 2613 2322 2671 Fovit.
2360 2615 2450 2672 Sic
2497 2613 2599 2672 feci
2651 2632 2716 2672 ex
2747 2617 2884 2671 novit
2925 2625 2981 2671 et
3021 2619 3171 2673 vovit.
3213 2618 3304 2675 Sic
3344 2618 3440 2674 lib.
3471 2634 3578 2679 vtt.

1977 2688 2178 2740 occulto
2209 2687 2399 2758 [cedere
2428 2703 2640 2758 cavens,
2674 2689 2900 2744 restitnc
2931 2691 3126 2756 fovens.
3154 2689 3316 2744 Forte
3342 2690 3473 2744 nihil
3499 2699 3577 2744 te-

1978 2772 2127 2812 mere
2159 2757 2229 2812 sit
2278 2757 2625 2823 mutandum,
2671 2758 2715 2812 si
2746 2761 2956 2812 rovendi
3004 2761 3209 2815 variam
3259 2760 3575 2816 consideres

1979 2828 2278 2902 notiOnem.
2311 2829 2479 2885 Laur.
2527 2859 2600 2902 -ῖ-
2649 2829 2883 2884 Verbunt
2926 2831 3052 2898 fovit
3097 2830 3196 2884 loci
3251 2832 3572 2902 elegantiam

1981 2899 2164 2965 tollit;
2213 2901 2351 2954 novit
2383 2943 2396 2966 ,
2429 2900 2572 2970 quod
2617 2911 2804 2970 contra
2857 2910 2989 2955 vett.
3035 2917 3156 2970 qua:
3187 2899 3577 2970 prmcésserant

1982 2970 2107 3024 edd.
2137 2985 2350 3030 omnes.
2379 2969 2584 3038 recepit
2610 2969 2914 3036 Fabricius,
2948 2974 3103 3025 nauci
3127 2969 3231 3026 non
3255 2985 3358 3035 εει,
3390 2983 3445 3025 ιιι
3475 2988 3577 3028 nec

1982 3043 2168 3104 movit,
2200 3041 2342 3105 quod
2386 3042 2438 3094 itt
2473 3041 2645 3107 Lugd.
2681 3040 2824 3094 Batt.
2872 3042 3042 3094 tribus
3081 3051 3134 3095 et
3163 3039 3305 3096 Coll.
3331 3041 3574 3096 Gronov.

1982 3111 2186 3166 inveni.
2214 3111 2448 3166 Omnino
2473 3109 2662 3180 reponi
2682 3111 2843 3164 debet
2869 3113 3024 3178 vovit,
3048 3111 3191 3181 quod
3215 3127 3344 3165 mss.
3380 3113 3574 3180 reliqui

1985 3197 2175 3236 omnes
2206 3194 2260 3236 et
2289 3181 2412 3236 edd.
2455 3191 2771 3251 agnoscunt.
2825 3181 3058 3236 Vovcrat
3081 3225 3095 3246 ,
3127 3197 3224 3237 seu
3281 3183 3574 3237 devoverat

1977 3266 2102 3308 sese
2131 3251 2458 3307 Octavianus
2512 3251 2674 3307 bellis
2723 3251 2994 3315 civilibus,
3050 3253 3116 3304 ad
3160 3253 3420 3322 quinque,
3452 3268 3572 3322 quae

1972 3324 2420 3395 gessit,jnvenis
2449 3323 2744 3378 etiamnum
2777 3322 3040 3379 initiatus.
3073 3323 3254 3379 Genus
3285 3324 3569 3395 loquendi,

1975 3403 2036 3449 ut
2062 3394 2203 3465 apud
2235 3394 2513 3450 Lucanum
2546 3409 2636 3456 ιιι,
2669 3395 2775 3451 510
2806 3411 2820 3448 :

2104 3489 2288 3552 Accipe
2305 3487 2513 3539 devotas
2537 3492 2750 3538 externa
2773 3488 2822 3537 in
2845 3486 3012 3551 praelia
3033 3487 3251 3539 dextras.

2046 3592 2100 3648 4.
2142 3592 2293 3648 Bella
2315 3593 2487 3648 civilia
2507 3593 2730 3661 quinque
2763 3593 2935 3663 gessit.
2961 3592 3235 3647 Bellorum
3268 3592 3461 3648 horum
3491 3593 3571 3647 vi-

1977 3665 2382 3734 etoriarnmquc
2400 3664 2630 3718 Caesaris
2642 3664 2916 3718 Octaviani
2931 3664 3154 3731 Augusti
3170 3665 3427 3717 memoria
3442 3663 3576 3718 insi-

1973 3739 2095 3806 gnis
2117 3733 2375 3806 exstatin
2401 3734 2763 3806 nobilissimo,
2794 3733 2888 3803 qui
2917 3747 3191 3806 penesme
3209 3743 3309 3796 est,
3328 3749 3572 3806 nummo

1976 3803 2264 3874 argenteo;
2281 3804 2334 3858 in
2349 3805 2504 3873 cujus
2517 3816 2670 3874 parte
2685 3805 2883 3874 priore,
2902 3804 3019 3858 sine
3047 3803 3160 3874 ulla
3179 3803 3536 3874 inscriptione
3552 3844 3569 3869 ,

1977 3873 2527 3946 agnoscitorCaasaris
2537 3873 2817 3928 Octaviani
2831 3881 3010 3946 caput,
3025 3873 3256 3928 leoninis
3268 3875 3498 3938 exuviis,
3518 3875 3571 3929 in

1978 3944 2186 4002 morem
2207 3945 2455 4001 Herculis
2467 3954 2785 3999 exornatum
2805 3961 2818 4009 ;
2837 3944 2995 4014 quasi
3012 3953 3330 4011 agnosceret
3350 3952 3573 3999 senatus

1979 4018 2255 4073 Romanus
2284 4015 2462 4088 (cujus
2477 4015 2632 4088 jussu
2657 4056 2672 4080 ,
2719 4018 2963 4088 apposita
2996 4027 3119 4088 nota
3152 4014 3227 4088 S._
3253 4014 3315 4088 C.
3345 4015 3453 4088 fuit
3479 4032 3574 4070 cu-

1978 4103 2074 4144 sus
2095 4085 2372 4156 denarius)
2391 4086 2591 4141 domita
2615 4103 2712 4156 per
2732 4085 3016 4141 llerculem
3045 4086 3187 4140 hunc
3203 4085 3570 4151 Alexicacnm,

1977 4174 2102 4230 qua:
2124 4159 2426 4230 Romanum
2460 4157 2744 4230 imperium
2788 4157 3124 4230 lacerabant,
3154 4157 3570 4230 intonstra,_An-

1979 4227 2186 4285 tbniutn
2242 4227 2514 4298 praecipue
2563 4237 2618 4282 et
2669 4227 2894 4282 Sextum
2944 4227 3282 4298 Pompeium.
3345 4227 3574 4295 Insignis

1979 4317 2132 4372 aeque
2157 4297 2569 4372 est’parsaltera
2586 4299 2811 4372 nummi,
2833 4314 2972 4372 quat,
2998 4299 3116 4372 sine
3137 4299 3245 4352 ulla
3261 4297 3574 4372 inscriptio:

1982 4367 2078 4437 ne,
2113 4372 2222 4442 typi
2249 4367 2534 4438 superbia,
2565 4385 2678 4422 rem
2715 4369 2964 4442 absolvit.
2999 4367 3285 4442 Spectatur
3313 4367 3461 4442 enim
3500 4367 3573 4421 ibi

1980 4438 2201 4513 globus,
2236 4452 2501 4513 terrarum
2533 4442 2720 4513 orbem
2745 4439 3036 4507 designans
3059 4480 3073 4502 ,
3105 4440 3171 4513 in
3207 4438 3379 4513 media
3412 4453 3570 4513 area,

1980 4507 2216 4583 quatuor
2244 4512 2472 4583 cinctus
2489 4511 2733 4583 corollis,
2763 4524 2885 4583 cum
2919 4509 3296 4583 acrostolionet
3317 4507 3571 4583 frumenti

1981 4578 2147 4654 spica.
2179 4583 2344 4651 Cujus
2370 4579 2714 4654 emblematis
2742 4581 2878 4634 duas
2911 4594 3129 4654 possunt
3175 4578 3372 4633 afferre
3404 4581 3576 4654 inter-

1987 4649 2340 4725 pretationes.
2371 4651 2476 4725 Per
2504 4659 2737 4725 quatuor
2767 4653 2915 4705 enim
2951 4650 3196 4725 enrollas
3224 4660 3462 4725 quatuor
3494 4649 3576 4702 vi-

1985 4719 2171 4780 ctoria:
2193 4722 2424 4777 Caesaris
2447 4719 2724 4790 designari
2758 4729 3008 4790 possunt,
3028 4735 3160 4788 quas
3183 4719 3270 4773 hic
3293 4730 3580 4775 enumerat

1985 4797 2237 4859 Orosius,
2264 4795 2345 4848 sic
2365 4803 2422 4848 ut
2450 4793 2634 4862 quima
2660 4793 2884 4847 victoria
2908 4792 3106 4862 duplici
3133 4805 3260 4862 typo
3283 4790 3574 4862 indicetur,

1990 4866 2248 4921 videlicet
2275 4861 2566 4918 acrostolio
2597 4877 2652 4918 et
2683 4863 2938 4917 lrmnenti
2989 4861 3168 4930 spica,
3209 4875 3330 4931 quae
3375 4861 3577 4915 Sicilia:

1987 4949 2041 4992 et
2063 4937 2306 4990 victoriae
2334 4933 2554 5007 Siculae,
2584 4935 2698 5007 sive
2719 4933 2981 5007 deSexto
3003 4933 3284 5007 Pompeio,
3305 4933 3414 5007 sint
3437 4948 3583 5007 synt-

1988 5008 2203 5070 bolum,
2240 5005 2511 5059 classibus
2539 5003 2707 5060 'enim
2747 5004 2836 5059 ille
2871 5012 2924 5058 et
2958 5003 3212 5058 frumenti
3241 5003 3395 5072 copia
3429 5004 3581 5056 vale-

1988 5079 2099 5134 bat.
2157 5077 2338 5132 Altera
2398 5075 2776 5144 interpretatio
2826 5075 2946 5129 haec
2994 5083 3076 5127 cst
3109 5089 3122 5125 :
3156 5074 3404 5144 Quatuor
3460 5089 3581 5127 cer-

1985 5152 2166 5205 nimus
2213 5147 2473 5211 corollas,
2521 5143 2617 5200 sed
2662 5146 2734 5200 ita
2785 5149 2992 5214 pictas,
3027 5155 3083 5198 ut
3113 5158 3233 5214 qua:
3289 5159 3356 5199 ex
3385 5143 3579 5199 iisdem

1988 5219 2594 5290 globosuperpoaitur,
2625 5216 2866 5290 reliquas
2889 5227 3040 5290 tres,
3074 5230 3194 5284 qua:
3232 5215 3425 5290 aequali
3458 5221 3587 5290 sunt.

1991 5283 2388 5360 magnitudine,
2423 5283 2624 5342 vincat.
2665 5283 2788 5340 llaée
2832 5283 3586 5360 igitnr_in’generigvictgrias

1990 5353 2244 5423 Ctesaris,
2260 5368 2312 5411 et
2335 5360 2620 5411 subactum
2642 5353 2907 5411 terrarum
2929 5353 3126 5410 nrbeui
3144 5353 3588 5425 signiticat._'l‘res

1991 5429 2233 5491 corollae,
2265 5428 2368 5482 sibi
2402 5427 2632 5482 invicem
2657 5427 2864 5482 similes
2885 5469 2899 5492 ,
2932 5423 3586 5493 triplicem'triumphum,

1994 5502 2149 5570 cujus
2181 5497 2388 5553 mentio
2413 5498 2616 5570 litcap.
2659 5497 2760 5563 20,
2791 5509 2845 5553 et
2874 5492 3053 5570 partas
3083 5497 3138 5549 in
3168 5494 3349 5563 specie
3376 5492 3586 5570 ex__Eu-

1994 5564 2152 5640 ropa,
2185 5571 2307 5643 Asia
2335 5578 2389 5622 et
2411 5564 2616 5643 Africa,
2650 5571 2824 5643 tribus
2849 5564 2997 5622 orbis
3020 5576 3284 5643 terrarum
3322 5564 3586 5643 partibus,

1996 5636 2254 5697 victorias
2276 5642 2524 5694 innuunt.
2549 5640 2912 5694 Acrostolium
2927 5653 3053 5692 vero
3081 5636 3374 5703 potentiam
3401 5636 3588 5696 maris,

2002 5712 2262 5768 frumenti
2293 5712 2474 5784 spica,
2519 5710 2906 5784 abundantiam
2946 5716 3009 5784 _et
3060 5706 3590 5784 ubertatetnfcrunt

2007 5785 2250 5840 omnium
2303 5775 2667 5852 frumentique
2724 5777 2992 5848 imprimis
3043 5789 3230 5831 curam
3279 5775 3589 5846 designant.
