4072 6156
342 218 482 278 1045

1358 216 1831 276 llISTOIlIARUM
1874 210 2080 274 LIBER
2127 216 2209 275 Vl.
2250 216 2405 276 CAP.
2450 218 2641 276 XVIII.

3470 254 3473 257 ν
3505 221 3648 281 1046

338 345 417 390 ter
448 334 614 390 vitam
649 332 780 388 nihil
813 331 1050 403 reliquit.
1091 333 1132 366 ιθ
1160 330 1329 405 Igitur
1355 326 1541 388 Catsar
1586 341 1640 387 et
1668 331 1936 388 Antonius
1963 337 2009 399 Α
2041 333 2408 389 Mettecratem
2442 333 2834 404 Pompeianum
2859 333 3055 390 ducem
3080 335 3271 392 navale
3298 335 3500 393 bellum
3522 351 3645 408 ges-

333 426 556 482 eosdem
580 425 633 480 in
657 423 1026 481 Macedoniam
1057 425 1272 496 magnis
1292 424 1563 482 bellorum
1586 425 1934 495 apparatibus

331 519 640 591 persecuti,
673 518 739 574 ad
766 526 999 575 mortem
1026 518 1445 590 compulerunt:
1480 519 1732 589 quamvis
1760 518 1935 573 maui-

329 613 629 670 festissime
668 612 760 668 illa
785 621 916 669 tunc
948 626 1127 685 pugna
1159 625 1266 668 non
1299 612 1499 668 virtute
1546 614 1719 684 partis
1758 611 1932 669 Anto-

330 706 429 774 nii,
456 705 555 763 sed
582 706 822 761 Caesaris
852 704 1111 761 felicitate
1149 705 1396 761 conlecta
1435 704 1526 759 sit.
1577 703 1762 759 Caesar
1787 703 1933 759 enim

330 808 460 855 tunc
484 812 651 869 aeger,
680 810 807 853 cum
836 808 897 853 se
926 796 980 852 in
1008 796 1207 853 castris
1232 794 1517 864 capiendae
1546 793 1745 865 quietis
1770 808 1933 850 causa

328 901 520 947 tenere
547 887 857 956 statuisset,
885 888 932 920 “
962 888 1203 955 hortatu,
1234 894 1289 944 et
1313 875 1567 958 precibus
1593 885 1788 942 medici
1823 889 1930 955 sul,

325 983 419 1056 Qui
453 998 552 1053 per
582 982 856 1037 somnium
894 980 1231 1037 admonitum
1269 993 1391 1034 sese
1423 976 1699 1033 fatebatur
1721 1020 1735 1045 ,
1782 987 1839 1031 ιιι
1869 990 1931 1032 ea

322 1077 412 1133 die
438 1078 633 1132 castris
660 1073 933 1131 Caesarem
962 1073 1155 1129 salutis
1179 1074 1351 1143 ipsius
1371 1083 1536 1125 causa
1559 1070 1841 1136 educeret,
1874 1068 1928 1123 in

320 1183 577 1241 campum
606 1167 649 1199 ³⁸
678 1182 823 1238 aegre
864 1166 1008 1223 inter
1036 1166 1225 1236 copias
1253 1176 1510 1235 egressus
1535 1170 1620 1218 est
1646 1201 1660 1227 ,
1714 1173 1776 1214 ac
1803 1170 1932 1215 mox

320 1275 506 1318 casua
530 1260 650 1331 ejus
676 1260 747 1315 ab
776 1259 1023 1315 hostibus
1048 1264 1206 1328 capta
1231 1264 1360 1313 sunt
1386 1272 1398 1308 :
1449 1253 1547 1310 sed
1589 1265 1781 1307 rursus
1811 1249 1928 1306 Cai-

320 1350 524 1411 sariani
554 1350 757 1408 milites
779 1350 953 1405 Cassii
985 1363 1167 1405 castra
1199 1354 1485 1419 ceperunt.
1529 1343 1711 1413 Quare
1739 1341 1808 1398 ad
1834 1338 1930 1397 de-

319 1445 691 1517 sperationem
708 1441 886 1498 adacti
903 1441 1104 1496 Brtttus
1124 1448 1178 1496 et
1190 1437 1433 1504 Cassius,
1462 1437 1806 1493 immaturam
1822 1433 1927 1489 sibi

318 1550 555 1594 mortem
578 1547 705 1591 ante
736 1535 862 1592 belli
889 1533 1182 1591 terminum
1206 1532 1626 1587 consciverunt:
1660 1542 1810 1594 nam,
1840 1527 1923 1581 in-

320 1631 506 1692 vitatis
549 1627 1006 1700 percussoribus,
1049 1624 1277 1681 Cassius
1303 1631 1506 1692 caput,
1553 1622 1753 1676 Brutus
1780 1619 1925 1674 latus

2037 428 2128 481 sit.
2159 425 2366 482 Deinde
2387 425 2504 496 ipse
2524 426 2710 482 Ctesar
2740 427 3001 485 adversus
3027 428 3250 485 eosdem
3282 429 3644 499 Pompeianos

2035 519 2478 575 eruentissimum
2505 519 2705 575 bellum
2733 520 2927 576 navale
2949 521 3187 578 confecit
3219 538 3233 575 :
3267 522 3360 577 sed
3384 521 3641 581 continuo

2036 609 2319 667 victricem
2350 611 2581 667 classem
2631 627 2770 682 pene
2798 613 3106 669 universam
3134 612 3275 685 apud
3338 614 3381 645 ’⁷
3430 614 3644 686 Scylla-

2035 715 2193 759 ceum
2223 702 2509 774 naufragio
2533 702 2733 760 amisit.
2765 705 2813 736 ²⁸
2844 705 3125 762 Ventidius
3169 706 3363 763 Persas
3408 714 3463 762 et
3507 706 3641 763 Par-

2038 795 2159 853 thos
2188 795 2242 852 in
2278 797 2489 869 Syriam
2547 797 2914 869 irrumpentes
2947 841 2962 866 ,
2993 800 3170 857 tribus
3197 801 3357 858 bellis
3390 803 3641 862 maximis

2035 886 2205 957 fudit,
2235 902 2538 959 regemque
2567 903 2757 945 eorum
2780 889 3041 947 Pacorum
3087 892 3142 947 in
3170 892 3288 948 acie
3328 893 3600 949 interiecit
3621 934 3638 961 ,

2035 993 2097 1033 ea
2127 978 2342 1034 scilicet
2360 978 2481 1046 die,
2508 994 2609 1051 qua
2632 978 2864 1037 Crassus
2893 997 2923 1037 a
2954 981 3167 1038 Parthis
3200 982 3379 1039 fuerat
3405 984 3638 1040 occisus.

2035 1074 2343 1140 Antonius,
2376 1088 2483 1129 uno
2504 1076 2593 1129 vix
2622 1074 2851 1130 castello
2877 1086 3186 1147 expugnato
3207 1121 3221 1147 ,
3276 1091 3465 1148 pacem
3512 1092 3635 1135 cum

2033 1163 2302 1220 Antiocho
2335 1164 2492 1234 fecit,
2540 1174 2600 1221 ut
2645 1165 2765 1236 ipse
2806 1176 3009 1223 tantam
3060 1184 3174 1223 rem
3229 1184 3641 1227 consummasse

2038 1258 2345 1314 videretur.
2373 1257 2689 1314 Ventidium
2741 1259 2918 1331 Syriae
2966 1261 3241 1330 prtefecit,
3274 1262 3318 1294 ’θ
3364 1262 3637 1333 jussitque

2032 1362 2093 1406 ut
2120 1350 2396 1422 Antigono
2433 1350 2896 1408 bellum-inferret
2926 1371 2941 1410 :
2971 1353 3062 1424 qui
3091 1352 3311 1409 Iudaeos
3339 1361 3453 1409 tum
3499 1355 3639 1411 forte

2030 1444 2437 1511 debellaverat,
2460 1446 2747 1517 captisque
2772 1445 3200 1519 Hierosolymis,
3228 1447 3486 1518 templum
3515 1461 3635 1518 spo-

2029 1540 2290 1606 liaverat,
2345 1538 2391 1571 ⁸⁰
2432 1555 2767 1611 regnumque
2823 1541 3025 1596 llerodi
3070 1540 3425 1611 dempserat:
3470 1554 3633 1610 quem

2028 1630 2290 1686 continuo
2305 1630 2505 1685 victum
2530 1631 2585 1685 in
2606 1630 2942 1686 deditionem
2974 1633 3200 1701 recepit.
3224 1630 3380 1686 Mena
3406 1630 3633 1685 libertus

318 1725 573 1797 praebuit.
603 1725 648 1755 “
680 1722 750 1778 At
780 1723 966 1777 lloinae
998 1720 1189 1776 Fulvia
1215 1760 1230 1785 ,
1263 1730 1404 1774 uxor
1431 1716 1655 1783 Antonii
1680 1755 1695 1781 ,
1724 1728 1917 1769 socrus
1951 1726 1994 1787 Β
2022 1736 2149 1778 cum
2176 1738 2270 1779 se;
2305 1723 2541 1778 navibus
2588 1725 2655 1778 ad
2688 1724 3008 1794 pompeium
3048 1725 3209 1780 redii;
3230 1764 3245 1793 ,
3297 1740 3327 1778 ει
3368 1740 3478 1794 quo
3516 1725 3634 1780 οιρ-

318 1819 572 1885 Caesaris,
593 1817 933 1874 dominatum
956 1823 1020 1870 ut
1041 1812 1239 1870 mulier
1266 1812 1540 1884 agitabat:
1568 1808 1836 1864 incertum
1862 1808 1915 1860 in

318 1913 421 1968 hac
462 1910 768 1966 mutatione
805 1907 1114 1964 consularis
1160 1905 1407 1977 regiique
1443 1900 1687 1974 fastigii,
1736 1910 1916 1955 utrum

317 2004 623 2062 deficientis
673 2002 935 2074 potentiae
980 2000 1167 2055 ultima
1196 2044 1210 2069 ,
1264 2014 1333 2052 an
1382 1994 1694 2068 incipientis
1743 1994 1916 2064 prima

315 2098 362 2129 ⁸³
395 2097 757 2163 numeranda,
785 2103 938 2151 certe
964 2092 1128 2149 etiam
1158 2090 1212 2145 in
1235 2104 1335 2146 eos
1357 2089 1619 2151 insolens,
1655 2098 1749 2156 per
1780 2097 1918 2155 quos

318 2204 376 2247 ut
429 2190 827 2253 insolesceret,
881 2186 1163 2258 agebatur.
1225 2183 1359 2239 Nam
1407 2192 1461 2238 et
1507 2181 1774 2235 Cursarem
1831 2194 1916 2234 re-

316 2290 534 2341 versum
562 2285 706 2355 apud
733 2281 1097 2337 Brundusium
1129 2276 1478 2334 contumeliis
1496 2315 1510 2341 ,
1568 2272 1913 2340 lactionihus,

312 2375 636 2447 insidiiSque
662 2377 709 2407 ”
740 2373 914 2445 petiit.
965 2373 1011 2427 A
1040 2386 1148 2443 quo
1178 2368 1489 2441 prOpulsata
1520 2366 1587 2420 ad
1619 2364 1916 2419 Antonium

311 2469 475 2543 £33
529 2471 804 2526 concessit
860 2469 911 2522 iu
959 2466 1249 2524 Graeciam.
1308 2464 1354 2495 ’⁸
1410 2463 1542 2520 Sex.
1583 2460 1914 2531 Pompeius,

312 2574 602 2637 postquam
634 2577 693 2618 se
748 2561 799 2617 in
847 2558 1277 2631 proscriptorum
1328 2570 1615 2611 numerum
1685 2554 1915 2609 relatum

311 2656 613 2726 comperit,
647 2667 950 2709 conversus
1004 2651 1057 2705 iu
1114 2644 1432 2713 latrocinia,
1486 2660 1705 2702 omnem
1764 2658 1916 2700 oram

306 2747 481 2804 italia:
506 2745 750 2802 crctlihus
772 2738 1086 2813 rapinisque
1116 2742 1366 2797 vastavit.
1398 2740 1585 2796 Sicilia
1622 2749 1917 2809 prmrepta,

315 2839 823 2909 commeatibuSque
880 2836 1154 2907 impeditis
1188 2877 1203 2902 ,
1236 2834 1462 2888 Ruinam
1520 2833 1661 2887 fame
1715 2831 1915 2889 affecit.

312 2931 435 2986 Mus
464 2948 589 2986 cum
611 2944 678 2985 eo
704 2943 895 3000 pacem
918 2926 1214 2993 triumviri,
1240 2937 1296 2980 ut
1330 2938 1437 2979 non
1465 2924 1641 2979 dicam
1667 2922 1915 2994 tyranni,

311 3026 363 3079 id
390 3035 501 3089 est,
536 3023 805 3095 Lepidus,
836 3021 1048 3087 Caesar,
1080 3019 1457 3088 AntoniuSque
1498 3015 1765 3071 fecerunt.
1811 3015 1917 3071 Sed

2022 1825 2237 1872 menter
2263 1827 2536 1886 receptus,
2568 1816 2804 1871 Cazsaris
2830 1818 3062 1873 classem
3087 1819 3349 1885 incendit,
3378 1819 3625 1888 quamvis

2024 1922 2197 1978 nuper
2219 1907 2404 1963 Caesar
2431 1908 2657 1963 alteram
2690 1909 2936 1964 secundo
2966 1909 3249 1980 naufragio
3276 1909 3621 1979 perdidisset.

2020 1997 2280 2070 idemque
2307 2001 2460 2055 Mena
2490 2012 2680 2071 postea
2712 2000 2780 2055 ab
2805 2003 3041 2072 Agrippa
3072 2001 3248 2056 navali
3296 2001 3483 2069 pratliu
3511 2003 3621 2055 circ

2021 2109 2141 2150 cum
2153 2105 2372 2159 ventus,
2402 2109 2525 2150 cum
2547 2110 2647 2150 sex
2675 2094 2986 2151 triremibus
3005 2096 3072 2152 ad
3096 2096 3367 2151 Caesarem
3394 2094 3625 2149 transiit.

2022 2189 2132 2244 Sed
2157 2190 2301 2243 hunc
2330 2189 2516 2243 Caesar
2548 2190 2710 2243 tertio
2739 2190 3072 2261 transfugam
3098 2235 3111 2258 ,
3168 2189 3374 2244 indulta
3422 2197 3630 2243 tantum

2024 2283 2164 2348 vita,
2193 2265 2358 2352 436.
2388 2280 2431 2311 ⁸¹
2462 2295 2683 2351 segnem
2713 2281 2954 2351 reliquit.
2986 2281 3193 2337 Deinde
3222 2280 3458 2351 Agrippa
3490 2281 3631 2337 inter

2021 2372 2191 2438 Mylas
2219 2382 2275 2427 et
2305 2373 2530 2441 Liparas
2552 2373 2597 2404 δ’
2629 2373 2893 2428 adversus
2947 2375 3335 2429 Democharem
3363 2388 3418 2429 et
3466 2375 3629 2431 Pom-

2022 2450 2199 2535 peium
2224 2466 2413 2521 navale
2434 2466 2681 2536 praalinm
2709 2467 2905 2535 gessit,
2962 2480 3027 2521 ac
3065 2466 3192 2521 vicit
3224 2484 3239 2532 ;
3295 2466 3474 2537 ibique
3500 2477 3631 2525 tunc

2022 2572 2193 2612 naves
2235 2558 2461 2627 triginta
2484 2569 2576 2612 aut
2606 2557 2652 2590 ³³
2681 2556 2974 2625 demersit,
3032 2566 3127 2612 aut
3173 2559 3347 2629 cepit,
3404 2560 3628 2630 reliquis

2021 2647 2293 2704 laceratis.
2324 2647 2614 2718 Pompeius
2645 2648 2948 2704 Messanam
2996 2648 3259 2720 confugit.
3315 2647 3499 2705 Caesar
3541 2653 3625 2706 in-

2025 2754 2171 2799 terea
2225 2743 2635 2798 Taurominium
2668 2743 2713 2774 ³³
2760 2743 3094 2813 traiecerat,
3138 2759 3298 2813 quem
3343 2745 3629 2814 repentino

2025 2838 2229 2907 impetu
2260 2837 2551 2908 Pompeius
2575 2836 2787 2892 afﬂixit.
2814 2836 2973 2894 Unde
3000 2837 3187 2893 multis
3233 2838 3496 2895 demersis
3528 2855 3628 2896 na-

2024 2930 2180 2984 vibus
2227 2931 2370 2997 suis,
2406 2946 2471 2984 ac
2515 2946 2709 3006 magna
2740 2931 3091 2987 multitudine
3137 2946 3360 2987 suorum
3395 2932 3626 2989 militum

2024 3021 2269 3093 perdita,
2306 3023 2357 3075 in
2400 3021 2605 3075 Italiam
2631 3021 2816 3076 Caesar
2863 3023 3106 3092 aulugit,
3162 3023 3206 3054 ³³
3237 3038 3339 3077 nec
3393 3025 3628 3081 interve-

307 3119 572 3174 cimtiuun
630 3130 752 3172 cum
808 3125 999 3169 contra
1056 3122 1267 3181 pactum
1318 3109 1609 3178 Pompeius
1659 3106 1914 3177 fugitivos
1943 3107 1989 3171 C
2022 3116 2207 3171 niente
2236 3130 2416 3181 mora,
2469 3115 2521 3169 in
2556 3114 2793 3170 Siciliam
2822 3116 3021 3171 rediit:
3054 3117 3234 3186 ibique
3264 3117 3528 3185 Lepidum
3558 3133 3627 3174 ex

306 3212 571 3283 allegeret
601 3252 617 3279 ,
661 3214 722 3264 ut
786 3204 956 3263 hostis
1010 3198 1226 3260 habitus
1277 3213 1380 3259 est.
1443 3200 1596 3257 Mena
1627 3241 1640 3266 ,
1688 3196 1914 3257 libertus

311 3302 578 3370 Pompeii,
609 3316 732 3356 cum
774 3297 1057 3368 sexaginta
1092 3297 1307 3351 navium
1337 3296 1512 3349 classe
1555 3292 1621 3347 ad
1644 3291 1913 3348 Caesarem

308 3394 542 3462 defecit,
574 3393 861 3462 eidemque
884 3390 1048 3445 classi
1090 3390 1207 3460 ipse
1234 3388 1385 3459 jussu
1411 3386 1643 3443 Caesaris
1677 3385 1912 3456 pra-luit.

308 3486 570 3557 [denique
596 3485 856 3541 continuo
884 3483 930 3513 ’⁸
986 3497 1108 3536 cum
1161 3480 1376 3536 Statilio
1427 3480 1606 3535 'l‘auro
1652 3476 1916 3533 adversus

2023 3207 2204 3263 Africa
2243 3206 2628 3264 adventantem
2660 3206 2879 3263 obvium
2923 3202 3155 3275 habuit,
3215 3220 3454 3262 summas
3518 3211 3624 3267 sibi

2022 3310 2208 3371 partes
2238 3308 2477 3365 terrore,
2508 3298 2669 3354 minis
2698 3314 2764 3353 ac
2793 3300 3047 3369 superbia
3084 3298 3471 3357 vindicantem.
3496 3292 3625 3358 Post

2023 3392 2139 3448 dies
2193 3408 2397 3463 paucos
2453 3391 2685 3463 Agrippa
2717 3391 2868 3462 jussu
2895 3390 3130 3447 Caesaris
3182 3407 3212 3447 a
3273 3395 3455 3449 littore
3499 3409 3624 3450 cum

2022 3486 2141 3541 acie
2184 3485 2444 3541 instructa
2471 3488 2899 3555 prospectantis,
2960 3485 3005 3517 “
3060 3488 3401 3543 atrocissimo
3450 3489 3626 3544 navali

1618 3574 2066 3635 IIAVERCAMPI
2106 3576 2335 3634 NOTAE.

386 3677 475 3731 19.
520 3673 691 3743 Igitur
719 3669 971 3743 ϐῶσαι-ζει
992 3667 1381 3743 Antonius.__De
1410 3666 1546 3743 bello
1562 3666 1909 3743 Philippensi

311 3748 458 3803 Plut.
484 3738 798 3800 iuAutnuio
819 3751 876 3798 et
897 3741 1086 3807 Bruto,
1113 3744 1252 3808 App.
1284 3739 1378 3792 lib.
1411 3753 1481 3802 tv,
1515 3738 1612 3792 Dio
1637 3738 1909 3803 savii,“-

307 3820 433 3873 vius
460 3831 640 3881 cutv,
666 3815 857 3869 Florus
882 3812 975 3867 lib.
1010 3826 1062 3865 Iv
1090 3826 1140 3866 c.
1169 3812 1202 3865 6
1225 3852 1240 3877 ,
1276 3809 1516 3865 Velleius
1538 3848 1555 3875 ,
1592 3810 1905 3881 Eutropius,

312 3899 372 3945 et
403 3889 520 3942 alti.
555 3887 721 3941 FAﬁlt.

383 3960 474 4013 2t).
508 3957 731 4012 "Ortum
751 3966 797 4011 et
826 3955 1062 4025 precibus
1088 3952 1291 4025 medici.
1331 3951 1405 4025 De
1427 3950 1530 4004 hoc
1553 3952 1766 4025 somnio
1790 3965 1908 4007 rne-

309 4032 420 4086 dici
442 4031 554 4084 liiu.
583 4021 836 4083 Amicum
853 4042 1008 4081 suum
1033 4026 1172 4081 hunc
1197 4023 1366 4079 fuisse
1387 4021 1503 4092 ipse
1523 4022 1764 4091 scripsit,
1784 4037 1915 4078 auc-

311 4111 435 4157 tore
467 4101 741 4155 Plutarch.
771 4098 825 4152 in
855 4098 1111 4153 Autmiio.
1167 4095 1331 4150 FABR.

383 4172 477 4227 2i.
509 4169 697 4243 Afgre.
732 4169 805 4243 Ita
829 4185 957 4243 mss.
987 4178 1042 4223 et
1068 4167 1209 4243 edd.
1227 4166 1405 4243 plures
1428 4172 1483 4218 et
1506 4161 1787 4243 iti_elio_res._
1807 4163 1916 4219 Alii

308 4258 479 4316 ager,
514 4234 738 4316 Sueten.
779 4239 833 4294 in
864 4239 1002 4316 Aug.
1035 4255 1156 4307 cap.
1185 4234 1246 4293 9i
1278 4253 1316 4316 ε,
1346 4234 1591 4316 Quamvis
1630 4235 1911 4302 statuisset,

312 4305 421 4368 non
443 4305 617 4381 egredi
648 4305 979 4381 tabernaculo
1005 4305 1597 4381 propter_valetudinent.

387 4332 421 4367 η
443 4327 617 4381 egredi
648 4327 979 4365 iaoernacuto
1005 4327 1212 4434 ρι-Ἕιρτ
1234 4327 1597 4387 υαιεμιιιιξηεηι.
1688 4375 1699 4387 ,

386 4384 478 4438 22.
533 4384 597 4436 At
628 4382 809 4437 Romae
836 4378 1044 4435 Fulvia.
1139 4394 1169 4434 e
1198 4376 1403 4431 Fulviae
1447 4376 1735 4430 insolentia
1768 4375 1908 4432 Plut.

314 4456 372 4509 in
394 4456 659 4515 Antonio.
688 4462 745 4507 et
775 4453 872 4506 Dio
901 4453 996 4507 lib.
1032 4465 1213 4506 mm.
1258 4449 1421 4503 FABR.

384 4526 478 4581 23.
510 4524 865 4579 Numeranda.
901 4523 977 4578 Ita
999 4537 1127 4577 mss.
1154 4535 1290 4591 quos
1316 4516 1547 4585 inspexi,
1577 4531 1787 4581 omnes,
1816 4532 1914 4571 no-

320 4598 573 4650 minanda
605 4593 885 4651 Fabricius
914 4604 966 4649 et
993 4593 1190 4662 reliqui
1219 4591 1480 4645 editores.

385 4668 481 4722 is.
528 4667 702 4721 Petiit.
740 4665 929 4733 lident,
961 4664 1153 4735 petivit.

388 4740 482 4793 25.
514 4739 642 4793 Sex.
679 4728 1237 4810 PompeiusLDeSex.
1271 4729 1532 4801 Pompeio
1547 4728 1817 4810 rebusque
1844 4728 1914 4784 ab

316 4819 594 4864 enetcum
619 4801 865 4878 eogest'is
886 4807 1069 4860 Livius
1090 4804 1183 4878 li_b.
1200 4816 1385 4878 σιξ-γη
1409 4801 1908 4878 θιεθίιίιηέλρρὶδη.

318 4880 417 4937 lib.
448 4888 502 4946 ν,
538 4882 634 4934 Ilio
663 4869 829 4934 sirm
855 4891 905 4932 et
934 4891 1080 4938 ms,
1100 4875 1249 4946 Flor.
1282 4871 1375 4946 lib.
1404 4887 1456 4925 ιν
1486 4885 1537 4925 c.
1571 4869 1625 4923 8.
1654 4869 1821 4946 FMs“.

388 4941 643 5006 ιῧίϐιωη
672 4950 882 5005 Statilio
923 4947 1123 5001 Tauro.
1160 4945 1257 4998 Dio
1308 4943 1403 4997 lib.
1448 4955 1648 5004 χιινιιι,
1700 4941 1911 4995 Menam

322 5028 579 5078 uohctun
628 5021 838 5085 Tauro,
891 5018 984 5074 sed
1035 5032 1159 5072 cum
1210 5013 1443 5069 Calvisio
1462 5012 1682 5085 Sabino
1709 5013 1909 5067 bellum

319 5093 584 5148 adversus
603 5082 960 5147 Menecratem
990 5090 1222 5157 gessisse
1252 5086 1434 5157 tradit,
1460 5082 1624 5157 Fasti.

392 5166 483 5219 27.
519 5162 886 5234 Scyllacarunt.
933 5152 1044 5234 Di'g
1058 5157 1321 5234 stuperet:
1351 5154 1531 5234 habet.
1563 5152 1731 5234 App._
1754 5153 1912 5207 Σκυλ-

320 5237 517 5290 λάκιον.
551 5223 864 5305 νῖηςὶιλη).
899 5247 956 5305 n1
979 5229 1196 5305 Etieid.
1224 5226 1577 5305 Navifragunt
1608 5223 1916 5305 Scylaceum

319 5307 486 5367 dicit.
516 5319 624 5374 quo
646 5293 710 5359 in
743 5304 861 5374 loco
890 5302 961 5357 de
989 5301 1150 5369 hujus
1200 5293 1434 5352 nominis
1455 5293 1674 5351 ratione
1704 5293 1915 5349 Pierius

320 5387 378 5432 et
407 5376 741 5447 Brytbrmus.
771 5373 943 5447 Fspn.
1080 5441 1109 5447 λ
1369 5436 1405 5447 ἢ
1493 5436 1535 5447 υ
1614 5436 1641 5447 ί,
1669 5434 1702 5447 ,,

396 5434 501 5501 28Ῐ
532 5445 804 5499 Ventidius
831 5443 1047 5497 Persas.
1080 5441 1155 5495 De
1186 5455 1244 5494 re
1287 5454 1314 5491 a
1360 5436 1427 5491 P.
1493 5434 1735 5490 Ventidio
1793 5451 1919 5505 pro-

323 5534 485 5587 spere
516 5530 638 5571 cum
667 5514 881 5572 Parthis
905 5525 1060 5587 gesta
1086 5510 1486 5587 Plutarchusjn
1515 5508 1774 5587 Antonio,

326 5577 420 5644 li'b.
454 5583 1051 5654 suuretxstx,Ftor.
1100 5583 1195 5638 lib.
1223 5596 1276 5635 tv
1302 5595 1352 5635 c.
1402 5581 1467 5648 9,
1515 5577 1766 5633 Valerius
1818 5578 1915 5633 lib.

324 5675 376 5715 vr
406 5674 456 5713 c.
492 5659 580 5713 l0.
611 5657 778 5713 Pana.

396 5727 783 5799 29.,Jussitque
820 5736 874 5782 ut
904 5722 1332 5796 Autigono.Lege
1358 5721 1652 5791 Josepbum
1681 5720 1773 5776 lib.
1825 5734 1917 5775 xrv

1945 4491 1994 4549 D

2011 3671 2285 3740 Antiquit.
2320 3671 2486 3726 Fssa.

2083 3742 2530 3815 50.0empserat.
2564 3742 2693 3799 Mss.
2725 3753 2780 3799 et
2806 3743 2988 3815 vulgg.
3011 3744 3475 3815 omnesdederat,
3522 3750 3618 3806 sed

2014 3812 2067 3867 iu
2090 3813 2211 3867 cod.
2247 3812 2418 3881 Lugd.
2452 3812 2564 3868 Bat.
2606 3829 2688 3883 pr.
2726 3812 3160 3883 superscribitur
3188 3814 3444 3870 (tenuerat
3493 3833 3618 3877 esse

2017 3883 2305 3954 legendum
2339 3899 2352 3946 ;
2411 3899 2515 3951 qua
2539 3884 2916 3940 emendatione
2950 3886 3080 3939 nihil
3117 3884 3322 3940 certius
3342 3897 3451 3941 est.
3477 3888 3617 3946 Cum

2018 3954 2229 4026 llerode
2255 3956 2400 4009 enim
2430 3965 2481 4008 et
2518 3954 2779 4026 fratribus
2817 3956 3064 4024 ejusdem
3093 3956 3163 4011 de
3213 3968 3381 4026 regno
3411 3958 3617 4016 bellum

2016 4025 2193 4096 gessit
2230 4025 2565 4095 Antigonus,
2597 4041 2625 4096 a
2659 4024 2910 4081 Ventidio
2938 4035 3168 4096 captus,
3201 4037 3252 4081 et
3282 4024 3351 4082 ab
3381 4031 3620 4087 Antonio

2019 4095 2542 4169 securipercussus.
2569 4095 2767 4150 llerodi
2797 4110 2975 4169 autem
3006 4095 3227 4168 regnum
3259 4098 3409 4169 dedit
3433 4111 3621 4169 postea

2019 4165 2309 4221 Antonius.
2343 4168 2535 4221 Mirum
2567 4182 2694 4221 vero
2726 4178 2809 4221 est
2856 4165 3167 4223 Fabricium
3218 4165 3513 4226 advocasse
3565 4174 3620 4229 in

2022 4245 2201 4305 partes
2249 4252 2375 4291 suas
2404 4236 2721 4306 lescphum,
2768 4248 2822 4292 et
2870 4238 3004 4292 nihil
3051 4246 3343 4294 annotasse
3371 4240 3439 4294 ad
3472 4242 3623 4297 insu-

2021 4307 2201 4380 bidam
2234 4307 2381 4380 illam
2433 4309 2745 4380 lectionem,
2782 4324 3097 4378 regnumque
3130 4307 3330 4380 Herodi
3359 4310 3615 4380 dederat,

2018 4392 2127 4447 qua
2153 4378 2385 4447 ineptior
2434 4378 2731 4451 excogitari
2785 4383 2998 4448 nequit,
3048 4393 3171 4432 cum
3222 4378 3291 4451 de
3342 4378 3616 4451 Antigono

2019 4451 2244 4519 omnino
2268 4450 2569 4519 sermosit,
2604 4450 2691 4518 qui
2735 4464 2898 4519 regno
2930 4458 2984 4503 et
3034 4449 3269 4517 potentia
3300 4449 3619 4519 ejecit'lle-

2022 4518 2207 4573 rudem
2239 4530 2361 4573 cuiu
2393 4517 2505 4572 suis
2523 4560 2536 4582 ,
2571 4517 2678 4588 non
2703 4517 2831 4573 vero
2857 4518 2925 4573 de
2950 4519 3211 4584 Antonio,
3232 4517 3617 4588 qui—llerodem

2021 4603 2203 4659 regem
2235 4590 2552 4655 constituit,
2587 4586 2681 4643 sed
2715 4596 2934 4658 postea,
2965 4589 3109 4644 victo
3162 4600 3217 4645 et
3249 4586 3413 4661 capto
3461 4593 3618 4649 Anti-

2057 4675 2183 4713 0110.

2020 4675 2183 4785 sagi):
2218 4730 2437 4803 Segnem
2470 4731 2691 4799 reliquit.
2730 4730 2876 4802 Virg.
2909 4729 3212 4797 AEneidnr,
3245 4731 3352 4788 699
3385 4752 3396 4786 :

2708 4890 2903 4952 Poplite
2926 4891 3147 4943 Palmum

2267 4955 2463 5006 Sueciso
2483 4954 2610 5006 volvi
2629 4967 2838 5018 segnem
2859 4956 2989 5007 sinit.

2091 5091 2177 5146 52.
2212 5093 2468 5168 Adversus
2503 5092 2914 5168 Democharem._
2942 5092 2999 5146 In
3039 5094 3161 5151 aliis
3207 5107 3463 5168 corrupte
3492 5109 3612 5168 est,

2026 5159 2346 5237 Democltmn
2376 5206 2391 5229 ,
2440 5166 2749 5237 Δημοχᾲρην
2781 5162 3057 5237 Appianus
3086 5174 3142 5220 et
3187 5168 3283 5221 Diu
3314 5159 3613 5226 nominant.

2023 5233 2319 5304 Suetonius
2374 5233 2990 5304 qtioque'ﬂemocharem
3040 5234 3178 5292 bene
3219 5240 3396 5295 habet.
3446 5240 3611 5298 F/tsn.

2094 5305 2181 5358 53.
2217 5302 2664 5375 QenwrsitJCOd.
2698 5304 2966 5375 Longob.,
2992 5309 3183 5363 nursit.

2095 5375 2184 5428 54.
2220 5372 2533 5443 Trajecerat.
2564 5375 2792 5443 Quidam
2822 5372 2955 5430 inss.
2978 5417 2991 5442 ,
3023 5378 3313 5432 transierat.

2096 5444 2183 5517 55.
2218 5443 2330 5517 Nec
2349 5445 2716 5501 interveniente
2742 5461 2906 5500 mora.
2943 5447 3111 5516 Lugii.
3144 5449 3284 5505 Batt.
3319 5458 3459 5517 tres,
3487 5464 3612 5507 cum

2024 5514 2163 5570 Cull.
2224 5515 2497 5581 Gronov.,
2552 5532 2646 5571 nec
2702 5514 3067 5571 interveniente
3114 5517 3382 5575 dilatione.
3446 5514 3605 5576 'Edil.

2026 5586 2252 5655 August.
2273 5627 2288 5651 ,
2312 5603 2404 5641 nec
2440 5588 2809 5643 interveniente
2838 5588 3051 5639 ditionis
3081 5600 3246 5640 mora.

2213 5657 2566 5730 Atrocissimo.
2591 5658 2681 5716 Sic
2701 5670 2839 5712 mss.
2862 5657 2987 5711 edd.
3008 5656 3259 5713 meliores
3281 5664 3337 5715 et
3361 5658 3613 5730 August.;

2021 5727 2110 5783 alii
2130 5770 2145 5796 ,
2174 5728 2507 5784 atrocissime.
