4076 6174
260 275 400 334 1M9

1289 274 1760 335 HISTORIARUM
1800 272 2003 332 LIBER
2037 271 2131 349 ,γι
2172 270 2326 331 CAP.
2374 271 2515 351 XlX.

3405 273 3545 333 1050

253 390 460 447 Gratcia
512 389 764 447 homines
804 388 1075 447 habuerit.
1103 391 1285 450 Caesar
1335 391 1585 447 ducentis
1628 390 1846 464 triginta
1873 393 1927 455 Α
1952 390 1995 422 ¹⁷
2021 388 2292 447 Antonius
2324 404 2541 462 quoque
2568 388 2733 463 5.38
2771 390 3017 447 detracto
3048 391 3245 463 insigni
3274 395 3546 465 praetorias

253 481 505 540 rostratis
543 483 776 539 navibus
819 498 851 538 a
879 484 1188 540 Brundusio
1218 485 1271 540 in
1311 484 1535 553 Epirum
1572 484 1851 555 profectus

253 584 357 633 est.
388 574 627 648 Agrippa
657 590 789 632 vero
816 578 1134 648 prtemissus
1161 592 1191 632 a
1221 577 1458 646 Ctesare,
1494 577 1690 632 multas
1718 592 1851 633 one-

252 670 431 726 rarias
462 683 638 726 naves
662 667 939 726 frumento
959 677 1125 741 atque
1154 671 1322 726 armis
1342 686 1558 741 graves,
1594 670 1665 727 ab
1689 670 1852 742 {Egy-

256 771 376 834 pto,
396 764 577 833 Syria,
600 760 841 833 Asiaque
862 762 931 818 ad
959 762 1263 819 subsidium
1292 762 1335 796 “
1356 764 1601 820 Antonio
1625 764 1852 820 venien-

255 864 362 923 tes,
386 855 567 926 cepit;
598 863 993 927 peragratoque
1018 855 1520 927 Peloponnensium
1559 856 1705 922 sinu,
1740 856 1849 912 Me-

257 945 478 1003 thonam
534 947 762 1014 urbem,
821 947 1159 1004 validissimo
1214 948 1527 1005 Antoniano
1592 949 1850 1020 praesidio

255 1039 545 1106 munitam,
577 1039 937 1110 expugnavit.
970 1038 1100 1095 Inde
1127 1039 1421 1112 Corcyram
1443 1040 1614 1110 cepit:
1643 1039 1852 1110 fugien-

257 1139 340 1187 tes
370 1130 547 1187 navali
582 1131 773 1201 praelia
804 1142 1145 1203 persecutus,
1180 1131 1524 1203 proﬂigavit;
1555 1131 1850 1203 multisque

257 1222 423 1279 rebus
447 1222 832 1280 cruentissitne
856 1223 1049 1295 gestis,
1078 1225 1145 1280 ad
1168 1223 1442 1281 Cursarem
1474 1225 1649 1280 venit.
1682 1225 1851 1281 Anto-

256 1317 382 1373 nius
420 1315 637 1373 defectu
685 1326 740 1374 et
799 1316 942 1375 fame
997 1318 1230 1376 militum
1284 1334 1507 1375 suorum
1564 1328 1850 1390 permotus

254 1408 460 1465 bellum
491 1414 766 1466 maturare
795 1410 1049 1480 instituit,
1089 1427 1153 1467 ac
1183 1423 1409 1483 repente
1444 1412 1726 1468 instructis
1752 1427 1848 1468 co-

232 1502 379 1575 ,piis,
402 1503 469 1559 ad
496 1501 728 1560 Caesaris
749 1512 926 1560 castra
952 1506 1242 1575 processit,
1268 1515 1324 1561 et
1347 1505 1525 1561 victus
1552 1505 1850 1561 est.’l‘ertio

252 1603 378 1668 post
414 1610 650 1667 pugnam
677 1596 799 1664 die,
830 1598 1099 1654 Antonius
1126 1608 1303 1657 casm
1328 1598 1395 1653 ad
1427 1598 1638 1655 Actium
1671 1609 1849 1657 trans-

255 1686 414 1755 tulit,
460 1688 640 1744 navali
674 1688 861 1759 praelio
888 1690 932 1722 ³⁸
962 1690 1262 1747 decernere
1316 1701 1560 1762 paratus.
1595 1692 1848 1749 Ducentte

1952 483 2126 545 navis.
2143 482 2439 554 fugientem
2459 492 2679 539 secutus
2700 493 2785 540 est
2809 485 3415 543 uxorem.lllucescente
3429 488 3543 557 jam

1952 575 2041 632 die
2073 576 2350 632 victoriam
2382 573 2566 631 thsar
2594 577 3012 632 consummavit.
3034 577 3115 632 Ex
3157 577 3312 634 victis
3343 577 3550 634 duodev

1952 669 2056 726 cim
2089 670 2255 725 millia
2268 668 2531 725 cecidisse
2548 669 2876 736 referuntur,
2897 670 2943 707 ιθ
2955 684 3049 725 sex
3077 670 3243 726 tnillia
3260 673 3480 727 vulnera
3492 683 3542 727 ta

1951 768 2112 828 sunt,
2154 775 2184 815 e
2235 760 2433 831 quibus
2491 760 2639 817 mille
2668 760 2809 817 inter
2855 760 3155 818 curandum
3198 762 3543 821 defecerunt.

1954 850 2218 906 Antonius
2246 862 2301 907 et
2327 850 2613 924 Cleopatra
2663 868 2983 910 communes
3014 854 3217 911 liberos
3266 872 3390 912 cum
3415 873 3543 928 par.

1953 953 2006 1002 te
2031 945 2191 1017 regiae
2211 961 2357 1017 gaza:
2387 947 2453 1002 ad
2482 946 2723 1003 llubrum
2758 963 2907 1004 mare
2948 949 3360 1019 pitetnittcntlos
3409 940 3542 1008 cen-

1950 1048 2197 1094 suerunt.
2250 1037 2415 1110 539
2459 1038 2565 1110 Ipsi
2603 1039 2869 1111 praesidiis
2898 1040 3042 1096 circa
3092 1040 3203 1096 duo
3253 1043 3295 1075 ¹⁹
3323 1040 3548 1116 Egypti

1951 1143 2156 1185 cornua
2180 1171 2196 1197 ,
2221 1128 2495 1185 Pelusium
2517 1130 2997 1203 Parmtouiumquc
3018 1174 3032 1201 ,
3057 1132 3336 1203 dispositis
3354 1174 3369 1201 ,
3400 1136 3546 1191 clas-

1951 1236 2067 1278 sem
2097 1231 2152 1278 et
2180 1224 2366 1295 copias
2395 1223 2754 1281 instaurando
2790 1225 2934 1281 bello
2974 1236 3321 1297 paraverunt.
3359 1226 3547 1287 Caesar

1952 1316 1998 1348 ’δ
2034 1327 2248 1372 sextum
2302 1317 2605 1387 imperator
2648 1317 2976 1389 appellatus,
3027 1329 3084 1375 et
3130 1330 3385 1393 quartum
3429 1322 3547 1393 ipse

1951 1424 2074 1464 cum
2104 1409 2178 1465 M.
2210 1408 2423 1464 Licinio
2457 1408 2659 1465 Crasso
2698 1410 2911 1477 consul,
2948 1411 3315 1468 Brundusium
3353 1413 3543 1482 venit,

1952 1502 1997 1534 “
2016 1502 2199 1574 ibique
2224 1501 2375 1558 orbis
2397 1514 2666 1560 terrarum
2692 1504 2970 1576 praesidia,
2996 1505 3188 1561 divisis
3212 1505 3542 1578 legionibus,

1951 1594 2277 1665 composuit.
2298 1595 2427 1651 lnde
2449 1598 2501 1650 in
2534 1595 2748 1669 Syriam
2776 1594 3087 1668 profectus,
3122 1612 3245 1655 mox
3271 1597 3545 1655 Pelusium

1951 1686 2127 1752 adiit;
2172 1686 2262 1743 ubi
2291 1687 2360 1743 ab
2395 1688 2720 1744 Autonianis
2756 1689 3026 1759 praesidiis
3070 1689 3217 1745 ultro
3258 1699 3547 1762 susceptus

251 1788 306 1835 et
338 1780 558 1852 triginta
584 1791 839 1838 rostrata)
868 1781 1018 1838 fuere
1044 1782 1280 1837 Cmsaris
1308 1798 1474 1839 naves
1496 1825 1511 1848 ,
1544 1793 1598 1839 et
1627 1785 1845 1856 triginta
1879 1800 1926 1860 Β
1951 1786 2054 1834 est.
2085 1778 2299 1836 Interea
2327 1778 2614 1837 Cornelius
2653 1781 2864 1852 Callus,
2898 1785 3220 1853 praemissus
3248 1799 3277 1839 a
3306 1784 3548 1853 Cresare,

249 1871 370 1927 sine
395 1872 618 1940 rostris,
648 1873 901 1929 triremes
932 1873 1221 1930 velocitate
1250 1873 1559 1930 Liburnicis
1589 1891 1765 1944 pares,
1792 1884 1847 1932 et

248 1972 379 2020 octo
408 1963 649 2036 legiones
677 1964 838 2023 classi
876 1966 1253 2037 superpositae,
1284 1966 1490 2038 absque
1521 1967 1846 2025 cohortibus

249 2056 489 2128 quinque
510 2058 797 2128 praetoriis.
830 2057 1033 2114 Classis
1059 2058 1280 2115 Antonii
1309 2059 1355 2091 ¹⁶
1383 2069 1601 2116 centum
1629 2070 1847 2131 septua-
1872 2096 1875 2099 -

245 2149 397 2221 ginta
436 2149 654 2205 navium
684 2149 805 2217 fuit,
830 2160 1092 2221 quantum
1116 2167 1345 2209 numero
1373 2153 1600 2221 cedens,
1632 2162 1847 2210 tantum

251 2242 622 2315 magnitudine
653 2245 995 2315 prteccllens.
1028 2244 1162 2302 Nam
1201 2245 1390 2302 decem
1431 2246 1630 2317 pedum
1660 2248 1846 2302 altitu-

250 2336 376 2393 dine
404 2353 433 2392 a
465 2337 601 2393 mari
631 2337 881 2395 aberant.
909 2339 1199 2396 Famosum
1228 2349 1283 2395 et
1315 2355 1566 2411 magnum
1596 2339 1703 2397 hoc
1730 2339 1848 2395 bel-

248 2431 361 2487 lum
389 2431 528 2503 apud
555 2430 771 2488 Aetium
803 2431 924 2489 fuit.
956 2434 1039 2489 Ab
1078 2432 1213 2489 hora
1239 2435 1425 2505 quinta
1456 2450 1628 2506 usque
1668 2436 1721 2490 in
1753 2434 1850 2490 ho—

249 2538 366 2578 ram
405 2523 731 2595 septimam,
778 2525 982 2581 incerta
1042 2526 1298 2583 vincendi
1344 2543 1473 2598 spe,
1512 2530 1849 2599 gravissima:

248 2616 521 2688 utrimque
541 2618 720 2673 caedes
737 2627 905 2675 actae:
928 2619 1196 2693 reliquum
1217 2620 1326 2677 diei
1340 2636 1462 2677 cum
1486 2621 1850 2692 subsequente

248 2720 408 2767 nocte
446 2709 499 2765 in
532 2709 815 2767 victoriam
852 2711 1083 2767 Caesaris
1127 2711 1441 2768 declinavit.
1474 2712 1632 2769 Prior
1658 2714 1842 2783 regina

246 2801 534 2874 Cleopatra
563 2817 689 2860 cum
718 2802 994 2875 sexaginta
1025 2802 1387 2861 velocissimis
1416 2805 1644 2862 navibus
1673 2804 1846 2877 fugit;

1954 1882 2187 1943 quatuor
2219 1874 2491 1943 legiones,
2514 1890 2651 1947 quas
2681 1875 2954 1932 Antonius
2979 1877 3121 1948 apud
3150 1877 3393 1949 Cyrenas
3414 1894 3554 1950 prte-

1955 1964 2079 2020 sidii
2112 1965 2233 2021 loco
2249 1966 2627 2036 constituerat,
2650 1969 2892 2038 suscepit
2919 1970 2971 2024 in
3004 1968 3165 2026 fidem
3197 1981 3400 2041 :atque
3423 1970 3550 2027 inde

1955 2057 2352 2129 Paraetonium,
2396 2061 2443 2092 ²²
2475 2061 2706 2130 primam
2740 2061 2965 2135 Egypti
2997 2078 3028 2117 a
3059 2062 3245 2135 Libya:
3289 2070 3444 2134 parte
3471 2063 3554 2118 ci-

1957 2151 2200 2215 vitatem.
2233 2150 2282 2183 ”
2307 2151 2448 2207 victo
2484 2152 2623 2223 cepit
2659 2155 2931 2223 Antonio,
2964 2153 3254 2225 ipsumque
3292 2158 3551 2211 continuo

1956 2243 2100 2311 apud
2138 2241 2374 2299 Pharum
2416 2243 2545 2299 vicit
2602 2262 2614 2298 :
2657 2244 2931 2301 Antonius
2980 2253 3237 2315 equestre
3290 2246 3552 2304 adversus

1950 2333 2228 2391 Caesarem
2261 2335 2464 2391 bellum
2501 2334 2621 2390 iniit
2662 2351 2677 2402 ;
2713 2337 2765 2391 in
2810 2352 2878 2393 eo
2913 2352 3135 2408 quoque
3167 2338 3551 2395 miserabiliter

1952 2430 2132 2486 victus
2162 2428 2389 2500 aufugit.
2419 2429 2677 2484 Kalendis
2706 2429 3004 2486 Sextilibus
3034 2432 3208 2503 prima
3239 2433 3360 2490 luce
3381 2434 3553 2490 Anto-

1955 2522 2078 2578 nius
2093 2538 2217 2578 cum
2243 2522 2312 2578 ad
2335 2522 2710 2591 instruendam
2735 2524 2966 2581 classem
3000 2526 3053 2579 in
3078 2534 3292 2596 portum
3324 2526 3552 2583 descen-

1955 2614 2145 2685 deret,
2178 2616 2359 2672 subito
2393 2617 2664 2673 univcrsre
2709 2633 2873 2673 naves
2903 2617 2970 2672 ad
3014 2618 3288 2674 Caesarem
3321 2620 3554 2675 transie-

1949 2706 2356 2779 runt.Cumque
2376 2709 2538 2765 unico
2557 2709 2807 2780 praesidio
2826 2711 3091 2782 spoliatus
3111 2722 3278 2779 esset,
3300 2714 3545 2784 trepidus

1952 2818 2013 2861 se
2044 2815 2166 2857 cum
2195 2802 2383 2874 paucis
2417 2802 2621 2873 recepit
2646 2800 2700 2858 in
2732 2803 2959 2874 regiam.
2998 2802 3201 2861 Deinde
3235 2804 3550 2862 imminente

1542 2966 1993 3025 llAVERCAMPI
2027 2965 2262 3025 NOTAE.

249 3181 296 3239 Α
323 3110 411 3236 1'4.
434 3109 688 3196 Antonio.
715 3108 886 3182 Lugd.
918 3110 1062 3165 Batt.
1089 3117 1321 3181 quatuor
1342 3107 1555 3164 etColl.
1572 3106 1838 3177 Gronov.,

299 3201 332 3238 11
356 3200 488 3237 οηη.

299 3184 488 3238 tttom't'.

248 3253 411 3381 [1.15.
438 3252 744 3309 Det-emere.
769 3251 940 3326 Lugd.
967 3251 1102 3307 Batt.
1134 3259 1247 3308 tres
1261 3266 1384 3307 cum
1404 3248 1543 3307 Coll.
1572 3249 1839 3316 Gronov.,

287 3342 521 3380 tmtcare.

287 3342 521 3380 tmtcare.

323 3395 412 3452 l6.
431 3394 650 3451 Centum
676 3405 723 3450 et
746 3395 1073 3468 septuaginta
1103 3394 1328 3468 navium.
1351 3393 1449 3449 Ed.
1487 3394 1713 3461 August.
1735 3392 1844 3468 lia-

248 3466 366 3539 bet,
385 3476 661 3539 centumet
673 3464 948 3539 octoginta
960 3467 1185 3539 uarium.
1201 3464 1494 3536 Aliquanto
1512 3477 1629 3535 pOSt
1648 3464 1841 3520 eadem

248 3538 350 3595 Ed.
384 3541 521 3607 Aug.
550 3539 602 3593 in
632 3537 836 3605 horam,
877 3537 1073 3609 pro‘ad
1099 3539 1302 3609 horam.

318 3612 407 3666 l7.
437 3606 691 3664 Antonius
719 3606 939 3681 quoque.
972 3607 1143 3665 Sicuti
1186 3607 1465 3681 Phtpnices
1491 3606 1840 3681 eminuerunt

246 3680 518 3735 classibus
543 3681 656 3736 suis
688 3676 741 3735 in
772 3676 1009 3751 potentia
1043 3678 1222 3751 navali
1247 3679 1318 3733 Μ.
1353 3677 1572 3751 Antonii
1601 3685 1657 3731 et
1682 3676 1841 3751 Cleo-

246 3761 418 3821 patra:
439 3795 454 3819 ,
501 3754 581 3806 sic
619 3753 673 3807 in
705 3748 984 3822 utriusque
1008 3749 1268 3822 gratiam,
1305 3757 1361 3803 et
1392 3750 1522 3822 felix
1551 3748 1838 3822 augurium

247 3818 501 3902 ﬁnitumus
527 3822 794 3902 cuderuut
822 3818 943 3902 eum
960 3818 1220 3902 lictor-ia:
1258 3819 1468 3902 naualis
1491 3818 1641 3902 typo,
1664 3818 1839 3888 qualis

249 3890 342 3949 hic
362 3909 538 3950 aereus
552 3902 634 3948 est
651 3893 898 3964 insignis,
914 3909 943 3946 a
959 3890 1628 3964 Tripolitatiisthnicia:
1651 3904 1835 3964 cusus,

247 3966 340 4034 qui
368 3979 396 4017 a
427 3974 583 4035 parte
622 3960 804 4035 pricr'e
831 3960 1258 4033 exltibet’jugata
1285 3961 1353 4016 Μ.
1396 3960 1614 4035 Antonii
1650 3962 1839 4035 triu_t_n-

246 4028 351 4091 viri
381 4028 444 4091 δι’
483 4028 684 4104 regina:
720 4036 1020 4103 Cleopatrae
1057 4028 1231 4101 capita
1259 4049 1273 4098 ;
1305 4049 1334 4086 a
1367 4041 1519 4103 parte
1545 4032 1714 4104 altera
1746 4028 1837 4085 Vi-

250 4106 422 4176 ctoria
450 4103 708 4163 insistens
728 4122 901 4176 prorae
919 4104 1181 4169 cernitur,
1199 4104 1389 4159 dcvlra
1409 4103 1675 4158 corollam
1699 4117 1836 4176 p_r:e-

246 4174 450 4249 ferens.
475 4176 693 4249 Legitur
720 4170 773 4234 in
818 4177 1048 4249 circuitu
1073 4183 1447 4249 remeam!
1461 4181 1563 4249 ter.
1594 4184 1688 4249 se,
1718 4170 1837 4226 Τνὶο

246 4247 528 4319 petitarum
552 4244 718 4304 'anno
764 4264 889 4304 xxv.
930 4248 1198 4320 Tripolis,
1248 4245 1379 4320 urbs
1416 4244 1745 4320 Phuanictaa,
1777 4255 1837 4297 ut

246 4317 469 4391 reliquae
499 4320 662 4391 urbes
686 4320 807 4391 ejus
833 4317 1060 4382 tractus,
1108 4332 1216 4391 tera
1269 4317 1677 4391 Seleucidarum
1717 4323 1837 4369 ute-

246 4388 430 4459 batur.
479 4390 688 4447 Seleuci
718 4388 938 4447 ’deinde
987 4388 1221 4459 posteris
1271 4389 1415 4444 inter
1462 4402 1523 4443 se
1559 4388 1628 4459 de
1667 4400 1834 4459 regno

246 4450 657 4527 dissldeutibus,
691 4462 939 4532 Tripolin
966 4450 1274 4529 occupavit,
1310 4460 1473 4532 inque
1494 4450 1835 4532 eademina-

248 4474 657 4527 dissidentibus,
692 4474 939 4532 't'rtpoun
966 4474 1274 4543 occupavit,
1310 4474 1473 4583 inﬂue
1494 4474 1560 4514 ea
1588 4474 1833 4539 nomina-

248 4538 335 4604 tus
362 4541 449 4588 est
478 4541 739 4604 tyrannus
767 4533 984 4604 quidam
1012 4532 1323 4604 Dionysius.
1403 4544 1505 4585 unc
1547 4529 1833 4598 Pompeius

245 4601 514 4671 Magnus,
534 4601 862 4659 thnicizim
891 4603 1211 4673 ingressus,
1244 4601 1295 4654 in
1329 4607 1650 4673 p0_testatem
1679 4612 1831 4673 suam

246 4668 560 4745 (etinctum,
610 4679 784 4731 securi
827 4668 1111 4745 percussit.
1155 4668 1341 4745 Quare
1378 4668 1697 4739 Tripolitani
1718 4709 1755 4745 ,_
1774 4668 1829 4723 in

247 4742 509 4822 Pompeii
518 4739 765 4822 gratiam,
801 4739 992 4822 novam
1022 4744 1436 4822 introduxerunt
1467 4755 1713 4822 turanne
1742 4739 1835 4822 be-

244 4814 445 4871 neflcio
476 4814 753 4886 Pompeii,
784 4825 841 4872 et
883 4815 1102 4872 redacta
1148 4814 1216 4869 ab
1260 4814 1451 4886 cuidem
1490 4814 1744 4886 Phoenice
1783 4814 1837 4864 in

244 4890 579 4958 provinciam
611 4884 776 4957 (quod
815 4889 1011 4942 factum
1039 4888 1140 4940 fuit
1173 4886 1238 4940 A.
1272 4884 1341 4958 ll.
1372 4884 1433 4940 C.
1457 4885 1643 4949 DCXC!)
1666 4895 1839 4938 annos

245 4956 379 5014 suos
408 4956 778 5022 numerantes,
806 4959 949 5013 unde
974 4958 1253 5027 colligitur
1277 4956 1364 5011 hic
1393 4969 1645 5010 nummus
1671 4968 1834 5027 cnsus

243 5044 392 5085 anno
424 5028 489 5086 U.
528 5027 591 5084 C.
625 5044 838 5085 nccxvr.
873 5028 1072 5084 Verum
1103 5025 1311 5097 postea,
1359 5028 1611 5097 Augusto
1633 5025 1824 5097 gratifi-

242 5110 455 5163 cantes,
487 5102 695 5169 rejecto
718 5101 928 5155 honore
966 5095 1234 5170 Pompeii,
1276 5097 1500 5170 pristina
1523 5095 1841 5170 Seleucida-

242 5186 367 5227 rum
398 5186 506 5226 tera
537 5166 591 5225 in
625 5172 862 5227 nummis
904 5166 1120 5227 iterum'
1142 5166 1289 5223 sunt
1314 5170 1418 5223 usi.
1463 5168 1723 5223 Servatur
1753 5166 1840 5221 hic

244 5257 501 5297 nummus
529 5243 582 5296 iu
605 5242 769 5297 nobili
795 5256 984 5297 musco
1011 5241 1207 5297 illustr.
1227 5238 1485 5305 Lebretii,
1507 5239 1674 5306 Aquis
1699 5236 1840 5294 Sex-

244 5313 358 5379 tiis,
391 5313 636 5383 ejusdem
665 5312 956 5384 provinciae
994 5310 1257 5384 prtcfecli.
1283 5309 1840 5384 Adjugnxiutusualium

242 5398 314 5441 ex
342 5380 533 5439 tuusen
560 5380 803 5455 nostro,
828 5383 881 5438 in
908 5380 1016 5455 quo
1047 5382 1233 5439 itidem
1261 5390 1390 5455 sunt
1413 5382 1599 5451 jugata
1631 5380 1701 5435 Μ.
1732 5382 1841 5435 An-

242 5455 380 5526 tonii
416 5457 711 5526 uxorisque
754 5454 877 5526 ejus
924 5452 1105 5524 capita
1146 5470 1163 5517 ς
1198 5452 1477 5526 muliebre
1510 5461 1838 5526 autem_no_n

241 5525 570 5594 CleOpatrze,
603 5521 697 5581 sed
726 5521 1009 5587 octavus.
1032 5525 1241 5581 sororis
1276 5521 1512 5580 Caesaris
1536 5521 1839 5584 Octaviani,

243 5594 370 5653 esse
408 5597 606 5652 docent
644 5596 852 5666 adjecta
883 5596 1149 5666 capitibus
1191 5595 1406 5649 nomina
1446 5600 1840 5666 MaA‘NT‘ONIOC

243 5678 522 5733 OKTABIA,
544 5683 665 5738 qua:
697 5663 751 5721 in
777 5668 914 5723 meis
941 5663 1175 5721 nummis
1202 5665 1363 5738 (duos
1393 5663 1669 5738 possideo)
1698 5679 1838 5717 azm-

242 5741 381 5810 gine
400 5734 717 5808 consumpta
745 5747 891 5810 sunt,
924 5737 1019 5793 sed
1054 5734 1317 5810 habentur
1346 5736 1400 5810 in_
1425 5734 1587 5810 simili
1618 5749 1838 5810 nummo

244 5803 389 5882 apud
429 5803 701 5868 Andream
741 5808 1067 5865 Marmoram
1105 5807 1159 5865 in
1198 5805 1436 5864 Historia
1476 5803 1835 5875 Corcyrensi,

1949 3122 2419 3198 Italienidiomale
2460 3122 2671 3193 vulgata
2710 3139 2766 3196 p.
2796 3124 2918 3180 156.
2942 3125 3317 3198 Corcyrenses
3358 3136 3545 3184 autem

1948 3196 2051 3268 sub
2074 3193 2284 3268 Phileta
2325 3209 2613 3268 nummum
2649 3193 2953 3266 signarunt.
2994 3207 3053 3249 ut
3082 3193 3238 3252 docet
3267 3198 3552 3268 inscriptio

1948 3266 2172 3338 alterius
2217 3269 2407 3336 partis.
2429 3264 2670 3322 Octavia:
2694 3264 2860 3338 caput
2902 3268 3186 3325 rarissime
3227 3270 3279 3323 in
3310 3264 3547 3326 numinis

1947 3337 2183 3410 antiquis
2211 3338 2469 3396 oceurrit.

2137 3578 2633 4018 ΣΞ
2678 3725 2711 3732 ﬂ

2831 3891 3184 4055 gives?

2805 4184 2812 4191 ’

2193 4240 2460 4438 (ι
2523 4321 2551 4364 ν
2606 4310 2625 4329 κ
2877 4297 3263 4384 κωφῑξγρλω

2368 4400 2369 4403 ‘
2397 4368 2482 4487 ξ’

2550 4574 2668 4749 ί
2869 4613 3268 4713 ππ
3043 4679 3045 4681 ι
3133 4553 3473 4826 ι

2012 4954 2104 5011 18.
2158 4951 2264 5008 Sea:
2291 4950 2480 5006 millia.
2519 4949 2851 5005 Constanter
2896 4949 3115 5000 servant
3168 4939 3551 5011 huncynume-

1941 5008 2233 5081 runt'mss.
2285 5036 2500 5085 Otones,
2554 5021 2655 5074 nisi
2685 5017 2828 5089 quod
2873 5032 3011 5070 unus
3070 5027 3136 5068 ex
3191 5009 3364 5077 Lugd.
3404 5008 3549 5089 Βίης.

1941 5107 2165 5165 quatuor
2217 5095 2432 5149 habeat.
2472 5081 2666 5165 Yulgg.
2705 5081 2903 5144 omnes
2947 5094 3160 5165 septeni,
3196 5089 3422 5145 excepta

1942 5155 2107 5237 Aug.,
2123 5180 2244 5237 quae
2257 5166 2451 5237 ubique
2465 5155 2730 5237 feres—uni
2748 5174 2878 5214 mss.
2908 5155 3224 5237 melioribus
3246 5155 3545 5237 consentit.

2017 5224 2107 5292 ῐθζ
2141 5224 2612 5308 Ὲῃνριῖεονηιια.
2645 5231 2803 5287 Prior
2830 5244 2933 5284 vox
2966 5229 3018 5283 in
3047 5226 3137 5281 ed.
3169 5224 3402 5293 August.
3438 5237 3547 5275 non

1942 5318 2144 5366 exstat.

2016 5378 2108 5434 20.
2155 5379 2375 5436 Sextum
2396 5419 2411 5440 ,
2441 5383 2548 5431 etc.
2589 5372 2717 5429 Mss.
2748 5370 2862 5427 fere
2888 5382 3080 5425 omnes
3105 5375 3251 5420 serto
3277 5370 3332 5418 et
3358 5369 3546 5430 quarto

1943 5450 2177 5511 malum,
2202 5459 2257 5505 et
2286 5452 2358 5504 ita
2388 5448 2504 5502 fere
2531 5459 2748 5509 semper
2771 5443 3056 5511 scribunt:

2015 5521 2107 5577 2L
2138 5510 2341 5586 Ibique.
2392 5518 2533 5572 Edit.
2561 5521 2696 5585 Aug.
2727 5513 2819 5568 ibi.
2855 5514 2984 5569 Mss.
3016 5510 3284 5566 Florenti.
3315 5511 3425 5555 tres
3458 5510 3540 5555 Iti-

1946 5592 2097 5665 dem,
2132 5592 2312 5665 deleta
2338 5589 2535 5665 copula
2558 5604 2677 5659 que.
2908 5654 2918 5665 ⁸

2013 5663 2105 5718 22.
2141 5663 2399 5717 Primam.
2428 5659 2675 5715 Florent.
2699 5672 2811 5729 ι)τὲ
2834 5659 3097 5729 primum.
3211 5717 3223 5729 ο
3263 5725 3271 5729 _
3400 5727 3438 5729 ﬂ
3485 5712 3497 5723 ,

2014 5734 2105 5791 25.
2148 5733 2299 5788 Victo
2330 5732 2466 5798 cepit
2496 5721 2741 5784 Antonio.
2768 5721 2869 5782 Ed.
2898 5724 3152 5794 August.,
3174 5721 3364 5773 uictam
3385 5721 3540 5785 cepit,

1947 5804 2230 5861 Antonium
2254 5807 2428 5876 ipsum
2458 5801 2726 5867 continuo,
2752 5806 2859 5853 etc.
