4076 6174
276 220 418 280 1035

1333 220 1807 283 illS’i‘uRlsRIm
1845 219 2055 283 ΙΜΒῆ
2098 224 2181 282 Vl.
2223 225 2376 282 CAP.
2421 227 2540 283 XX.

3426 226 3567 290 mss
3626 304 3627 307 γ

271 340 361 399 die
388 345 623 413 primum
649 344 921 415 Augustus
947 343 1320 399 consalutatus
1347 348 1454 399 est.
1476 340 1631 411 Quod
1665 354 1862 398 nomen
1889 346 1939 406 Α
1967 342 2198 398 Caesaris
2231 353 2344 398 toto
2372 342 2505 399 orbe
2538 340 2817 414 regnantis
2846 338 2885 374 ¹¹
2922 336 3103 399 fuluis
3131 343 3338 402 Christi
3371 350 3566 403 natiri-
3630 354 3633 355 ⁷

269 438 486 493 cunctis
512 444 671 491 antea
693 436 715 467 ⁸
736 436 1081 505 inviolatum,
1110 437 1130 469 ⁸
1152 444 1207 492 ct
1234 444 1407 507 usque
1435 435 1501 490 ad
1534 446 1676 490 uttnc
1701 447 1866 492 raste-

272 528 350 585 ris
377 529 630 582 inausum
656 526 890 582 dominis
910 566 926 593 ,
951 536 1157 583 tantum
1186 524 1337 583 orbis
1360 527 1508 584 licite
1527 525 1692 599 M3
1713 540 1871 583 usura

269 629 481 691 patum,
510 618 719 689 apicem
757 619 998 675 declarat
1038 620 1254 692 imperii
1291 636 1304 672 :
1335 630 1498 692 atque
1527 620 1549 652 ³
1579 633 1648 676 ex
1673 620 1867 676 eodem

271 712 361 767 die
399 718 613 767 summa
656 720 839 767 rerum
876 724 939 766 ac
983 720 1310 782 potestatum
1352 722 1521 781 penes
1549 722 1715 767 unum
1746 722 1871 767 esse

269 806 436 874 erepit
473 813 529 860 et
573 803 794 870 mansit,
830 803 977 874 quod
1016 804 1194 860 Graeci
1236 801 1606 860 monarcbiam
1648 808 1862 859 vocant.

272 897 443 952 Porro
473 906 652 951 autem
681 896 823 952 bone
843 910 964 951 esse
978 895 1239 951 eumdem
1263 878 1437 961 diem,
1460 898 1562 951 hoc
1582 908 1688 964 est,
1713 908 1866 952 octa-

268 1006 395 1046 vum
427 991 546 1046 idus
574 990 1008 1061 ianuarias,quo
1035 1004 1135 1046 nos
1165 989 1488 1061 Epiphania,
1518 990 1619 1045 itoc
1648 996 1750 1055 cst,
1775 1005 1873 1057 ape

268 1088 626 1158 paritionem,
673 1087 792 1142 sive
830 1084 1326 1141 manifestatlonem
1373 1084 1641 1140 Dominici
1684 1096 1870 1140 sacra-

267 1181 437 1235 menti
482 1170 877 1244 observamus,
925 1188 1085 1233 nemo
1125 1177 1503 1241 credentium,
1551 1178 1665 1231 sive
1703 1177 1867 1232 etiam

270 1273 393 1326 iidei
440 1268 946 1338 centradicentlum,
982 1270 1175 1325 nescit.
1217 1268 1294 1325 De
1333 1284 1442 1339 quo
1474 1275 1675 1323 nostra:
1709 1269 1867 1322 istius

269 1365 599 1421 ﬁdelissle
643 1364 1047 1421 observationis
1084 1371 1430 1436 sacramento
1473 1360 1694 1417 uberius
1724 1370 1870 1419 nunc

267 1457 468 1523 dicere,
497 1466 597 1513 nec
619 1457 781 1524 ratio,
815 1470 915 1512 nec
942 1455 1096 1512 locus
1127 1454 1334 1525 ﬂagitat
1366 1470 1379 1509 :
1411 1462 1471 1510 ut
1496 1465 1550 1510 et
1578 1468 1683 1526 qua
1701 1455 1870 1509 rentls

270 1548 372 1604 bus
414 1556 746 1616 reservas“,
788 1554 843 1604 et
887 1547 1287 1619 negligentibus
1330 1562 1435 1603 non
1468 1546 1763 1617 ingessisse
1792 1547 1869 1600 via

270 1639 517 1696 deamnr.
541 1639 657 1696 Hoc
677 1647 857 1696 autem
882 1636 1115 1696 ﬂdeliter
1134 1652 1603 1695 commemorasse
1626 1638 1744 1693 ideo
1770 1648 1867 1708 par

1971 446 2053 493 tas
2079 437 2353 493 declarata
2381 444 2494 503 eet;
2541 435 2791 493 Christus
2831 438 2978 493 enim
3024 437 3207 510 lingua
3243 443 3420 511 gentis
3446 444 3571 512 ejus
3640 444 3643 447 ’

1970 530 2014 563 ³³
2044 528 2097 585 in
2125 535 2228 600 qua
2252 536 2414 585 natus
2433 533 2537 598 est,
2559 540 2755 585 unctus
2782 530 3193 600 interpretatur.
3222 529 3413 604 Itaque
3436 538 3561 590 eum

1968 639 2034 680 eo
2065 628 2313 693 tempore
2346 639 2455 695 quo
2485 624 2688 679 Caesari
2716 633 2977 694 perpetua
3003 620 3291 681 tribunicia
3324 632 3566 695 potestas

1967 716 2186 771 decreta
2220 725 2324 780 est,
2356 715 2544 771 Romae
2569 716 2688 771 fons
2718 715 2829 771 olei
2859 731 2955 786 per
2985 726 3154 772 totum
3197 708 3340 773 diem
3368 718 3526 777 ﬂuxit
3553 739 3566 775 :

1969 807 2069 862 sub
2129 806 2436 879 principatu
2491 806 2729 864 Cresaris
2782 807 3136 879 Romanoque
3194 809 3422 881 imperio
3474 827 3572 883 per

1969 913 2137 960 tutum
2167 903 2336 967 diem,
2367 902 2470 958 boc
2501 910 2606 969 est,
2632 916 2732 973 per
2764 917 2927 959 omne
2956 902 3185 958 Romani
3225 913 3444 974 tempus
3468 905 3573 962 im‘

1967 996 2126 1068 perii,
2152 996 2424 1053 Christum
2450 1006 2501 1051 et
2525 1008 2590 1052 ex
2615 1010 2683 1053 eo
2703 996 3076 1065 Christianos,
3110 997 3162 1052 id
3189 1007 3294 1065 est,
3319 1008 3568 1067 unctum,

1967 1099 2133 1160 atque
2158 1102 2224 1145 ex
2254 1104 2321 1144 eo
2350 1097 2566 1155 unctos,
2601 1088 2671 1143 de
2700 1087 2983 1145 meritoria
3035 1088 3258 1144 taberna
3278 1130 3292 1155 ,
3326 1087 3430 1145 hoc
3460 1099 3595 1158 est,‘

1968 1183 2039 1239 de
2063 1181 2280 1253 hospita
2305 1184 2565 1254 largaque
2590 1181 2838 1237 Ecclesia
2867 1181 3182 1248 afﬂuenter,
3203 1187 3365 1248 atque
3391 1183 3572 1240 inces-

1969 1270 2216 1331 sabiliter
2249 1286 2605 1345 processuros
2622 1315 2637 1335 .
2667 1272 3150 1341 restituendosque
3176 1286 3276 1343 per
3295 1272 3569 1329 Czrsarem

1970 1378 2164 1422 omnes
2220 1380 2432 1432 servos,
2479 1366 2571 1435 qui
2625 1373 2804 1419 tamen
2850 1370 3242 1433 cognoscerent
3285 1366 3569 1422 hominum

1969 1468 2148 1523 suum,
2180 1468 2542 1528 ceterosque,
2568 1456 2656 1527 qui
2688 1455 2733 1488 "
2765 1457 2885 1511 sine
2911 1455 3135 1512 domino
3164 1456 3571 1530 invenirentur,

1971 1550 2132 1606 morti
2181 1548 2562 1620 supplicidtjue
2610 1547 2913 1614 dedendos,
2970 1546 3413 1621 remittendaque
3466 1551 3570 1608 sub

1970 1642 2186 1696 Caesare
2215 1640 2395 1697 debita
2429 1648 2782 1711 peccatorum
2821 1640 2876 1696 in
2907 1655 2969 1696 ea
3000 1632 3148 1697 Urbe
3178 1641 3231 1696 in
3270 1653 3376 1712 qua
3406 1657 3571 1713 spona

270 1732 392 1799 fuit,
423 1737 484 1787 ut
506 1740 604 1802 per
624 1732 808 1787 omnis
832 1731 1045 1787 venturi
1074 1731 1272 1786 Christi
1303 1731 1472 1801 gratia
1503 1740 1868 1800 praeparatum
1901 1721 1943 1780 Β
1975 1743 2195 1789 laneum
2225 1731 2269 1764 “
2294 1731 2545 1787 ﬂuxisset
2594 1731 2804 1796 oleum,
2857 1732 3264 1787 evidentissima
3317 1733 3432 1799 itis,
3475 1734 3571 1806 qui

264 1824 500 1881 Ctesaris
522 1825 812 1894 imperium
834 1824 1243 1894 comprobetur.
1261 1820 1282 1856 ’¹
1303 1822 1437 1878 Nam
1461 1834 1582 1877 cum
1600 1821 1864 1893 primum,

264 1913 401 1969 Ca‘io
435 1914 652 1971 Cresam
684 1916 957 1971 avunculo
993 1928 1093 1970 suo
1128 1913 1434 1983 interfecto,
1463 1926 1533 1970 ex
1574 1914 1868 1985 Apollonia

268 2006 489 2062 rediens
516 2006 719 2063 Urbem
744 2007 1139 2078 ingrederetur,
1165 2007 1296 2061 liora
1318 2008 1537 2062 circiter
1561 2006 1719 2063 tertia
1743 2010 1764 2041 ⁸
1782 2020 1871 2064 τεο

270 2108 451 2171 petite,
486 2099 696 2171 liquido
735 2112 798 2155 ac
839 2114 972 2169 puro
1012 2112 1208 2156 sereno
1246 2100 1489 2155 circulus
1531 2100 1598 2155 ad
1627 2100 1866 2171 speciem

268 2191 504 2247 ctelestis
532 2200 690 2246 arcus
717 2192 905 2247 orbem
932 2192 1064 2247 solis
1090 2191 1301 2257 ambiit,
1324 2194 1346 2225 ο
1371 2194 1523 2263 quasi
1548 2206 1671 2247 eum
1702 2204 1868 2248 unum

271 2297 337 2337 ac
374 2282 813 2351 potentiassitnutn
857 2282 910 2337 itt
953 2283 1056 2338 hoc
1085 2282 1289 2339 mundo
1315 2284 1601 2354 solumque
1627 2284 1871 2341 clarissla—

272 2382 418 2430 mum
447 2376 499 2431 ln
528 2375 661 2430 urbe
681 2383 1032 2439 monstraret,
1057 2377 1215 2445 cujus
1238 2384 1484 2446 tempore
1506 2382 1764 2433 venturus
1782 2386 1870 2434 es-

269 2474 373 2535 set,
401 2467 493 2539 qui
522 2468 700 2537 ipsum
733 2468 906 2524 solem
931 2467 1102 2537 solus,
1128 2468 1500 2540 mundumque
1523 2476 1690 2523 totum
1713 2478 1768 2525 et
1792 2470 1870 2525 i'e-

268 2561 437 2616 cisset
459 2566 516 2617 et
545 2568 782 2632 regeret.
816 2556 1025 2617 Deinde
1053 2572 1175 2617 cum
1203 2561 1468 2631 secundo,
1499 2562 1551 2617 in
1576 2562 1760 2619 Sicilia
1783 2574 1870 2620 re-

268 2653 445 2724 ceptis
473 2667 504 2708 s
531 2653 793 2724 Pompeio
812 2660 869 2709 et
888 2652 1092 2723 Lepido
1111 2652 1435 2725 legionibus,
1463 2653 1680 2725 triginta
1701 2650 1869 2712 millia

269 2755 552 2801 servorum
591 2745 830 2801 dominis
874 2747 1222 2815 restituisset,
1260 2746 1318 2803 et
1346 2748 1698 2819 quadraginta
1730 2758 1867 2818 qua~

272 2844 399 2891 tuor
421 2836 659 2908 legiones
681 2837 830 2892 soliis
853 2834 1083 2906 imperio
1103 2850 1206 2893 suo
1227 2840 1293 2893 ad
1319 2840 1560 2896 tutamen
1583 2839 1735 2896 orbis
1760 2845 1870 2896 tera

272 2940 456 2985 rarutu
486 2930 875 2996 tlistt'ibliissel,
902 2940 1182 3003 ovansque
1206 2931 1405 2988 Urbem
1432 2935 1729 3002 ingressus,
1753 2948 1870 2989 0.ito

1971 1825 2358 1894 prophetarum
2406 1838 2571 1879 voces
2615 1836 2721 1879 non
2768 1823 3089 1890 audiebant,
3122 1824 3275 1894 signa
3309 1826 3362 1880 in
3405 1827 3571 1893 coelo,

1968 1927 2022 1973 et
2055 1919 2107 1973 in
2134 1928 2277 1973 terra
2303 1914 2544 1987 prodigia
2575 1914 2957 1986 prodiderunt.
2987 1915 3177 1970 Tertio
3205 1924 3410 1983 autem,
3443 1928 3568 1973 cum

1969 2009 2171 2065 Urbem
2204 2006 2545 2078 triumphans
2575 2006 2821 2078 quintum
2848 2007 3038 2062 consul
3069 2007 3350 2077 ingressus
3372 2014 3480 2076 est,
3505 2016 3573 2065 eo

1968 2100 2183 2156 scilicet
2210 2100 2321 2167 die,
2374 2108 2535 2171 quem
2590 2112 2753 2168 supra
2803 2098 3239 2167 nominavimus,
3275 2100 3320 2132 “
3348 2116 3471 2155 cum
3518 2109 3577 2158 et

1968 2192 2163 2249 Janum
2197 2198 2322 2261 post
2346 2191 2618 2246 ducentos
2649 2205 2825 2246 annos
2856 2194 3091 2260 primutn
3123 2192 3239 2262 ipse
3266 2192 3492 2260 clausit,
3518 2201 3574 2247 et

1969 2288 2330 2343 clarissimum
2364 2286 2496 2341 illud
2528 2285 2571 2317 ¹⁶
2605 2286 2831 2356 AugUsti
2862 2299 3059 2340 nomen
3089 2285 3406 2355 assumpsit,
3441 2286 3572 2356 quid

1956 2380 2189 2436 ﬂdelins
2218 2379 2492 2435 ac'verius
2512 2362 2661 2433 credi
2691 2385 2784 2434 aut
2806 2363 3072 2448 cognosci.
3097 2382 3306 2446 potest;
3338 2390 3573 2432 concur-

1970 2471 2226 2528 rentibus
2255 2470 2323 2538 ad
2354 2476 2563 2526 lautam
2592 2468 3115 2535 manifestationem,
3146 2478 3301 2539 pace,
3329 2468 3574 2537 nomine,

1971 2558 2084 2632 die,
2114 2578 2274 2634 quam
2327 2562 2471 2618 hunc
2518 2560 2733 2618 occulto
2761 2560 2982 2631 quidem
3012 2571 3315 2632 gestorum,
3348 2560 3569 2629 ordine,

1972 2656 2041 2711 ad
2097 2654 2422 2726 obsequium
2474 2651 2889 2724 prtem-rationis
2943 2651 3062 2722 ejus
3117 2651 3572 2723 praedestinatum

1972 2746 2142 2802 fuisse
2176 2758 2189 2799 :
2222 2746 2313 2816 qui
2344 2760 2412 2801 eo
2457 2745 2566 2811 die,
2612 2758 2721 2814 quo
2765 2744 2858 2799 ille
2907 2741 3339 2800 manifestandus
3370 2740 3574 2801 mundo

1976 2841 2018 2872 "
2048 2848 2172 2910 pust
2203 2837 2483 2909 paululum
2515 2846 2668 2901 erat,
2700 2846 2752 2891 et
2785 2836 2930 2905 paris
2960 2835 3173 2905 signum
3219 2836 3488 2906 praetulit,
3519 2844 3576 2892 et

1976 2931 2261 3001 potestatis
2288 2942 2487 2983 nomen
2541 2926 2872 2998 assumpsit?
2901 2926 3040 2993 Quid
3070 2936 3248 2980 autctn
3282 2926 3334 2981 itt
3373 2935 3570 2997 quarto

271 3022 358 3076 nia
395 3021 676 3093 superiora
697 3022 887 3094 pepuli
930 3022 1160 3079 Humani
1202 3024 1380 3078 debita
1413 3023 1692 3091 donanda,
1724 3025 1871 3081 litte.
1910 3089 1939 3094 Δ
1975 3024 2174 3092 reditu,
2197 3035 2324 3076 cum
2352 3022 2506 3076 linito
2527 3021 2857 3076 Cantabrico
2878 3018 3039 3087 bello,
3067 3018 3380 3090 pacatisque
3401 3022 3575 3075 omnis

271 3089 480 3167 rarum-
501 3114 665 3169 etiam
705 3089 1071 3170 monumentis
1122 3115 1345 3170 abolitis
1373 3116 1416 3147 η
1444 3089 1779 3182 censuisset;
1816 3116 1869 3172 iu
1895 3089 1942 3153 Ο
1977 3117 2080 3172 bus
2104 3089 2379 3185 gentibus,
2409 3112 2592 3168 Ctesar
2620 3111 2823 3168 Urbem
2855 3114 3094 3181 repetiit,
3122 3111 3188 3166 ad
3218 3089 3575 3168 contestatio-

272 3203 464 3260 diobus
487 3205 657 3276 ipsius
680 3205 803 3261 lous
823 3207 929 3261 olei
953 3206 1313 3278 largissimus;
1337 3209 1474 3263 sicut
1499 3207 1753 3279 superius
1775 3220 1873 3266 exe

273 3300 443 3368 pressi
476 3340 492 3367 ,
533 3301 602 3355 de
630 3299 852 3357 taberna
879 3301 1156 3357 meritoria
1189 3310 1285 3372 per
1316 3310 1484 3358 totum
1514 3300 1655 3359 diem
1687 3304 1866 3360 ﬂuxit.

271 3387 436 3461 αθ
462 3389 583 3458 Quo
608 3390 765 3463 signo
805 3389 937 3464 quid
978 3392 1305 3462 evidentius,
1362 3406 1522 3465 quam
1573 3395 1631 3450 in
1677 3395 1873 3454 diebus

1978 3222 2102 3264 nem
2136 3208 2260 3263 lidei
2282 3221 2443 3274 quam
2467 3208 2870 3276 expromitnus,
2897 3216 3075 3261 actum
3106 3205 3199 3272 sil,
3233 3205 3352 3276 ipso
3383 3205 3574 3262 ordine

1980 3303 2173 3360 melius
2202 3300 2537 3373 proferetur.

1571 3578 2027 3640 HAVERCAMPI
2065 3578 2297 3637 ΝΟΤΑιὶ.

345 3704 399 3770 δ.
433 3702 775 3768 Inviolatum.
804 3710 1000 3767 Nescio
1029 3702 1155 3780 quid
1187 3708 1291 3765 ltoc
1316 3710 1540 3766 verbum
1570 3711 1674 3767 sibi
1708 3704 1863 3777 velit,

273 3795 328 3841 et
354 3783 627 3851 quantodo
647 3791 831 3847 antea,
858 3781 911 3837 id
937 3788 1042 3843 est,
1070 3790 1195 3837 ante
1219 3780 1522 3851 Augustum
1548 3782 1761 3837 dicatur
1784 3784 1865 3837 ina

272 3852 520 3911 violatum
550 3852 604 3909 id
631 3868 850 3909 nomen.
878 3853 936 3907 ln
960 3852 1200 3907 Florenl.
1230 3868 1343 3907 sec.
1377 3853 1573 3922 legitur
1596 3854 1860 3921 inclitum,

274 3931 369 3981 sed
404 3929 474 3982 ita
501 3937 558 3981 ut
583 3926 887 3995 corrigatur
919 3923 999 3995 sic
1028 3924 1237 3995 abrasis
1265 3924 1597 3995 quibusdam
1618 3940 1739 3995 qua:
1765 3941 1865 3991 an-

277 4008 357 4053 tea
390 3997 693 4061 exstabant,
726 3986 942 4050 l'itteris.
972 3986 1055 4049 Au
1082 3986 1429 4049 scribendum
1460 3986 1727 4048 insolitum
1747 3988 1861 4049 ?'au

279 4084 410 4124 vero
440 4067 634 4122 violare
664 4067 752 4122 llic
776 4064 1043 4135 Signilicat
1065 4064 1324 4121 invadere
1351 4066 1561 4119 titulum
1584 4064 1866 4121 divinum?

277 4148 439 4208 prout
479 4139 546 4193 de
590 4138 807 4191 nomine
854 4138 1080 4208 Augusti
1126 4135 1318 4208 Florus
1364 4138 1623 4191 extremis
1661 4136 1785 4192 libri
1813 4151 1866 4191 tv

276 4207 479 4277 verbis,
512 4217 565 4262 ut
604 4208 800 4262 scilicet
824 4207 964 4277 jam,
995 4207 1121 4260 dum
1145 4207 1270 4262 colit
1299 4216 1483 4276 terras,
1515 4208 1630 4276 ipso
1660 4208 1867 4262 nomine

275 4291 322 4335 et
350 4279 504 4333 titulo
529 4289 940 4333 consecraretur.

347 4357 400 4406 5.
422 4348 505 4420 Et
532 4365 693 4420 usque
717 4348 787 4402 ad
817 4363 971 4403 nunc.
1002 4338 1138 4401 Edd.
1171 4347 1438 4417 Quaedam,
1468 4357 1515 4403 et
1540 4345 1642 4402 huc
1666 4364 1867 4420 usque;

276 4422 376 4476 ius.
417 4418 586 4490 Lugd.
610 4418 734 4474 Bat.
764 4429 970 4490 quarta
1003 4425 1051 4470 et
1080 4434 1238 4490 usque
1266 4434 1423 4472 nunc.

348 4457 737 4560 "£05212;
764 4457 888 4544 ῗιῖἕῖ
906 4457 1052 4543 in;
1084 4457 1447 4560 ῖόξζιίίίἵέἱὶ.
1480 4499 1713 4560 quatuor
1741 4504 1865 4546 cunt

279 4562 417 4619 Ultr.
444 4570 499 4617 et
526 4559 660 4615 Coll.
692 4558 931 4615 Gronov.
962 4567 1125 4629 atque
1155 4557 1247 4615 ed.
1272 4556 1438 4629 Aug.,
1470 4556 1536 4615 ea;
1562 4578 1621 4615 ea
1650 4561 1759 4617 die.

256 4668 263 4672 -
350 4635 403 4688 7.
434 4633 575 4688 Nam
601 4648 723 4703 cunt
740 4631 987 4703 primum.
1014 4629 1131 4703 Hoc
1153 4644 1219 4703 ex
1244 4629 1486 4703 Suetonii
1511 4632 1753 4703 Augusto
1775 4630 1870 4687 de-

276 4705 538 4772 scriptum
568 4714 673 4758 est.
707 4700 895 4756 [tefet-t
922 4702 1064 4756 idem
1091 4700 1266 4757 Julius
1292 4699 1634 4770 Obsequens.
1663 4700 1832 4758 Faue.

349 4777 403 4830 8.
440 4772 689 4844 Repente,
721 4772 919 4842 liquido
948 4788 1008 4826 ac
1037 4788 1170 4843 puro
1197 4788 1399 4827 sereno.
1431 4772 1594 4839 Editi,
1626 4789 1760 4844 puro
1786 4789 1869 4843 se:

278 4863 500 4918 renoque
543 4848 689 4902 caelo.
732 4844 1161 4918 Inconsiderate,
1195 4845 1498 4918 praesertim
1529 4860 1654 4918 cum
1683 4858 1807 4914 cap.
1840 4845 1866 4899 1

279 4912 452 4975 ultimi
481 4918 572 4974 lib.
602 4921 768 4973 etiam
795 4916 1022 4973 Orosius
1043 4917 1122 4973 sic
1146 4917 1397 4988 loquatur
1422 4935 1438 4973 ;
1463 4912 1768 4988 deliciarum
1787 4932 1873 4970 se-

279 5007 401 5045 reno
429 4989 725 5058 assuefacti,
757 4998 810 5044 et
840 5005 869 5041 a
899 5003 1029 5044 mss.
1059 4985 1233 5043 etiam—
1263 4988 1428 5043 absit.
1450 4988 1551 5043 Sic
1570 4985 1714 5056 Virg.
1748 5002 1763 5039 :

404 5098 515 5154 Heu
540 5104 742 5154 nimium
763 5103 877 5155 caeli
900 5101 1082 5155 confise
1100 5115 1297 5154 sereno.

281 5212 450 5268 Laur.
483 5242 553 5252 —
583 5211 809 5278 Versus,
843 5227 1005 5281 quem
1046 5211 1285 5282 respicit,
1318 5220 1495 5267 exstat
1526 5209 1659 5268 Ain.
1692 5210 1789 5265 lib.
1822 5224 1876 5276 ν,

281 5285 412 5338 870.
434 5283 544 5341 Sed
574 5282 650 5338 ibi
676 5283 836 5353 vulgo
864 5283 1091 5353 legitur:

408 5384 450 5435 Ο
471 5386 671 5436 nimium
691 5384 818 5437 caelo
842 5392 895 5436 et
918 5385 1096 5449 pelago
1112 5383 1297 5435 conﬁse
1318 5383 1533 5434 sereno!

284 5488 418 5544 Cum
444 5505 575 5561 vero
604 5489 659 5544 iu
688 5490 943 5545 omnibus
965 5490 1087 5545 edd.
1121 5489 1380 5561 antiquis,
1408 5488 1879 5545 consentientibus

287 5574 419 5617 mss.
456 5559 647 5632 itidem
670 5562 915 5632 cunctis,
961 5559 1267 5629 legeretur,
1299 5561 1501 5632 liquido
1537 5576 1599 5632 ac
1639 5575 1771 5632 puro
1795 5576 1877 5614 se-

286 5647 433 5697 reno,
465 5630 750 5687 Fabricius
794 5642 1000 5686 temere
1027 5632 1188 5688 nimis
1217 5641 1272 5687 et
1301 5630 1562 5685 audacter
1590 5630 1881 5685 lectionem

290 5701 625 5771 immutavit,
675 5700 1030 5774 seposuitque
1075 5718 1205 5774 puro
1249 5717 1527 5772 serenoque
1572 5701 1689 5771 die,
1734 5710 1884 5759 tanto

1970 3720 2122 3768 certe
2146 3702 2622 3771 inconsideratius,
2656 3704 2800 3775 quod
2829 3703 2969 3774 apud
2997 3703 3314 3775 Suetonium
3344 3703 3398 3758 in
3428 3705 3567 3774 Aug.

1969 3798 2091 3851 cap.
2124 3780 2196 3837 95
2223 3826 2237 3850 ,
2272 3776 2413 3851 unde
2436 3777 2558 3832 haec
2586 3774 2879 3851 descripta
2897 3784 3048 3851 sunt,
3078 3786 3185 3851 non
3213 3774 3375 3829 aliter
3402 3789 3566 3851 quam

1973 3845 2405 3909 in'Orosii'codd.
2430 3858 2628 3903 exstet.
2662 3848 2734 3901 Et:
2764 3845 2976 3901 Velleio
3000 3853 3056 3899 et
3083 3845 3250 3900 Dione
3274 3853 3439 3915 atque
3464 3846 3540 3900 Ζο
3558 3877 3572 3889 -

1972 3941 2098 3979 nara
2130 3922 2373 3981 Suetonii
2421 3923 2559 3975 lianc
2603 3917 2970 3973 narrationem
3020 3916 3312 3971 illustravit
3362 3917 3566 3974 ibidem

1969 3995 2346 4051 Casaubonus.

2042 4064 2096 4123 9.
2119 4064 2284 4131 Quasi
2310 4078 2428 4117 eum
2454 4075 2617 4115 unum
2632 4076 2694 4114 ac
2710 4055 3137 4130 potentissimum.
3162 4055 3299 4114 Edd.
3321 4058 3572 4129 quaedatlt

1974 4147 2133 4203 vett.,
2162 4136 2311 4203 quasi
2341 4149 2456 4189 eum
2486 4148 2649 4186 unum
2672 4147 2741 4203 iac
2761 4131 3104 4203 potissimum.

2047 4198 2131 4263 1οξ
2167 4198 2459 4275 Censuisset
2493 4205 2630 4275 fons.
2661 4198 2772 4257 Sic'
2796 4198 3392 4275 recte_liber_blaterui,
3428 4200 3573 4257 inter

1972 4277 2386 4351 qumAalicttude‘
2404 4269 2521 4330 haec
2550 4275 2887 4351 irrepserant
2913 4288 2925 4323 :
2951 4271 3006 4351 in
3029 4269 3208 4351 diebus
3229 4271 3425 4351 ipsius,
3449 4285 3573 4351 qua:

1972 4334 2115 4419 quod
2159 4357 2278 4418 post
2317 4342 2481 4419 etiam
2522 4334 2704 4399 statim
2744 4348 3081 4419 sequantur,
3130 4334 3365 4419 relegavi
3408 4334 3573 4419 hinc,

1974 4409 2118 4476 unde
2144 4409 2426 4473 venerant.
2457 4415 2630 4470 Laur.
2657 4442 2730 4454 -—-
2755 4410 2811 4467 ln
2826 4409 3092 4466 omnibus
3122 4418 3303 4465 tamen
3329 4424 3460 4465 mss.
3488 4409 3573 4467 in-

1976 4493 2292 4553 veniuntur,
2327 4487 2426 4542 nisi
2459 4483 2602 4556 quod
2637 4500 2734 4556 pro
2758 4482 2920 4554 ipsius
2951 4481 3003 4536 in
3039 4479 3314 4556 plerisque
3334 4479 3570 4556 invene-

1897 4532 1950 4593 D
1976 4532 2257 4629 satis;
2277 4532 3013 4635 aliisaliis;,‘i'iis‘aaaps‘,
3036 4532 3309 4633 ’άξεόηἱ
3324 4532 3568 4621 eam},

1974 4618 2228 4689 videntur
2245 4618 2588 4699 respondere
2619 4618 2766 4679 hisce
2790 4618 2843 4699 in
2861 4618 3061 4699 diebus
3076 4618 3261 4693 ipsius.

2052 4704 2134 4759 11.
2180 4690 2410 4755 Futura.
2444 4690 2614 4753 Abest
2643 4713 2671 4748 a
2702 4693 2825 4750 cod.
2859 4690 3103 4763 Longob.

2049 4777 2136 4830 12.
2187 4769 2257 4827 In
2293 4787 2420 4843 qua.
2469 4769 2599 4825 Mss.
2632 4764 2848 4840 quidam
2879 4781 2945 4821 ea:
2972 4780 3111 4836 qua;
3156 4763 3271 4831 alii,
3299 4780 3363 4819 ea:
3387 4781 3490 4837 quo
3521 4772 3578 4823 et

1975 4863 2312 4973 t’lil‘éuflbine
2340 4912 2572 4967 domino.
2619 4910 2695 4965 Ita
2746 4907 2960 4965 restitui
2988 4923 3055 4963 ex
3086 4920 3217 4963 mss.
3253 4900 3390 4961 Male
3432 4905 3580 4978 leges

1981 4990 2142 5044 batur
2169 4987 2282 5041 sine
2306 4984 2563 5039 dominio.

2055 5060 2142 5114 N.
2187 5056 2478 5111 Fluxisset.
2508 5054 2635 5109 Mss.
2664 5052 2834 5121 Lugd.
2877 5052 3043 5116 Batt.,
3074 5048 3250 5119 ﬂuxit.

2058 5131 2143 5185 i5.
2198 5126 2330 5182 Cum
2378 5134 2428 5181 et
2456 5124 2674 5179 Ianum.
2730 5118 2809 5179 De
2861 5121 2998 5178 Jano
3030 5118 3216 5176 clauso
3250 5118 3452 5175 mentio
3482 5118 3581 5174 fuit

1985 5201 2141 5255 initio
2168 5197 2291 5254 libri
2325 5197 2505 5266 primi.
2542 5197 2679 5250 lliuc
2704 5194 2897 5266 Virgil.
2926 5190 3145 5249 IEueid.
3173 5205 3214 5259 t,
3238 5190 3367 5258 298,
3398 5189 3535 5244 dixit
3562 5207 3579 5244 τ

1983 5269 2305 5328 Claudentur
2327 5264 2450 5322 belli
2480 5264 2862 5339 portw.AFaan.
3010 5293 3014 5297 -
3426 5331 3437 5339 _
3571 5326 3577 5333 .

2060 5342 2148 5397 16.
2177 5340 2400 5412 Augusti
2421 5331 2627 5412 nomen.
2655 5336 2925 5412 Cte‘sarent
2950 5351 2987 5412 a_
3009 5343 3224 5412 senatu.
3256 5331 3580 5412 ueterisque

1985 5414 2193 5469 civibus
2222 5403 2492 5483 sententia
2532 5406 2753 5483 Munatii
2784 5408 2988 5483 Planci
3040 5405 3339 5483 Angustum
3375 5403 3579 5483 dictum

1982 5485 2152 5542 fuisse
2201 5494 2331 5552 ante
2374 5481 2516 5536 diem
2569 5496 2655 5535 xv:
2711 5478 2820 5533 kal.
2876 5476 3069 5552 Feb_r.,
3118 5476 3585 5552 seseptintuntet

1984 5556 2055 5610 Μ.
2119 5551 2375 5624 Vipsania
2433 5552 2666 5623 Agrippa
2720 5565 2903 5616 coss.,
2972 5542 3302 5601 Censorinus
3367 5542 3578 5597 scribit.

1987 5627 2153 5750 mini:
2207 5693 2339 5751 Post
2384 5695 2675 5765 paululum.
2710 5688 2845 5746 Cod.
2898 5680 3166 5757 Longob.,
3199 5692 3312 5754 post
3343 5679 3583 5755 paulum,
