4072 6156
493 242 634 302 1055

945 358 1112 432 ω
1148 356 1379 416 CAPUT
1418 357 1562 414 XXI.

494 472 670 529 Ctesar
708 472 970 545 quomodo
997 472 1285 545 ([ispanias
1306 473 1594 545 ingressus,
1623 471 1906 545 Cantabros
1933 471 2090 527 Astu-

565 540 745 615 resque
772 545 966 599 vicerit.
1001 540 1206 615 Drusus
1241 540 1395 615 quas;
1397 543 1452 615 in
1493 540 1773 615 Germania
1798 543 2090 615 subegerit,

569 627 616 672 et
643 613 829 671 Cossus
853 617 908 670 in
933 615 1141 685 Africa;
1165 613 1328 686 deque
1355 613 1570 683 Tiberii,
1599 613 1838 683 Quintilii
1867 613 2017 682 Vdri,
2042 624 2093 670 et

564 689 811 759 Agrippa:
840 688 1019 758 gestis.

571 823 586 855 ⁸
618 823 778 878 Anno
808 820 875 876 ab
901 819 1046 878 Urbe
1071 819 1289 876 condita
1313 835 1545 898 nccxxvt
1566 861 1581 889 ,
1613 819 1943 892 imperatore
1984 824 2094 876 Au-

496 925 656 985 gusto
685 917 706 946 ²
731 913 948 970 Cmsare
977 913 1177 980 sexies,
1207 924 1263 969 et
1284 913 1369 969 bis
1397 913 1468 968 Μ.
1495 913 1726 985 Agrippa
1753 913 2089 981 consulibus,

493 1009 681 1063 Caesar
709 1021 896 1078 parum
921 1005 975 1061 in
999 1004 1258 1076 Hispania
1287 1020 1386 1076 per
1412 1005 1682 1062 ducentos
1709 1021 1882 1061 annos
1913 1015 2090 1061 actum

497 1101 836 1171 intelligens,
867 1100 912 1155 si
943 1100 1246 1156 Cantabros
1274 1110 1437 1171 alque
1464 1100 1713 1166 Astures,
1740 1100 1876 1156 duas
1911 1099 2098 1180 fortis-_

493 1195 662 1249 simas
696 1191 971 1263 Hispania:
993 1201 1205 1264 gentes,
1239 1191 1352 1247 suis
1381 1191 1460 1247 uti
1491 1191 1698 1262 legibus
1723 1191 1944 1258 sineret,
1967 1205 2094 1262 ape-

495 1290 604 1345 ruit
631 1289 753 1345 Jani
783 1295 996 1358 portas,
1029 1295 1196 1357 atque
1226 1287 1279 1342 in
1311 1286 1596 1357 Hispanias
1624 1287 1742 1356 ipse
1780 1302 1903 1342 cum
1931 1301 2096 1342 eser-

490 1382 601 1438 citu
653 1379 926 1450 profectus
982 1388 1088 1435 est.
1147 1377 1406 1435 Cantabri
1455 1388 1512 1435 et
1563 1382 1791 1435 Astures
1837 1379 2094 1436 Gallecia:

495 1471 516 1503 ³
560 1471 852 1542 provincia:
908 1471 1086 1542 portio
1137 1480 1285 1537 sunt,
1343 1486 1451 1542 qua
1510 1477 1788 1526 extentum
1846 1470 2094 1543 Pyreumi

490 1565 680 1637 jugum
727 1565 871 1620 haud
919 1564 1108 1636 procul
1151 1565 1393 1620 secundo
1440 1564 1656 1620 Oceano
1687 1565 1707 1595 ³
1733 1565 1835 1622 sub
1875 1575 2094 1638 septen-

497 1659 675 1716 trione
705 1659 1012 1715 deducitur.
1048 1659 1110 1714 Hi
1141 1674 1246 1714 non
1277 1660 1453 1715 solum
1483 1660 1757 1730 propriam
1789 1660 2092 1716 libertatem

1883 246 2086 306 PAULI
2123 246 2348 306 OROSII

2111 365 2157 422 Λ
2189 360 2387 432 positis
2416 358 2613 416 castris
2640 361 2782 432 apud
2818 361 3074 418 Asturam
3101 360 3328 429 nomen,
3352 360 3648 429 Romanos,
3682 363 3794 420 nisi

3651 247 3792 307 [056

2197 453 2394 524 proditi
2426 454 2796 525 prmventique
2814 463 3023 519 essent,
3045 456 3258 524 magnis
3279 456 3526 511 consiliis
3555 455 3800 512 viribus-

2195 560 2300 615 que
2326 545 2751 616 0ppressissent.
2783 545 2917 602 Tres
2957 546 3166 616 legatos
3187 561 3309 601 cum
3341 546 3648 618 legionibus
3675 550 3794 604 suis

2197 640 2242 672 “
2269 640 2323 695 in
2361 641 2464 696 tria
2497 651 2678 695 castra
2709 640 2934 706 divisos,
2971 639 3144 696 tribus
3173 654 3330 712 asque
3354 641 3664 712 agminibus
3693 641 3798 699 ob-

2193 748 2354 790 ruere
2377 744 2600 802 repente
2619 733 2817 801 moliti,
2838 748 3059 788 suorum
3083 733 3398 804 proditione
3418 733 3616 790 detecti
3639 745 3793 792 sunt.

2197 827 2305 884 llos
2331 837 2514 898 postea
2546 825 2787 883 Carisius
2817 826 2963 882 bello
2984 836 3265 898 exceptos,
3289 842 3398 883 non
3425 843 3593 898 parva
3624 829 3795 885 etiam

2196 919 2567 974 Romanorum
2614 917 2770 974 clade
2815 920 3111 988 superavit.
3164 918 3300 974 Pars
3362 934 3556 976 eorum
3605 921 3795 990 praelia

2194 1013 2376 1080 elapsa
2400 1010 2654 1066 Lanciam
2684 1009 2946 1080 confugit.
2987 1009 3233 1080 Cumque
3257 1011 3458 1067 milites
3481 1011 3797 1067 circumda-

2195 1110 2302 1158 tam
2347 1101 2535 1156 urbem
2570 1099 2826 1156 incendio
2857 1100 3057 1155 adoriri
3082 1109 3370 1169 pararent,
3415 1100 3528 1156 dux
3548 1099 3793 1159 Carisius

2193 1201 2304 1250 eta
2335 1194 2451 1249 suis
2500 1193 2862 1250 cessationem
2898 1193 2943 1225 ¹⁶
2995 1193 3306 1265 impetravit
3352 1193 3633 1261 incendii,
3677 1204 3734 1250 et
3761 1210 3792 1251 a

2195 1287 2358 1342 barba
2370 1288 2444 1341 ris
2462 1287 2798 1342 voluntatem
2817 1285 3113 1342 deditionis
3135 1287 3334 1357 exegit.
3361 1286 3618 1344 Studiose
3644 1288 3790 1344 enim

2196 1379 2475 1436 nitebatur
2545 1379 2812 1452 integram
2887 1388 3049 1451 atque
3123 1379 3456 1436 incolumem
3519 1381 3795 1436 civitatem

2195 1473 2438 1545 victoriae
2460 1487 2573 1528 suae
2604 1482 2796 1528 testem
2819 1471 3154 1543 relinquere.
3187 1471 3523 1529 Cantabrica:
3550 1473 3792 1529 victoria:

2197 1565 2348 1622 hunc
2379 1565 2642 1621 honorem
2664 1563 2854 1621 Caesar
2877 1565 3094 1634 detulit,
3119 1572 3180 1620 ut
3208 1573 3334 1620 tunc
3359 1579 3575 1636 quoque
3596 1565 3638 1596 ‘7
3664 1565 3793 1620 belli

2197 1666 2386 1730 portas
2423 1657 2667 1713 claustro
2710 1656 2954 1712 cohiberi
3000 1657 3239 1726 juberet.
3272 1656 3350 1711 lta
3380 1666 3508 1713 tunc
3550 1657 3791 1714 secundo

491 1751 632 1806 tueri
690 1752 904 1820 parati,
965 1751 1324 1808 verumetiam
1386 1752 1740 1808 finitimorum
1796 1753 2091 1824 praeripere
2119 1755 2167 1818 B
2197 1767 2295 1821 per
2317 1751 2614 1819 Caesarem,
2645 1760 2838 1820 quarto
2884 1759 3006 1820 post
3036 1748 3235 1805 Urbem
3270 1749 3548 1806 conditam
3574 1750 3793 1806 clausus

491 1846 606 1898 ausi
633 1885 648 1907 ,
683 1843 940 1900 Vaccaeos
968 1853 1021 1900 et
1050 1845 1070 1875 ⁸
1103 1844 1468 1915 Turmodigos
1498 1854 1554 1900 et
1581 1844 1913 1914 Autrigonas
1954 1846 2093 1900 assi-

491 1937 614 1993 duis
659 1937 1038 2008 eruptionibus
1070 1938 1487 2009 populabantur.
1521 1938 1688 2010 lgitur
1715 1938 1901 1994 Caesar
1945 1939 2092 2010 apud

494 2029 514 2059 ⁸
547 2028 882 2099 Segisamam
913 2039 1090 2084 castra
1121 2029 1331 2101 posuit,
1367 2029 1540 2086 tribus
1581 2030 1890 2100 agminibus
1923 2041 2092 2088 totam

490 2135 632 2192 pene
679 2121 967 2192 amplexus
1019 2120 1386 2178 Cantabriam.
1455 2123 1558 2177 Diu
1609 2121 1832 2194 fatigato
1889 2123 2092 2178 frustra

489 2222 652 2283 atque
681 2214 736 2269 in
788 2214 1088 2284 periculum
1135 2228 1281 2284 saepe
1330 2215 1566 2272 deducto
1612 2216 1859 2272 exercitu
1907 2257 1921 2282 ,
1976 2227 2094 2271 tan-

491 2306 615 2362 dem
687 2306 758 2362 ab
811 2307 1133 2376 Aqttitattico
1202 2308 1325 2363 sinu
1381 2323 1478 2378 per
1526 2309 1802 2364 Oceanum
1860 2309 2093 2366 incautis

494 2398 746 2453 hostibus
787 2397 1113 2454 ladmoveri
1164 2399 1397 2456 classem
1447 2408 1608 2469 atque
1656 2399 1857 2470 exponi
1904 2401 2092 2469 e0pias

488 2490 662 2560 jubet.
696 2489 848 2546 Tune
893 2490 1114 2546 demum
1161 2490 1422 2548 Cantabri
1471 2493 1572 2548 sub
1613 2493 1885 2548 mmnibus
1913 2497 1934 2524 "
1963 2494 2091 2549 Bel-

490 2584 627 2654 gicae
681 2583 914 2638 maximo
963 2584 1239 2654 congressi
1288 2584 1434 2641 bello
1473 2597 1527 2640 et
1563 2583 1726 2657 M5
1773 2585 1921 2653 victi,
1973 2585 2026 2642 in
2070 2588 2090 2620 ⁹

496 2674 749 2729 Vinnium
796 2684 1038 2731 montem
1087 2683 1279 2732 natura
1329 2677 1654 2732 tutissimum
1701 2677 2088 2749 confugerunt,

492 2769 584 2825 ubi
641 2769 683 2800 ¹⁰
731 2768 1037 2850 obsidionis
1087 2769 1228 2825 fame
1271 2769 1338 2824 ad
1393 2780 1707 2826 extremum
1767 2787 1906 2841 pene
1946 2786 2086 2827 con-

493 2861 695 2929 sumpti
752 2871 898 2916 sunt.
958 2861 1002 2892 “
1055 2863 1353 2917 Aracillum
1409 2861 1609 2919 deinde
1664 2863 1923 2934 oppidum
1974 2879 2092 2919 ma—

495 2969 598 3024 gna
640 2955 692 3008 vi
723 2967 788 3009 ac
834 2953 926 3009 diu
978 2968 1309 3025 repugnans,
1345 2962 1629 3024 postremo
1667 2963 1882 3026 captum
1915 2965 1972 3013 et
2009 2955 2092 3010 di-

495 3054 676 3103 rutum
700 3055 804 3102 est.
843 3046 1112 3103 Praeterea
1147 3047 1436 3103 ulteriores
1461 3045 1715 3103 Gallecia:
1739 3058 1943 3118 partes,
1968 3064 2090 3119 qua:

2194 1850 2279 1898 est
2319 1842 2509 1897 Janus.
2543 1841 2588 1872 ¹⁸
2615 1841 2745 1896 Post
2785 1841 2888 1896 hoc
2935 1839 3195 1896 Claudius
3241 1840 3480 1909 Drusus,
3515 1841 3792 1912 privignus

2194 1935 2460 2001 Ctesaris,
2513 1934 2742 1991 Galliam
2786 1934 3155 2004 Rhetiantque
3199 1933 3473 2002 sortitus,
3521 1935 3792 1990 maximas

2194 2025 2628 2097 fortissimasth
2674 2035 2866 2097 gentes
2915 2025 3262 2092 Germaniae,
3316 2027 3486 2081 armis
3543 2027 3791 2097 subegit.

2194 2117 2327 2174 Nam
2356 2129 2483 2174 tunc
2508 2161 2520 2179 .
2567 2120 2737 2174 veluti
2768 2118 2835 2174 ad
2865 2117 3030 2191 M6
3057 2119 3416 2174 constitutum
3465 2120 3619 2188 pacis
3647 2119 3791 2174 diem

2196 2210 2542 2276 festinarent,
2570 2211 2641 2266 ita
2675 2216 2868 2267 omnes
2893 2211 3374 2282 adexperientiam
3404 2209 3535 2266 belli
3561 2211 3794 2267 decisio-

2195 2317 2391 2358 netnve
2414 2301 2638 2358 ftederis
2659 2302 2905 2357 undatim
2927 2311 3120 2374 gentes
3153 2302 3640 2358 commovebantur
3665 2322 3678 2358 :
3703 2312 3796 2358 aut

2194 2403 2534 2464 suscepturae
2583 2393 2929 2448 conditiones
2961 2393 3109 2463 pacis
3135 2433 3149 2458 ,
3193 2393 3238 2446 si
3284 2393 3632 2448 vincerentur
3655 2434 3672 2459 ,
3698 2403 3800 2450 aut

2195 2503 2378 2543 usura:
2408 2489 2592 2559 quieta
2623 2487 2875 2543 libertate
2910 2487 2954 2541 si
2998 2487 3298 2542 vincerent.
3333 2485 3542 2553 Norici,
3589 2485 3793 2559 Illyrii,

2197 2581 2481 2647 Pannonii,
2514 2579 2802 2645 Dalmatae,
2829 2581 3005 2648 Moesi,
3030 2579 3294 2647 Thraces,
3322 2579 3479 2646 Daci,
3505 2580 3799 2649 Sarmatae,

2197 2673 2523 2746 plurimique
2539 2684 2592 2729 ct
2614 2672 2834 2728 maximi
2863 2672 3170 2730 Germanim
3197 2673 3402 2744 populi,
3433 2689 3533 2744 per
3547 2673 3802 2730 diversos

2193 2764 2360 2821 duces
2385 2806 2400 2830 ,
2430 2764 2514 2819 vel
2545 2765 2813 2833 superati,
2842 2765 2925 2820 vel
2953 2763 3231 2834 repressi,
3265 2763 3354 2820 vel
3380 2763 3549 2820 etiam
3576 2764 3800 2835 objecta

2194 2859 2556 2914 maximorum
2589 2857 2895 2924 ﬂuminum,
2931 2856 3128 2923 llheni,
3183 2856 3562 2927 Danubiique,
3595 2858 3802 2913 seclusi

2193 2961 2346 3006 sunt.
2395 2951 2602 3006 Drusus
2647 2950 2701 3005 in
2750 2950 3040 3006 Germania
3071 2951 3248 3022 primo
3269 2949 3526 3020 Usipetes
3551 2993 3566 3018 ,
3598 2951 3803 3008 deinde

2194 3042 2493 3098 Tencteros
2521 3053 2575 3099 et
2603 3043 2790 3097 Cattos
2832 3043 3160 3112 perdomuit.
3208 3043 3628 3100 Marcomannes
3655 3060 3804 3116 pene

493 3143 776 3199 monlibus
824 3143 1086 3215 silvisque
1133 3144 1360 3199 (εοῃςῖιω
1407 3142 1626 3200 Oceano
1685 3145 2046 3200 terminantur
2068 3185 2083 3208 ’
2115 3143 2160 3205 C
2193 3135 2259 3189 ad
2292 3133 2722 3190 internecionem
2760 3134 2996 3190 caecidit.
3029 3133 3223 3190 Postea
3273 3134 3601 3192 fortissimas
3623 3139 3807 3192 natio-

493 3237 762 3294 Antistius
789 3247 848 3294 et
869 3236 1103 3292 Firmius
1125 3237 1285 3309 legati
1307 3238 1516 3309 magnis
1536 3237 1904 3309 gravibusque
1932 3238 2091 3295 bellis

493 3330 943 3399 perdomuerunt.
971 3329 1104 3384 Nam
1143 3339 1198 3384 et
1225 3332 1268 3362 ¹¹
1301 3331 1619 3386 Medullium
1653 3341 1892 3388 montem
1923 3331 2090 3387 Minio

494 3422 704 3477 ﬂumini
750 3423 1161 3488 imminentem,
1206 3423 1257 3477 in
1301 3438 1409 3493 quo
1451 3438 1511 3479 se
1567 3439 1759 3494 magna
1803 3424 2090 3480 multitudo

496 3513 778 3568 hominum
813 3515 1096 3582 tuebatur,
1128 3530 1225 3585 per
1271 3516 1584 3585 quindecim
1627 3516 1793 3571 millia
1837 3532 2088 3586 passuum

492 3604 640 3662 fossa
663 3607 1084 3679 circumseptum
1113 3607 1400 3664 obsidione
1437 3609 1746 3664 cinxerunt.
1781 3610 1968 3682 Itaque
2000 3610 2091 3666 ubi

494 3713 555 3753 se
583 3713 717 3769 gens
751 3697 1030 3753 hominum
1058 3699 1102 3730 ¹³
1131 3708 1251 3755 trux
1285 3709 1474 3756 natura
1505 3710 1558 3756 et
1599 3701 1774 3769 ferox,
1812 3718 1986 3773 neque
2013 3712 2095 3758 to-

495 3790 793 3846 lerandae”
816 3789 1089 3846 obsidioni
1123 3791 1511 3860 sufficientem,
1542 3809 1717 3863 neque
1744 3793 2093 3863 suscipiendo

494 3881 642 3936 bello
673 3896 860 3953 parem
885 3883 1167 3954 intelligit,
1211 3885 1278 3939 ad
1305 3885 1666 3940 voluntariam
1704 3894 1934 3940 mortem
1974 3901 2093 3941 ser-

493 3972 681 4026 vitutis
725 3973 920 4029 timore
953 3976 1252 4030 concurrit.
1283 3975 1417 4030 Nam
1445 3992 1504 4030 se
1533 3991 1671 4046 pene
1693 3991 1888 4031 omnes
1916 3985 2092 4032 certa-

495 4065 592 4121 tim
614 4065 758 4136 igne,
792 4067 960 4134 ferro,
993 4083 1058 4124 ac
1090 4083 1304 4125 veneno
1324 4079 1674 4125 necaverunt.
1705 4071 1936 4126 Astures
1959 4087 2090 4126 vero

2197 3243 2316 3296 nes,
2349 3237 2406 3283 et
2426 3228 2620 3298 quibus
2643 3237 2833 3282 natura
2849 3229 3014 3293 vires,
3041 3227 3378 3284 consuetudo
3395 3231 3806 3298 experientiam

2193 3320 2391 3376 virium
2425 3319 2610 3386 dabat,
2643 3319 2972 3384 Cheruscos,
3023 3320 3231 3376 Suevos
3275 3330 3329 3376 et
3356 3319 3673 3377 Sicambros
3699 3337 3818 3393 pa-

2195 3418 2328 3474 riter
2355 3433 2463 3473 uno
2492 3417 2638 3473 bello
2664 3459 2679 3484 ,
2721 3417 2815 3472 sed
2856 3417 3019 3472 etiam
3065 3417 3180 3472 suis
3217 3432 3414 3487 aSpero
3438 3462 3452 3487 ,
3489 3420 3807 3488 superavit.

2196 3510 2440 3580 Quorum
2467 3527 2532 3566 ex
2565 3526 2632 3566 eo
2659 3510 2996 3566 considerari
3045 3511 3216 3565 virtus
3243 3524 3307 3565 ac
3345 3510 3533 3566 feritas
3579 3519 3809 3582 potest,

2197 3601 2340 3675 quod
2371 3602 2630 3657 mulieres
2677 3617 2894 3672 quoque
2925 3616 3115 3656 eorum
3137 3642 3151 3666 ,
3183 3602 3227 3655 si
3269 3601 3485 3672 quando
3513 3615 3814 3672 praevento

2199 3697 2562 3752 Romanorum
2596 3697 2736 3750 inter
2781 3695 3022 3765 plaustra
3051 3711 3145 3748 sua
3188 3694 3676 3762 concludebantur,
3704 3696 3818 3752 de-

2198 3793 2506 3849 ﬁcientibus
2530 3792 2653 3846 telis
2681 3831 2696 3858 ,
2743 3791 2824 3846 vel
2857 3791 3099 3860 qualibet
3134 3805 3194 3845 re
3217 3833 3231 3857 ,
3263 3805 3366 3861 qua
3400 3789 3546 3845 velut
3580 3790 3695 3846 telo
3733 3793 3816 3846 uti

2196 3883 2350 3940 furor
2392 3884 2589 3954 possit,
2625 3897 2819 3954 parvos
2853 3883 2992 3937 lilios
3021 3881 3244 3936 collisos
3284 3881 3428 3936 humi
3465 3881 3518 3936 in
3553 3881 3816 3939 hostium

2195 3993 2289 4034 ora
2315 3978 2613 4050 jacicbant,
2643 3978 2693 4032 iu
2721 3976 2955 4046 singulis
2981 3974 3220 4030 filiorum
3251 3975 3473 4030 necibus
3496 3975 3538 4008 ¹⁹
3563 3975 3650 4030 ιιῗε
3682 3992 3819 4046 par-

2198 4071 2408 4129 ricidae.
2433 4071 2587 4127 Tunc
2617 4071 2780 4128 etiam
2805 4071 2859 4126 in
2880 4070 3120 4125 Africa"
3150 4068 3457 4125 Illusolanos
3485 4079 3540 4126 et
3567 4068 3818 4125 Getulos

1774 4210 2230 4268 HAVERCAMPI
2270 4210 2506 4269 NOTAE.

491 4324 510 4354 ε
565 4325 695 4394 Cap.
731 4323 873 4379 XXI.
911 4354 978 4366 -
1018 4327 1068 4382 1.
1116 4327 1264 4382 Anno
1309 4328 1372 4383 ab
1411 4328 1551 4384 Urbe
1581 4330 1793 4386 condita
1831 4346 2080 4387 nccxxvt.

487 4395 689 4470 Confer
722 4397 952 4452 Casanh.
978 4399 1051 4470 ad
1084 4398 1310 4456 Sueten.
1347 4405 1484 4470 Aug.
1519 4415 1643 4467 cap.
1670 4402 1762 4456 20.

559 4467 613 4520 2.
647 4465 852 4543 Cresare
875 4469 1064 4534 sexies,
1085 4478 1135 4526 et
1159 4472 1236 4526 bis
1267 4470 1348 4527 Μ.
1369 4465 1626 4543 Agrippa.
1660 4475 1946 4542 Agrippam
1981 4474 2084 4529 hoc

489 4549 634 4593 anno
677 4539 868 4614 iterum
921 4543 1205 4614 consulem
1251 4539 1437 4614 fuisse
1468 4539 1841 4598 Cassiodorus
1871 4560 2085 4614 quoque

488 4619 740 4684 testatur.
772 4610 940 4684 Recte
969 4612 1142 4684 igitur,
1175 4612 1321 4668 Guil.
1373 4613 1655 4684 Xylantler
1681 4614 1823 4683 apud
1857 4610 2083 4670 [Ioniam

488 4680 644 4759 initio
669 4681 764 4734 lib.
791 4683 1234 4759 quinquagesimi
1251 4680 1613 4759 tertii,'_ul)i_ro
1641 4680 1926 4759 7legitur,
1947 4689 2087 4739 scri-

2189 4330 2292 4386 sim
2322 4341 2407 4386 est
2437 4334 2642 4398 Atticm,
2675 4333 2726 4388 in
2756 4331 2896 4402 Meo,
2932 4331 3096 4389 Acite.

2258 4405 2312 4458 9.
2368 4403 2635 4456 Vinnium.
2671 4405 2853 4469 Meus,
2882 4400 3152 4473 Vinium;
3185 4401 3353 4473 Lugd.
3402 4400 3521 4456 Bal.
3559 4413 3760 4473 quart.
3796 4450 3813 4472 ,

2199 4471 2460 4544 Viruiurn.
2498 4473 2635 4528 Edd.
2661 4475 2931 4544 quasdam,
2972 4472 3246 4532 Vennium.

2263 4546 2350 4599 1t).
2398 4543 2694 4598 Obsidionis
2724 4549 2885 4612 fante.
2912 4545 3124 4609 Melius,
3161 4545 3427 4598 obsidione
3456 4552 3503 4596 et
3531 4544 3705 4613 (ante.

2261 4617 2352 4670 Η.
2387 4615 2702 4685 ᾼναείίιιιηι.
2735 4615 2808 4669 [ta
2837 4616 3060 4680 Florus;
3095 4631 3229 4670 mss.
3265 4615 3350 4670 ltic
3377 4614 3603 4685 passim,
3629 4614 3815 4670 Rati.

2189 4685 2340 4750 lium,
2377 4683 2695 4752 Racltilium,
2725 4687 3007 4741 Rerilium.

486 4748 957 4826 l_rendumg_t_tionet'
994 4748 1054 4808 τὸ
1086 4756 1140 4826 β.
1191 4752 1270 4808 De
1338 4755 1477 4808 bello
1509 4748 1817 4810 Cuntt'tbrico
1869 4756 1999 4818 Dio,
2033 4766 2088 4811 et
2116 4748 2164 4808 Ι)
2244 4748 2353 4826 712'.
2399 4748 2729 4812 Medulliam.
2765 4757 2822 4812 In
2853 4758 3027 4812 tribus
3056 4771 3189 4811 mss.
3219 4755 3395 4826 Lugd.
3428 4755 3571 4810 Ball.
3607 4756 3815 4812 inveni

487 4821 685 4876 Florus
735 4822 877 4894 libro
930 4821 1126 4894 quarto
1175 4826 1356 4894 capite
1406 4827 1620 4880 ultimo.
1655 4826 1819 4881 fidem
1853 4826 1922 4880 de
1966 4827 2086 4881 aliis

484 4907 705 5018 tinuoque
765 4893 1216 4966 bellis’quorum
1246 4893 1355 4950 hic
1405 4897 1631 4962 mentio,
1685 4906 1810 4952 sunt
1841 4897 2082 4968 legendi.

536 4979 654 5017 ABR.

536 4979 654 5017 ABR.

555 5035 609 5108 3.
658 5033 971 5108 Provinciae.
1004 5035 1174 5092 Abest
1200 5051 1228 5090 a
1260 5036 1470 5108 duobus
1497 5052 1629 5093 mss.
1662 5038 1833 5108 Lugd.
1870 5037 2009 5092 Batt.

553 5107 608 5178 4.
653 5105 762 5178 διώ
789 5109 1147 5178 septentrione.
1188 5108 1285 5162 Ed.
1317 5107 1483 5177 Aug.,
1515 5111 1606 5163 sub
1643 5105 2082 5177 septemtrionem.

559 5177 613 5231 5.
647 5176 1016 5249 'l'urntodigos.
1048 5179 1218 5249 Lugd.
1240 5178 1377 5233 Batt.
1397 5176 1655 5247 quatuor,
1683 5176 1851 5245 Meus,
1881 5180 2082 5245 Periz.,

485 5247 646 5322 l_lltr.,
699 5238 1219 5322 Coll._Gronov.Vet
1268 5250 1377 5304 duo
1417 5238 1719 5318 'Floreut't.,
1773 5238 2088 5322 Turmogos.

482 5318 631 5374 Flor.
669 5329 822 5383 tert.,
851 5319 1162 5390 Turmogos.

551 5394 606 5446 6.
631 5392 983 5464 sepisamarn.
1013 5391 1138 5445 Mss.
1168 5391 1282 5464 duo
1305 5391 1477 5462 Lugd.
1510 5392 1678 5464 Batt.,
1711 5394 2081 5464 Segessimam.

554 5464 604 5516 7.
660 5462 936 5516 .dtlmoveri
979 5463 1220 5534 classem.
1269 5463 1345 5518 Ita
1396 5474 1506 5534 tres
1555 5462 1822 5518 Florenti.
1857 5465 2000 5534 quod
2033 5473 2086 5518 ut

481 5533 677 5603 reliqui
711 5549 841 5587 mss.
893 5534 1033 5589 velle
1065 5532 1344 5599 videntur,
1389 5533 1519 5588 dum
1569 5535 1817 5588 scribunt
1861 5532 2086 5587 amoveri

487 5602 665 5671 Vulgo
693 5605 987 5659 admovere.

555 5675 611 5728 8.
641 5673 888 5745 Belgicae.
922 5676 1029 5731 Viri
1061 5676 1207 5732 docti
1235 5676 1299 5731 ad
1331 5676 1548 5731 Florum
1579 5676 1674 5729 lib.
1707 5692 1786 5742 γι,
1807 5691 1926 5745 cap.
1960 5674 2083 5744 ult.,

485 5756 835 5817 monuerunt,
885 5749 1232 5806 scribendum
1264 5763 1387 5806 esse
1422 5747 1657 5804 γεμίσω.
1693 5747 1750 5803 In
1786 5762 1918 5805 mss.
1958 5763 2083 5820 pas-

2197 4825 2513 4882 Mcdttliunt.

2265 4900 2356 4954 i5.
2397 4897 2544 4968 Trux
2573 4908 2782 4954 natura.
2817 4900 2956 4968 Aug.
2991 4899 3101 4966 ed.,
3137 4908 3292 4952 atrox
3327 4907 3533 4953 natura.

2267 4969 2353 5024 M.
2400 4967 2688 5024 Obsidioni.
2717 4971 2816 5024 Ed.
2849 4967 3066 5036 eadem,
3099 4970 3407 5024 obsidionis.

2268 5041 2354 5094 lii.
2397 5037 2466 5092 In
2497 5041 2616 5094 tria.
2654 5041 2825 5102 Ludg.
2853 5041 2992 5096 Batt.
3023 5051 3151 5106 tres,
3179 5042 3338 5093 intra.

2268 5111 2354 5234 illi.
2400 5109 2722 5182 Iutpetravit.
2747 5112 2876 5167 Mss.
2902 5121 2958 5168 et
2975 5112 3098 5168 edd.
3119 5111 3340 5182 quidam
3362 5112 3676 5182 imperarit;
3704 5116 3815 5171 sed

2268 5199 2278 5233 I
2309 5197 2360 5234 e.

2194 5197 2360 5237 male.

2269 5254 2356 5306 l7.
2402 5251 2557 5324 Delli.
2591 5253 2717 5310 Mss.
2753 5253 2996 5324 quidam,
3030 5253 3176 5310 Jnui.

2272 5327 2357 5378 18.
2401 5323 2528 5378 Post
2551 5329 2644 5379 hoc
2672 5323 2927 5378 Claudius
2955 5324 3179 5380 Drusus.
3210 5325 3419 5381 Bellum
3445 5340 3569 5378 cum
3601 5323 3816 5381 Rhetis

2192 5405 2407 5464 gestum
2464 5405 2568 5464 est,
2631 5396 2806 5450 Druso
2861 5407 2916 5452 et
2966 5397 3161 5452 Pisone
3217 5412 3363 5472 coss.
3421 5413 3568 5451 anno
3629 5396 3815 5452 Urbis

2194 5479 2524 5520 DCCKXX‘MI.

2265 5536 2353 5608 19.
2400 5535 2510 5608 Bis.
2541 5537 2709 5593 AheSt
2740 5553 2766 5591 a
2798 5537 2968 5605 Lugd.
3001 5539 3140 5594 Batt.
3168 5555 3253 5608 pr.
3285 5550 3336 5594 et
3369 5548 3494 5592 tert.

2263 5605 2355 5678 2t).
2400 5607 2722 5662 Musolanos.
2773 5608 2831 5663 lu
2880 5611 3052 5676 Lugd.
3097 5605 3236 5665 Bait.
3274 5611 3451 5663 trilms
3485 5607 3810 5678 Usnlouos,

2195 5678 2250 5749 in
2271 5676 2407 5749 Ullt‘.
2436 5689 2491 5732 et
2517 5680 2654 5734 Coll.
2682 5679 2926 5735 Gronov.
2963 5681 3295 5749 Musulmtos,
3323 5683 3374 5734 iu
3402 5679 3653 5737 Florcnt.
3683 5676 3808 5738 sec.

2195 5747 2496 5804 Muselnnos
2529 5751 2744 5822 legitur.
3282 5747 3290 5749 ’
3315 5801 3320 5804 .
3791 5765 3800 5772 ’
