4076 6174
217 263 354 323 1037

216 380 375 434 latius
401 383 660 448 vagantes
694 377 738 419 ’⁸
762 374 984 442 Cossus,
1011 375 1118 431 dux
1146 373 1402 442 Cmsaris,
1435 375 1660 431 arctalis
1692 373 1810 429 lini-
1834 369 1892 433 Α

214 471 312 526 bus
354 469 634 536 coercuit,
685 478 848 540 atque
906 467 1164 523 Romanis
1220 467 1484 523 limitibus
1531 466 1810 522 abstinere

215 573 362 619 metu
387 561 676 632 compulit.
705 560 915 616 lnterea
945 558 1221 614 Ctesarem
1270 559 1412 630 apud
1442 559 1808 613 Tarraconem

214 653 488 710 citerioris
521 651 792 723 Hispaniae
833 650 1023 707 urbem
1045 653 1090 682 “
1118 650 1280 722 legati
1308 650 1565 706 ludorum
1593 659 1649 706 et
1676 649 1811 720 Scy-

216 744 427 802 tharum
453 751 565 799 toto
587 743 721 799 orbe
747 745 1091 814 transmisso,
1122 743 1338 800 tandem
1362 743 1436 798 ibi
1463 744 1809 809 invenerunt,

213 836 262 872 ³³
289 836 432 892 ultra
454 835 600 906 quod
621 835 734 906 jam
761 850 1011 906 qumrere
1042 821 1153 890 non.
1190 845 1435 906 possent,
1465 835 1811 890 refuderunt-

215 944 320 1000 que
345 929 398 984 in
422 927 699 983 Cursarem
731 927 1024 983 Alexandri
1069 927 1246 1000 Magni
1274 928 1503 999 gloriam
1531 946 1542 980 :
1577 928 1623 959 ’³
1649 943 1809 998 quem

215 1020 357 1076 sicut
390 1020 752 1091 Hispanorum
793 1019 1184 1091 Gallorumque
1213 1020 1414 1089 legatio
1439 1019 1492 1074 in
1529 1020 1708 1074 medio
1741 1019 1820 1074 O-

216 1113 392 1169 riente
415 1111 556 1182 apud
579 1111 910 1183 Babylonem
932 1111 1394 1182 contemplatione
1411 1112 1557 1182 pacis
1572 1111 1722 1176 adiit,
1744 1112 1814 1167 ita

217 1206 359 1263 hunc
388 1207 528 1277 apud
563 1206 880 1276 Hispaniam
913 1205 966 1259 in
1001 1202 1316 1260 Occidentis
1360 1204 1555 1260 ultimo
1584 1205 1814 1274 supplex

222 1314 345 1356 cum
377 1297 645 1370 gentilitio
672 1313 895 1353 munere
926 1297 1072 1374 Eous
1102 1296 1264 1352 Indus
1303 1306 1356 1351 et
1382 1295 1579 1368 Scytha
1613 1295 1820 1352 Boreus

217 1390 409 1448 oravit.
429 1389 756 1445 Cantabrico
769 1389 918 1445 bello
940 1404 1038 1459 per
1060 1389 1294 1460 quinque
1316 1404 1490 1444 annos
1512 1397 1657 1451 octo.
1685 1399 1821 1444 tuta-

216 1498 321 1554 que
350 1481 607 1553 Hispania
631 1483 683 1536 in
703 1489 960 1536 arternam
983 1496 1170 1550 pacem
1194 1496 1315 1536 cum
1344 1481 1824 1552 quadam"respi-

215 1579 425 1634 ratione
446 1574 786 1631 lassitudinis
816 1574 1075 1630 reclinata
1104 1589 1166 1630 ac
1189 1576 1425 1642 reposita
1446 1615 1462 1641 ,
1501 1574 1684 1629 Caesar
1714 1575 1824 1630 Ro~

213 1685 358 1725 mam
378 1669 562 1725 rediit.
583 1666 749 1739 447
767 1666 975 1734 Quibus
1005 1666 1168 1721 etiam
1200 1666 1394 1722 diebus
1417 1667 1587 1722 multa
1616 1681 1713 1736 per
1737 1680 1820 1732 se,

1217 259 1687 320 HISTORIARUM
1731 256 1937 316 LIBER
1982 258 2066 315 Vl.
2110 257 2264 316 CAP.
2311 256 2474 313 XXII.

3371 251 3511 309 1058

1987 372 2094 456 ipse
2118 370 2265 453 tertio
2293 367 2480 422 clausit
2505 373 2552 420 ct
2569 361 2825 433 rempubl.
2843 363 3152 434 composuit,
3173 365 3337 435 deque
3356 379 3514 419 censu

1985 443 2207 498 Caesaris
2231 449 2369 494 acto.

1992 557 2008 588 ⁸
2041 556 2229 624 Itaque
2256 569 2398 610 anno
2428 553 2497 609 ab
2519 552 2671 610 Urbe
2691 551 2905 609 condita
2953 566 3154 621 nccut,
3181 550 3364 607 Cmsar
3403 547 3516 604 Au-

1913 660 2105 721 gustus
2134 649 2202 704 ab
2231 648 2456 704 Oriente
2479 647 2534 702 in
2557 644 2940 712 Occidentem,
2973 659 3003 698 a
3032 643 3429 713 Septentrione
3462 641 3514 695 in

1916 742 2218 807 Meridiem,
2237 755 2299 795 ac
2323 755 2418 810 per
2445 746 2617 795 totum
2631 739 2835 794 Oceani
2854 737 3118 792 circulum
3148 735 3360 791 cunctis
3384 749 3518 806 gen-

1917 835 2062 890 tibus
2093 850 2196 890 ttna
2227 849 2361 905 pace
2389 831 2732 904 compositis,
2765 833 2785 863 ²
2815 829 2938 886 Jani
2971 838 3155 900 portas
3201 828 3364 884 tertio
3395 827 3517 896 ipse

1920 938 2047 985 tunc
2085 929 2298 985 clausit.
2351 927 2498 996 Quas
2545 941 2614 982 ex
2655 941 2719 981 eo
2750 940 2845 994 per
2879 922 3170 978 duodecim
3196 921 3310 977 fere
3340 935 3517 975 annos

1917 1023 2258 1095 quietissimo
2280 1036 2499 1091 semper
2520 1019 2802 1074 obseratas
2827 1016 2945 1071 otio
2971 1015 3083 1086 ipsa
3114 1013 3277 1069 etiam
3293 1011 3314 1042 ³
3329 1010 3520 1080 rubigo

1918 1116 2183 1187 signavit;
2226 1130 2328 1171 nec
2357 1114 2507 1185 prius
2528 1126 2784 1183 umquam
2815 1110 2916 1164 nisi
2943 1109 3045 1164 sub
3076 1117 3320 1164 extrema
3365 1121 3521 1162 sene-

1920 1218 2067 1266 ctute
2110 1209 2340 1281 Augusti
2393 1207 2645 1279 pulsaue,
2699 1204 3118 1260 Atheniensium
3156 1201 3424 1258 seditione
3469 1210 3522 1256 et

1922 1303 2188 1357 Dacorum
2225 1301 2593 1357 commotione
2622 1305 2938 1370 patuerunt.
2970 1294 3186 1351 Clausis
3218 1294 3380 1366 igitur
3400 1292 3522 1348 Jani

1922 1394 2114 1465 portis,
2144 1392 2533 1463 rempublicam
2587 1404 2747 1462 quam
2798 1387 2940 1444 bello
2992 1387 3340 1458 quzesiverat,
3387 1399 3524 1454 pace

1923 1486 2167 1542 enutrirc
2197 1494 2361 1556 atque
2395 1481 2730 1554 ampliﬁcare
2780 1479 3030 1547 Studens,
3064 1479 3213 1550 leges
3258 1476 3526 1548 piurimas

1925 1579 2133 1639 statuit,
2163 1593 2260 1646 per
2291 1590 2426 1646 quas
2455 1575 2752 1630 humanum
2783 1588 2951 1642 genus
2990 1571 3162 1626 libera
3215 1569 3520 1626 reverentia

1925 1671 2228 1740 disciplina:
2262 1684 2468 1724 morem
2515 1675 2760 1740 gereret,
2793 1665 2814 1696 ‘
2844 1665 3058 1720 Domini
3103 1663 3523 1734 appellationem

214 1762 553 1832 "multaque
573 1775 670 1830 per
686 1760 852 1816 duces
873 1771 924 1814 el
941 1759 1146 1828 lcsalos
1165 1759 1308 1814 bella
1325 1757 1515 1828 δοθείη
1540 1773 1663 1812 nam
1684 1759 1825 1812 ἱιιιοι*
1853 1749 1902 1810 Β
1931 1773 1988 1820 ιιι
2020 1766 2181 1818 homo
2203 1762 2515 1819 declinavit.
2542 1761 2674 1816 Nam
2703 1776 2824 1816 cum
2845 1759 3036 1814 eadem
3052 1766 3333 1829 spectante
3363 1755 3523 1811 ludos

213 1864 446 1911 caeteros
457 1863 514 1910 et
531 1851 1277 1909 Pisoadversuinndelieos
1291 1853 1490 1906 missus
1507 1852 1821 1917 est.Quihus

211 1949 475 2015 subactis,
493 1948 663 2002 victor
685 1946 731 1978 ³⁷
752 1946 819 2002 ad
844 1944 1113 2001 Caesarem
1136 1944 1457 2015 Lugdunum
1485 1943 1654 1999 venit.
1682 1944 1821 1999 Pan-

213 2041 412 2097 nonios
428 2054 567 2096 novo
593 2049 741 2094 motu
767 2039 1217 2104 intumescentes,
1241 2036 1512 2102 Tiberius,
1544 2037 1820 2107 privignus

215 2133 470 2198 Caesaris,
510 2130 897 2187 cruentissima
921 2131 1067 2186 caede
1088 2128 1289 2184 delevit
1319 2145 1333 2194 ;
1361 2128 1616 2199 idemque
1641 2127 1821 2182 conti«

217 2240 328 2283 nuo
357 2224 657 2282 Germanos
684 2222 828 2279 bello
857 2221 1116 2292 arripuit;
1164 2237 1195 2276 e
1228 2221 1426 2293 quibus
1465 2220 1820 2290 quadraginta

219 2319 388 2376 millia
411 2316 755 2389 captivorum
771 2314 1206 2372 victorahduxit.
1231 2312 1384 2380 Quod
1407 2327 1594 2368 revera
1616 2312 1818 2366 bellum

220 2411 519 2466 maximum
560 2419 614 2465 et
643 2407 1212 2464 formidolosissimum
1254 2405 1565 2476 quindecim
1597 2405 1823 2476 legioni-

220 2503 321 2560 bus
347 2519 445 2574 pcr
468 2502 765 2558 triennium
795 2510 1005 2573 gestum
1038 2509 1141 2568 est,
1175 2515 1274 2556 nec
1302 2499 1417 2556 fere
1448 2500 1615 2555 ullum
1649 2498 1824 2569 majus

219 2597 447 2663 bellum,
501 2597 645 2652 sicut
697 2595 996 2653 Suetonius
1045 2603 1358 2661 attestatur,
1399 2602 1522 2664 post
1560 2593 1854 2649 Punicum'

219 2689 470 2746 l'uit.Sub
493 2689 684 2746 eodem
715 2704 847 2745 vero
878 2699 1124 2759 tempore
1152 2687 1477 2755 Quinctilius
1501 2686 1672 2741 Varus
1700 2702 1821 2741 cum

218 2782 404 2837 tribus
429 2781 737 2852 legionibus
763 2796 794 2835 a
821 2779 1110 2836 Germanis
1139 2779 1558 2845 rebellantibus,
1578 2779 1714 2834 mira
1731 2796 1826 2833 su-

220 2872 414 2944 perbia
462 2883 625 2943 atque
667 2871 900 2926 avaritia
948 2871 1004 2926 in
1048 2870 1324 2941 subjectos
1355 2885 1542 2940 agens,
1577 2869 1824 2924 funditus

221 2964 439 3022 deletus
467 2975 579 3030 est;
606 2978 764 3033 quam
785 2963 1101 3033 reipublicae
1115 2963 1329 3018 cladem
1351 2962 1825 3030 CaesarAugustus

224 3058 366 3114 adeo
409 3058 648 3128 graviter
678 3055 821 3120 tulit,
855 3066 912 3112 ut
935 3071 1079 3126 smpe
1109 3070 1206 3125 per
1235 3056 1346 3110 vim
1404 3054 1608 3110 doloris
1663 3063 1828 3124 caput

226 3151 424 3223 parieti
470 3151 761 3218 collidens,
812 3150 1078 3206 clamaret
1112 3167 1126 3204 :
1159 3149 1420 3218 Quinctili
1452 3148 1615 3216 Vare,
1663 3148 1829 3204 redde
1854 3131 1902 3194 ο

227 3245 493 3316 legiones.
525 3244 874 3315 Bosporanus
902 3259 1035 3300 vero
1067 3245 1304 3315 Agrippa
1335 3243 1635 3314 superavit,
1668 3253 1723 3298 ct
1750 3243 1827 3298 si-

226 3339 353 3409 gnis
376 3337 635 3392 Romanis
660 3351 783 3408 qua:
809 3335 887 3391 illi
915 3335 1190 3407 quondam
1222 3336 1322 3391 sub
1361 3335 1673 3390 Mithridate
1702 3349 1827 3390 sus-

229 3430 472 3485 tulerant
498 3429 643 3485 bello
673 3430 1028 3500 recuperatis,
1045 3428 1218 3485 victos
1251 3428 1317 3483 ad
1345 3429 1678 3484 deditionem
1705 3444 1833 3485 coe-

230 3521 330 3593 git.
355 3520 564 3586 Parthi,
586 3521 741 3592 quasi
773 3530 887 3576 toto
910 3529 1178 3576 terrarum
1225 3521 1358 3577 orbe
1379 3520 1463 3576 vel
1495 3520 1704 3576 domito
1741 3521 1829 3578 vel

232 3621 450 3685 pacato,
474 3614 716 3670 omnium
739 3613 911 3669 oculis
939 3613 1311 3684 signarentur,
1331 3623 1494 3684 atque
1524 3613 1577 3668 in
1597 3629 1656 3670 se
1682 3615 1829 3688 solos

231 3708 416 3764 omnis
441 3707 590 3778 vigor
610 3706 841 3762 Romani
865 3707 1082 3777 imperii
1116 3706 1409 3762 vertendus
1431 3715 1597 3774 esset,
1630 3708 1831 3778 quippe

235 3813 378 3870 quos
404 3798 632 3870 pristina
662 3799 992 3855 ulciscendae
1017 3797 1325 3854 Crassiana:
1351 3797 1518 3854 czedis
1548 3799 1836 3856 conscien-

235 3890 315 3948 tia
344 3891 814 3960 mordebat,ultro
841 3892 995 3963 signa
1021 3906 1143 3963 qua;
1173 3890 1373 3947 Crasso
1399 3892 1688 3948 interfecto
1718 3893 1837 3950 abs-

236 3983 498 4049 tulerant,
526 3983 593 4039 ad
619 3983 895 4039 Caesarem
923 3985 1290 4051 remiserunt;
1321 3984 1596 4056 regiisque
1626 3985 1836 4042 obsidi-

238 4075 346 4131 bus
367 4075 599 4146 traditis,
633 4075 850 4132 ﬁrmum
883 4075 1062 4133 foedus
1092 4076 1243 4133 ﬁdeli
1286 4077 1692 4149 supplicatione
1727 4095 1840 4136 meo

239 4177 490 4225 ruerunt.

731 4258 1160 4335 messor
1197 4261 1363 4318 xxn.

249 4351 492 4409 Octavius
544 4353 832 4428 Augustus,
858 4355 1140 4426 composita
1185 4354 1411 4427 undique
1454 4373 1600 4428 pace,
1647 4357 1847 4414 Ianum

1927 1855 2332 1926 pronuntiatum
2364 1862 2511 1910 esset
2540 1853 2561 1884 ⁸
2591 1853 2642 1907 in
2667 1851 2901 1922 quodam
2937 1851 3125 1915 mimo,
3171 1848 3215 1904 0
3257 1848 3524 1902 dominum

1924 1964 2125 2013 aequum
2152 1957 2200 2001 et
2227 1946 2450 2001 bonum!
2489 1944 2837 2011 universique
2868 1942 3020 2014 quasi
3052 1941 3122 1996 de
3172 1942 3294 2012 ipso
3321 1941 3525 1997 dictum

1927 2049 2074 2096 esset
2105 2038 2452 2095 exsultantes
2503 2036 2981 2107 approbavissent,
3031 2034 3052 2065 ⁸
3079 2034 3260 2090 statim
3305 2033 3524 2104 quidem

1927 2149 2086 2188 manu
2116 2133 2378 2202 vultuque
2421 2129 2712 2185 indecoras
2761 2128 3104 2182 adulationes
3156 2129 3442 2196 repressit,
3473 2135 3528 2180 ct

1925 2224 2234 2298 insequenti
2256 2224 2348 2280 die
2367 2224 2688 2296 gravissimo
2707 2221 2974 2291 corripuit
2995 2221 3195 2289 edicto,
3221 2219 3528 2276 dominum-

1925 2335 2031 2391 que
2060 2335 2122 2375 se
2151 2320 2172 2350 ⁷
2199 2319 2432 2389 posthac
2485 2315 2749 2388 appellari
2795 2329 2865 2370 ne
2895 2329 2926 2369 a
2957 2313 3146 2370 liberis
3170 2311 3389 2384 quidem
3434 2318 3530 2366 aut

1928 2412 2216 2482 nepotibus
2245 2411 2381 2479 suis,
2415 2411 2500 2467 vel
2530 2411 2678 2467 serio
2703 2409 2789 2465 vel
2814 2408 2964 2480 joco,
2999 2423 3193 2478 passus
3218 2419 3325 2462 εει.
3359 2406 3527 2476 Igitur

1927 2506 2028 2560 8eo
2053 2514 2318 2575 tempore,
2336 2503 2388 2559 id
2411 2510 2498 2559 est
2517 2519 2582 2558 eo
2607 2517 2751 2558 anno
2773 2518 2883 2574 quo
2907 2501 3274 2557 ﬁrmissimam
3303 2499 3528 2556 verissi-

1927 2612 2180 2668 mamque
2201 2612 2392 2667 pacem
2422 2595 2766 2651 ordinatione
2782 2595 2874 2649 Dei
2888 2594 3076 2650 thsar
3093 2593 3427 2664 composuit,
3443 2607 3531 2647 na-

1928 2700 2013 2745 tus
2037 2688 2404 2757 estChristus,
2423 2688 2580 2760 cujus
2603 2687 2858 2744 adventui
2882 2702 2992 2758 pax
3016 2688 3117 2743 ista
3146 2685 3407 2741 famulata
3423 2692 3529 2752 est,

1928 2784 1980 2839 in
1994 2784 2147 2855 cujus
2159 2781 2967 2840 ortuaudientibushominibus
2997 2780 3331 2837 exsultantes
3351 2778 3531 2850 angeli

1927 2875 2418 2949 mceciuerunt
2435 2895 2447 2928 :
2467 2875 2647 2932 Gloria
2663 2876 2717 2930 in
2736 2875 2967 2931 excelsis
2985 2874 3120 2941 Deo,
3135 2883 3190 2930 et
3205 2875 3256 2928 in
3270 2881 3412 2929 terra
3429 2889 3533 2943 pax

1931 2967 2245 3025 hominibus
2265 2969 2428 3024 home
2449 2968 2770 3023 voluntatis.
2796 2967 3117 3036 Eodemque
3141 2975 3386 3036 tempore
3416 2965 3527 3034 hic,

1931 3061 1999 3116 ad
2028 3076 2192 3134 quem
2220 3077 2404 3118 rerum
2433 3061 2678 3117 omnium
2709 3075 2922 3115 summa
2949 3067 3324 3125 conceSSerat,
3353 3059 3530 3113 domi-

1934 3170 2066 3210 num
2105 3169 2166 3211 se
2214 3153 2501 3210 hominum
2529 3153 2793 3225 appellari
2841 3169 2952 3209 non
2995 3168 3190 3224 passus
3218 3164 3336 3219 est;
3367 3151 3534 3208 immo

1935 3259 2044 3302 non
2086 3261 2254 3301 ausus
2277 3288 2293 3314 ,
2333 3261 2441 3317 quo
2467 3260 2632 3302 verus
2665 3244 2921 3301 dominus
2964 3244 3132 3301 totius
3165 3244 3385 3316 generis
3433 3245 3532 3298 hu-

1937 3339 2083 3393 mani
2114 3339 2256 3394 inter
2290 3337 2548 3394 homines
2578 3345 2736 3394 natus
2767 3345 2872 3394 est.
2907 3336 3115 3393 Eodem
3145 3351 3362 3409 quoque
3391 3352 3537 3392 anno

1936 3439 2064 3485 tunc
2096 3430 2328 3500 primum
2359 3429 2504 3484 idem
2529 3429 2734 3497 Caesar,
2763 3444 2925 3500 quem
2953 3429 3038 3484 his
3060 3431 3228 3484 tantis
3258 3428 3535 3501 mysteriis

1935 3527 1956 3556 ο
1989 3522 2480 3594 prtedestinaverat
2517 3523 2685 3591 Deus,
2731 3523 2774 3556 '°
2817 3537 3039 3579 censum
3077 3524 3161 3594 agi
3200 3523 3537 3594 singularum

1937 3612 2139 3684 ubique
2181 3613 2586 3684 provinciarum
2612 3653 2627 3679 ,
2683 3621 2741 3668 et
2787 3613 3004 3669 censeri
3053 3627 3245 3668 omnes
3287 3612 3540 3668 homines

1935 3709 2118 3781 jussit,
2142 3708 2358 3778 quando
2394 3717 2448 3762 et
2479 3707 2624 3762 Deus
2665 3706 2832 3762 homo
2864 3706 3067 3773 videri,
3115 3715 3320 3762 etesse
3349 3707 3544 3777 digna-

1942 3810 2030 3857 tus
2079 3811 2182 3856 est.
2234 3800 2392 3855 Tunc
2443 3799 2613 3870 igitur
2649 3809 2807 3855 natus
2848 3809 2932 3856 est
2973 3798 3253 3868 Christus,
3295 3798 3544 3854 Romano

1943 3896 2130 3952 censui
2159 3893 2344 3950 statim
2371 3892 2640 3964 ascriptus
2664 3901 2724 3948 ut
2753 3905 2914 3948 natus
2942 3901 3046 3949 est.
3094 3891 3223 3948 Haec
3251 3900 3337 3948 est
3364 3891 3539 3962 prima

1946 3988 2040 4044 illa
2072 3987 2489 4058 clarissimaque
2526 3986 2816 4056 professio,
2847 4002 2965 4057 qua:
2987 3986 3260 4042 Cmsarcm
3298 3986 3546 4042 omnium

1944 4080 2270 4153 principem,
2311 4079 2700 4149 Romanosque
2731 4094 2917 4135 rerum
2948 4079 3202 4136 dominos
3223 4079 3538 4152 singillatim

1948 4183 2265 4230 cunctorum
2309 4169 2592 4227 hominum
2633 4171 2780 4227 edita
2810 4171 3144 4242 ascriptione
3174 4172 3438 4242 signavit,
3490 4172 3546 4228 in

1950 4281 2055 4337 qua
2079 4280 2141 4319 se
2168 4273 2224 4319 et
2252 4264 2390 4333 ipse,
2425 4263 2514 4330 qui
2539 4277 2662 4317 cum
2687 4271 2920 4318 cunctos
2949 4262 3196 4319 homines
3214 4262 3363 4330 fecit,
3395 4263 3546 4318 inve-

1953 4358 2059 4416 niri
2081 4355 2379 4423 hominem,
2407 4353 2718 4424 ascribique
2744 4353 2887 4410 inter
2911 4353 3154 4411 homines
3181 4355 3372 4410 voluit.
3390 4353 3542 4423 Quod

1519 4475 1608 4532 HA
1618 4475 1828 4537 VERC!

1931 4477 1972 4534 )1
2008 4472 2243 4532 NOTAE.
3506 4475 3546 4523 ει

319 4564 413 4619 2|.
454 4563 668 4642 Cosgts,
694 4566 828 4626 dux.
862 4567 936 4624 lle
963 4568 1064 4623 hoc
1082 4575 1140 4623 et
1163 4565 1327 4622 rebus
1348 4565 1420 4622 ab
1439 4581 1506 4625 eo
1525 4571 1714 4642 gestis,
1748 4573 1844 4630 Dio
1871 4577 1926 4639 Ι)
2021 4572 2073 4625 5.
2094 4564 2572 4642 _Rubigo:sigttaoit.
2605 4563 2793 4620 Nullus
2822 4579 2888 4620 ex
2913 4577 3042 4642 mss.
3075 4564 3544 4642 agnoscit_consi-

250 4635 392 4693 libro
427 4651 517 4693 ιν.
559 4637 725 4693 ΕΑιιιι.

322 4707 416 4762 εξ.
457 4707 639 4778 Legati
684 4709 966 4766 ludorum.
997 4708 1200 4768 Confer
1241 4716 1400 4766 notas
1439 4709 1744 4771 Casauboui
1778 4716 1846 4773 ad

251 4778 502 4851 Suetonii
525 4780 665 4851 Aug.
688 4796 814 4848 cap.
840 4782 933 4838 91.

321 4850 418 4906 23.
462 4850 797 4922 Ultra'quod.
822 4851 994 4925 Lugd.
1022 4853 1165 4910 Batt.
1192 4863 1302 4912 tres
1324 4868 1381 4914 et
1407 4855 1546 4915 Coll.
1573 4855 1847 4928 Gronov.,

254 4922 397 4977 ultra
431 4939 554 4991 quo.
909 4922 926 4925 ⁷

324 4993 418 5049 Ξδ.
451 4995 616 5060 Quem
643 4995 802 5059 sicut,
835 5003 944 5051 etc.
981 4995 1154 5064 Supra
1187 4997 1281 5053 lib.
1312 5015 1392 5062 tu,
1420 5014 1544 5065 cap.
1575 5000 1668 5058 ΞΟ.

325 5065 417 5143 25.
458 5066 826 5143 Respiratione
843 5066 1206 5143 lassitudinis.
1249 5069 1427 5142 Lugd.
1473 5071 1617 5127 Batt.
1665 5086 1748 5143 pr.
1793 5079 1850 5128 et

255 5142 407 5200 tert.,
442 5151 558 5207 cum
579 5139 806 5207 quadam
834 5138 1163 5194 lassitudine.

251 5207 436 5337 sua:
448 5205 738 5279 Multaque.
764 5209 1028 5280 Copulam
1056 5226 1165 5267 non
1194 5213 1444 5282 agnoscit
1470 5211 1639 5268 editio
1666 5213 1851 5285 Augu-

328 5349 423 5404 27.
451 5349 532 5405 Ad
553 5350 827 5410 Ccesarem.
851 5352 930 5409 Ex
954 5353 1201 5426 Lugdun.
1235 5357 1380 5422 Batt.
1407 5355 1618 5427 aliquot
1643 5356 1852 5414 addunt

255 5435 491 5476 reversus
499 5463 511 5475 .

329 5491 460 5574 Crte.
494 5492 738 5576 ιςχιιμ-
763 5497 819 5576 1.
832 5494 1018 5576 Itaque
1045 5515 1204 5576 anno,
1226 5509 1334 5576 etc.
1365 5498 1426 5576 lu
1456 5499 1710 5555 omnibus
1723 5512 1852 5576 _ma-

255 5569 560 5646 anseriptis
593 5574 651 5620 ut
676 5569 1017 5646 (τιφάνης.
1063 5570 1338 5628 invenitur
1366 5573 1559 5644 itaque,
1591 5571 1737 5642 quod
1768 5585 1856 5625 re-

255 5629 394 5703 liqui
421 5629 583 5691 cbdd.
612 5640 810 5696 exsilio
835 5629 1182 5697 damnarunt.

331 5707 392 5791 2.
413 5705 540 5791 Iani
563 5722 743 5791 portas
755 5713 931 5767 tertio.
947 5715 1252 5791 Augustum
1281 5713 1473 5771 Janum
1496 5722 1578 5771 ter
1593 5713 1856 5772 clausisse

255 5776 746 5840 Suetonius'etiam
774 5776 1226 5842 testaturfFann.

1949 4640 2150 4716 gnavit,
2183 4635 2325 4709 quod
2353 4635 2411 4692 in
2441 4635 2568 4692 edd.
2603 4644 2962 4707 praeterquam
2995 4637 3048 4691 in
3079 4637 3306 4709 August.
3339 4638 3549 4694 inveni-

1953 4725 2078 4841 ωἳ.
2139 4781 2371 4852 Domini
2400 4778 2824 4852 appellatignem.
2884 4778 3012 4836 Htec
3087 4780 3364 4852 descripta
3420 4789 3549 4838 sunt

1951 4873 1983 4914 e
2009 4853 2324 4926 Tranquilli
2346 4850 2615 4926 Augusto.
2659 4851 2825 4926 Eum.

2023 4921 2413 4998 5.1n'quodam
2441 4921 2619 4998 ntimo.
2659 4921 2861 4978 Contra
2895 4937 3101 4998 omnes
3133 4923 3365 4992 scriptos
3420 4924 3550 4998 fecit

1952 4999 2070 5056 haec
2091 4994 2375 5052 Fabricius
2421 5010 2454 5048 a
2480 4995 2726 5067 quodam,
2756 4994 2908 5067 quasi
2942 4995 3128 5067 mimus
3175 5010 3285 5050 non
3317 4997 3549 5067 perinde

1952 5069 2190 5126 fabulam
2212 5076 2372 5136 atque
2401 5064 2648 5136 actorem
2671 5065 3024 5134 signiﬁcaret.
3054 5064 3231 5121 Laur.

2025 5141 2080 5196 6.
2113 5135 2331 5196 Statim.
2368 5135 2686 5208 Edit.Aug.
2719 5144 2769 5190 et
2795 5137 2991 5205 statim,
3022 5152 3123 5194 nec
3152 5137 3381 5195 aliterin
3414 5153 3546 5195 mss.

1954 5213 2130 5268 tribus
2162 5208 2488 5278 Florentinis
2517 5207 2766 5278 Meoque.

2027 5285 2082 5339 7.
2114 5281 2360 5337 Posthac.
2393 5277 2568 5350 Lugd.
2597 5278 2716 5334 Bat.
2750 5279 2958 5350 primus
2980 5288 3036 5337 et
3063 5279 3153 5337 ed.
3187 5281 3411 5354 August.
3430 5289 3549 5352 post

1956 5356 2087 5480 ἠ”ἕῖ
2117 5423 2198 5478 Εο
2218 5431 2462 5494 tempore.
2488 5421 2619 5478 Mss.
2645 5420 2856 5494 aliquot
2878 5423 3058 5494 eodem
3086 5432 3331 5493 tempore.

2029 5496 2084 5553 9.
2125 5492 2609 5551 Pradestinaverat.
2645 5492 2781 5551 Tres
2816 5493 2992 5565 Lugd.
3035 5492 3220 5559 Batt.’,
3261 5493 3548 5566 prasigna-

1957 5577 2130 5770 ἓξὲξ
2163 5637 2389 5766 ﬁmum
2416 5637 2522 5711 agi.
2567 5635 2778 5696 Census
2823 5636 2914 5695 hic
2956 5650 2988 5692 e
3029 5633 3177 5692 Luca
3211 5633 3346 5695 satis
3385 5646 3550 5695 notus

2049 5749 2063 5767 .
2132 5727 2166 5767 Α
2239 5749 2254 5766 .

2049 5749 2063 5767 ο
2088 5727 2119 5767 ι*
2132 5727 2254 5767 ABR.
