4076 6174
258 247 394 312 ᾖοῦὶ
1371 241 1839 310 HISTORIARUH

1966 237 2086 308 ὶΕῐί
2124 236 2234 296 VII.
2277 234 2432 292 CAP.
2473 234 2542 290 11.
3427 225 3565 297 ιιθξ

253 359 358 411 lem
402 369 578 409 tamen
609 365 768 425 atque
798 356 960 429 (.52
987 356 1332 412 obedientem
1367 357 1683 428 requirunt,
1715 357 1848 412 inibi
1877 377 1929 434 Α
1953 354 2038 408 cui
2061 353 2310 416 volunt-sas,
2333 354 2377 383 ’³
2399 349 2804 418 ιιειῑρηιιιιτειιιιο,
2835 360 2939 399 non
2963 345 3270 416 exspectari
3294 345 3553 414 oportuit,

255 460 459 510 autem,
485 448 733 501 1"vidi-ro
762 465 826 501 an
861 448 1160 520 aliquando
1189 448 1508 517 credituris,
1531 459 1682 512 certe
1705 463 1851 504 nunc
1950 447 2045 505 sed
2074 446 2248 501 creari
2277 463 2290 496 :
2327 444 2560 498 maxime
2590 455 2710 496 cum
2741 449 2798 494 et
2826 440 3018 495 Jovem
3044 439 3195 492 illum
3222 453 3380 492 suum
3404 453 3555 490 aecr-

258 557 379 596 enm
412 541 713 596 incredulis
747 543 887 595 actio
915 550 1029 609 est,
1063 540 1370 612 promptius
1415 557 1479 598 ea
1531 541 1803 612 profer-am
1831 581 1848 606 ,

258 637 300 665 ’⁵
333 651 452 704 qu'e
481 647 535 689 et
569 635 668 704 ipsi
696 676 709 698 ,
743 636 846 688 etsi
890 635 1120 705 probare
1166 634 1446 690 noluerint
1478 677 1492 701 ,
1535 631 1850 704 improbare

256 743 364 784 non
393 727 624 798 possint.
661 727 846 798 Itaque
870 773 884 796 ,
938 735 1196 798 quantum
1230 729 1295 784 ad
1329 728 1720 784 conscientiam
1753 725 1851 782 liu-

255 835 539 876 manarum
565 819 830 874 mentium
861 822 1120 888 pertinet,
1155 819 1198 850 ¹⁶
1224 820 1441 886 utrique
1465 818 1567 872 sub
1596 832 1851 880 reveren-

257 915 329 970 tia
355 914 659 985 religionis,
691 925 747 970 et
779 915 1124 991 confessione
1153 915 1410 985 cultuque
1450 927 1706 982 superna:
1749 927 1848 979 po-

257 1009 440 1070 tentia:
472 1009 723 1074 vivimus,
756 1008 995 1062 distante
1027 1007 1308 1070 dumtaxat
1342 1006 1447 1070 fide
1484 1024 1495 1059 :
1523 1006 1565 1037 ¹⁷
1593 1004 1715 1076 quia
1749 1019 1850 1064 no-

253 1109 427 1158 strum
456 1109 544 1156 est
574 1099 758 1167 fateri,
783 1115 848 1155 ex
882 1115 990 1154 uno
1023 1108 1076 1155 et
1107 1114 1203 1170 per
1225 1115 1390 1158 unum
1414 1101 1579 1154 Deum
1599 1104 1850 1164 constare

254 1194 435 1250 omnia
471 1213 481 1248 :
516 1193 777 1258 illorum,
828 1202 934 1249 tam
983 1192 1179 1252 multos
1222 1192 1356 1248 deos
1396 1202 1592 1261 putare
1622 1232 1637 1256 ,
1685 1204 1850 1260 quam

255 1289 421 1346 multa
455 1296 584 1342 sunt
609 1287 903 1344 elementa.
942 1285 1005 1342 Si
1054 1286 1316 1354 potentia:
1365 1285 1500 1351 Dei,
1556 1283 1849 1354 inquiunt,

255 1396 413 1451 quem
439 1379 778 1450 prmdicatis,
807 1379 930 1444 fuit,
960 1388 1020 1435 ut
1050 1377 1356 1434 Romanum
1404 1377 1691 1446 imperium
1740 1385 1850 1432 tam

252 1474 517 1543 amplum,
539 1487 604 1528 ac
626 1481 736 1528 tam
765 1472 998 1538 sublime
1029 1472 1207 1539 fieret,
1237 1487 1336 1527 cur
1381 1469 1546 1542 igitur
1591 1469 1850 1539 patientia

254 1565 499 1634 ejusdem
527 1563 727 1630 obfuit,
757 1575 816 1620 ut
845 1575 973 1619 ante
1003 1578 1112 1628 non
1145 1561 1333 1620 fieret?
1367 1562 1573 1629 Quibus
1623 1562 1724 1620 sub
1755 1577 1850 1628 eo-

251 1659 375 1714 dem
404 1659 572 1715 verbo
595 1657 1021 1730 respondebitur
1046 1675 1055 1709 :
1086 1656 1143 1711 Si
1173 1656 1430 1726 patentia:
1445 1655 1852 1724 deorum,quos

1953 552 2045 590 vos
2072 537 2415 592 formicarum
2459 534 2511 587 in
2561 531 2788 602 populos
2835 529 3125 584 hominum
3166 527 3295 583 ludo
3343 537 3557 582 vertere

1951 631 2170 687 solitum
2217 628 2414 684 ferant.
2458 626 2629 680 Porro
2658 634 2838 678 autem
2867 623 2934 678 de
2964 639 3094 679 cura
3119 622 3556 678 cazrimoniarum

1951 741 2049 780 nec
2075 720 2464 778 recensendum
2496 717 2742 773 arbitror
2769 735 2781 771 :
2806 716 3064 786 quoniam
3089 716 3228 770 inter
3250 728 3401 769 sacra
3427 728 3560 768 con-

1953 819 2101 873 tinua
2151 813 2568 871 incessabilibns
2614 811 2863 867 cladibus
2910 810 3088 864 nullus
3136 809 3257 863 ﬁnis
3307 824 3372 863 ac
3414 809 3559 862 nulla

1952 911 2172 980 requies
2199 908 2318 976 fuit,
2352 909 2453 963 nisi
2483 922 2606 961 cum
2638 905 2889 961 Salvator
2919 902 3104 956 mundi
3142 901 3393 968 Christus
3435 901 3560 954 illu-

1954 1003 2029 1056 xit
2055 1020 2066 1066 ;
2099 1000 2253 1072 cujus
2279 1000 2530 1055 adventui
2557 997 2996 1068 prrcdcstinatam
3021 993 3192 1048 fuisse
3216 992 3429 1064 imperii
3452 992 3562 1046 Ro-

1951 1094 2095 1148 mani
2134 1108 2342 1162 pacem,
2373 1092 2476 1150 etsi
2502 1091 2612 1160 jam
2647 1088 2986 1144 sufﬁcienter
3016 1086 3330 1142 ostendisse
3359 1099 3446 1140 me
3475 1100 3561 1140 ar.

1952 1184 2147 1253 bitror,
2178 1184 2363 1255 paucis
2391 1194 2570 1238 tamen
2600 1181 2779 1236 adhuc
2805 1180 3062 1250 supplere
3092 1177 3359 1234 conabor.

2591 1274 2824 1332 CAPUT
2865 1274 2926 1329 ll.

1952 1356 2276 1426 Babylonem
2321 1367 2368 1410 et
2423 1355 2662 1420 Romam,
2713 1370 3030 1426 regnumque
3072 1352 3214 1407 illius
3246 1362 3290 1408 et
3321 1352 3479 1426 hujus
3506 1353 3561 1406 in

2023 1376 2065 1411 Η)
2109 1376 2276 1412 tonem
2321 1376 2368 1410 ει
2423 1376 2662 1420 nontam,
2713 1376 3030 1426 regnumque
3072 1376 3214 1407 unus
3246 1376 3290 1408 ει
3321 1376 3479 1422 ull]!!!
3506 1376 3561 1406 ιιι

2023 1376 2287 1499 ρὲενὶιᾳιιε
2315 1429 2548 1481 omnibus
2581 1430 2879 1499 convenire.
2897 1424 2974 1478 De
2999 1435 3222 1499 quatuor
3243 1424 3424 1499 mundi
3453 1441 3562 1499 nro-

2023 1495 2258 1554 itarchiis
2284 1540 2298 1564 ,
2349 1501 2414 1553 de
2463 1499 2700 1554 incendio
2743 1498 2970 1568 quodam
3012 1496 3231 1562 Romae,
3281 1495 3474 1550 Christi
3512 1502 3562 1552 et

2024 1571 2289 1636 Abraham
2318 1571 2542 1625 swculis.

2029 1663 2045 1692 ¹
2075 1661 2348 1731 Principio
2396 1660 2618 1716 secundi
2650 1659 2816 1715 libelli
2860 1674 2982 1715 cum
3021 1667 3260 1732 tempora
3305 1657 3563 1720 Ruinam:

252 1752 560 1823 przcdicatis
585 1750 704 1820 fuit,
731 1759 789 1806 ut
815 1749 1126 1806 Romanum
1155 1748 1442 1820 imperium
1467 1757 1574 1802 tam
1603 1746 1846 1816 amplum
1881 1758 1924 1818 Β
1953 1755 2288 1814 conditionis
2309 1754 2434 1826 styli
2463 1764 2652 1809 tenore
2681 1753 3132 1824 per-stringeret“,
3164 1751 3331 1806 multa
3359 1765 3563 1816 conve-

249 1858 315 1900 ac
341 1854 447 1899 tam
472 1842 709 1900 sublime
733 1841 910 1911 ﬁeret,
934 1857 1030 1902 cur
1053 1841 1215 1911 igitur
1238 1841 1502 1912 patientia
1524 1839 1843 1894 eorumdem

250 1936 448 2001 obfuit,
478 1947 532 1990 ut
561 1944 686 1991 ante
712 1951 816 1990 non
845 1935 1042 1992 ﬁeret?
1069 1939 1147 1990 An
1175 1932 1278 2004 ipsi
1300 1933 1374 1987 dii
1394 1931 1636 1995 nondum
1655 1932 1850 1988 erant?

251 2044 324 2085 an
350 2030 532 2084 adhuc
555 2029 725 2085 Roma
756 2029 870 2100 ipSa
906 2043 1014 2084 non
1039 2027 1191 2083 erat?
1221 2042 1289 2082 an
1333 2025 1410 2081 illi
1457 2041 1567 2080 non
1593 2024 1851 2086 οοιεικιητ

254 2121 376 2176 tur?
405 2137 473 2176 an
504 2120 621 2176 bzec
652 2122 695 2152 “‘
731 2120 962 2182 necdum
1019 2120 1213 2174 idonea
1257 2118 1487 2188 imperio
1516 2115 1848 2172 videbatur?

254 2213 311 2270 Si
341 2214 583 2269 nondum
609 2222 766 2269 erant
795 2213 905 2279 dii;
933 2213 973 2245 ‘9
995 2219 1178 2268 cessat
1221 2211 1474 2272 intentio,
1508 2209 1554 2240 ¹⁰
1594 2207 1666 2265 Ut
1714 2205 1847 2280 quid

253 2308 399 2370 enim
453 2307 564 2380 jam
623 2308 694 2364 ibi
751 2322 943 2374 eorum
1004 2307 1242 2372 discutio
1308 2321 1562 2374 moram,
1623 2305 1714 2366 ubi
1781 2319 1852 2362 ne

253 2403 424 2473 ipsam
463 2402 678 2473 quidem
739 2403 957 2462 invenio
1011 2400 1300 2458 naturam?
1348 2400 1404 2458 Si
1464 2407 1645 2462 autem
1697 2407 1853 2464 erant

255 2498 362 2562 dii;
415 2507 512 2552 aut
567 2498 808 2566 potentia
862 2511 1088 2564 eorum,
1156 2504 1214 2552 ut
1243 2495 1344 2564 ipsi
1401 2494 1681 2565 judicent,
1758 2502 1853 2550 aut

255 2589 515 2661 patientia
564 2591 617 2644 in
675 2590 832 2659 culpa
887 2599 971 2646 est
1022 2607 1036 2643 :
1092 2588 1178 2644 vel
1224 2588 1532 2659 patientia,
1591 2587 1636 2643 si
1692 2587 1848 2653 iuit;

255 2681 342 2736 vel
390 2681 627 2751 potentia
663 2723 677 2748 ,
731 2681 777 2734 si
830 2679 996 2736 defuit
1050 2699 1062 2732 :
1115 2689 1207 2734 aut
1251 2681 1297 2734 si
1357 2680 1528 2750 magis
1584 2677 1852 2739 suadibile

255 2757 495 2828 videtur
527 2772 692 2828 fuisse
747 2781 874 2832 tunc
922 2772 1140 2843 quidem
1211 2771 1345 2848 deos
1401 2773 1493 2842 qui
1555 2771 1854 2842 provehere

258 2869 610 2940 potuissent,
663 2867 760 2924 sed
817 2867 1056 2924 nondum
1106 2867 1384 2924 exstitisse
1436 2866 1711 2932 Romanos
1760 2867 1851 2938 qui

257 2961 484 3033 provehi
513 2962 636 3031 jure
671 2971 936 3032 possent;
980 2977 1082 3017 nos
1122 2971 1406 3018 auctorem
1437 2975 1620 3016 rerum
1662 2969 1855 3030 poten-

257 3058 412 3126 tiam,
432 3074 539 3114 non
558 3058 822 3122 artificem
837 3057 1120 3114 scientiam
1143 3057 1464 3127 quaerimus.
1482 3056 1560 3112 De
1573 3056 1680 3112 diis
1697 3057 1855 3126 quip-

1956 1849 2168 1908 uienter
2200 1847 2342 1902 inter
2378 1846 2735 1918 Babyloniam
2777 1846 2966 1902 urbem
3010 1845 3384 1917 Assyriorum,
3435 1856 3560 1913 tunc

1953 1941 2255 2011 principem
2283 1941 2550 2010 gentium,
2581 1949 2636 1994 et
2666 1941 2917 2005 Romam,
2953 1957 3095 2004 nunc
3121 1955 3275 2011 teque
3306 1940 3558 2014 gentibus

1952 2034 2346 2102 dominantem,
2370 2035 2390 2065 ¹
2413 2044 2690 2104 compacta
2721 2035 3023 2101 conscripsi
3050 2051 3063 2090 :
3097 2032 3264 2090 fuisse
3297 2031 3428 2087 illud
3457 2032 3566 2100 pri-

1951 2143 2120 2194 mum,
2147 2126 2251 2182 hoc
2271 2127 2524 2182 ultimum
2551 2127 2865 2198 imperium:
2892 2126 3022 2182 illud
3050 2127 3305 2196 paulatim
3331 2126 3558 2198 cedens,

1952 2229 2009 2279 at
2050 2219 2190 2278 istud
2222 2219 2427 2276 sensim
2462 2220 2481 2250 ³
2513 2221 2941 2280 convalescens:
2991 2220 3287 2284 deﬂuxisse
3331 2219 3410 2273 illi
3462 2218 3564 2274 sub

1953 2327 2062 2380 uno
2078 2322 2323 2384 tempore
2337 2313 2694 2368 novissimum
2721 2328 2927 2385 regem,
2948 2313 2968 2343 ⁵
2989 2314 3074 2368 isti
3099 2313 3334 2383 primum
3360 2312 3558 2374 fuisse:

1955 2406 2105 2464 illam
2131 2406 2332 2462 deinde
2362 2417 2488 2463 tunc
2523 2406 2818 2463 invadente
2861 2405 3004 2480 Cyro
3047 2415 3264 2478 captam
3314 2406 3464 2460 velut
3507 2406 3561 2466 in

1955 2507 2185 2556 mortem
2213 2499 2542 2562 concidisse,
2576 2515 2698 2554 cum
2732 2501 2889 2554 istam
2923 2499 3246 2556 ﬁducialiter
3277 2511 3566 2568 assurgen-

1956 2599 2090 2658 tem,
2125 2600 2248 2661 post
2273 2591 2530 2662 expulsos
2560 2590 2726 2665 454
2765 2606 2922 2662 reges
2971 2591 3158 2647 liberis
3207 2589 3282 2652 uti
3333 2590 3565 2660 coepisse

1955 2683 2242 2749 consiliis:
2275 2684 2546 2753 prtecipne
2571 2699 2697 2738 cum
2731 2684 3038 2746 vindicante
3071 2683 3376 2738 libertatem
3407 2697 3560 2738 suam

1959 2775 2148 2845 Roma,
2191 2785 2317 2832 tunc
2362 2793 2579 2848 quoque
2624 2776 2930 2832 Judteorum
2984 2775 3239 2844 pOpulus,
3287 2774 3377 2845 qui
3425 2773 3564 2844 apud

1959 2869 2311 2942 Babyloniam
2343 2871 2445 2936 sub
2473 2871 2692 2940 regibus
2731 2870 3023 2935 serviebat,
3057 2870 3110 2926 iu
3151 2877 3396 2925 sanctam
3437 2868 3565 2930 Ilie-

1957 2963 2193 3030 rusalem
2221 2975 2439 3033 recepta
2471 2962 2719 3020 libertate
2745 2962 2988 3034 redierit,
3015 2962 3036 2994 ⁸
3060 2961 3428 3034 templumque
3459 2961 3561 3018 Do-

1957 3055 2113 3118 mini,
2142 3054 2284 3110 sicut
2303 3069 2332 3109 a
2365 3053 2648 3126 projibetis
2677 3054 2995 3123 praedictum
3033 3053 3228 3118 fuerat,
3256 3055 3276 3084 ⁶
3303 3053 3564 3110 reforma-

258 3165 324 3219 pe
350 3151 435 3218 (ut
461 3149 672 3222 putant)
704 3152 932 3221 magnis,
958 3165 1066 3214 non
1097 3149 1165 3206 de
1188 3149 1358 3208 fabris
1390 3148 1672 3214 vilissimis
1701 3164 1855 3220 quiec
1878 3157 1925 3219 α
1959 3145 2048 3202 rit.
2075 3145 2340 3200 Praeterea
2365 3144 2735 3204 intercessisse
2756 3146 3006 3202 dixeram
3036 3147 3177 3201 inter
3207 3144 3561 3215 Babylonium

258 3241 480 3301 stioest,
498 3241 826 3310 quibus,nisi
842 3241 1063 3294 materia
1079 3239 1416 3308 accedat,ars
1428 3247 1625 3292 cessat.
1642 3238 1696 3292 Si
1711 3237 1855 3292 enim

259 3333 547 3402 praescisse
565 3331 743 3386 illisae
763 3332 1001 3386 voluisse
1018 3332 1061 3361 ²¹
1081 3338 1283 3402 praesto
1303 3345 1522 3400 semper
1545 3328 1665 3392 fuit,
1687 3328 1858 3388 immo

259 3426 422 3482 etiam
445 3423 608 3497 A53
637 3424 952 3494 subjacente
979 3423 1342 3494 prmscientia,
1369 3422 1492 3494 quia
1520 3422 1661 3492 apud
1689 3421 1859 3482 omni-

261 3518 556 3588 potentiam
587 3516 655 3575 dc
679 3517 939 3586 operibus
967 3515 1246 3574 dumtaxat
1273 3515 1410 3582 suis,
1440 3514 1544 3581 hoc
1572 3524 1680 3582 est,
1713 3528 1854 3584 pra:-

261 3612 422 3677 scire,
462 3609 605 3682 quod
649 3610 808 3676 velle,
862 3609 1238 3680 quodcumque
1288 3608 1420 3664 illud
1475 3607 1855 3678 paesciebatur,

1963 3252 2212 3307 regnum,
2247 3235 2388 3306 quod
2418 3237 2486 3292 ab
2514 3237 2734 3294 Oriente
2762 3237 2957 3303 fuerat,
2989 3247 3041 3292 ct
3065 3238 3392 3302 Romanum,
3419 3236 3563 3306 quod

1961 3327 2029 3380 ab
2059 3326 2353 3386 Occidente
2379 3342 2714 3397 consurgens
2742 3329 2760 3357 "
2787 3327 3088 3384 luereditati
3118 3327 3362 3383 Orientis
3385 3328 3406 3358 ⁸
3431 3342 3564 3393 enn-

1961 3421 2248 3488 tricbatur,
2283 3421 2686 3478 Marcdonicum
2737 3422 3151 3494 Africanumque
3180 3437 3430 3494 regnum,
3463 3420 3565 3477 hoc

1961 3525 2067 3580 est,
2092 3516 2242 3588 quasi
2266 3530 2296 3570 a
2321 3515 2543 3575 Meridie
2567 3531 2631 3570 ac
2661 3516 3045 3588 Septentrione
3077 3515 3330 3571 brevibus
3351 3514 3564 3590 vicibus

1961 3617 2142 3679 partes
2173 3609 2366 3664 tutoris
2393 3610 2772 3678 curatorisque
2796 3608 3055 3664 tenuisse.
3077 3605 3312 3664 Orientis
3334 3617 3388 3662 et
3408 3605 3564 3662 Occi-

1566 3815 2016 3878 IIAVERCAMPI
2057 3815 2292 3874 ΝΟΤᾸΞ.

337 3958 424 4030 14.
477 3955 686 4030 Videro,
721 3964 827 4011 etc.
851 3955 1127 4030 Rectesic
1153 3955 1366 4030 Fabric.
1389 3972 1404 4018 ;
1429 3965 1485 4011 et
1521 3957 1844 4030 insipienter

265 4029 390 4084 edd.
419 4029 663 4099 quaedam
688 4036 846 4093 vett.,
880 4029 926 4082 si
949 4029 1124 4082 videro
1153 4045 1221 4080 an
1250 4027 1534 4098 aliquando
1573 4027 1645 4084 ρκ’
1670 4033 1843 4084 ενεάὶο

267 4101 420 4154 turis.

337 4170 653 4244 15.011038!
682 4171 782 4240 ipsi
810 4172 908 4223 etsi
936 4171 1153 4243 probare
1173 4215 1185 4236 ,
1216 4181 1328 4244 rete.
1366 4171 1439 4226 Ita
1485 4173 1626 4234 malo
1668 4173 1850 4244 legere

266 4256 332 4317 ex
359 4241 761 4317 cod._Perizon.
795 4241 952 4309 quam
986 4243 1310 4314 cum-vulg,
1342 4260 1454 4310 qua:
1481 4244 1583 4316 ipsi
1611 4245 1707 4299 etsi
1725 4241 1850 4317 pro-

267 4313 384 4366 bare
415 4314 692 4366 uoluerint.

341 4383 426 4437 16.
461 4382 698 4450 Utrique.
731 4384 806 4437 Ita
836 4393 1152 4439 c0nstauter
1179 4387 1300 4441 libri
1329 4395 1538 4443 mss.et
1570 4387 1694 4443 edd.
1715 4396 1846 4442 vett.

266 4453 468 4528 legunt,
505 4466 699 4522 praeter
727 4455 862 4510 llitt.
895 4467 948 4510 et
973 4455 1135 4512 Fnbr.
1161 4467 1321 4526 atque
1343 4457 1537 4524 Scotti,
1569 4461 1622 4514 in
1651 4459 1850 4528 quibus

268 4526 522 4606 inlepide,
549 4534 606 4579 et
628 4536 818 4581 contra
845 4528 1088 4595 illorum,
1113 4543 1234 4599 qua}
1259 4539 1582 4600 sequuntur,
1606 4526 1848 4600 sensum,

266 4605 465 4659 utique.

341 4668 426 4721 17.
467 4667 599 4734 Quia
621 4679 853 4741 nostrum
874 4681 969 4741 est.
999 4672 1087 4726 Sic
1126 4686 1342 4741 quoque
1391 4687 1456 4726 ex
1496 4686 1628 4740 mss.
1676 4671 1849 4740 Lugd.

267 4737 408 4792 Batt.
446 4741 615 4816 tribus
643 4752 695 4816 et
717 4739 853 4795 Coll.
883 4740 1123 4795 Gronov.
1147 4737 1321 4816 'tnal'u,
1359 4753 1411 4795 nt
1444 4743 1512 4797 ad
1541 4737 1851 4816 ﬁde,qu‘ud

2027 3960 2080 4014 5.
2113 3958 2506 4013 Convalescens.
2538 3957 2673 4013 Cod.
2709 3956 2983 4024 Perizon.,
3013 3973 3268 4022 crescens,
3316 3956 3460 4029 quod
3505 3964 3565 4029 ut

1957 4031 2115 4099 longe
2145 4029 2411 4095 Latinius,
2461 4029 2634 4098 recipi
2682 4041 3002 4095 mereretur,
3045 4030 3090 4084 si
3136 4027 3416 4085 assensum
3467 4027 3562 4084 alii

1956 4098 2171 4172 quoque
2203 4117 2330 4156 mss.
2372 4103 2699 4170 praeberent.
3442 4169 3476 4172 _
3548 4109 3553 4119 '

2027 4169 2099 4241 4f
2119 4171 2216 4244 Isti
2241 4169 2465 4244 primum
2496 4175 2675 4243 fuisse.
2705 4173 2876 4242 Lugd.
2911 4173 3029 4228 Bat.
3066 4186 3203 4244 sec.,
3239 4172 3405 4233 Mons,
3435 4169 3563 4244 Flo-

1960 4254 2122 4298 rentt.
2157 4243 2284 4317 dun,
2319 4253 2373 4299 et
2400 4245 2486 4317 ed.
2523 4247 2683 4314 Aug,
2719 4261 2836 4317 eum
2878 4245 3005 4308 isti;
3049 4243 3558 4317 Perjzon._mclius,

1960 4325 2068 4369 tum
2091 4317 2197 4369 isti.
2221 4315 2357 4369 Tres
2380 4316 2570 4385 reliqui
2598 4313 2764 4384 Lugd.
2798 4315 2958 4377 Batt.,
2983 4330 3107 4369 cum
3129 4313 3268 4369 Coll.
3293 4313 3556 4381 Gronnv.,

1959 4403 2058 4456 quo
2084 4387 2194 4452 isti,
2227 4395 2334 4456 ctc.
2376 4385 2494 4440 Mox
2527 4402 2622 4454 pro
2648 4387 2700 4440 in
2728 4396 2961 4450 mortem,
2996 4385 3166 4455 Lugd.
3197 4385 3338 4439 Batt.
3382 4399 3462 4452 pr.
3504 4390 3560 4438 et

1963 4455 2110 4523 tert.,
2145 4473 2266 4511 eum
2299 4455 2444 4510 Flor.
2478 4473 2589 4511 sec.
2619 4465 2675 4511 et
2703 4458 2842 4510 Coll.
2872 4457 3135 4520 Gronov.,
3167 4457 3217 4510 in
3241 4465 3423 4508 morte.

2031 4531 2084 4584 5.
2119 4527 2504 4598 Templumque.
2536 4527 2704 4598 Lugd.
2736 4529 2875 4581 Batt.
2903 4539 3036 4593 tres,
3064 4529 3311 4596 templum
3333 4537 3556 4598 quoque.

2031 4605 2085 4654 ϋ.
2135 4597 2471 4668 Reformnrit.
2522 4599 2694 4670 Lugd.
2746 4599 2886 4653 Batt.
2939 4610 3188 4668 quatuor,
3241 4612 3362 4664 cum
3412 4597 3554 4651 Ct)“.

1961 4670 2198 4727 Gronov.
2211 4711 2225 4735 ,
2255 4672 2581 4740 reformaret.

2037 4741 2088 4796 7.
2125 4738 2432 4794 Hareditati
2462 4740 2709 4795 Orientis.
2742 4741 3162 4797 Pulclterritnam
3191 4743 3329 4793 hanc
3367 4738 3558 4793 lectio-

267 4811 548 4885 prazcessit
578 4811 866 4877 referatur,
897 4828 1056 4882 quam
1089 4815 1210 4884 quia
1236 4855 1249 4876 ,
1293 4803 1455 4884 prout
1498 4803 1551 4868 in
1597 4803 1740 4870 edd:
1773 4813 1855 4870 le-
1881 4803 1938 4866 D
1964 4828 2083 4869 nem
2131 4813 2390 4885 debemus
2435 4813 2592 4868 codd.
2641 4827 2774 4885 mss.
2828 4811 2996 4883 Lugd.
3026 4812 3192 4885 __Batt.
3249 4827 3357 4880 pr.,
3404 4819 3556 4885 tert.,

305 4891 428 4934 tlltr.

268 4897 429 5030 sui-lg:
463 4952 701 5007 Necdum
730 4955 942 5010 idonea.
977 4955 1031 5011 Id
1067 4956 1262 5026 jubent
1308 4970 1430 5030 cum
1479 4954 1569 5010 ed.
1626 4956 1857 5030 August.

270 5025 428 5078 codd.
459 5041 586 5081 mss.
624 5035 685 5079 ιιι
715 5025 1109 5093 amplectamur
1138 5042 1234 5094 pro
1265 5028 1516 5080 nondum.

343 5098 432 5150 19.
458 5096 631 5151 Cessat
658 5099 890 5150 intentio.
917 5098 1144 5163 Quidam
1166 5113 1233 5152 ex
1259 5112 1390 5152 mss.
1409 5141 1424 5164 ,
1445 5107 1602 5152 cesset
1624 5098 1856 5152 intentio.

340 5166 433 5220 20.
468 5167 533 5221 Ut
563 5169 709 5234 quid.
739 5168 876 5222 Puto
899 5169 1187 5238 legendum
1220 5184 1363 5233 esse,
1413 5170 1493 5224 Ad
1537 5170 1665 5240 quid
1689 5211 1702 5236 ,
1750 5181 1857 5224 etc.

274 5237 396 5310 Mox
422 5240 543 5310 co_tl.
581 5240 855 5304 Perizon.,
881 5237 974 5293 nec
1003 5242 1187 5310 ipsam.

341 5309 431 5363 21.
469 5308 682 5381 Prtesto.
724 5311 893 5376 Lugd.
923 5308 1060 5367 Batt.
1102 5322 1247 5376 tres,
1274 5311 1528 5367 videlicet
1568 5329 1676 5381 pr.,
1710 5319 1861 5375 tert.,

269 5391 450 5449 quart.
484 5395 605 5436 cum
622 5380 762 5454 Coll.
789 5381 1052 5449 Gronov.,
1085 5385 1445 5454 pra’stantins;
1467 5393 1518 5438 et
1548 5380 1865 5452 tuomtuum

272 5461 400 5522 puto
426 5469 524 5522 pro
544 5453 665 5522 quia
692 5454 851 5519 apud.

340 5524 432 5595 22.
473 5526 869 5595 Astipularrtur.
905 5524 1072 5594 Lugd.
1111 5526 1226 5580 But.
1263 5543 1368 5589 pr.,
1401 5526 1800 5595 astipulttbatur.

340 5594 562 5668 Cari“.
587 5594 666 5634 ⁷-
694 5595 748 5668 1.
779 5594 1048 5663 Principio
1081 5598 1314 5650 secundi.
1363 5594 1511 5668 Lege
1551 5608 1714 5666 caput
1757 5597 1868 5667 pri-

274 5680 446 5730 mum,
480 5667 572 5721 lib.
605 5683 660 5721 ιι.
694 5665 856 5721 FABR.

346 5740 401 5792 i.
434 5737 732 5808 Computa.
769 5737 929 5794 Forte
957 5736 1242 5808 legendum
1273 5747 1592 5810 comparata.

1965 4894 2180 4956 quarto,
2211 4884 2455 4956 Perizon.
2485 4893 2540 4939 el.
2570 4885 2707 4941 Coll.
2739 4882 2977 4956 Gronov.
3025 4882 3388 4938 Monsu'aruut
3426 4882 3562 4951 quo;

1967 4972 2070 5027 que
2100 4957 2174 5010 ita
2205 4955 2404 5012 debere
2428 4956 2551 5025 legi,
2583 4956 2721 5010 inter
2750 4955 2874 5009 edd.
2913 4956 3102 5027 prima,
3136 4965 3188 5027 et
3225 4957 3556 5027 Augustana;

1966 5019 2062 5082 sed
2113 5027 2338 5093 reliqua:
2389 5019 2575 5080 omnes
2625 5019 2927 5081 maluerunt
2971 5025 3271 5078 hwreditate
3303 5019 3556 5086 Orientis,

1967 5114 2070 5168 qua
2109 5107 2163 5150 et
2205 5098 2383 5152 omnis
2429 5099 2637 5153 tollitur
2680 5099 2942 5165 elegantia
2985 5107 3040 5152 et
3085 5111 3211 5150 vero
3252 5098 3560 5168 contrarius

1967 5167 2202 5224 efﬁcitur
2227 5185 2435 5224 sensus.
2467 5170 2577 5222 Non
2601 5170 2743 5224 enim
2769 5168 3082 5223 haereditate
3105 5168 3341 5221 Orientis
3365 5167 3560 5220 Roma.-

1969 5257 2094 5294 num
2129 5242 2466 5294 nutriebatur
2497 5241 2801 5310 imperium,
2836 5238 2932 5293 sed
2963 5238 3390 5310 Macedonicum.
3415 5235 3558 5310 quod

1971 5313 2137 5381 viguit
2165 5321 2290 5365 ante
2319 5307 2616 5366 llornannrn
2651 5313 2703 5364 in
2743 5310 2872 5364 Asia
2898 5321 3008 5364 tum
3032 5324 3152 5364 cum
3176 5311 3244 5363 ab
3265 5307 3558 5381 Occidente

1971 5374 2324 5452 consurgeret
2360 5381 2590 5450 primum
2633 5381 2932 5436 Romanum
2977 5381 3282 5452 imperium.
3322 5380 3386 5433 Δι
3432 5374 3564 5452 illud

1974 5448 2255 5528 imperium
2282 5448 2958 5528 [intuenturientisurgens,
2985 5448 3333 5528 ita’paulatim
3361 5448 3569 5528 nutrie-

1975 5517 2136 5579 baiur
2167 5523 2464 5580 hmreditati
2496 5524 2753 5588 Orientis,
2784 5517 2844 5578 ιῖι
2873 5517 3094 5592 quidem
3122 5520 3350 5590 primum
3380 5517 3566 5588 proxi-

1978 5611 2061 5651 ma
2094 5611 2319 5665 quicque
2350 5596 2672 5666 deglutiens,
2705 5595 2900 5659 deinde
2927 5593 3164 5650 Orientis
3193 5605 3410 5662 quoque
3440 5603 3564 5660 pos-

1977 5668 2220 5723 sessione
2249 5669 2558 5731 satiaretur,
2935 5689 2938 5691 ·

1981 5752 1991 5762 '
2053 5740 2106 5792 8.
2141 5737 2525 5794 Enutriebatur.
2558 5737 2682 5794 Mss.
2719 5737 2932 5809 quidam
2961 5742 3013 5788 ct
3041 5733 3189 5801 edd.,
3224 5732 3567 5802 nutriebatur.
