4076 6174
533 257 673 317 1063

1923 255 2127 316 PAULI
2165 252 2388 315 OROSIl

3604 264 3615 269 '
3697 244 3812 304 1οα

528 370 707 429 dentis
728 383 951 442 regnum
976 367 1327 441 Babylonium
1343 377 1398 425 et
1420 369 1718 425 Romanum
1736 369 1859 442 jure
1882 370 2129 439 vocitari,
2160 373 2205 434 Α
2238 369 2342 425 lius
2380 381 2512 438 ergo
2549 365 2672 421 Nini
2714 377 2889 432 anno,
2946 370 3232 434 postquam
3270 373 3501 432 regnare
3552 368 3815 428 coeperat,

530 465 802 522 nemiuem
832 479 1084 535 umquam
1110 462 1388 520 dubitasse
1425 463 1561 521 scio.
1605 465 2004 522 Macedonicum
2047 482 2132 523 re-

529 573 692 629 gnum
707 558 807 613 sub
822 557 1209 627 Septentrione
1225 559 1245 591 °
1263 571 1385 613 csse
1405 574 1527 613 cum
1550 557 1665 629 ipsa
1684 559 1805 616 coeli
1822 559 1998 631 plaga,
2018 569 2128 615 tum

530 648 825 705 Alexandri
851 647 1025 719 Magni
1052 663 1184 717 arae,
1215 650 1406 719 positae
1434 664 1603 721 usque
1629 649 1697 706 ad
1723 666 1868 708 nunc
1895 651 1997 706 sub
2031 651 2129 706 Ri-

527 739 699 812 phacis
716 741 1011 809 montibus,
1034 739 1251 797 docent.
1274 740 1656 813 Carthaginem
1694 757 1824 798 vero
1857 743 2129 799 universa:

529 833 903 907 prmcelluisse
924 831 1141 899 Africae,
1167 841 1223 888 et
1247 849 1355 888 non
1378 833 1553 889 solum
1578 832 1633 889 in
1659 833 1920 898 Siciliam,
1945 832 2127 890 Sardi-

526 928 695 992 niam,
714 933 1045 995 exterasque
1060 924 1373 994 adjacentes
1390 923 1617 992 insulas,
1636 924 1731 981 sed
1751 925 1915 981 etiam
1938 926 1991 980 in
2015 924 2130 981 llis~

527 1017 742 1089 paniam
772 1012 926 1088 regni
959 1016 1219 1072 terminos
1250 1016 1566 1086 tetendisse,
1599 1016 1945 1073 historiarum
1968 1016 2130 1072 simul

528 1116 875 1166 monumenta
906 1107 1232 1179 urbiumque
1259 1109 1560 1165 declarant.
1590 1107 1803 1165 Dictum
1834 1119 1921 1165 est
1941 1109 2126 1175 etiam,

524 1210 750 1257 vastata!
778 1216 877 1272 per
898 1200 1085 1257 Medos
1112 1200 1445 1272 Babyloniae,
1475 1210 1529 1258 et
1551 1202 1773 1272 irruptm
1798 1217 1896 1274 per
1923 1200 2131 1258 Gothos

528 1293 735 1360 Romae,
772 1306 928 1363 pares
954 1292 1244 1349 admodum
1264 1306 1527 1350 annorum
1550 1308 1809 1350 numeros
1836 1294 1879 1326 ²⁰
1899 1308 2128 1350 concur-

528 1388 685 1444 risse.
711 1385 865 1443 Nunc
885 1395 1067 1443 autem
1090 1386 1178 1442 itis
1200 1387 1333 1443 illud
1355 1388 1575 1460 adjicio,
1599 1403 1708 1461 quo
1731 1389 1903 1461 magis
1925 1388 2133 1445 clareat

530 1496 695 1536 unum
718 1494 840 1535 esse
861 1479 1124 1536 arbitrum
1147 1480 1493 1545 saeculorum,
1520 1495 1833 1553 regnorum,
1863 1482 2131 1537 locorum-

528 1587 636 1645 que
654 1572 896 1629 omnium
925 1574 1116 1630 Deum.
1144 1573 1387 1646 Regnum
1413 1572 1861 1645 Carthaginiense
1887 1589 1917 1629 a
1939 1573 2129 1630 condi-

529 1666 678 1722 tione
701 1680 873 1738 usque
899 1666 967 1720 ad
993 1666 1330 1722 eversionem
1353 1665 1493 1736 ejus,
1525 1666 1686 1735 paulo
1710 1666 1942 1736 amplius
1967 1681 2128 1737 quam

2235 461 2280 495 ’⁸
2291 458 2709 531 quadragesimo
2726 455 2886 513 tertio
2899 465 3061 511 natus
3077 463 3161 510 est
3179 463 3398 510 sanctus
3417 451 3510 508 ille
3527 451 3817 519 Abraham,

2233 554 2275 587 ¹⁹
2300 553 2390 609 cui
2414 552 2575 609 dicta:
2603 563 2730 609 sunt
2755 552 2801 585 ³ο
2832 549 3316 620 repromissiones,
3348 561 3415 603 ex
3438 545 3595 617 cujus
3620 543 3824 601 Semina

2230 652 2537 718 promissus
2575 655 2661 702 est
2686 643 2981 701 Christus:
3026 640 3227 698 deinde
3272 653 3417 696 nunc
3464 637 3628 709 primi
3672 637 3824 693 istius

2230 737 2625 809 imperatorum
2662 735 2904 793 omnium
2938 733 3170 806 Augusti
3199 731 3436 789 Caesaris
3477 729 3756 803 (quamvis
3776 736 3827 784 rt

2232 846 2386 907 pater
2413 835 2534 907 ejus
2559 834 2746 889 (IacSar
2768 832 2812 863 ²¹
2841 837 3076 887 metator
3095 826 3314 899 imperii
3337 826 3523 897 potius
3546 839 3715 898 quam
3737 824 3827 879 im-

2231 938 2455 998 perator
2484 925 2654 998 5.56
2681 920 3004 992 exstiterit),
3027 920 3267 982 istius,“
3289 919 3533 990 inquam,
3560 914 3822 981 Caesaris,

2232 1032 2585 1093 posteaquam
2611 1020 2882 1089 imperare
2905 1015 3098 1084 coepit,
3119 1013 3168 1046 ³³
3189 1027 3415 1069 emenso
3436 1007 3827 1082 propemodum

2230 1130 2376 1171 anno
2405 1110 2826 1186 quadragesimo
2846 1107 3112 1174 secundo,
3137 1116 3297 1164 natus
3325 1115 3411 1162 est
3435 1105 3717 1168 Christus.
3743 1104 3828 1172 qui

2230 1206 2473 1264 Abraha:
2518 1206 2623 1261 sub
2658 1203 2796 1260 Nino
2845 1201 3024 1272 primo
3062 1215 3195 1272 rege
3233 1198 3407 1254 fuerat
3445 1197 3825 1269 repromissus.

2231 1297 2400 1354 Natus
2419 1305 2505 1353 est
2523 1305 2705 1351 autem
2729 1309 2805 1349 vu
2826 1292 3048 1349 kalend.
3071 1289 3336 1355 Januarii,
3355 1287 3579 1360 quando
3598 1286 3827 1358 primum

2232 1391 2575 1448 incrementa
2617 1387 2802 1444 omnia
2846 1386 2975 1442 anni
3016 1383 3289 1442 venientis
3316 1382 3613 1454 incipiunt.
3647 1381 3722 1436 Ita
3752 1381 3827 1436 fa-

2232 1494 2376 1540 ctum
2404 1490 2510 1550 est,
2545 1490 2751 1537 ut'cum
2781 1478 3063 1535 Abraham
3092 1478 3513 1550 quadragesimo
3542 1476 3713 1533 tertio
3741 1490 3830 1531 an-

2234 1590 2306 1633 no
2331 1584 2490 1631 natus
2521 1574 2628 1639 sit,
2664 1572 2769 1629 sub
2802 1572 2911 1628 line
2938 1570 3346 1643 quadragesimi
3373 1568 3609 1626 secundi
3642 1568 3828 1624 nativi-

2235 1677 2319 1725 tas
2353 1666 2557 1724 Christi
2599 1665 2649 1699 "
2690 1664 3046 1729 conveniret,
3079 1672 3138 1719 ut
3162 1662 3274 1735 jam
3302 1677 3413 1719 non
3444 1663 3565 1735 ipse
3590 1662 3651 1717 in
3683 1670 3825 1734 parte

531 1760 888 1831 septingentis
908 1759 1073 1833 455
1094 1759 1252 1814 annis
1272 1758 1419 1814 Slclll
1450 1758 1930 1831 :;“:cquercgnum
1956 1757 2131 1813 Mace-
2165 1751 2209 1811 Β
2240 1763 2382 1819 tertii
2412 1762 2564 1830 anni,
2595 1760 2690 1817 sed
2723 1760 2774 1815 in
2806 1758 2926 1831 ipso
2955 1758 3141 1830 potius
3166 1758 3363 1814 tertius
3390 1771 3572 1812 annus
3592 1757 3646 1788 ’⁸
3668 1756 3828 1812 orire-

532 1853 787 1911 donicum
832 1869 861 1908 a
908 1851 1123 1908 Carano
1155 1866 1328 1921 usque
1372 1850 1440 1905 ad
1486 1849 1686 1906 Persen
1741 1851 1900 1919 paulo
1949 1850 2132 1906 minus

532 1964 694 2020 quam
718 1964 816 2005 occ
843 1965 855 2003 :
886 1958 1178 2018 utrumque
1206 1956 1387 2002 tamen
1403 1948 1745 2016 septenarius
1765 1945 1916 2001 “ille
1942 1960 2133 2002 nume-

530 2058 648 2112 rus,
673 2058 782 2115 quo
812 2041 856 2075 “
871 2041 1188 2113 judicautur
1210 2040 1394 2096 omnia
1415 2079 1433 2107 ,
1457 2039 1790 2096 terminavit.
1815 2038 1988 2094 Roma
2013 2038 2131 2110 ipsa

533 2134 699 2190 etiam
722 2175 736 2201 ,
767 2133 1016 2203 quamvis
1049 2131 1092 2164 ’⁵
1131 2132 1197 2187 ad
1227 2132 1519 2187 adventum
1557 2130 1772 2186 Domini
1800 2132 1974 2187 nostri
2004 2131 2131 2187 Jcsu

531 2225 737 2283 Christi
767 2225 1013 2297 perfecto
1041 2224 1440 2296 proveherctur
1468 2223 1721 2294 imperio,
1748 2233 1927 2279 tamen
1953 2223 2137 2294 paulu.

530 2317 676 2387 lum,
717 2326 774 2374 et
807 2318 925 2389 ipsa
969 2317 1013 2349 ¹³
1056 2318 1109 2374 in
1145 2331 1378 2373 occursu
1423 2315 1637 2371 numeri
1686 2315 1846 2387 hujus
1883 2313 2130 2371 oli'endit.

531 2411 669 2470 Nam
715 2409 1209 2484 septingentesimo
1256 2409 1586 2465 conditionis
1636 2423 1753 2464 sum
1802 2422 1967 2473 anno,
2002 2422 2136 2479 qua-

534 2502 842 2561 tuordecim
874 2504 920 2536 “
944 2504 1094 2559 vicos
1118 2502 1237 2572 ejus
1256 2544 1271 2568 ,
1300 2502 1571 2557 incertum
1602 2500 1749 2557 unde
1775 2514 2131 2571 consurgens,

533 2597 755 2654 ﬂamma
776 2597 1142 2667 consumpsit,
1175 2610 1280 2651 nec
1304 2609 1583 2666 umquam,
1614 2602 1671 2649 ut
1693 2593 1769 2647 ait
1790 2592 1998 2662 Livius,
2022 2605 2136 2646 nta-

530 2689 653 2762 jore
683 2688 937 2746 incendio
967 2697 1176 2744 vastata
1209 2698 1322 2757 est;
1353 2688 1513 2755 adeo,
1549 2696 1605 2742 ut
1638 2694 1765 2758 post
1791 2685 2000 2757 aliquot
2030 2699 2133 2740 an-

533 2798 636 2841 nos
675 2783 861 2839 Caesar
900 2783 1182 2854 Augustus
1217 2780 1283 2836 ad
1315 2780 1720 2851 reparationem
1746 2793 1936 2835 eorum
1964 2819 1979 2846 ,
2013 2792 2134 2850 qua:

534 2884 664 2933 tunc
692 2884 889 2931 exusta
916 2882 1114 2941 erant,
1142 2888 1392 2945 magnam
1419 2873 1529 2929 vim
1555 2871 1808 2944 pecunia:
1836 2887 1906 2928 ex
1937 2870 2134 2927 mrario

532 2967 754 3040 publico
772 2967 1000 3039 largitus
1023 2966 1114 3022 sit.
1136 2965 1391 3023 Poteram
1416 2980 1631 3038 quoque
1654 2964 2136 3033 ostendere,eum-

531 3060 656 3119 dem
680 3061 1012 3134 duplicatum
1042 3076 1330 3118 numerum
1357 3063 1627 3117 mansisse
1650 3060 1986 3133 Babyloniae,
2011 3072 2135 3131 quae

2239 1868 2345 1914 tur.
2392 1857 2495 1924 Qui
2536 1872 2744 1925 annus,
2786 1854 3035 1926 quantis,
3072 1840 3122 1886 ⁵⁵
3146 1867 3311 1924 quam
3340 1852 3530 1919 novis,
3562 1866 3826 1923 quamque

2232 1949 2508 2007 inusitatis
2536 1949 2701 2006 bonis
2725 1948 3099 2013 abundaverit,
3123 1946 3260 2003 satis
3281 1946 3447 2004 etiam
3468 1962 3558 2002 me
3578 1961 3694 2003 non
3716 1962 3825 2018 pro.

2235 2047 2448 2101 ferente
2487 2052 2829 2114 compertum
2870 2040 3064 2097 haberi
3108 2040 3378 2107 arbitror;
3410 2048 3526 2096 toto
3565 2049 3823 2096 terrarum

2235 2137 2372 2193 orbe
2396 2151 2503 2192 una
2531 2149 2641 2206 pax
2668 2135 2714 2167 ³⁷
2743 2133 3010 2200 omnium,
3043 2148 3151 2188 non
3181 2133 3512 2199 cessatione,
3536 2130 3640 2187 sed
3662 2131 3824 2187 aboli-

2237 2229 2387 2286 tione
2413 2227 2689 2284 bellorum
2708 2271 2722 2296 ,
2753 2226 2956 2282 clausae
2979 2225 3101 2282 Jani
3122 2225 3357 2296 gemina:
3383 2234 3591 2295 portat,
3626 2223 3824 2279 exstir-

2238 2323 2385 2393 patis
2416 2322 2680 2378 bellorum
2710 2320 2990 2376 radicibus
3013 2361 3028 2387 ,
3062 2335 3170 2375 non
3193 2320 3496 2390 repressis,
3520 2333 3725 2375 census
3748 2318 3830 2375 ille

2234 2415 2446 2485 primus
2475 2412 2823 2487 etmaximus
2853 2412 2899 2443 ’δ
2923 2409 3043 2478 fuit,
3076 2425 3201 2467 cum
3234 2411 3289 2466 in
3323 2409 3427 2467 hoc
3451 2425 3618 2466 unum
3647 2408 3829 2465 Czrsa-

2240 2507 2316 2561 ris
2345 2520 2548 2561 nomen
2579 2506 2625 2538 ²⁹
2656 2504 2912 2560 universa
2943 2517 3262 2574 magnarum
3301 2502 3544 2574 gentium
3581 2510 3833 2558 creatura

2231 2594 2443 2668 juravit
2463 2636 2477 2663 ,
2508 2595 2778 2667 simulque
2810 2611 2908 2666 per
2934 2596 3376 2652 communionem
3407 2609 3645 2666 census,
3675 2593 3835 2651 unius

2235 2688 2515 2745 societatis
2542 2686 2735 2745 ell‘ecta
2762 2695 2874 2743 est.

2740 2777 2903 2852 457
2953 2778 3183 2837 carur
3234 2778 3322 2834 Ill.

2238 2872 2470 2928 Christus
2489 2871 2700 2945 quando
2726 2873 2796 2926 ad
2810 2871 3346 2945 _Itominum_salutem
3374 2879 3544 2938 natas,
3571 2871 3833 2943 quomodo

2307 2947 2487 2999 statim
2502 2942 2751 3012 uexatus,
2783 2942 2848 2998 de
2875 2943 3071 3015 ingenti
3092 2942 3270 2998 Roma:
3297 2944 3457 3014 fame,
3485 2953 3536 2998 et
3546 2945 3672 3017 jugi
3686 2960 3830 3016 pace.

2310 3058 2473 3130 Igitur
2505 3059 2523 3091 ³
2555 3072 2701 3114 anno
2740 3056 2810 3112 ab
2855 3055 3004 3113 Urbe
3032 3056 3251 3113 condita
3295 3072 3501 3125 occur,
3544 3066 3708 3113 natus
3752 3066 3836 3115 est

527 3165 655 3228 post
685 3155 835 3212 mille
863 3154 1290 3227 quadringentos
1310 3163 1365 3211 et
1385 3153 1532 3226 quod
1556 3152 1805 3210 excurrit
1826 3139 2023 3219 annos,
2052 3151 2133 3206 ιιι·
2159 3138 2206 3202 C
2236 3152 2489 3208 Christus
2515 3152 2814 3208 salutarem
2842 3150 3046 3206 ntundo
3072 3150 3307 3207 atterens
3325 3150 3512 3216 ﬁdem,
3538 3162 3560 3192 ι
3581 3167 3714 3209 vere
3742 3166 3836 3223 pe-

531 3250 664 3307 time
684 3265 712 3305 a
736 3248 881 3322 Cyro
909 3264 1040 3321 rege
1069 3259 1227 3321 capta
1249 3259 1357 3316 es1,
1382 3249 1484 3304 nisi
1507 3248 1861 3319 praesentium
1883 3255 2131 3304 contem-
2239 3254 2321 3300 tra
2345 3244 2525 3301 medio
2549 3259 2729 3300 rerum
2756 3244 2932 3313 posita
2962 3258 2979 3305 :
3011 3243 3102 3299 ubi
3131 3244 3598 3301 comminueretur
3619 3244 3715 3316 qui
3755 3244 3835 3300 of-

530 3345 776 3416 platione
807 3359 1118 3400 revocarer.
1154 3342 1290 3400 lllud
1314 3356 1448 3399 sane
1477 3342 1717 3398 libenter
1745 3340 1976 3411 adjicio,
2006 3340 2132 3411 quia
2235 3337 2508 3404 fenderet,
2538 3336 2629 3408 qui
2652 3335 2903 3396 crederet
2923 3336 3229 3393 salvaretur
3259 3351 3427 3393 :vere
3449 3336 3591 3408 ignis
3611 3336 3833 3403 ardens,

529 3436 693 3508 primi
729 3435 877 3492 illius
902 3451 1093 3507 regum
1124 3435 1367 3491 omnium
1410 3433 1535 3489 Nini
1583 3433 1855 3505 (quamvis
1894 3441 1950 3488 et
1979 3440 2137 3503 pater
2235 3445 2398 3502 quem
2439 3430 2533 3501 qui
2561 3430 2830 3501 sequitur,
2873 3427 3245 3496 illuminatur;
3277 3428 3370 3501 qui
3402 3436 3601 3499 tentat,
3650 3427 3835 3485 exuri-

528 3528 652 3601 ejus
681 3529 845 3587 Belus
872 3528 1110 3587 obscure
1135 3529 1179 3563 "
1204 3529 1413 3602 primus
1439 3540 1700 3600 regnasse
1724 3524 2039 3599 referatur),
2068 3524 2135 3580 il-
2184 3518 2188 3523 ’
2241 3533 2328 3579 ιιιι·
2358 3541 2372 3578 :
2404 3523 2521 3594 ipse
2545 3530 2631 3580 est
2655 3522 2933 3592 Christus,
2962 3520 3403 3579 Christianorum
3427 3529 3617 3595 caput,
3657 3521 3834 3578 salva-

1831 3660 2284 3720 llAVERCAMPl
2321 3658 2552 3718 ΝΟΤᾸΕ.

601 3786 655 3843 9.
684 3785 834 3857 Esse.
863 3785 1033 3843 Abest
1056 3800 1091 3857 7a
1120 3783 1392 3857 plerisque
1420 3796 1553 3857 mss.
1583 3781 1703 3838 Mox
1734 3791 1842 3838 tum
1872 3796 1973 3857 pro
2013 3797 2132 3836 cum
2236 3776 2373 3857 Belo
2399 3785 2714 3857 comparet,
2743 3776 3049 3857 Augustum
3074 3775 3383 3857 comi-Vino.
3418 3775 3650 3857 Metalor
3679 3794 3835 3857 voca-

529 3859 657 3916 cod.
692 3856 938 3914 Perizon.
970 3847 1354 3914 Deiu'doceant
1385 3869 1482 3924 pro
1511 3853 1693 3908 docent
1741 3847 1888 3910 mss:
1914 3853 2024 3909 duo
2062 3869 2129 3910 ex
2235 3849 2423 3924 bulum
2449 3856 2735 3924 castre_nse
2759 3857 2878 3915 est;
2909 3847 3160 3924 sic_eui_m
3192 3848 3496 3924 dicebatur,
3527 3851 3625 3920 qui
3646 3865 3677 3905 a
3692 3850 3833 3924 duce

526 3928 701 4000 Lugd.
732 3928 875 4000 Batt.
902 3943 1026 3985 cum
1052 3928 1193 4000 C_ol|.
1227 3927 1466 4000 Gronov.

602 3995 696 4057 10.
719 3997 1164 4055 ConcurrisseJta
1184 4008 1296 4053 tres
1308 3996 1479 4067 Lugd.
1503 3996 1673 4067 Batt.,
1698 3995 2125 4062 Perizon.,Coll.

528 4069 861 4148 Gronovz‘et
888 4084 957 4125 ex
984 4068 1104 4125 edd.
1141 4066 1474 4148 Augustatia.
1513 4066 1728 4148 Vulgg”
1756 4069 2069 4148 cucurrisse.
2112 4080 2119 4087 '

605 4141 695 4197 11.
724 4138 897 4212 Λὲιιιιε
920 4156 1138 4212 regnum
1161 4136 1576 4193 Macedonicum.
1601 4136 1849 4209 Regnum
1873 4139 2125 4196 Macedo-

528 4211 637 4294 nia:
665 4211 881 4294 triginta
909 4215 1150 4294 quinque
1174 4209 1562 4294 habuitreges,
1586 4224 1655 4294 ex
1679 4209 1981 4294 Heraclidis
2002 4212 2122 4268 sive

529 4280 871 4367 "Pemcnidis,
897 4280 965 4339 ex
988 4280 1304 4367 Cassandri,
1332 4288 1387 4337 et
1415 4295 1482 4335 ex
1510 4281 1768 4365 Antigoni
1794 4280 1990 4367 domo;
2015 4297 2122 4338 non

533 4354 753 4427 longius
782 4367 963 4411 autem
997 4353 1215 4427 duravit
1243 4366 1404 4427 quam
1435 4353 1593 4427 annis
1621 4353 1933 4427 quingentis
1963 4368 2122 4427 sexa-

532 4423 684 4497 gint'a
712 4432 771 4482 et
797 4439 929 4493 sex,
954 4435 1115 4497 prout
1139 4423 1430 4497 docuimus
1469 4424 1524 4478 in
1555 4423 1664 4480 line
1692 4423 1832 4479 llist.
1865 4424 2121 4482 Macedo-

526 4493 673 4569 nica:
701 4512 758 4569 p,
782 4497 892 4569 279
918 4493 1033 4569 tom
1063 4494 1107 4552 11
1137 4495 1276 4554 Hist.
1307 4493 1466 4569 liniv.

597 4567 688 4623 12.
703 4565 857 4639 ίιιιε.
898 4568 1075 4627 Abest
1100 4581 1289 4625 amss.
1328 4565 1512 4639 Lugd.
1553 4565 1697 4622 Batt.
1722 4580 1861 4635 sec.,
1893 4575 2019 4625 tert.
2061 4577 2119 4625 et

525 4639 666 4698 Coll.
697 4638 944 4698 Gronov.

600 4711 691 4783 15.
725 4710 1065 4768 Judicantur.
1096 4708 1199 4783 Ed.
1229 4709 1557 4783 Augustam,
1584 4709 1970 4783 dijudicantur.

602 4781 694 4838 ﬂ.
724 4783 807 4839 Ad
831 4784 1131 4838 adventum.
1163 4780 1301 4837 Cod.
1322 4780 1581 4837 Perizon.
1605 4780 1703 4850 ,in
1731 4782 2033 4837 adventum.
2056 4780 2117 4837 In

524 4852 686 4926 Flor.
716 4868 829 4926 sec.
860 4854 1177 4926 corrigitur,
1207 4853 1449 4926 quamvis
1468 4850 1717 4906 adventu.

600 4924 692 4981 15.
724 4924 791 4982 ιη
822 4921 1070 4982 occursu.
1102 4921 1238 4981 Mss.
1265 4932 1321 4980 et
1348 4921 1475 4980 edd.
1500 4932 1634 4979 vett.
1667 4922 1936 4996 qumdam,
1960 4924 2015 4980 in
2036 4940 2125 4980 oc—

525 5009 886 5147 ??éimlfiws
916 5070 1052 5147 ejus.
1084 5065 1389 5147 Abestyox
1425 5065 1659 5147 secunda
1701 5080 1733 5120 a
1768 5080 1901 5122 mss.
1943 5064 2118 5147 Lugd.

532 5137 675 5194 Batt.
706 5137 900 5194 tribus.
930 5137 1172 5196 Incendii
1197 5137 1358 5210 hujus
1387 5137 1719 5195 mentionem
1747 5151 1963 5211 quoque
1989 5138 2120 5195 fecit

532 5223 692 5264 supra
723 5208 820 5264 lib.
842 5224 921 5264 vt.
949 5225 1073 5264 can.
1108 5208 1196 5264 14.

522 5223 692 5279 supra
723 5223 820 5264 un.
842 5224 921 5279 vt,
949 5225 1073 5274 cap.
1108 5223 1196 5264 14.

601 5281 689 5353 17.
718 5278 951 5353 Primus.
980 5282 1113 5353 Mss.
1144 5288 1204 5337 et
1225 5279 1636 5353 eddaquidam,
1669 5281 1917 5353 primum.

600 5351 690 5409 18.
721 5351 1136 5426 Quadragesimo
1160 5353 1333 5407 tertio.
1362 5352 1494 5408 Mss.
1518 5351 1690 5425 Lugd.
1719 5355 1863 5408 Batt.
1886 5359 2120 5425 quatuor

527 5437 652 5482 cum
682 5424 823 5482 Coll.
851 5422 1093 5480 Gronov.
1123 5437 1287 5478 unum
1314 5438 1518 5479 annum
1545 5424 1794 5481 demunt.

598 5462 823 5553 ἴξιῗόΖὲ
844 5462 1880 5565 ὣὶῖιὲ”εὶιήἴ.”ῖέὲῑ.“ᾊίἒξὰζιξ’ῖῖἱῑέἬέιεω
1904 5502 2048 5549 sunt.

597 5566 691 5623 20.
723 5566 1192 5640 Repromissiones.
1212 5562 1480 5640 Periaoit.
1513 5562 1600 5622 hic
1626 5564 1794 5640 habet
1821 5566 2124 5640 pgomissio-

528 5652 654 5702 nes;
678 5632 827 5720 mox,
858 5654 983 5696 cum
1011 5637 1186 5694 tribus
1211 5632 1385 5707 Lugd.
1420 5636 1563 5693 Batt.
1593 5644 1649 5693 et
1678 5632 2117 5705 Coll.'Gronov.,

528 5720 892 5777 repromissae.

531 5840 539 5849 ,
588 5775 695 5836 ⁷21.
728 5776 956 5839 Metam
978 5780 1207 5855 imperii.
1239 5779 1319 5839 lla
1337 5775 1597 5852 loquitur,
1622 5788 1684 5837 ut
1702 5778 1974 5840 Caesarem
1999 5793 2124 5838 cum

2234 3921 2553 3993 prmmissus
2575 3962 2590 3987 ,
2623 3918 2808 3993 locum
2843 3919 3038 3993 castris
3067 3917 3322 3993 idoneum
3350 3917 3833 3992 circumspiciebat

2231 3989 2288 4049 et
2314 3991 2655 4062 designabat.
2684 3989 2890 4046 Lucan.
2919 4004 2968 4059 ι,
3002 3991 3100 4047 581
3140 4007 3153 4044 :

2353 4147 2524 4211 Castra
2545 4159 2698 4211 super
2719 4145 2867 4211 Tusci
2889 4147 2933 4197 si
2956 4158 3145 4209 ponere
3167 4145 3386 4198 Tibridis
3407 4147 3581 4211 undas,

2355 4209 2625 4274 Hesperias
2648 4210 2807 4260 audax
2831 4210 3023 4259 veniam
3046 4216 3259 4261 metator
3278 4211 3329 4261 in
3350 4222 3518 4272 agros.

2297 4360 2392 4417 22.
2428 4359 2675 4434 Inquam.
2705 4360 2836 4417 Mss.
2866 4360 3107 4486 aliquot.
3139 4379 3286 4437 ergo.

2298 4433 2389 4486 23.
2423 4431 2650 4486 Emenso
2694 4448 2939 4486 nronemo
2983 4450 3068 4486 unt
3108 4450 3250 4486 anno

2298 4433 2389 4505 εξ».
2416 4431 2650 4505 ΔΕηὶεηιιο
2694 4431 3068 4505 propemodum
3108 4431 3250 4505 anno
3285 4434 3377 4491 42.
3428 4435 3530 4492 llic
3570 4453 3832 4495 numerus

2226 4501 2433 4575 Christi
2461 4504 2572 4559 nati
2603 4501 2705 4560 est
2732 4501 2895 4575 etiam
2922 4505 3064 4575 apud
3108 4504 3443 4574 Eusebium;
3472 4519 3601 4564 sunt
3646 4518 3832 4567 tamen

2224 4573 2402 4648 qui}!
2435 4582 2490 4630 ct
2511 4575 2603 4648 alii
2624 4575 2716 4645 qui
2738 4573 2808 4631 44
2838 4573 3050 4646 imperii
3072 4575 3297 4648 Augusti
3318 4573 3603 4636 Christum
3643 4592 3833 4638 natum

2132 4664 2197 4724 .D
2228 4643 2496 4724 scribunt.
2529 4643 2695 4724 Fasti.

2295 4717 2388 4788 ξι.
2419 4714 2748 4788 Conveniret,
2778 4716 2912 4788 Mss.
2941 4715 3182 4788 aliquot,
3212 4721 3523 4777 convenerit.

2293 4786 2685 4863 25._0riretur.
2725 4786 2901 4859 Lugd.
2941 4786 3081 4844 Batt.
3133 4786 3248 4848 tres
3285 4800 3345 4850 et
3371 4793 3513 4850 Coll.
3539 4792 3829 4863 Gronov.,

2225 4859 2602 4916 ostenderetur.

2294 4929 2387 5003 ἓξ.
2423 4930 2593 5003 Quam
2621 4930 2787 5003 nobis.
2820 4928 3012 5003 Iidem,
3039 4941 3089 4986 et
3118 4949 3276 5003 quam
3306 4936 3471 4991 novis.

2297 5000 2391 5056 27.
2428 5000 2697 5059 Omnium.
2727 5000 3080 5076 Lugd.__Batt.
3103 5000 3191 5076 pr.
3218 5013 3275 5061 et
3293 5016 3469 5076 quart.
3492 5049 3508 5073 ,
3532 5021 3659 5063 cum
3678 5006 3830 5065 Coll.

2226 5072 2615 5144 Gronogmna
2637 5088 2743 5142 pax
2761 5072 3020 5144 omnibus,
3043 5084 3093 5130 et
3106 5072 3222 5131 non
3242 5072 3551 5144 cessatione,
3571 5078 3688 5144 sed,
3714 5089 3829 5136 etc.

2226 5141 2570 5271 Ρθῗβὲοςαὶι.
2599 5141 2781 5199 Deleri
2806 5142 2998 5201 volunt
3024 5160 3157 5203 mss.
3189 5147 3297 5204 duo
3320 5141 3592 5205 Florentt.
3616 5141 3829 5213 et—cod.

2339 5233 2348 5268 Ι
2465 5254 2478 5268 ο

2271 5229 2478 5271 81⁵1201).

2300 5285 2393 5341 29.
2436 5283 2689 5362 Unive‘rsa
2729 5301 3043 5362 magnarum
3079 5290 3334 5362 gentium.
3371 5290 3474 5346 Ed.
3509 5292 3651 5362 Aug.
3677 5291 3837 5350 delet

2228 5372 2557 5430 magnarum.
2581 5357 2651 5413 At
2669 5356 2796 5413 cod.
2823 5356 3073 5415 Perizon.
3087 5356 3316 5416 'verhum
3331 5362 3530 5430 iurauit
3550 5356 3832 5419 eliminat.

2225 5426 2482 5511 lugLugd.
2504 5428 2673 5511 Datt.,
2703 5437 2969 5511 pr.,.tert.
3000 5438 3194 5500 quarto
3223 5441 3279 5488 et
3303 5426 3443 5488 Coll.
3473 5431 3837 5511 Gronov._leo

2227 5499 2398 5571 gitur,
2430 5500 2667 5554 universa
2692 5499 2923 5572 gentium
2953 5499 3036 5553 ma
3074 5518 3259 5557 narum
3287 5513 3529 5559 creatura
3542 5505 3783 5575 juram‘t.

2298 5571 2429 5626 Car.
2462 5569 2552 5625 lll.
2567 5599 2639 5610 —
2655 5570 2703 5624 1.
2738 5569 2892 5625 Anno
2911 5570 2976 5625 ab
3002 5519 3139 5629 (λινε
3158 5574 3366 5628 condita
3384 5588 3580 5631 DCCL".
3601 5573 3783 5631 Cassit

2415 5609 2429 5624 .
2462 5590 2552 5625 ιιι.
2567 5599 2639 5610 ·-
2655 5590 2703 5624 ι.
2738 5590 2892 5625 muto
2911 5590 2976 5625 αυ
3002 5590 3139 5629 υνυε
3158 5590 3366 5628 οοηαιια
3384 5590 3580 5631 DCCL".
3601 5590 3837 5632 [6³8510-

2228 5641 2399 5698 dorus
2422 5640 2611 5697 scribit
2635 5638 2922 5712 Christum
2955 5654 3139 5698 natum
3160 5643 3259 5705 Cn.
3290 5644 3544 5712 Lentulo,
3573 5644 3647 5700 Μ.
3676 5646 3835 5704 Mes-

2230 5712 2366 5770 salla
2386 5726 2532 5783 coss.
2555 5711 2647 5783 qui
2671 5710 2873 5783 cadunt
2900 5713 2955 5769 in
2980 5728 3183 5771 annum
3207 5714 3372 5772 Urbis
3390 5710 3551 5773 occa.
3570 5713 3753 5774 Pun.

2301 5783 2363 5840 Ξ.
2412 5781 2542 5841 Vere
2571 5781 2739 5856 petra.
2768 5781 2872 5841 Ed.
2900 5786 3156 5860 August.,
3183 5800 3302 5843 uera
3324 5797 3491 5859 petra.
