4072 6156
270 219 412 277 1065

1299 222 1777 290 ιιιδτυιιιςιιιυιι
1817 236 2021 293 LIBER
2067 238 2173 293 vu.
2216 240 2368 295 CAP.
2414 242 2499 294 tv.

3430 254 3570 311 1(66

224 376 241 387 κ
266 343 357 390 tor
389 334 682 402 bonorum,
716 339 985 395 malorum
1010 339 1251 410 punitor,
1272 343 1443 413 judex
1468 348 1745 416 omnium;
1774 349 1866 420 qui
1894 352 1948 411 A
1974 349 2038 405 ad
2068 351 2453 409 vindicandum
2485 354 2701 409 Domini
2734 355 2908 411 nostri
2946 356 3077 414 Jesu
3107 359 3311 417 Christi
3350 367 3572 435 sattgni~

263 426 499 485 formam
530 430 551 460 ³
578 430 955 489 subsecuturis
983 434 1154 490 verbo
1182 444 1239 491 et
1259 452 1426 507 opere
1456 450 1724 511 statuens,
1754 456 1860 513 quo

263 521 437 593 magis
477 521 705 579 doceret
748 526 1018 595 patientes
1046 527 1098 582 in
1130 527 1148 557 ³
1185 531 1663 598 persccutionihus
1684 578 1698 603 ,
1729 549 1865 605 quas

264 628 366 685 pro
396 614 507 670 vita
554 628 761 675 aeterna
794 623 1135 691 exciperent,
1164 636 1288 677 esse
1318 635 1598 693 oportere,
1640 643 1763 681 mox
1810 637 1864 681 ιιι

262 706 493 777 virginis
509 716 665 777 partu
680 709 877 772 editus,
892 711 1095 767 mundo
1116 714 1388 783 apparuit,
1406 716 1425 746 δ
1439 716 1507 772 de
1521 719 1865 787 passinnilnis

265 799 381 854 suis
411 799 597 872 erepit.
629 800 878 870 Namque
906 819 1030 859 eum
1062 821 1158 861 rex
1199 807 1404 864 Judazte
1435 809 1678 866 llerodes
1706 811 1864 866 simul

262 901 323 948 ut
353 902 539 950 natum
583 898 878 967 comperit,
928 913 1126 954 necare
1171 900 1441 968 decrevit,
1494 904 1865 975 plurimosque

262 994 393 1043 tunc
413 988 694 1058 parvulos,
726 989 852 1046 dum
884 1008 1050 1047 unum
1078 994 1399 1060 insectatur,
1425 995 1646 1052 occidit.
1680 998 1701 1028 ⁸
1729 998 1866 1053 llinc

260 1080 516 1152 malignis
544 1083 793 1153 improbe
840 1085 1243 1143 incurrentibus
1291 1089 1453 1151 digna
1492 1092 1706 1160 punitio
1753 1101 1861 1148 est.

260 1170 406 1228 Hinc
435 1172 491 1228 in
513 1188 775 1244 quantum
809 1179 1104 1249 tranquille
1132 1182 1307 1250 agitur
1341 1183 1593 1247 mundus,
1628 1187 1863 1239 creden-

263 1263 396 1320 tium
421 1266 620 1337 gratia,
655 1269 706 1323 in
735 1280 997 1339 quantum
1036 1273 1342 1340 perniciose
1365 1275 1719 1346 inquielalur,
1746 1276 1866 1332 bla-

260 1357 669 1428 Spltemantium
696 1375 855 1431 pwiia
883 1371 966 1417 est
989 1381 1002 1416 :
1028 1364 1236 1420 securis
1261 1382 1359 1436 per
1387 1369 1567 1422 omnia
1597 1366 1865 1423 CliriSIia-

260 1451 347 1506 nis
366 1450 644 1518 ﬁdelibus,
666 1454 863 1523 quibus
885 1466 982 1510 aut
1007 1463 1229 1511 aeternze
1251 1458 1383 1512 vitae
1403 1459 1622 1529 requies
1650 1460 1699 1513 in
1726 1470 1863 1528 tuto,

262 1552 356 1598 aut
388 1544 555 1599 etiam
580 1544 749 1616 hujus
787 1546 839 1602 in
873 1546 1026 1603 lucro
1054 1557 1139 1604 est
1171 1565 1185 1600 :
1217 1550 1359 1621 quod
1393 1553 1702 1621 promptius
1741 1567 1863 1607 cum

260 1650 359 1705 per
388 1635 640 1693 ordinem
684 1637 943 1707 referam,
997 1641 1127 1711 ipsis
1160 1642 1326 1698 rebus
1358 1644 1675 1699 ostendam.
1710 1644 1867 1700 Post-

1969 457 2094 499 nem
2117 444 2327 514 judicio
2355 446 2450 500 Dei
2482 446 2660 503 fuerat
2684 448 2994 517 ordinatus,
3022 452 3196 508 victor
3223 455 3568 527 triumphans

1971 537 2014 568 ¹³
2048 552 2172 593 cum
2215 538 2551 610 Vespasiano
2579 554 2736 612 patre
2756 543 2951 599 Janum
2989 545 3202 603 clausit.
3250 548 3417 620 Igitur
3458 552 3561 606 etsi

1966 630 2068 685 sub
2089 633 2351 688 extremis
2381 632 2613 690 Cat-saris
2640 638 2981 706 temporibus
3008 649 3234 710 apertus
3262 652 3344 697 est
3373 644 3566 710 Janus,

1967 732 2147 779 tamen
2193 740 2290 794 per
2338 728 2505 797 multa
2538 743 2607 783 ex
2636 744 2703 784 eo
2744 738 3017 800 tempora,
3069 735 3320 801 quamvis
3350 734 3406 789 in
3438 751 3570 806 pro-

1969 816 2148 870 cinctu
2178 826 2327 872 esset
2355 819 2652 886 exercitus,
2686 820 2833 876 nulla
2863 821 3003 878 bella
3049 835 3377 880 sonuerunt.
3413 828 3571 884 Unde

1969 912 2133 966 etiam
2186 915 2448 970 Dominus
2499 916 2616 984 ipse
2660 916 2819 973 Jesus
2847 917 3100 975 Christus
3134 923 3184 975 in
3220 922 3560 993 Evangeliis,

1968 1017 2093 1058 cum
2126 1006 2468 1076 temporibus
2493 1008 2603 1063 illis
2630 1008 2673 1039 ιδ
2704 1008 2756 1064 ἰιι
2780 1025 2991 1066 summa
3018 1014 3417 1082 tranquillitate
3447 1018 3566 1071 uni-

1968 1112 2162 1153 versus
2187 1100 2421 1156 mundus
2443 1112 2649 1172 ageret,
2679 1114 3014 1177 cunctasque
3037 1119 3229 1177 gentes
3256 1124 3357 1178 pax
3390 1126 3494 1165 una
3523 1113 3566 1143 “3

1971 1188 2201 1256 velaret,
2235 1202 2289 1246 et
2314 1206 2342 1245 a
2374 1192 2656 1263 discipulis
2694 1196 2799 1248 suii-
2833 1197 3197 1268 iinerrngatns
3226 1212 3400 1266 esset,
3430 1202 3474 1233 ¹⁶
3497 1203 3568 1259 de

1969 1282 2649 1354 conclusionetemporum
2686 1289 3161 1358 subsequrntium,
3201 1292 3343 1348 inter
3368 1302 3564 1349 uetera

1973 1374 2109 1429 "sic
2127 1376 2235 1428 ait:
2266 1376 2511 1431 Audituri
2533 1388 2702 1432 autem
2718 1381 2836 1433 estis
2858 1382 3041 1451 prtelia
3056 1394 3105 1435 et
3137 1385 3404 1453 opiniones
3434 1405 3568 1453 prce-

1971 1469 2181 1535 librum,
2197 1468 2365 1543 459
2379 1472 2542 1527 videte
2558 1489 2625 1527 ne
2654 1476 2947 1529 lurbcmini.
2972 1477 3188 1547 Oportet
3223 1480 3359 1533 enim
3383 1482 3426 1511 ¹⁸
3457 1482 3565 1536 Ιιαέ

1971 1562 2103 1630 ﬁeri:
2116 1563 2206 1617 sed
2221 1566 2447 1618 nondum
2460 1575 2533 1619 est
2546 1565 2979 1641 fmis.Consurgct
2994 1572 3128 1623 enim
3146 1587 3268 1640 gens
3280 1574 3332 1625 in
3346 1584 3540 1645 gentem
3556 1619 3566 1635 ,

1969 1661 2019 1707 et
2050 1670 2267 1725 regnum
2290 1656 2343 1709 in
2371 1674 2613 1727 regnum,
2635 1667 2681 1711 et
2717 1669 2871 1712 erunt
2892 1662 3222 1731 pestilentiae,
3252 1674 3302 1716 et
3328 1667 3493 1736 fames
3517 1678 3560 1719 et

259 1742 423 1799 quam
451 1728 783 1801 Redemptor
818 1733 1031 1801 mundi.
1066 1735 1330 1790 υοιηίηυε
1367 1735 1533 1791 188ΰὲ
1571 1736 1861 1802 οιιΐῖειυδν
1895 1741 1945 1801 Β
1970 1752 2318 1814 terreemotus,
2362 1765 2452 1820 per
2487 1749 2623 1803 loca.
2668 1749 2798 1805 Haec
2828 1728 2995 1806 autem
3038 1756 3211 1808 omnia
3247 1756 3399 1810 initia
3442 1770 3563 1811 sunt

259 1824 415 1880 venit
458 1824 513 1880 in
555 1835 755 1893 terras,
805 1837 860 1885 et
907 1827 1141 1885 Caesaris
1193 1843 1362 1885 censu
1408 1832 1542 1886 civis
1581 1831 1861 1885 Romanus

258 1914 534 1987 ascriptus
572 1927 679 1984 est,
728 1918 859 1975 dum
900 1935 997 1991 per
1038 1920 1348 1989 duodecim,
1384 1932 1439 1977 ut
1483 1924 1618 1993 dixi,
1647 1938 1819 1978 annus
1844 1968 1862 1990 ,

260 2006 471 2064 clausae
511 2008 643 2066 belli
697 2020 869 2081 portae
915 2011 1233 2069 beatissima
1267 2014 1419 2083 pacis
1464 2015 1864 2087 tranquillitate

259 2098 590 2157 cohibentur
623 2117 637 2154 :
666 2101 881 2171 Caium,
916 2113 1171 2174 nepotem
1202 2120 1384 2171 suum,
1430 2105 1613 2162 Cresar
1642 2111 1863 2176 Augus-

258 2200 351 2248 tus
380 2192 450 2249 ad
481 2194 819 2251 ordinandas
848 2195 1071 2269 ﬁgypti
1099 2197 1385 2270 Syriaeque
1412 2200 1726 2268 provincias
1758 2203 1862 2255 mi-

260 2286 356 2355 sit,
382 2288 474 2358 qui
504 2291 824 2360 praeteriens
849 2291 919 2346 ab
949 2291 1191 2364 [Egypto
1216 2293 1351 2348 lines
1374 2292 1699 2359 Palasstinae,
1722 2294 1865 2365 apud

259 2377 704 2452 Hierosolymam
745 2380 913 2456 458
948 2384 1003 2439 in
1034 2385 1241 2456 templo
1275 2385 1370 2441 Dei
1418 2395 1547 2442 tunc
1593 2396 1781 2442 sancto
1810 2397 1866 2443 et

255 2474 465 2530 celebri
495 2476 729 2534 adorare
754 2479 1117 2550 contempsit,
1147 2481 1166 2511 ⁷
1200 2480 1343 2536 sicut
1373 2481 1669 2537 Suetonius
1692 2482 1866 2537 Tran-

261 2567 469 2639 quillus
501 2568 687 2625 refert.
721 2572 744 2603 ⁸
771 2570 926 2639 Quod
967 2573 1273 2643 Augustus,
1308 2574 1396 2629 ubi
1431 2563 1529 2643 per
1557 2590 1681 2629 eum
1714 2590 1867 2630 com-

263 2659 430 2729 perit,
456 2675 628 2732 pravo
648 2676 779 2718 usus
794 2662 1025 2734 judicio,
1049 2664 1347 2735 prudenter
1372 2664 1572 2722 fecisse
1598 2666 1861 2724 laudavit.

262 2751 453 2826 Itaque
484 2770 630 2811 anno
657 2756 869 2827 imperii
903 2756 1135 2814 Caesaris
1164 2758 1588 2830 quadragesimo
1618 2769 1814 2819 octavo
1836 2806 1852 2827 ,

259 2844 405 2902 adeo
431 2846 547 2903 dira
573 2848 856 2906 Romanos
889 2850 1060 2908 fames
1107 2860 1400 2909 consecuta
1437 2863 1556 2922 est,
1591 2865 1647 2910 ut
1679 2855 1868 2911 Caesar

257 2939 586 2998 lanistarum
614 2942 874 3012 familias,
900 2959 1197 3018 omnesque
1219 2949 1562 3018 peregrinus,
1586 2964 1865 3005 servorum

258 3049 480 3107 quoque
506 3035 771 3092 maximas
800 3037 1010 3107 cupias,
1038 3040 1291 3110 exceptis
1323 3039 1547 3096 medicis
1573 3049 1630 3095 et
1658 3055 1866 3111 praece-

1970 1836 2236 1891 doloruin.
2270 1837 2417 1892 Tunc
2448 1841 2654 1895 tradent
2683 1859 2770 1896 vos
2805 1843 2859 1896 iu
2889 1844 3294 1913 tribulationem,
3323 1859 3371 1902 et
3422 1852 3564 1901 occi—

1971 1931 2091 1984 dent
2134 1945 2222 1984 vos
2256 1939 2345 1985 :et
2377 1932 2525 1985 eritis
2564 1930 2687 1985 odio
2735 1934 2972 1988 omnibus
3011 1935 3052 1968 ¹⁰
3072 1935 3309 2006 gentibus
3358 1953 3569 2008 propter

1970 2038 2156 2077 nomen
2176 2039 2368 2078 meum.
2405 2023 2518 2080 lloc
2545 2032 2725 2080 autem
2751 2025 2931 2079 divina
2967 2027 3308 2096 providentia
3338 2029 3564 2097 docens,

1970 2126 2025 2172 et
2064 2117 2349 2173 credentes
2398 2118 2788 2187 praemonendo
2831 2120 3099 2187 lirmnvit,
3146 2130 3203 2177 et
3254 2122 3567 2178 incredulus

1970 2207 2318 2279 praedicendo
2346 2206 2614 2264 confudit.

2007 2294 2011 2299 ’
2596 2299 2825 2355 CAPUT
2863 2300 2952 2354 IV.

1971 2391 2050 2448 De
2078 2392 2185 2447 vita
2227 2404 2274 2466 et
2311 2393 2471 2466 gestis
2504 2391 2699 2466 Tiberii
2729 2391 2972 2466 Cwsaris,
3005 2398 3263 2466 quomodo
3300 2395 3567 2453 Christum

2096 2463 2371 2534 amplexus
2395 2464 2486 2531 sit,
2524 2465 2587 2517 de
2617 2466 2730 2535 ejus
2760 2463 3063 2519 crudelitate
3085 2468 3137 2520 in
3171 2466 3442 2537 plurimos.

2044 2581 2200 2634 Annu
2223 2581 2291 2633 ab
2325 2578 2468 2636 Urbe
2499 2594 2564 2633 eo
2591 2579 2716 2634 adita
2748 2595 3013 2645 occur",
3049 2590 3170 2651 pust
3201 2589 3430 2637 mortem
3456 2585 3570 2636 Au-

1970 2673 2111 2745 gusti
2151 2673 2383 2727 Cmsaris
2416 2673 2431 2703 ί
2469 2672 2721 2727 Tiberius
2762 2670 2945 2727 C:esar
2990 2675 3278 2743 imperium
3331 2674 3561 2743 adeptus

1971 2764 2076 2836 est,
2112 2770 2419 2838 n‘tnnsitque
2453 2770 2504 2821 in
2537 2782 2601 2822 en
2630 2768 2785 2822 annis
2812 2767 3002 2839 viginti
3038 2775 3097 2822 et
3122 2767 3314 2823 tribus.
3346 2768 3443 2823 llic
3472 2785 3566 2838 per

1973 2862 2325 2931 semetipsum
2379 2860 2524 2915 nulla
2577 2862 2714 2915 bella
2757 2862 3066 2931 gessit,sed
3098 2877 3165 2917 ne
3213 2879 3307 2931 per
3359 2863 3566 2931 legatos

1973 2952 2189 3021 quidem
2214 2952 2394 3022 aliqua
2423 2951 2626 3021 gravia,
2657 2951 2759 3006 nisi
2790 2953 2932 3020 quod
2967 2961 3174 3007 tantum
3198 2952 3486 3022 aliquantis
3513 2952 3565 3007 iu

1976 3044 2110 3100 locis
2154 3042 2469 3113 prmeogniti
2509 3044 2618 3098 cito
2667 3045 2907 3113 gentium
2961 3052 3202 3098 tnmmes
3234 3048 3563 3113 Comprimeo

258 3131 538 3204 ptorihus,
567 3133 588 3165 ⁹
612 3132 755 3187 trudi
780 3134 923 3189 Urbe
947 3133 1295 3204 praeceperit.
1322 3133 1400 3189 Ita
1429 3144 1692 3205 peccante
1719 3135 1867 3205 prin-
1895 3127 1942 3191 C
1973 3138 2191 3195 bantur.
2226 3137 2372 3193 Sane
2400 3148 2596 3206 quarto
2625 3137 2838 3206 imperii
2868 3137 2986 3205 ejus
3015 3152 3159 3190 anno
3182 3136 3563 3199 Germanicus,

256 3225 384 3295 cipe
410 3223 465 3281 in
488 3234 738 3281 sanctum
762 3225 886 3291 Dei,
918 3236 973 3281 et
1000 3235 1259 3297 correpto
1286 3242 1384 3298 per
1405 3225 1603 3281 famem
1635 3226 1855 3297 pOpttlo,

257 3320 625 3391 quantitatem
682 3319 996 3376 oﬂ‘ensionis
1041 3320 1276 3391 qualitas
1320 3320 1542 3376 ultionis
1594 3320 1855 3377 ostendit.

259 3412 307 3445 “
335 3413 563 3479 Deinde,
584 3414 834 3469 utverbis
855 3413 1336 3470 CorneliiTaciti“
1362 3416 1574 3487 loquar,
1606 3432 1726 3471 sene
1754 3415 1860 3470 Au-

253 3515 411 3581 gusto
439 3505 611 3563 Janus
643 3509 956 3580 patefactus,
984 3507 1110 3562 dum
1133 3510 1275 3576 apud
1306 3520 1561 3563 extremos
1602 3519 1858 3562 terrarum

251 3603 504 3657 terminos
532 3617 679 3656 novre
702 3612 875 3673 gentes
898 3618 1034 3673 stepe
1062 3618 1131 3655 ea:
1160 3618 1282 3668 usu,
1322 3613 1373 3656 et
1417 3601 1706 3673 aliquando
1737 3618 1856 3655 eum

251 3696 454 3750 damno
478 3705 807 3764 quteruntur,
835 3711 995 3765 usque
1022 3694 1090 3748 ad
1130 3692 1439 3766 Vespasiani
1469 3695 1676 3748 duravit
1700 3696 1863 3764 impe-

251 3789 418 3844 rium.
458 3788 752 3860 Hucusque
789 3786 1101 3844 Cornelius.
1136 3786 1412 3843 Caeterum
1443 3796 1498 3843 et
1538 3795 1670 3842 tunc
1703 3788 1744 3818 "
1770 3801 1862 3841 ca-

252 3892 355 3957 pta
377 3898 675 3956 eversaque
698 3882 831 3939 urbe
870 3882 1394 3954 Hierosolymorum,
1419 3880 1560 3936 sicut
1582 3881 1860 3951 prOphette

250 3977 785 4050 prauuutiaverunt,
821 3975 1220 4046 exstinctisque
1260 3973 1493 4043 Judaeis,
1544 3973 1720 4039 Titus,
1763 3973 1856 4043 qui

1974 3229 2132 3286 Drusi
2177 3230 2321 3285 lilius
2350 3272 2363 3294 ,
2395 3226 2654 3299 Caligula:
2686 3238 2863 3298 pater,
2892 3228 2960 3283 de
2996 3227 3305 3292 Germanis,
3333 3231 3399 3283 ad
3430 3246 3566 3297 quos

1973 3321 2042 3378 ab
2089 3321 2331 3392 Angusto
2372 3336 2503 3376 sene
2553 3321 2752 3377 missus
2807 3322 3005 3383 fuerat,
3033 3320 3405 3391 triumphavit.
3443 3321 3569 3392 ipse

1971 3422 2153 3467 autem
2183 3412 2437 3467 Tiberius
2466 3411 2695 3481 plurima
2728 3410 2942 3481 imperii
2977 3411 3062 3466 sui
3102 3421 3278 3482 parte,
3311 3426 3434 3468 cum
3459 3427 3567 3468 ma-

1967 3519 2069 3575 gna
2114 3513 2169 3560 et
2204 3505 2356 3574 gravi
2408 3503 2672 3559 modestia
2719 3503 3035 3573 reipublicae
3079 3504 3316 3573 praefuit,
3343 3504 3479 3560 adeo
3504 3514 3565 3561 ut

1969 3595 2292 3667 quibusdam
2343 3595 2663 3667 prmsidihns
2714 3595 2963 3666 augendi
3019 3596 3310 3665 provinciis
3358 3596 3558 3651 tributa

1966 3687 2324 3743 suadentibus
2345 3688 2646 3756 scripserit,
2681 3686 2817 3740 Boni
2845 3687 3068 3757 pastoris
3095 3704 3208 3740 esse
3240 3689 3451 3742 tondere
3468 3705 3559 3756 pe-

1964 3800 2079 3849 cus,
2106 3783 2127 3813 ¹
2151 3798 2253 3837 non
2278 3780 2574 3854 deglubere.
2622 3780 2689 3834 At
2722 3789 3007 3850 postquam
3058 3795 3249 3849 passus
3278 3791 3363 3835 est
3395 3780 3416 3811 ³
3446 3780 3555 3835 Do-

1965 3875 2145 3933 minus
2173 3873 2451 3939 Cbristus,
2483 3881 2647 3942 atque
2693 3887 2723 3925 a
2757 3874 2985 3926 mortuis
3024 3873 3346 3939 resurrexit,
3371 3883 3433 3928 et
3454 3871 3559 3928 dis-

1962 3971 2176 4044 cipulos
2226 3983 2357 4026 suos
2393 3968 2460 4024 ad
2508 3966 2909 4038 praedicandum
2962 3965 2983 3998 δ
3014 3965 3242 4034 dimisit,
3275 3966 3295 3997 ³
3325 3965 3553 4037 Pilatus,

1556 4201 2010 4264 HAVERCAMPI
2048 4200 2283 4260 NOTIE.

323 4392 383 4450 3.
418 4389 804 4448 Subsecuturis.
861 4387 999 4446 Edd.
1033 4385 1303 4457 quadam,
1328 4384 1597 4441 secuturis.

322 4464 381 4520 4.
424 4460 900 4519 Persecutionibus.
952 4453 1124 4531 Lugd.
1166 4453 1309 4513 Batt.
1357 4466 1490 4524 tres,
1536 4469 1658 4511 cum
1708 4453 1844 4508 Coll.

244 4535 493 4610 Graue}.
526 4534 581 4589 in
611 4534 983 4610 persecutione,
1007 4546 1185 4610 quum,
1206 4540 1313 4584 etc.
1508 4598 1520 4610 .

323 4608 381 4663 5.
422 4604 504 4660 De
532 4596 860 4679 patisionibus
888 4596 1031 4679 suis;
1061 4596 1344 4656 Postrema
1377 4598 1560 4679 vo_x_in
1589 4596 1711 4652 cod.
1743 4596 1848 4679 Ife-

2026 4380 2117 4437 16.
2154 4378 2227 4433 De
2258 4378 2585 4433 conclusione
2606 4388 2914 4449 temporum.
2944 4379 3024 4432 lta
3045 4392 3175 4431 mss.
3208 4388 3260 4432 et
3283 4378 3411 4433 cdd.
3438 4396 3551 4437 me-

1952 4452 2147 4517 liores;
2180 4450 2271 4504 alii
2300 4450 2363 4503 de
2404 4449 2770 4520 conjunctione
2796 4450 2879 4520 vel
2910 4449 3205 4503 conditione
3235 4460 3541 4520 temporum.

2029 4523 2116 4576 l7.
2153 4522 2243 4577 Sic
2269 4522 2361 4575 ait.
2391 4518 2520 4574 Mss.
2559 4518 2781 4587 quidam
2809 4519 2942 4573 inter
2961 4528 3144 4573 caetera
3174 4518 3344 4574 dixit.
3368 4520 3543 4577 Verba

1954 4602 2170 4649 exstant
2201 4593 2253 4645 in
2287 4592 2491 4659 Evang.
2522 4588 2758 4643 Matthxi
2786 4604 2906 4659 cap.
2942 4605 3088 4644 xxw.

236 4659 431 4750 res...
458 4659 569 4735 eoi:
590 4659 842 4749 apparet.
876 4673 1108 4745 Quidam
1137 4685 1270 4727 mss.
1313 4680 1369 4727 et
1390 4669 1541 4737 edd.,
1573 4686 1607 4721 a
1631 4669 1838 4739 passio-
1876 4690 1927 4750 υ
2026 4666 2114 4750 εξ.
2146 4662 2436 4750 Hesperi.
2451 4659 2735 4750 ‘Quifdfug
2743 4661 2887 4750 .9951:
2900 4661 3251 4750 ⁸ἱιιλιςειθεεει-υηι
3294 4663 3541 4733 primum.

232 4749 585 4878 fugamne.
646 4818 820 4891 Lugd.
854 4817 972 4891 Dat.
1028 4825 1155 4891 tert.
1202 4816 1308 4883 hic,
1357 4821 1415 4869 ut
1456 4810 1524 4867 ad
1567 4810 1845 4864 Christum

232 4890 554 4972 regentur,
578 4888 754 4972 atque
770 4904 895 4972 mox
920 4889 1118 4972 iterum
1143 4888 1378 4972 in‘seqq.
1444 4954 1512 4972 Μ

319 4962 379 5037 Ἰ.
416 4952 575 5037 Sicut
596 4952 899 5037 Suetonius.
930 4959 989 5015 In
1016 4962 1261 5037 Augusto
1288 4952 1423 5037 cap.
1570 4952 1733 5007 ann.

319 5033 379 5091 8.
418 5033 576 5109 Quod
602 5034 906 5109 Augustus,
933 5042 1049 5109 ete._
1095 5025 1194 5086 Ed.
1240 5043 1325 5099 pr.
1361 5025 1431 5082 et
1459 5025 1607 5109 illam
1639 5034 1843 5079 secutae

220 5103 499 5180 Veneti;
529 5103 735 5180 legunt,
764 5103 915 5180 quod
933 5111 1000 5180 ut
1015 5103 1279 5180 Augustus
1311 5103 1585 5180 comperit.

318 5174 377 5231 9.
420 5165 939 5232 Trudi'Urbe.'Cod.
967 5165 1242 5233 Pe'riion.,
1272 5168 1480 5224 extrudi
1508 5165 1668 5222 Urbe.

318 5245 412 5303 10.
438 5246 662 5315 Deinde,
684 5255 789 5301 etc.
819 5244 1056 5301 Consule
1079 5243 1319 5314 Lipsium
1342 5255 1378 5295 tt
1405 5240 1589 5310 Antiq.
1617 5237 1763 5292 Lect.
1782 5236 1836 5291 8.

318 5316 412 5390 ιι.
445 5317 673 5390 Doguar.
707 5316 840 5390 Cod:
876 5316 1154 5390 Perizon.,
1178 5322 1338 5390 ιιιαικΔ
1411 5366 1467 5390 __.

314 5388 410 5462 tg.
453 5381 660 5462 Capta,
678 5397 786 5444 etc.
815 5388 960 5458 Lege
987 5386 1271 5462 infracap.
1300 5383 1364 5457 ,9.
1411 5381 1579 5436 anu.

318 5459 410 5517 l3.
439 5448 569 5517 Cum
616 5448 955 5532 Vespasiane
992 5456 1162 5537 Lugd.
1194 5448 1313 5519 But.
1339 5468 1477 5521 sec.,
1520 5451 1613 5506 sub
1642 5448 1843 5521 Vespa-

192 5548 423 5596 mna.

315 5602 409 5661 14.
447 5602 518 5660 In
541 5618 744 5659 summa
765 5598 1157 5675 tranquillitate.
1178 5598 1313 5655 Cod.
1339 5595 1616 5660 Perizon.,
1642 5608 1843 5649 summa

190 5675 641 5745 tranquillitate.

314 5744 412 5807 15.
448 5746 681 5804 Velaret.
710 5744 767 5803 ιιι
795 5755 904 5810 est,
934 5752 1161 5815 tegeret,
1191 5749 1433 5808 ornaret,
1459 5744 1765 5797 coronarct.

482 5840 761 5904 Parion.
844 5837 1089 5900 XXXI.

2028 4735 2115 4792 l9.
2142 4729 2413 4789 Gentibus.
2438 4731 2605 4786 Abest
2635 4746 2663 4784 a
2696 4729 2936 4787 Florent.
2963 4746 3076 4785 sec.

2024 4805 2155 4861 Car.
2189 4803 2409 4860 lV.—i.
2447 4801 2683 4856 Tiberius
2715 4801 2909 4857 Caesar.
2938 4802 3140 4858 Tiberii
3165 4804 3329 4857 vitam
3374 4815 3428 4859 et
3457 4820 3545 4861 res

1949 4887 2132 4947 gestas
2164 4876 2253 4931 hic
2293 4875 2544 4947 breviter
2563 4874 2877 4947 perstrictas
2906 4875 3125 4947 coipinse
3154 4874 3338 4947 habes
3352 4890 3379 4926 a
3426 4876 3544 4932 Dio-
3606 4897 3612 4904 ε

1951 4943 2040 5013 ne,
2071 4948 2286 5009 Tacito,
2319 4945 2587 5000 Suetonio
2613 4952 2669 4998 et
2706 4943 2912 4998 Zunara
2949 4946 3272 5013 descriptas.
3300 4945 3465 5001 FABR.

2019 5020 2073 5075 2.
2103 5018 2227 5072 Non
2271 5015 2563 5087 deglubere.
2611 5014 2886 5080 Perizon.,
2945 5033 3048 5070 non
3098 5017 3389 5085 decoriare,
3416 5034 3539 5088 qum

2001 5092 2145 5146 lossa
2177 5096 2282 5143 est.

1947 5090 2145 5148 Glossa
2177 5096 2282 5143 est.

2018 5164 2073 5218 3.
2107 5160 2361 5214 Dominus
2400 5155 2658 5229 Christus.
2690 5155 3201 5213 lnterseruntlesus
3229 5157 3357 5215 edd.
3403 5161 3538 5229 Aug.

1947 5234 2173 5303 aliaeque
2202 5246 2264 5285 ex
2294 5228 2507 5303 primis.
2662 5296 2675 5303 _
2699 5297 2713 5303 _
2844 5297 2857 5303 Α
2882 5299 2893 5303 _
2940 5256 2941 5261 η

2020 5296 2338 5363 4.Ὧὶηιίεἱὶ.
2371 5298 2497 5354 Mss.
2528 5307 2582 5353 et
2611 5296 2738 5352 edd.
2768 5297 3009 5368 quidam,
3038 5301 3196 5355 misit.

2020 5374 2074 5430 5.
2094 5372 2324 5439 Pilatus,
2345 5385 2550 5439 presses.
2578 5369 2653 5422 De
2676 5368 2869 5424 Pontio
2891 5370 3064 5427 Pilato
3080 5371 3380 5426 Palaestina:
3406 5384 3545 5437 prm-

1950 5444 2090 5514 side,
2131 5438 2368 5515 ejusque
2406 5441 2570 5515 remis
2601 5438 2720 5515 lege
2758 5440 3052 5515 loseplium
3100 5447 3134 5495 Ι.
3164 5455 3298 5494 xvni
3341 5442 3537 5515 Antiq.

1950 5508 2192 5587 Epistola
2216 5508 2371 5587 Pi'lat_i
2395 5511 2461 5567 ad
2479 5510 2760 5587 Tiberium
2789 5512 2856 5566 de
2887 5508 3305 5587 Resurrcctione
3334 5508 3539 5587 Christi

1950 5580 2131 5662 mistat
2157 5585 2299 5662 apud
2334 5581 3323 5662 Eg_esipp_t_tnt.ﬂium—Confer,qua:
3465 5582 3540 5634 με-

1953 5599 2131 5644 exstat
2157 5599 2299 5655 apud
2334 5599 2374 5639 Β
2413 5599 2683 5655 eSIpptlm.
2722 5599 3323 5647 rsum—Contentum:
3363 5599 3428 5631 an
3465 5599 3537 5634 διε

1953 5660 2134 5715 milem
2182 5599 2713 5713 locumngertulliani
2754 5655 2805 5707 in
2847 5653 3195 5724 Apologeticu
3224 5667 3342 5717 cap.
3378 5650 3440 5715 5,
3484 5668 3537 5723 p.

1951 5732 2018 5789 57
2041 5741 2095 5787 et
2122 5729 2215 5797 58,
2238 5728 2562 5783 notavimus.

3024 5810 3100 5873 3's
