4076 6174
330 308 468 366 1075

1349 300 1821 358 HISTORIARUM
1861 300 2066 356 LIBER
2109 300 2216 356 VII.
2259 298 2412 356 CAP.
2460 300 2540 355 Vl.

3489 296 3630 353 1074

325 419 526 477 Christi
554 461 568 485 ,
619 419 845 474 Romam
882 416 1030 472 venit
1059 423 1114 472 et
1138 416 1431 471 salutarem
1459 415 1669 470 cunctis
1698 415 1927 470 creden-
1955 416 2001 476 Λ
2031 413 2184 477 tiam,
2215 413 2634 471 Scribonianum
2667 414 2859 484 quinto
2881 414 3062 468 statim
3090 414 3177 469 die
3198 413 3521 469 destitutum
3549 413 3633 467 in-

326 513 471 569 tibus
517 511 678 567 ﬁdem
723 509 874 565 fideli
921 510 1089 565 verbo
1136 508 1362 575 docuit,
1426 508 1927 580 potentissimisque

324 605 615 663 virtutibus
657 602 1001 674 approbavit.
1061 603 1239 671 Atque
1276 602 1300 633 ‘
1331 603 1455 658 exin
1493 601 1788 658 Christiani
1821 602 1924 656 Bo-

326 714 429 755 mae
470 713 595 754 esse
637 703 940 767 coeperunt.
989 694 1174 751 Sensit
1213 696 1315 751 hoc
1357 696 1617 749 collatum
1662 694 1785 751 ﬁdei
1813 709 1924 750 sua:

321 792 495 847 Roma
528 789 877 846 beneﬁcium.
913 788 935 820 ⁸
973 787 1107 844 Nam
1138 802 1261 843 cum
1292 788 1582 844 interfecto
1624 787 1874 859 Caligula
1901 789 1923 819 ⁸

319 885 486 942 multa
515 884 586 940 de
610 883 928 954 abrogando
972 883 1233 953 imperio,
1267 898 1332 937 ac
1361 882 1641 953 republica
1682 883 1733 937 in
1772 883 1920 937 auli-

284 986 483 1049 ‘quum
526 976 773 1032 ordinem
813 974 1155 1031 restituenda
1197 974 1216 1004 ⁷
1250 974 1662 1044 evertendaque
1704 974 1920 1045 penitus

316 1070 596 1127 Caesarum
630 1069 883 1125 universa
913 1068 1115 1124 familia
1154 1077 1379 1124 senatus
1422 1080 1479 1125 ct
1519 1070 1773 1125 consules
1815 1070 1911 1125 de-

284 1164 646 1231 *crevissent,
668 1160 931 1218 Claudius
960 1178 1105 1226 mox,
1136 1171 1197 1217 ut
1223 1161 1569 1218 conﬁrmavit
1599 1162 1913 1232 imperium,

317 1262 511 1327 magna
541 1263 702 1325 atque
730 1256 752 1287 ⁸
777 1253 956 1309 adhuc
984 1254 1175 1310 ltomte
1205 1254 1478 1325 incognita
1512 1269 1644 1309 usus
1670 1253 1915 1310 clemen-

320 1349 419 1415 tia,
471 1364 539 1405 ne
573 1347 627 1403 iu
674 1356 879 1403 tantam
927 1347 1187 1403 nobilium
1227 1346 1631 1401 multitudinem
1655 1345 1792 1401 ultio
1819 1388 1834 1413 ,
1868 1345 1914 1400 si

315 1451 465 1499 esset
491 1449 693 1513 coepta,
721 1441 943 1496 saeviret
973 1458 988 1507 ;
1015 1445 1037 1475 θ
1066 1440 1290 1495 biduum
1314 1440 1469 1510 illud,
1496 1455 1604 1510 quo
1634 1439 1702 1496 de
1734 1439 1915 1510 reipu-

314 1532 475 1590 blicae
506 1540 652 1589 statu
678 1531 972 1599 infeliciter
998 1533 1362 1588 consultatum
1395 1542 1685 1603 actumque
1712 1532 1907 1599 fuerat,

2033 506 2270 573 terfecit,
2324 522 2554 576 seseque
2593 516 2941 561 sacramento
2980 505 3183 577 prioris
3219 505 3427 573 militiae
3454 503 3633 558 conti-

2027 596 2164 652 nuit.
2189 597 2421 652 'l‘riStius
2461 613 2525 652 ac
2556 597 2919 667 perniciosius
2960 596 3082 651 urbi
3112 595 3301 674 Romae
3340 593 3477 649 nihil
3513 608 3632 649 um-

2025 703 2186 759 quam
2224 689 2414 752 fuissc,
2455 702 2614 758 quam
2664 687 2805 743 bella
2857 686 3066 752 civilia,
3107 688 3238 740 satis
3281 695 3467 740 notum
3515 691 3626 747 est,

2025 782 2211 853 Itaque
2242 793 2463 852 propter
2497 782 2795 837 adventum
2839 781 3075 850 apostoli
3119 781 3309 847 Petri,
3355 787 3412 835 et
3438 785 3628 834 tenera

2021 873 2461 930 Christianorum
2522 875 2765 945 germina
2824 873 3044 928 vixdum
3095 873 3272 928 adhuc
3332 886 3502 942 pauca
3557 868 3627 925 ad

2023 973 2230 1021 Sanctae
2263 965 2388 1021 lidei
2425 966 2466 996 ¹⁷
2502 965 2902 1036 professionem
2931 964 3296 1032 erumpentia,
3332 962 3473 1017 hanc
3494 974 3629 1017 exo-

2022 1058 2252 1113 rientem
2283 1057 2625 1130 tyrannidem
2654 1099 2668 1122 ,
2698 1063 2754 1112 et
2776 1070 3111 1126 consurgens
3139 1053 3284 1109 istud
3315 1053 3478 1110 civile
3507 1051 3627 1109 bel-

2023 1153 2135 1207 lum
2184 1159 2347 1223 neget
2389 1151 2675 1222 quisquam
2723 1148 2984 1205 divinitus
3038 1163 3161 1204 esse
3202 1145 3626 1217 compressum?

2018 1244 2122 1313 Qui
2151 1242 2441 1313 praeteritis
2471 1241 2806 1313 temporibus
2828 1241 2895 1296 de
2917 1242 3331 1311 compressione
3352 1237 3623 1294 bellorum

2018 1338 2258 1394 civilium
2297 1337 2479 1393 simile
2506 1336 2753 1407 probarit
2782 1335 3114 1406 exemplum.
3144 1333 3406 1390 Claudius
3426 1338 3623 1403 quarto

2017 1430 2232 1501 imperii
2255 1430 2339 1485 sui
2365 1444 2532 1495 anno,
2559 1430 2606 1462 ’⁸
2632 1417 2863 1498 cupiens
2882 1443 2944 1484 se
2967 1428 3157 1483 utilem
3189 1428 3401 1497 reipub.
3432 1434 3625 1480 osten-

2015 1533 2129 1578 tare
2176 1522 2517 1592 principem,
2571 1521 2770 1576 bellum
2801 1518 3000 1590 ubique
3042 1528 3098 1574 et
3131 1518 3414 1573 victoriam
3454 1516 3622 1572 unde-

280 1622 285 1629 ”
312 1625 594 1680 memoria:
623 1624 855 1691 exemit,
894 1626 1245 1694 omniumque
1276 1621 1542 1679 factorum
1572 1623 1912 1680 dictorumve
1982 1632 2244 1688 eumque
2261 1616 2529 1687 quaesivit.
2551 1612 3167 1685 ltaqueexpeditiouem
3201 1614 3251 1666 in
3278 1611 3618 1666 Britanniam

278 1724 283 1731 '
313 1718 366 1773 in
398 1732 466 1775 eo
494 1719 710 1774 veniam
743 1726 802 1774 et
825 1718 1156 1773 oblivionem
1188 1718 1232 1748 ¹⁰
1263 1720 1317 1771 in
1348 1727 1673 1788 perpetuum
1705 1719 1907 1773 sanxit.

2014 1711 2183 1766 movit
2209 1728 2221 1765 :
2251 1726 2374 1779 quas
2399 1710 2631 1765 excitata
2656 1710 2711 1763 in
2738 1709 3035 1763 tumultum
3066 1718 3287 1778 propter
3309 1708 3475 1762 non”
3491 1707 3621 1762 red-

282 1802 355 1842 7“
404 1811 480 1866 lta
527 1810 675 1866 illam
715 1809 1031 1880 praeclaram
1077 1818 1133 1864 et
1174 1807 1439 1864 famosam
1485 1808 1906 1865 Atheniensium
1938 1802 1986 1863 B
2015 1805 2215 1862 hibitos
2277 1804 2582 1876 transfugas
2605 1805 2930 1869 videbatur;
2962 1812 3419 1874 transvectusque
3451 1802 3507 1858 in
3531 1803 3613 1859 in-

310 1905 665 1972 amnestiam,
691 1918 850 1975 quam
883 1902 1101 1973 quidem
1130 1901 1320 1957 Romae
1352 1901 1611 1957 inducere
1637 1902 1781 1958 Julio
1801 1900 1912 1958 Ca:-

309 2012 436 2054 sare
466 1997 757 2054 interfecto
776 2003 1022 2062 senatus,
1053 1993 1321 2050 Cicerone
1350 1995 1635 2062 suadente,
1667 2004 1911 2052 tentave-

282 2086 563 2157 ‘rat,lsed
616 2089 857 2145 Antonio
914 2096 970 2143 et
1019 2087 1321 2142 Octaviano
1371 2096 1597 2158 propter
1645 2086 1909 2145 ultionem

308 2182 565 2238 exstincti
592 2181 824 2237 Caesaris
847 2179 1298 2250 irrumpentibus,
1324 2179 1377 2234 in
1402 2179 1614 2235 irritum
1637 2190 1906 2236 cesserat:

307 2273 447 2329 hanc
474 2273 755 2338 Claudius,
784 2272 1031 2343 quamvis
1060 2273 1105 2304 ¹¹
1131 2272 1306 2328 multo
1330 2272 1723 2329 truculentiore
1748 2289 1908 2330 causa

309 2364 362 2420 in
393 2364 601 2420 credem
632 2364 676 2396 ¹³
699 2363 1141 2433 conSpiratorum
1165 2362 1210 2394 “
1233 2361 1699 2431 instimularetur,
1734 2363 1911 2419 ultro-

280 2470 406 2514 ‘uea
460 2458 753 2515 clementia
818 2458 970 2513 nullo
1019 2468 1315 2529 expetente
1370 2458 1627 2514 firmavit.
1697 2457 1909 2516 Accidit

278 2546 282 2554 ’
311 2554 475 2610 ctiam
508 2553 705 2611 eodem
746 2561 994 2624 tempore
1021 2553 1311 2623 prmsentis
1350 2554 1538 2624 gratize
1574 2554 1671 2610 Dei
1697 2556 1907 2626 grande

307 2648 626 2705 miraculum
654 2689 672 2715 ,
700 2647 966 2719 siquidem
996 2648 1191 2703 Furius
1213 2647 1480 2704 Camillus
1496 2647 1903 2717 Scribonianus,

308 2740 592 2795 Dalmatiae
633 2739 869 2811 legatus,
911 2739 1117 2795 bellum
1154 2740 1315 2796 civile
1359 2740 1609 2810 molitus,
1668 2742 1909 2813 legiones

308 2831 513 2888 multas
560 2830 995 2902 fortissimasque
1036 2831 1104 2886 ad
1161 2834 1488 2888 sacramenti
1547 2835 1906 2891 mutationem

282 2925 624 2995 ~pellexerat.
657 2922 844 2995 Itaque
874 2923 919 2955 “
941 2923 1030 2979 die
1058 2924 1225 2992 dicto,
1252 2935 1309 2979 ut
1340 2926 1393 2979 in
1426 2941 1591 2981 unum
1622 2925 1788 3000 468
1810 2944 1907 2982 uu-

302 3017 465 3090 dique
500 3018 567 3073 ad
595 3033 794 3073 novum
824 3018 1209 3088 imperatorem
1259 3021 1680 3088 conveniretur,
1722 3023 1768 3053 ¹⁶
1808 3038 1901 3079 ne-

304 3125 408 3182 que
431 3109 626 3180 aquilae
644 3109 852 3176 ornari,
873 3124 1048 3182 neque
1069 3093 1304 3167 convelli
1324 3112 1714 3183 quoquomodo
1726 3114 1902 3183 signa,

2015 1900 2189 1955 sulam
2236 1907 2352 1965 est,
2382 1913 2546 1971 quam
2585 1913 2762 1969 neque
2790 1907 2916 1953 ante
2938 1899 3145 1954 Julium
3179 1898 3451 1954 Caesarem
3472 1939 3488 1964 ,
3523 1913 3623 1955 ue-

2012 2007 2119 2062 que
2152 2003 2276 2063 p05t
2307 2006 2430 2047 eum
2461 1992 2745 2061 quisquam
2780 1989 2934 2046 adire
2965 2005 3129 2047 ausus
3163 1990 3361 2048 fuerat.
3403 1991 3616 2063 Ibique,

2012 2084 2058 2116 ¹⁰
2109 2092 2167 2139 ιιι
2205 2083 2391 2139 verbis
2436 2081 2685 2139 Suetonii
2730 2082 3030 2153 Tranquilli
3073 2085 3287 2155 loquar,
3336 2084 3454 2141 siue
3497 2082 3613 2140 ullo

2013 2178 2203 2249 przelio
2226 2191 2292 2232 ac
2327 2176 2594 2247 sanguine
2622 2176 2764 2232 intra
2791 2175 3148 2246 paucissimos
3182 2177 3300 2233 dies
3322 2176 3613 2248 plurimam

2012 2272 2205 2328 insulae
2233 2279 2444 2341 partem
2474 2269 2529 2325 in
2560 2268 2896 2325 deditionem
2927 2270 3157 2339 recepit.
3184 2270 3425 2325 Orcadas
3447 2271 3614 2325 etiam

2012 2364 2221 2421 insulas
2247 2363 2389 2418 ultra
2416 2362 2753 2418 Britanniam
2781 2362 2836 2417 in
2862 2362 3081 2418 Oceano
3115 2364 3339 2432 positas,
3367 2361 3615 2418 Romano

2011 2456 2212 2528 adjecit
2232 2454 2485 2526 imperio,
2520 2468 2585 2509 ac
2612 2462 2768 2510 sexto
2794 2469 2958 2524 quam
2983 2454 3259 2523 profectus
3275 2463 3392 2508 erat
3424 2468 3615 2510 mense

2010 2547 2240 2603 Romam
2268 2545 2452 2612 rediit.
2483 2544 2808 2600 Conferatur
2833 2560 2973 2600 nunc
2995 2590 3008 2613 ,
3040 2544 3085 2599 si
3118 2545 3374 2617 cuiquam
3410 2545 3608 2615 placet,

2011 2641 2053 2672 "
2108 2640 2210 2696 sub
2253 2655 2355 2693 una
2411 2637 2606 2703 insula,
2669 2646 2881 2707 tempus
2922 2647 2976 2691 et
3024 2646 3256 2707 tempus,
3308 2638 3511 2693 bellum
3559 2649 3615 2695 et

2011 2734 2246 2800 bellum,
2279 2730 2445 2804 569
2484 2729 2666 2786 Caesar
2697 2737 2752 2784 et
2778 2728 2983 2784 Cmsar.
3014 2727 3145 2783 Nam
3179 2728 3247 2782 de
3270 2728 3376 2784 [inc
3398 2729 3443 2759 ²¹
3474 2727 3611 2784 nihil

2010 2825 2267 2884 confero:
2291 2823 2549 2895 quoniam
2577 2822 2678 2876 hoc
2692 2819 3006 2877 felicissima
3030 2821 3281 2887 victoria,
3302 2820 3434 2876 illud
3461 2836 3617 2877 acer-
3703 2878 3717 2893 ,

2008 2922 2234 2981 bissima
2261 2919 2446 2975 clades
2475 2916 2606 2973 fuit:
2642 2924 2696 2972 et
2727 2916 2808 2969 sic
2839 2915 3055 2970 demum
3086 2914 3256 2970 Roma
3292 2924 3606 2986 cognoscat,

2011 3032 2109 3087 per
2139 3015 2535 3087 ejuslateutem
2563 3009 2967 3080 providentiam
2997 3008 3044 3039 "
3071 3007 3127 3063 iu
3154 3007 3419 3077 augendis
3448 3009 3613 3065 rebus

2011 3119 2170 3163 antea
2200 3122 2261 3163 se
2291 3114 2502 3177 partem
2527 3100 2801 3159 felicitatis
2832 3100 3112 3165 habuisse,
3143 3098 3301 3169 cujus
3332 3098 3613 3170 agnitione

303 3201 591 3258 moverive
632 3211 949 3272 potuerunt.
993 3202 1283 3258 Exercitus
1317 3210 1465 3259 tanta
1494 3214 1553 3260 et
1591 3213 1699 3260 tam
1729 3205 1905 3261 inusi-
1930 3189 1977 3251 C
2012 3209 2300 3270 suscepta,
2330 3195 2649 3268 plenissima
2690 3192 2953 3250 felicitate
2996 3189 3315 3263 perfruitur,
3350 3191 3405 3246 in
3432 3204 3608 3260 quan-

303 3303 413 3352 tata
444 3295 691 3351 miraculi
727 3294 836 3351 fide
867 3304 1051 3351 motus
1077 3335 1091 3359 ,
1120 3303 1177 3351 et
1202 3309 1505 3353 conversus
1536 3295 1590 3353 in
1626 3297 1902 3369 pteniten-

2016 3306 2130 3353 tum
2176 3309 2284 3350 non
2333 3301 2511 3348 tamen
2549 3288 3009 3357 blasphemiarum
3038 3284 3384 3343 oﬂ‘endiculis
3414 3285 3612 3357 depra-

1616 3496 2071 3557 HAVERCAMPI
2108 3494 2342 3554 ΝΟΤιΕ.

375 3675 432 3731 4.
461 3670 621 3728 Exin.
658 3672 787 3729 Mss.
821 3672 995 3744 Lugd.
1026 3673 1199 3742 Batt.,
1229 3674 1407 3729 etiam.

374 3746 425 3801 5.
457 3743 620 3817 Nam.
655 3745 782 3817 Mss.
812 3743 985 3817 Lugd.
1013 3746 1152 3817 Batt.
1181 3761 1290 3815 pr.,
1314 3748 1453 3817 jam.

375 3817 429 3871 6.
467 3815 661 3870 Multa.
705 3815 834 3872 Mss.
868 3815 994 3872 edd.
1022 3815 1244 3887 quidam
1288 3815 1473 3887 inepte
1500 3817 1709 3874 addunt
1736 3818 1897 3885 mala,

302 3887 445 3970 quod
470 3900 534 3942 ex
569 3888 716 3943 varia
747 3887 984 3943 lectione
1012 3897 1067 3944 et
1089 3887 1357 3944 afliuitate
1388 3904 1511 3943 cum
1543 3890 1740 3953 multa,
1775 3904 1901 3958 pro-

301 3969 474 4015 venit.

375 4032 429 4085 7.
466 4027 876 4099 Evertendaque.
910 4028 1155 4101 Floreat.
1199 4043 1311 4085 see.
1332 4071 1348 4097 ,
1382 4031 1734 4101 verendaque,
1777 4046 1899 4098 quae

300 4110 558 4174 corrupta
592 4102 862 4174 scriptura
889 4108 973 4156 est
999 4100 1152 4174 verbi
1170 4102 1576 4174 everrendaque,
1596 4100 1764 4174 quod,
1788 4102 1898 4157 for-

300 4172 442 4228 sitan
472 4171 614 4227 haud
652 4187 817 4236 vaue,
848 4171 903 4226 iu
935 4171 1059 4227 cod.
1092 4172 1448 4229 Perizoniauo
1475 4171 1679 4228 iuveni.

373 4245 430 4298 8.
465 4243 649 4315 Adhuc
689 4243 889 4315 Romw.
930 4241 987 4297 lu
1022 4242 1261 4298 Florent.
1300 4259 1413 4300 sec.
1446 4243 1894 4315 superscribitur,

301 4310 493 4369 Forte.
526 4315 595 4369 ad
623 4314 720 4368 hoc
765 4313 960 4368 Ronue.

372 4357 689 4475 9.*ῂὶᾆῆαῶ
1021 4385 1170 4438 locus
1200 4386 1275 4475 ἱιέ
1299 4386 1753 4475 recteulelgitusin
1784 4401 1897 4440 ma—

300 4455 596 4524 nuscriptis
617 4496 634 4520 ,
655 4465 716 4510 ut
743 4457 1093 4525 cognoscitur
1116 4470 1184 4509 ex
1233 4453 1479 4511 Suetonii
1514 4453 1743 4512 Claudio
1772 4472 1892 4523 cap.

302 4527 356 4582 1.
388 4526 555 4582 ΕΑΒιι.
578 4527 939 4580 —Judicium
965 4525 1118 4592 illud,
1147 4534 1253 4579 etc.
1282 4526 1447 4593 Olim,
1481 4527 1695 4581 biduum
1719 4528 1855 4581 illud
1878 4542 1896 4579 :

300 4597 397 4653 sed
434 4598 699 4654 Venetam
737 4597 878 4652 hanc
921 4596 1318 4652 restitutionem
1353 4599 1612 4667 probant,
1657 4614 1779 4668 qua:
1806 4612 1897 4653 se-

301 4677 540 4738 quuntur
570 4669 714 4724 illico
750 4687 762 4722 :
793 4668 1124 4739 omniumque
1150 4672 1429 4738 factorum,
1463 4670 1817 4739 dictorumque
1842 4672 1896 4723 in

302 4755 364 4794 eo
384 4740 584 4794 veniam
609 4750 660 4794 et
708 4740 1010 4795 oblivionem
1037 4740 1234 4793 sanxit.
1260 4738 1428 4793 Laur.
1452 4769 1521 4778 —
1551 4738 1608 4793 lu
1637 4738 1896 4794 omnibus

301 4825 437 4881 mss.
471 4822 531 4866 ut
555 4819 610 4867 et
635 4811 723 4868 ed.
754 4811 985 4881 August.
1010 4819 1098 4865 est
1126 4810 1358 4881 biduum,
1391 4817 1450 4864 ut
1482 4819 1630 4881 recte
1657 4809 1897 4864 restituit

300 4880 632 4955 Fabricius;
656 4880 920 4955 judicium
949 4884 1146 4955 merito
1173 4880 1453 4955 desideres
1492 4880 1544 4933 iu
1584 4881 1680 4949 iis,
1710 4882 1800 4949 qui
1828 4895 1896 4936 ex

299 4952 484 5022 pravis
513 4952 672 5023 editt.
706 4965 1005 5023 recoquunt
1026 4952 1307 5023 judicium.

375 5024 463 5078 10.
515 5022 581 5077 In
633 5020 959 5095 perpetuum.
1010 5020 1134 5095 Mss.
1182 5022 1355 5092 Lugd.
1399 5021 1545 5095 Bait.
1587 5037 1713 5095 cum
1757 5020 1898 5077 Coll.

301 5093 543 5168 Gronov.
572 5092 957 5168 in'po'sterum,
978 5108 1044 5149 ex
1086 5094 1287 5163 glossa,
1318 5092 1479 5148 sicuti
1512 5093 1564 5147 in
1591 5092 1785 5148 iisdem
1813 5107 1904 5147 su-

302 5181 397 5237 pra
430 5165 612 5237 delevit
633 5165 771 5234 {pro
800 5167 1006 5220 exerttit.

373 5237 464 5291 11.
493 5235 581 5290 Ila
610 5232 777 5291 illam.
812 5238 943 5292 Mss.
972 5236 1213 5302 quidam,
1240 5236 1313 5287 ita
1345 5245 1389 5287 et
1415 5232 1583 5288 illam.

372 5308 462 5361 12.
485 5308 680 5379 pinno.
714 5310 881 5363 Abest
904 5322 934 5361 a
968 5307 1136 5379 Lugd.
1165 5306 1304 5360 Bait.
1335 5321 1415 5375 pr.
1451 5315 1506 5358 et
1532 5313 1662 5361 tert.
1687 5312 1850 5376 atque
1876 5322 1905 5360 a

298 5374 441 5432 Coll.
468 5377 711 5434 Gronov.

373 5451 462 5532 1
494 5448 948 5532 Conspiratorum.
989 5448 1128 5532 C‘od.
1153 5448 1447 5532 "Perizon"
1484 5450 1898 5532 conjurattirum.

375 5518 463 5574 14.
506 5517 959 5575 Instimularetur.
1003 5520 1186 5575 Orosii
1227 5519 1444 5575 videtur
1483 5517 1607 5574 esse
1650 5517 1903 5585 verbum,

297 5590 441 5661 quod
475 5606 540 5646 ex
585 5605 718 5647 mss.
762 5606 1035 5647 consensu
1074 5591 1313 5647 restitui.
1363 5590 1575 5660 Vulgg.,
1602 5586 1903 5644 stimulare-

307 5671 411 5717 tur.

376 5734 465 5788 15.
496 5732 594 5789 Die
614 5735 773 5790 dicto.
798 5732 1074 5798 Perizon.,
1101 5732 1188 5787 die
1214 5734 1357 5789 data.

374 5805 463 5859 16.
497 5805 678 5877 Neque
706 5806 897 5877 aquin
924 5804 1126 5860 ornari.
1156 5805 1310 5877 Apud
1342 5805 1575 5864 Sueten.
1595 5802 1651 5859 in
1679 5798 1908 5858 Claudio

1926 4947 1980 5007 D

2010 3691 2131 3747 cap.
2165 3678 2255 3733 15.
2297 3672 2694 3749 nequeaquila‘
2727 3675 2909 3749 ornari
2949 3673 3168 3749 legitur.
3217 3674 3319 3730 Ubi
3350 3677 3605 3749 aquilas,

2014 3743 2244 3803 numero
2291 3743 2519 3815 plurali,
2544 3743 2695 3816 apud
2726 3743 2978 3816 Orosiunt
3012 3743 3116 3814 legi
3154 3754 3308 3798 notat
3337 3743 3607 3803 Ca'usaub'.

2009 3829 2272 3891 rogatque
2295 3814 2374 3872 an
2405 3814 2600 3891 omnes
2638 3815 2838 3891 aquila:
2864 3814 2918 3868 in
2947 3816 3051 3869 hoc
3077 3823 3295 3891 ostento
3324 3818 3609 3888 conspira-

2009 3886 2234 3946 vei-int?
2252 3900 2446 3957 r0gare
2472 3886 2708 3941 vicissim
2739 3900 2981 3957 possum,
3008 3900 3083 3957 an
3098 3886 3531 3957 conspiraverint
3551 3890 3605 3945 in

2010 3961 2202 4017 eodem
2230 3955 2444 4027 ostento
2468 4000 2484 4023 ,
2515 3972 2611 4012 seu
2636 3957 2817 4027 potius
2843 3955 3034 4012 eadem
3064 3955 3283 4025 fraude,
3308 3956 3462 4028 signa
3491 3976 3606 4016 om-

2012 4032 2098 4088 nia
2125 4033 2149 4087 ‘l

2082 4104 2171 4158 17.
2230 4100 2640 4170 Professionem.
2696 4099 2771 4154 lta
2818 4101 2877 4170 in
2917 4097 3111 4153 Colon.
3161 4099 3368 4167 inveni,
3406 4111 3463 4157 et
3501 4118 3609 4157 non

2008 4175 2251 4245 ambigo,
2275 4169 2405 4244 quin
2428 4171 2658 4227 Orosius
2682 4172 2754 4226 ita
2777 4169 3077 4238 scripserit,
3105 4184 3203 4239 pro
3219 4175 3606 4243 profectionem.

2007 4249 2181 4304 LAUT.
3465 4270 3469 4274 -

2084 4317 2172 4371 18.
2202 4315 2428 4384 Cupiens
2453 4329 2507 4367 se
2528 4313 2726 4384 utilem.
2752 4310 3132 4384 Mss.rqu_idam
3164 4311 3370 4381 legunt,
3395 4314 3609 4382 cupiens

2009 4389 2185 4442 utilem
2210 4382 2509 4453 reipublica:
2532 4382 2798 4437 ostendere
2823 4382 3134 4453 principem.

2088 4459 2171 4512 l9.
2199 4452 2524 4510 Redhibitos.
2555 4453 2879 4524 Rectissime
2899 4452 3092 4507 Colon.
3117 4462 3169 4506 ct
3192 4452 3488 4524 Maternus,
3508 4470 3609 4524 pro

2004 4528 2255 4583 redditos.
2285 4526 2356 4580 At
2388 4528 2480 4595 qui
2518 4526 2620 4577 hoc
2653 4523 2875 4595 verbum
2909 4523 3297 4595 nonrecipiet,
3345 4522 3605 4580 illum—ad

1998 4592 2429 4670 jurisconsultos
2456 4595 2661 4664 relego.
2692 4592 2866 4648 Laur.
2892 4592 3126 4647 -—ldem
3156 4594 3208 4647 in
3241 4608 3376 4648 mss.
3414 4595 3607 4651 melio-

2004 4671 2158 4726 ribus
2190 4669 2395 4723 inveni.

2072 4741 2165 4796 20.
2203 4737 2270 4793 Ut
2296 4738 2462 4792 verbis
2507 4734 2766 4792 Suetonii.
2800 4733 3027 4789 Sueton.
3060 4732 3113 4788 in
3152 4734 3381 4789 Claudio
3409 4751 3459 4791 c.
3508 4736 3598 4792 17.

2002 4811 2170 4868 ΡΑιιιι.
2206 4840 2276 4850 --
2307 4809 2567 4879 Copulam
2618 4808 2670 4859 in
2721 4815 3138 4877 transrectusque
3177 4820 3308 4861 mss.
3357 4807 3603 4879 plerique

2003 4884 2212 4938 delent.

2076 4957 2165 5009 21.
2200 4952 2310 5008 Sub
2344 4969 2445 5005 una
2479 4948 2673 5004 insula.
2715 4947 2770 5001 lu
2800 4955 3033 5016 quatuor
3073 4962 3203 5001 mss.
3241 4947 3382 5003 hanc
3412 4949 3601 5006 inveni

2007 5024 2321 5085 lectionem,
2372 5021 2616 5077 Florent.
2664 5018 2902 5083 duobus,
2944 5018 3113 5085 Ultr.,
3148 5019 3266 5073 Men
3306 5027 3363 5074 et
3391 5020 3610 5076 Perizo-

2008 5096 2190 5152 niano.
2228 5094 2415 5163 Vulgg.
2449 5107 2674 5163 omnes,
2699 5088 2876 5142 insula
2902 5098 2948 5163 et
2970 5089 3170 5163 inania,
3196 5090 3345 5163 quod
3385 5106 3609 5160 prorsus

2010 5166 2253 5235 ineptum
2286 5159 2390 5220 est:
2422 5162 2555 5235 Nam
2595 5162 2665 5217 de
2694 5174 2798 5235 una
2830 5160 2947 5235 agit
2971 5159 3517 5235 insulaABritannia,
3550 5164 3605 5217 in

2009 5230 2115 5308 qua
2158 5237 2363 5308 primus
2399 5234 2611 5308 Cicsar,
2639 5231 2744 5308 sed
2765 5245 2873 5308 non
2906 5230 3024 5286 sine
3061 5230 3243 5308 clade2
3291 5232 3423 5308 dein
3444 5233 3608 5308 Clau-

2010 5301 2170 5368 dius,
2201 5306 2296 5361 sed
2332 5306 2701 5374 prosperrime
2733 5301 2939 5374 bellum
2968 5303 3164 5372 gessit.
3197 5302 3315 5357 Non
3357 5304 3518 5374 igitur
3539 5304 3609 5358 de

2011 5377 2213 5444 insula,
2245 5371 2365 5446 qua:
2391 5371 2628 5428 conferri
2649 5388 2771 5428 cum
2800 5371 3186 5446 insulaqueat,
3211 5371 3449 5446 loquitur
3474 5371 3606 5446 Oro-

2015 5450 2163 5514 sius,
2195 5443 2291 5501 Sed
2322 5454 2601 5514 comparat
2631 5459 2717 5499 res
2749 5451 2964 5511 gestas,
3006 5451 3063 5499 et
3089 5444 3381 5514 victorias,
3412 5443 3608 5511 quibus

2014 5512 2218 5575 Cassari
2262 5519 2314 5571 in
2359 5512 2636 5571 Britannia
2689 5516 2923 5584 palmam
2962 5514 3229 5584 eripuisse
3272 5512 3406 5567 dicit
3442 5515 3605 5568 Clau-

1983 5591 1986 5594 ’
2015 5591 2188 5648 dium.

2086 5662 2178 5717 22.
2219 5658 2374 5715 Nihil
2422 5657 2656 5725 confero.
2696 5654 2789 5712 Sic
2825 5670 2959 5710 mss.
3014 5653 3195 5724 plures
3225 5664 3290 5728 et
3336 5654 3422 5710 ed.
3465 5655 3601 5725 Aug.

2017 5731 2146 5799 Alii,
2173 5728 2308 5802 nillil
2336 5731 2564 5802 profero.

2087 5796 2178 5859 23.
2224 5799 2289 5856 In
2321 5796 2596 5873 augendis.
2628 5797 2879 5866 Quidam,
2915 5796 3148 5869 agendis.
