4076 6174
315 309 453 367 ΗΠ

1325 313 1795 370 ιιιδτυιιιληωι
1838 310 2039 371 LIBER
2082 308 2193 368 VII.
2236 308 2388 365 CAP.
2436 308 2598 364 XXII.

3476 308 3613 368 Ill8

311 426 376 477 ad
405 438 635 480 coronas
661 421 862 480 Christi
891 424 957 480 de
984 427 1097 480 suis
1128 425 1147 455 ³
1177 414 1508 483 cruciatibus
1537 426 1699 481 misit.
1731 424 1909 480 Idcm-
1940 434 1983 485 Λ
2018 440 2085 478 ex
2117 423 2320 478 morbis
2353 432 2605 490 mortem,
2639 431 2847 479 naturce
2871 422 3029 480 linem
3058 438 3201 490 esse,
3235 440 3340 481 non
3375 440 3611 495 ptenam.

310 516 617 590 que‘tilium
642 531 799 575 suum
828 516 1099 571 (Iarsarem
1124 518 1275 588 legit,
1304 533 1427 573 cum
1460 534 1566 587 quo
1589 516 1748 571 simul
1774 533 1907 572 eon-

311 613 463 664 timto
515 607 678 682 515
721 609 773 663 in
820 607 1000 664 medio
1029 608 1387 665 barbarorum
1429 609 1549 664 sinu
1591 608 1909 665 interfectus

310 712 414 758 est.
450 702 606 757 Anno
635 700 703 754 ab
725 698 872 757 Urbe
908 699 1128 756 condita
1156 716 1267 756 uvn
1298 744 1311 768 ,
1359 701 1545 758 Gallus
1578 701 1911 763 IIostilianus

313 805 507 849 sextus
557 801 612 848 et
663 792 961 865 vigesimus
990 792 1060 847 ab
1091 796 1332 864 Augusto
1371 807 1597 864 regnum
1640 787 1909 864 adeptus,

315 885 337 917 ‘
360 887 443 943 vix
478 883 693 939 duobus
720 885 881 950 annis
907 898 1030 939 cum
1060 882 1352 938 Volusiano
1366 883 1515 938 lilio“
1533 883 1784 939 obtinuit.
1805 883 1913 949 Ex-

311 978 486 1035 oritur
518 974 654 1030 ultio
684 974 866 1032 violati
897 976 1134 1031 nominis
1165 975 1459 1031 Christiani
1489 1017 1503 1042 ,
1552 986 1603 1030 et
1635 989 1912 1046 usquequo

312 1070 378 1124 ad
430 1067 799 1143 profligandas
833 1069 1110 1124 Eeclesias
1141 1069 1317 1124 edicta
1353 1069 1495 1125 Decii
1524 1077 1906 1139 cucurrerunt,

311 1172 537 1219 eatenus
567 1160 1007 1219 incredibilium6
1033 1162 1346 1218 morborum
1380 1162 1546 1231 pestis
1570 1161 1908 1216 extenditur:

314 1255 458 1313 nulla
507 1253 621 1311 fere
652 1252 926 1325 provincia
960 1252 1206 1325 Romana
1235 1296 1247 1319 ,
1297 1255 1444 1308 nulla
1491 1254 1718 1323 civitas,
1766 1253 1909 1307 nulla

311 1346 504 1405 domus
533 1346 651 1411 init,
676 1360 797 1419 qua:
822 1360 929 1400 non
952 1345 1040 1401 illa
1068 1345 1307 1416 generali
1333 1344 1637 1415 pestilentia
1660 1351 1909 1414 correpta

313 1440 331 1469 ⁷
355 1450 516 1511 atque
548 1446 773 1494 vacuata
802 1439 894 1493 sit.
928 1437 1041 1493 Hac
1062 1438 1176 1491 sola
1208 1438 1450 1508 pernicie
1472 1433 1911 1508 insigncsGallus

298 1542 366 1611 .et
392 1531 744 1602 Volusianus,
774 1530 902 1588 dum
932 1539 1123 1586 contra
1153 1528 1533 1596 Emiliauutn,
1564 1529 1719 1585 novis
1748 1528 1911 1587 rebus

312 1625 669 1691 studentem,
724 1623 931 1679 bellum
961 1621 1122 1678 civile
1153 1620 1453 1678 moliuntur
1482 1664 1495 1687 ,
1546 1622 1710 1676 occisi
1759 1627 1905 1675 sunt.

311 1716 641 1781 IEmiiianus
678 1727 856 1773 tamen
887 1716 1054 1774 tertio
1090 1731 1279 1773 mense
1313 1718 1334 1747 ⁸
1370 1716 1572 1770 invasa)
1606 1715 1906 1787 tyrannidis

309 1816 610 1870 exstinctus
654 1822 760 1869 est.
1068 1866 1071 1869 .

888 1902 1119 1960 CAPUT
1160 1901 1330 1958 Xth.

316 1995 635 2064 Valerianus
667 2003 712 2048 et
749 1989 1018 2049 Gallienus
1048 1989 1309 2064 quomodo
1338 1999 1392 2064 et
1413 1992 1659 2064 quamdiu
1685 1992 1910 2062 impera-

382 2062 568 2120 verint.
607 2060 829 2135 Interim
858 2064 923 2119 de
949 2060 1308 2135 persecutione
1344 2060 1598 2135 Ecclesiae
1623 2104 1638 2130 ,
1695 2060 1909 2135 ejusque

380 2153 473 2207 per
496 2137 643 2191 varia
669 2131 806 2190 bella
827 2142 877 2189 et
897 2131 1237 2205 tyrannorum
1261 2134 1644 2204 conspiratione
1666 2131 1904 2189 ultionis.

381 2278 542 2331 Anno
574 2271 645 2329 ab
672 2270 825 2330 Urbe
854 2270 1075 2329 condita
1118 2289 1190 2329 nx
1219 2316 1234 2340 ,
1285 2273 1392 2329 duo
1439 2274 1799 2345 imperatores
1828 2274 1907 2327 vi-

315 2367 523 2440 gesimo
588 2367 823 2437 septimo
890 2375 1017 2436 post
1052 2366 1357 2438 Augustum
1390 2366 1512 2422 loco
1543 2366 1719 2422 creati
1758 2375 1906 2423 sunt.

320 2462 335 2490 ¹
364 2458 681 2514 Valerianus
706 2457 761 2512 in
794 2457 989 2513 Rhetia
1019 2457 1089 2513 ab
1117 2458 1360 2514 exercitu
1386 2457 1661 2528 Augustus
1702 2467 1787 2511 est
1810 2472 1903 2528 ap-

307 2551 563 2625 pellatus.
596 2554 617 2583 ⁸
646 2550 839 2609 Roma:
865 2560 1046 2607 autem
1078 2565 1107 2605 s
1139 2560 1334 2608 senatu
1364 2550 1664 2609 Gallienus.
1692 2549 1906 2607 Mansit-

305 2659 411 2715 que
436 2640 720 2703 Gallienus
749 2644 805 2701 in
835 2658 1007 2716 regno
1033 2641 1328 2705 infeliciter
1356 2642 1514 2701 annis
1542 2644 1855 2715 quindecim
1882 2686 1902 2716 ,

306 2735 803 2809 reSpirante517
836 2738 1110 2807 paulisper
1136 2736 1207 2791 ab
1236 2736 1325 2793 illa
1356 2751 1521 2807 supra
1545 2736 1765 2794 solitum
1789 2738 1901 2809 jugi

305 2837 360 2883 et
380 2827 530 2899 gravi
550 2828 862 2898 pestilentia
885 2840 1089 2900 genere
1112 2829 1370 2885 humano.
1391 2830 1661 2886 Provocat
1685 2845 1903 2901 pinnam

305 2934 457 2977 suam
480 2916 747 2983 obliviosa
772 2921 984 2979 militia.
1003 2922 1255 2992 Impietas
1277 2924 1421 2986 enim
1446 2921 1658 2995 ﬂagella
1681 2925 1900 2995 quidem

305 3012 325 3042 ³
355 3012 669 3069 excruciata
700 3014 903 3079 sentit,
936 3016 1030 3070 sed
1061 3030 1093 3071 a
1122 3030 1230 3085 quo
1258 3014 1599 3086 flagellatur,
1632 3017 1902 3073 obdurata

305 3119 410 3159 non
440 3107 627 3160 sentit.
656 3103 728 3160 Ut
755 3105 825 3160 de
846 3107 1223 3175 superioribus
1253 3117 1484 3177 taceam,
1515 3107 1655 3163 facta
1683 3124 1713 3164 a
1739 3110 1902 3167 Decio

2020 515 2227 571 liursns
2259 511 2421 585 igitur
2448 519 2611 584 atque
2643 514 2695 567 in
2729 512 2877 569 brevi
2910 514 3046 572 iram
3081 513 3172 568 Dei
3212 514 3489 571 sceleratis
3520 532 3611 571 ac-

2018 603 2255 661 tionibus
2286 615 2543 675 provocat
2571 647 2586 670 ,
2629 616 2923 677 exceptura
2966 606 3181 678 plagam
3214 649 3228 675 ,
3277 608 3430 679 cujus
3460 609 3479 638 δ
3511 608 3612 663 ali-
3640 624 3645 629 '

2014 700 2232 771 quando
2264 695 2581 755 meminisse
2616 705 2865 770 cogatur.
2922 696 3248 754 Valerianus
3296 699 3563 768 siquidem
3592 743 3611 775 ,

2018 810 2146 848 mox
2182 806 2239 848 ut
2286 791 2514 863 arripuit
2544 791 2856 862 imperium,
2891 799 3115 846 octavus
3141 806 3170 845 a
3200 790 3438 861 Nerone,
3473 792 3615 868 adigi

2016 898 2112 955 per
2141 890 2410 939 tormenta
2445 882 2783 937 Christianos
2816 878 2881 935 ad
2914 880 3300 951 idololatriam,
3335 884 3614 953 abnegau-

2017 987 2208 1046 tesque
2230 973 2464 1030 interﬁci
2491 974 2677 1045 jussit,
2711 972 2832 1028 fuso
2857 989 2951 1044 per
2973 989 3190 1055 omnem
3207 974 3434 1029 Romani
3462 976 3614 1047 regni

2014 1067 2359 1126 latitudinem
2389 1077 2703 1125 sanctorum
2736 1068 3020 1131 sanguine.
3055 1065 3387 1125 Valerianus
3416 1066 3565 1124 illico
3594 1115 3610 1142 ,

2016 1162 2208 1218 nefarii
2234 1171 2421 1218 auctor
2444 1162 2633 1233 edicti,
2658 1178 2689 1218 a
2707 1160 2918 1233 Sapore
2942 1160 3228 1220 Persarum
3254 1177 3379 1234 rege
3404 1174 3612 1237 captus,

2014 1258 2311 1327 imperator
2360 1256 2545 1327 pepuli
2580 1253 2850 1323 Romani,
2908 1254 3427 1327 ignominiosissima
3471 1256 3613 1327 apud

2014 1350 2210 1407 Persas
2264 1351 2527 1405 servitute
2580 1348 2916 1404 consenuit:
2959 1348 2980 1379 ⁸
3026 1350 3126 1405 hoc
3178 1348 3395 1404 infantis
3445 1349 3613 1406 oilicii

2012 1441 2293 1507 continua,
2326 1440 2499 1496 donec
2528 1440 2660 1496 vixit
2690 1482 2704 1506 ,
2746 1439 3096 1501 damnatione
3123 1440 3373 1513 sortitus,
3404 1451 3464 1496 ut
3495 1443 3613 1512 ipse

2011 1516 2236 1589 acclinis
2265 1531 2414 1587 ltumi
2442 1575 2458 1603 ,
2490 1532 2511 1563 "
2543 1546 2726 1603 regem
2752 1546 2915 1601 super
2942 1547 3295 1588 ascensurum
3328 1534 3379 1588 in
3413 1550 3610 1606 equum

2012 1625 2033 1657 ³
2062 1607 2169 1681 non
2207 1641 2371 1679 manu
2405 1639 2502 1680 sua
2527 1667 2542 1695 ,
2585 1623 2683 1679 sed
2718 1623 2883 1685 dorso
2909 1623 3206 1679 attolleret.
3236 1623 3302 1680 Et
3332 1622 3611 1682 Gallienus

2011 1716 2231 1791 quidem
2266 1726 2371 1772 tam
2398 1714 2545 1775 claro
2575 1716 2667 1771 Dei
2696 1714 2905 1786 judicio
2936 1715 3180 1781 territus,
3215 1718 3235 1750 ’
3264 1726 3480 1789 tamque
3512 1712 3613 1775 mi-

1940 1806 1985 1867 B
2015 1824 2138 1865 sero
2183 1809 2409 1880 collegae
2452 1814 2732 1881 permotus
2779 1808 3029 1880 exemplo
3058 1855 3072 1880 ,
3129 1824 3317 1882 pacem
3352 1810 3612 1868 Ecclesiis

2016 1899 2220 1972 trepida
2248 1898 2624 1957 satisfactione
2654 1900 2916 1957 restituit.
2943 1901 2985 1932 ¹⁰
3008 1901 3112 1957 Sed
3145 1903 3309 1977 518
3333 1918 3437 1959 non
3461 1920 3613 1961 com-

2015 2003 2205 2064 pensat
2236 1992 2449 2067 injuriae
2481 1993 2805 2066 ultionisque
2836 2009 3144 2069 menSuram
3191 2000 3355 2049 unius
3397 1996 3544 2067 impii
3586 2043 3601 2069 ,

2010 2086 2260 2156 quamvis
2316 2094 2579 2159 perpetua
2630 2093 2681 2141 et
2737 2101 2903 2158 supra
2963 2087 3183 2143 modum
3243 2086 3611 2147 abominanda

2010 2176 2301 2249 captivitas
2324 2219 2339 2244 ,
2387 2168 2575 2234 contra
2605 2185 2682 2234 tot
2708 2174 2877 2235 millia
2907 2179 3221 2236 excruciata
3254 2191 3569 2238 sanctorum
3592 2224 3611 2255 ,

1973 2338 1981 2345 .
2006 2262 2391 2341 justorumque
2418 2271 2643 2354 sanguis
2666 2311 2682 2337 ,
2722 2269 2789 2325 ad
2821 2269 2992 2326 Deum
3026 2270 3270 2329 clamans
3289 2318 3303 2344 ,
3338 2273 3392 2329 in
3419 2276 3610 2332 eadem

2010 2377 2133 2421 sese
2162 2372 2308 2420 terra
2340 2361 2432 2418 ubi
2460 2361 2615 2419 fusus
2644 2372 2768 2431 est,
2810 2363 3079 2419 vindicari
3104 2377 3279 2436 rogat.
3308 2365 3429 2421 Non
3462 2369 3607 2424 enim

2009 2457 2078 2511 de
2123 2456 2245 2511 solo
2285 2457 2656 2512 constitutore
2702 2460 2959 2529 praecepti
3010 2459 3161 2529 justo
3208 2461 3248 2491 “
3276 2461 3607 2533 supplicium

2002 2548 2214 2618 judicio
2244 2545 2592 2620 ﬂagitabatur
2616 2590 2631 2615 ,
2679 2549 2777 2606 sed
2804 2553 2972 2606 etiam
3005 2559 3364 2613 exsecutores
3389 2594 3405 2620 ,
3454 2552 3610 2613 dela-

2006 2651 2181 2711 tores,
2209 2650 2585 2709 accusatores,
2614 2651 2954 2712 spectatores
2978 2657 3041 2699 ac
3058 2643 3298 2714 judices,
3331 2654 3607 2716 postremo

2006 2746 2201 2789 omnes
2230 2733 2325 2803 qui
2352 2732 2724 2804 iniustissime
2753 2736 3063 2793 crudelitati
3092 2738 3181 2794 vel
3209 2738 3375 2794 tacita
3407 2739 3602 2795 volun-

2008 2835 2117 2883 tate
2144 2826 2186 2858 “
2218 2827 2645 2883 assentabantur
2664 2870 2677 2894 ,
2713 2831 2837 2899 quia
2867 2829 3013 2887 Deus
3040 2840 3381 2888 secretorum
3410 2833 3603 2907 cogni-

2007 2926 2093 2972 tor
2123 2929 2244 2984 est,
2297 2927 2354 2973 et
2393 2933 2628 2989 quorum
2673 2922 2909 2975 maxima
2945 2938 3043 2993 per
3075 2938 3264 2983 omnes
3291 2926 3606 2996 provincias

2004 3025 2133 3080 pars
2172 3011 2450 3067 hominum
2498 3013 2866 3078 versabatur,
2919 3013 3113 3070 eadem
3167 3015 3397 3071 ultionis
3445 3017 3603 3087 plaga

2004 3102 2208 3173 corripi
2235 3103 2449 3173 justum
2480 3113 2618 3160 erat.
2674 3104 2975 3162 Solvuntur
3024 3116 3257 3178 repente
3287 3110 3532 3178 undique
3559 3111 3604 3143 ¹³

302 3193 739 3251 Christianorum
763 3196 1164 3267 persecutione,
1193 3206 1364 3253 totum
1394 3199 1702 3255 Romanum
1729 3203 1900 3275 impe-
1927 3183 1975 3248 Ο
2009 3196 2277 3268 permissu
2291 3195 2385 3252 Dei
2409 3196 2475 3251 ad
2503 3199 2605 3252 hoc
2626 3197 3031 3267 circumposita:
3056 3198 3370 3270 relictaque
3391 3210 3604 3272 gentes,

290 3288 445 3359 rium
471 3288 780 3359 pestilentia
805 3304 998 3360 magna
1021 3291 1258 3346 vexavit.
1288 3292 1511 3349 Mentita
1535 3303 1620 3349 est
1644 3294 1901 3365 iniquitas

303 3381 446 3448 sibi,
491 3396 664 3451 pravo
695 3382 749 3436 in
783 3383 1079 3453 perniciem
1109 3399 1264 3439 suam
1294 3387 1664 3443 circumventa
1689 3389 1901 3459 judicio

304 3472 665 3542 pestilentiam
694 3474 998 3529 communis
1027 3488 1147 3533 esse
1178 3490 1336 3531 casus
1361 3521 1376 3546 ,
1403 3477 1425 3509 δ
1447 3480 1897 3557 accidentemque

2006 3288 2309 3361 laxatisque
2348 3288 2580 3346 habenis
2623 3286 2678 3347 in
2709 3304 2902 3346 omnes
2934 3290 3302 3349 Romanorum
3332 3291 3473 3351 fines
3507 3295 3597 3351 in-

2003 3386 2302 3443 vehuntur.
2331 3386 2595 3443 Germani
2623 3386 2885 3458 Alpibus,
2919 3386 3114 3444 Ritetia
3138 3429 3153 3454 ,
3204 3398 3424 3461 totaque
3449 3389 3602 3444 Italia
3656 3416 3659 3419 -

2006 3487 2310 3552 penetrata,
2336 3479 2659 3546 Ravennam
2688 3494 2860 3552 usque
2883 3480 3227 3555 perveniunt.
3244 3480 3289 3513 “
3313 3483 3604 3557 Alamanni

1590 3624 2043 3692 HAVERCAMPI
2084 3628 2317 3689 NUTE.
2369 3627 2374 3633 ’

374 3731 429 3787 5.
465 3726 811 3784 Cruciatibus.
860 3726 937 3807 Ita
988 3741 1179 3784 omnes
1199 3728 1322 3807 fere
1368 3748 1502 3807 mss.
1536 3741 1741 3797 rectius
1768 3783 1784 3807 ,
1836 3756 1895 3801 ut

306 3810 475 3886 puto,
525 3813 687 3870 quam
737 3798 1016 3865 crucibus,
1067 3801 1211 3869 quod
1265 3802 1320 3857 in
1376 3804 1566 3879 Vuigg.
1618 3798 1897 3886 plerisque

306 3881 502 3928 exstat.

374 3946 430 4028 ις.
481 3940 579 4023 Via:
606 3940 810 4028 duobu‘s
829 3940 1007 4028 annis.
1045 3941 1657 4028 EdLAugnstmduobus
1691 3954 1896 4028 (deleto

304 4016 409 4081 riat)
440 4013 589 4067 annis
616 4028 733 4063 cum
770 4009 1075 4082 Volusiano,
1108 4013 1219 4082 ﬁlio
1247 4009 1363 4081 s'uo,
1394 4009 1634 4076 obtinuit.

375 4087 427 4141 5.
470 4082 729 4137 Obtinuit.
762 4081 1033 4146 Perizon.,
1064 4081 1250 4139 tenuit.

374 4157 429 4240 6:
471 4152 784 4240 Mo‘rlLorum
803 4154 979 4240 pestis.
1002 4154 1169 4240 liujus
1192 4158 1377 4240 pestis,
1398 4160 1573 4240 inquit
1596 4165 1888 4240 Eusebius,

305 4227 457 4283 testis
487 4233 572 4279 est
596 4220 905 4295 Cyprianus
934 4225 1001 4280 de
1024 4220 1237 4281 murta].
1269 4220 1373 4284 lib;
1402 4220 1566 4288 Fabri.

376 4300 427 4380 7.
480 4297 913 4380 Atque‘uact‘t’ata
958 4296 1045 4350 sit.
1094 4295 1241 4380 ‘Mss.
1293 4305 1503 4380 restitui
1552 4306 1844 4380 lectionem
1873 4352 1891 4380 ,

302 4371 493 4450 cujus,
532 4363 674 4436 quod
706 4366 759 4420 in
792 4363 985 4436 Vulgg.
1026 4377 1132 4434 est,
1175 4380 1377 4426 vastata
1413 4375 1502 4439 sit,
1553 4378 1735 4448 glossa
1765 4363 1889 4440 esse

302 4451 529 4494 Vidcllll‘.

306 4518 325 4527 ’
375 4512 430 4567 8.
470 4508 694 4581 fugasse.
728 4508 897 4563 Abest
922 4507 1018 4581 ab.
1041 4508 1131 4581 ed.
1154 4511 1380 4581 August.

370 4581 500 4637 CAP.
532 4577 701 4633 XXII.
724 4608 795 4617 —
820 4582 871 4633 Ι.
924 4569 1316 4636 Valerianusvin
1349 4583 1553 4641 Rhetia.
1603 4591 1680 4646 De
1731 4593 1885 4649 Vale-
1916 4569 1971 4630 D

302 4652 455 4736 riano
481 4661 537 4708 et
561 4650 1115 4736 Gallienolegentlus’
1128 4661 1209 4707 est
1232 4653 1543 4714 Trebellius
1566 4661 1762 4732 Pollio,
1794 4666 1887 4736 qui

304 4724 582 4793 utriusque
612 4721 772 4775 vitam
802 4720 1040 4791 scripsit.
1075 4720 1239 4778 FABR.

372 4794 426 4849 2.
475 4795 654 4849 Roma:
697 4800 967 4876 antemna.
988 4803 1174 4848 senatu
1204 4793 1496 4876 Gallienus.
1544 4801 1891 4876 Subjun’gunt

301 4865 508 4945 aliqum
539 4871 758 4945 mss-et
782 4862 912 4917 editi
942 4863 1059 4945 fere
1079 4880 1270 4945 omnes
1289 4866 1464 4945 Ctesar
1484 4862 1708 4945 creatu's,
1738 4862 1889 4931 nian-

301 4933 628 5015 sitq'ue,.etc.
668 4933 867 5015 Verum
896 4949 999 5004 ego
1028 4935 1201 5015 delevi
1229 4939 1389 5015 istam
1423 4942 1676 4999 laciniam
1696 4933 1888 5015 'vilcm,

303 5003 618 5081 auctoribus
649 5003 1065 5081 tnss.F_lorentt.
1094 5015 1151 5061 et
1178 5008 1266 5063 ed.
1286 5012 1538 5081 August.:
1570 5014 1709 5072 duos
1741 5003 1885 5074 enini

305 5075 849 5159 imperatoressimul
876 5086 1093 5159 creatos
1120 5080 1280 5159 modo
1306 5075 1706 5159 di_i_it__0rosius
1732 5134 1746 5158 ,
1776 5090 1886 5159 jam

302 5157 513 5227 narrat,
546 5149 635 5227 ubi
668 5147 906 5227 locorum
938 5158 1042 5227 enea
1068 5149 1283 5227 quibus,
1318 5153 1568 5211 videlicet
1600 5147 1804 5227 patrem
1834 5160 1887 5216 in

303 5218 496 5274 Rnetia
529 5218 601 5273 ab
627 5218 908 5285 exercitu,
959 5217 1129 5273 filium
1180 5217 1363 5278 liomzn
1407 5240 1438 5279 a
1482 5217 1695 5284 senatu.
1747 5231 1889 5287 Infra

301 5305 517 5371 quoque
543 5289 800 5359 collegam
826 5291 1087 5360 appellat,
1119 5289 1307 5348 Caesar
1335 5306 1516 5351 autem
1547 5300 1890 5371 imperatoris

304 5361 513 5431 collega
544 5376 650 5415 non
676 5371 814 5415 erat.

372 5433 427 5489 5.
460 5430 805 5513 'Excruciata.
827 5430 967 5513 Mss.
992 5431 1165 5506 Lugd.
1198 5434 1339 5493 Batt.
1371 5446 1503 5507 tres,
1537 5454 1661 5497 eum
1692 5444 1887 5501 Collat.

299 5503 566 5569 Gronov.,
591 5503 893 5557 exercitata.

367 5576 427 5653 ᾧ..
471 5573 939 5653 ⁸ίᾌιιιςὶιιεηεεηιιιιιι,
987 5584 1095 5653 etc.
1150 5575 1323 5650 Lugd.
1368 5578 1513 5636 Batt.
1558 5591 1671 5640 tres
1697 5628 1712 5653 ,
1764 5602 1888 5643 cum

298 5644 441 5727 Coll.
468 5644 736 5727 Gronov.,
776 5646 1059 5727 communis
1102 5644 1260 5704 casus
1282 5667 1391 5727 esse
1418 5644 1737 5721 accidentis,
1774 5675 1890 5727 qua:

299 5718 378 5785 vel
396 5713 671 5797 eqmorbis
698 5726 934 5797 mortem,
967 5728 1167 5797 natura:
1190 5736 1309 5797 esse
1322 5722 1502 5797 linem,
1534 5742 1636 5797 non
1659 5713 1885 5797 pinnam,

301 5787 520 5858 putavit.
559 5785 684 5845 Mox
715 5785 769 5842 in
796 5802 952 5861 seqq.
985 5802 1085 5857 pro
1113 5791 1245 5843 iram
1274 5785 1396 5864 Dei,
1425 5785 1565 5863 etc.,
1603 5785 1767 5861 habet
1795 5785 1886 5866 mi

2001 3743 2121 3809 Dei,
2154 3753 2283 3806 etc.,
2320 3746 2601 3810 provocant
2628 3736 2866 3793 Florent.
2898 3751 3013 3810 sec.

2072 3807 2127 3871 5.
2166 3807 2482 3883 Aliquando.
2518 3807 3274 3883 Ed.August.,_aliquamdiu.

2072 3886 2125 3942 6.
2172 3878 2352 3939 Hoc...
2394 3880 2743 3935 damnatione.
2772 3878 3107 3948 Lugdaliatt.
3140 3889 3272 3947 tres,
3294 3893 3418 3935 cum
3446 3880 3587 3937 Coll.

1999 3958 2265 4021 Gronov.,
2298 3953 2450 4014 hanc,
2479 3960 2613 4007 etc.:
2645 3950 2791 4017 dein,
2828 3950 3229 4021 damnationem.

2069 4031 2122 4082 7.
2170 4020 2356 4096 Regem
2378 4039 2533 4095 super
2558 4035 2914 4096 accensurum.
2937 4020 3105 4090 Lugd.
3126 4021 3272 4076 Batt..
3296 4036 3436 4096 sec.,
3459 4031 3584 4079 teri.

2003 4109 2060 4156 et
2092 4093 2272 4169 quart.
2322 4093 2716 4169 commodesic
2743 4095 3061 4155 restituunt,
3085 4107 3205 4147 nam
3248 4093 3390 4169 quod
3423 4095 3475 4149 in
3510 4111 3595 4150 rc-

2006 4163 2168 4242 liqu'is
2190 4179 2244 4222 ut
2268 4166 2505 4242 eteditis
2526 4163 2956 4242 legitur,_semper
2977 4178 3331 4242 escensurum,
3351 4163 3594 4242 ineptum

2002 4234 2105 4298 esi.
2130 4239 2359 4296 Librarii
2388 4238 2715 4307 invenerunt
2738 4234 2793 4307 in
2815 4234 2977 4288 codd.
2999 4235 3104 4307 scri
3114 4243 3258 4302 ptum
3280 4246 3341 4305 sp
3365 4234 3588 4307 vel'sup.

2001 4327 2123 4368 cum
2159 4310 2351 4365 lineola
2378 4321 2538 4377 supra
2576 4305 2710 4359 duas
2752 4305 2959 4359 litteras
3000 4304 3193 4377 prioris
3232 4304 3591 4377 scriptionis,

2001 4383 2088 4437 vel
2137 4396 2234 4451 per
2263 4375 2595 4451 postremam
2641 4377 2876 4451 litteram
2924 4375 3178 4451 secundae
3212 4376 3394 4440 ducta,
3450 4377 3593 4433 unde

2001 4446 2224 4525 quidam
2254 4446 2321 4505 ex
2351 4450 2415 4504 iis
2438 4463 2535 4517 pro
2563 4460 2714 4525 super
2743 4446 2828 4499 vel
2853 4461 3011 4517 supra
3038 4446 3286 4501 fecerunt
3313 4462 3533 4525 semper.

2075 4526 2128 4579 8.
2175 4521 2296 4575 Non
2321 4515 2479 4573 manu
2509 4515 2921 4585 sua.'Floreut.,'
2948 4532 3052 4570 non
3079 4532 3258 4583 manu,
3287 4516 3378 4570 sed
3408 4515 3587 4572 dorso.

2067 4597 2121 4649 9.
2163 4592 2392 4662 Tamque
2411 4590 2620 4653 misero,
2647 4596 2757 4642 etc.
2788 4586 2957 4658 Lugd.
2981 4587 3120 4642 Batt.
3149 4595 3280 4653 tres,
3303 4597 3588 4659 tamquam,

1992 4674 2101 4721 81¢.

2068 4735 2156 4793 10.
2200 4731 2307 4790 Sed
2328 4748 2431 4786 non
2455 4736 2772 4800 compensat.
2804 4727 2997 4800 Vulgg.
3027 4728 3114 4801 ltic
3136 4729 3341 4801 legunt,
3375 4728 3466 4785 sed
3487 4747 3591 4787 non

1995 4820 2332 4877 compensans
2356 4847 2371 4869 ,
2419 4817 2612 4877 verum
2651 4815 2753 4877 e_g_o
2795 4800 3012 4877 praetuli
3042 4800 3295 4877 Periaon.
3329 4807 3388 4877 et
3414 4802 3587 4872 Lugd.

1996 4870 2121 4933 Bst;
2151 4885 2285 4933 tert.
2318 4875 2631 4931 lectionem.
2677 4870 2866 4928 Ferrei
2906 4884 3040 4927 vero
3078 4872 3178 4927 aevi
3210 4872 3428 4938 ﬁtecutio
3456 4870 3542 4928 est
3570 4915 3585 4941 ,

1996 4957 2291 5021 compensat
2324 4956 2507 5001 contra
2536 4954 2608 4999 tot
2632 4943 2836 5021 millia,
2860 4951 2969 5000 etc.
3001 4942 3262 5021 Potuerat
3297 4944 3541 5021 scribere
3569 4989 3585 5014 ,

1986 5014 2555 5093 justorumquecontra
2579 5018 2816 5087 sanguis,
2847 5024 2981 5084 etc.,
3012 5024 3066 5071 et
3097 5015 3322 5070 forsitan
3344 5014 3466 5072 loco
3487 5030 3589 5070 suo

1992 5089 2196 5146 motum
2226 5089 2312 5147 est
2340 5089 2474 5143 illud
2499 5097 2702 5142 contra.
3580 5097 3584 5102 '

2064 5164 2154 5217 II.
2201 5158 2714 5232 Supplicium.Mss.
2745 5155 2965 5228 quidam
2995 5158 3271 5232 supplicii,
3312 5158 3411 5232 galli
3457 5173 3583 5226 sup-

1994 5233 2174 5304 plicio,
2209 5230 2372 5286 male.
2398 5231 2765 5304 Supplicium,
2798 5232 2942 5299 quod
2977 5232 3149 5304 lueret
3193 5230 3392 5304 impius
3419 5269 3435 5294 ,
3477 5244 3585 5282 non
3640 5252 3647 5255 -

1994 5300 2336 5374 ﬂagitabatur
2376 5302 2444 5356 de
2488 5304 2608 5355 SUIO
2641 5300 2929 5374 Valeriano
2956 5342 2970 5368 ,
3010 5301 3102 5373 qui
3143 5302 3319 5357 edicta
3361 5308 3585 5374 cruenta

1996 5370 2182 5431 contra
2211 5373 2555 5430 Christianos
2581 5370 3053 5443 promulgaverat;
3078 5385 3267 5431 verum
3297 5380 3353 5425 et
3382 5370 3453 5425 de
3481 5370 3586 5424 mi-

1998 5449 2188 5502 nistris
2211 5446 2350 5515 ejus,
2377 5454 2483 5501 etc.

2072 5520 2157 5574 12.
2197 5513 2621 5571 Assentabantur.
2675 5514 2751 5570 Ita
2800 5513 3012 5570 malunt
3055 5527 3249 5569 omnes
3289 5526 3422 5567 mss.
3460 5526 3586 5568 cum

1998 5587 2315 5644 melioribus
2343 5586 2468 5642 edd.
2501 5595 2629 5657 vett.
2660 5602 2818 5657 quam
2845 5585 3272 5641 assentiebantur.

2070 5662 2158 5716 15.
2202 5658 2468 5713 Permissa
2484 5656 2618 5728 _Dei.
2654 5654 2823 5728 Lugd.
2853 5658 2995 5712 Batt.
3022 5667 3254 5725 quatuor
3281 5670 3403 5709 cum
3436 5654 3580 5711 Coll.

1996 5732 2268 5794 Gronov.,
2288 5732 2444 5802 jussu
2470 5726 2588 5802 Dei.

2078 5803 2164 5861 I4.
2193 5797 2490 5864 Alamanni.
2522 5799 2985 5867 Itascribeudnm,
3004 5810 3111 5861 non
3130 5797 3417 5865 Alemanni,
3442 5805 3587 5875 patet
