4076 6174
476 241 616 302 1119

1876 243 2082 304 PAULI
2119 241 2344 303 OROSII

3635 239 3779 302 "‘20

471 361 676 416 Gallias
723 368 1090 434 pervagantes
1116 405 1131 431 ,
1185 359 1350 417 etiam
1401 359 1456 416 in
1499 357 1710 416 Italiam
1763 369 2068 417 transeunt.
2101 363 2146 426 Α
2176 357 2382 429 ingenti
2409 357 2608 414 virtute
2639 369 2702 414 ac
2732 355 3111 415 moderatione
3138 370 3303 426 usus,
3332 365 3389 414 et
3419 357 3774 414 dominantes

475 454 684 511 Grtccia
707 496 723 522 ,
757 455 1075 529 Macedonia
1096 496 1110 521 ,
1141 455 1352 512 Pontus
1375 497 1390 523 ,
1423 457 1552 512 Asia
1584 456 1884 513 Gothorum
1917 458 2077 512 imm-

475 549 700 604 datioue
744 547 1018 608 delentur.
1069 547 1209 603 Nam
1249 547 1414 603 Dacia
1464 558 1613 604 trans
1663 548 1967 605 Danubium
2021 549 2075 605 in

472 646 799 711 perpetuum
847 640 1108 696 aufertur.
1150 637 1324 708 Quadi
1370 649 1426 696 et
1467 639 1737 697 Sarmata:
1767 640 2078 697 Pannonias

475 731 900 803 depopulantur.
932 733 1189 789 Germani
1228 733 1525 790 ulteriores
1559 733 1750 789 abrasa
1795 733 2080 803 potiuntur

477 821 763 894 Hispania.
780 823 962 880 Parthi
987 823 1435 895 Mesopotamiam
1457 824 1730 892 auferunt,
1752 823 2079 896 Syriamque

482 915 526 947 ¹⁸
539 914 859 971 corroduut.
878 916 1104 971 Exstant
1119 916 1298 973 adhuc
1315 931 1418 988 per
1430 915 1676 973 diversas
1695 917 2000 988 provincias
2023 917 2078 972 in

479 1023 796 1078 magnarum
820 1008 1041 1066 urbium
1066 1009 1240 1066 ruinis
1264 1011 1508 1082 parvae”
1531 1019 1587 1067 et
1605 1024 1872 1082 pauperes
1893 1009 2078 1078 sedes,

480 1103 634 1172 signa
661 1102 1030 1170 miseriarum,
1051 1111 1107 1160 et
1127 1104 1405 1159 nominum
1435 1103 1632 1160 indicia
1659 1112 1948 1160 servantes
1975 1121 1988 1159 :
2012 1119 2079 1160 ex

484 1194 685 1266 quibus
716 1209 816 1250 nos
841 1209 1060 1268 quoque
1082 1196 1136 1250 in
1161 1196 1420 1267 llispania
1441 1195 1804 1252 Tarraconem
1836 1203 2080 1252 nostram

483 1287 647 1360 519
671 1287 739 1342 ad
765 1288 1202 1345 consolationem
1234 1290 1275 1321 ¹⁷
1309 1288 1546 1344 miseria:
1573 1287 1807 1344 recentis
1835 1286 2080 1344 ostendi-

483 1396 626 1436 mus.
660 1380 725 1436 Et
752 1396 820 1436 ne
850 1380 980 1452 quid
1010 1381 1149 1436 forte
1175 1381 1412 1437 Romani
1440 1381 1696 1452 corporis
1720 1380 1791 1436 ab
1818 1380 1921 1438 hac
1947 1379 2084 1436 dila-

481 1475 763 1530 ceratione
783 1483 1046 1542 cessaret,
1074 1475 1117 1507 ¹⁸
1137 1475 1453 1546 conspirant
1479 1474 1810 1530 intrinsecus
1840 1471 2077 1546 tyranni,

481 1577 819 1638 consurgunt
863 1567 1000 1624 bella
1039 1568 1260 1636 civilia,
1306 1567 1550 1624 funditur
1580 1567 1780 1639 ubique
1816 1567 2082 1640 plurimus

483 1659 708 1729 sanguis
734 1657 1104 1714 Romanorum
1121 1701 1138 1727 ,
1166 1658 1429 1715 Romanis
1457 1658 1825 1730 Barbarisque
1851 1658 2084 1713 saevien-

2177 453 2361 509 hostes
2392 453 2634 523 expulit,
2675 462 2729 508 et
2774 452 3017 524 perditas
3059 451 3366 523 provincias
3403 452 3457 507 in
3491 451 3779 521 pristinam

2176 544 2371 600 faciem
2399 544 2736 610 reformavit,
2765 544 3035 599 seditione
3069 553 3249 598 tamen
3283 543 3514 598 militum
3543 543 3781 600 interfe-

2175 645 2298 692 ctus
2318 644 2422 692 est.
2454 634 2781 692 Emilianus
2804 635 2944 705 apud
2969 636 3392 707 Moguntiacum,
3419 651 3543 692 eum
3569 652 3660 693 res
3685 652 3783 692 no-

2173 742 2271 783 vas
2294 727 2602 794 moliretur,
2623 741 2925 800 oppressus
2949 736 3057 783 est.
3083 727 3213 783 Post
3232 736 3463 784 mortem
3489 728 3780 786 Posthumi

2179 821 2380 877 Marius
2406 819 2604 876 ibidem
2635 821 2834 877 invasit
2858 821 3170 891 imperium,
3202 821 3299 877 sed
3319 821 3585 877 continuo
3608 823 3784 878 inter-

2179 915 2350 970 fectus
2375 923 2480 970 est.
2517 913 2722 968 Deinde
2760 913 3069 992 Victorinus
3106 908 3144 968 a'
3168 912 3340 970 Gallis
3369 913 3512 970 ultro
3537 924 3780 982 creatus,

2179 1006 2225 1038 ὀ
2254 1015 2304 1062 et
2337 1016 2462 1078 post
2489 1004 2771 1076 paululum
2804 1004 3021 1060 occisus
3047 1015 3152 1061 est.
3199 1003 3334 1061 Huic
3377 1006 3649 1062 successit
3680 1005 3786 1061 Teo

2182 1101 2380 1170 tricus,
2416 1101 2509 1171 qui
2553 1108 2682 1158 tunc
2724 1099 2768 1131 ’⁸
2808 1100 3152 1170 Aquitanica:
3192 1097 3520 1170 praesidatus
3546 1097 3784 1155 admini-

2179 1195 2392 1252 strabat
2434 1193 2710 1260 cilicium,
2754 1194 2800 1225 “
2850 1192 3158 1264 multasque
3197 1191 3499 1248 seditiones
3547 1191 3784 1248 militum

2182 1287 2424 1361 pertulit.
2459 1287 2531 1343 At
2555 1302 2689 1344 vero
2717 1287 2771 1342 in
2793 1285 3026 1342 Oriente
3047 1299 3145 1358 per
3162 1284 3468 1342 Odenatum
3491 1284 3784 1357 quemdam

2181 1381 2414 1439 collecta
2444 1381 2646 1452 agresti
2676 1395 2864 1448 manu,
2894 1380 3022 1435 victi
3043 1379 3090 1410 ”
3111 1379 3430 1450 repulsique
3453 1374 3661 1446 Persas,
3685 1377 3784 1434 de—

2182 1475 2335 1532 fensa
2368 1473 2529 1547 Syria
2551 1515 2568 1543 ,
2601 1485 2822 1544 recepta
2851 1471 3242 1543 Mesopotamia
3270 1479 3392 1538 est,
3421 1479 3478 1525 et
3505 1483 3687 1540 usque
3717 1469 3784 1524 ad

2181 1566 2597 1638 Ctesiphontem
2631 1565 2891 1622 rusticani
2917 1564 3094 1637 Syria:
3120 1578 3245 1620 cum
3267 1562 3516 1619 Odenato
3539 1576 3642 1618 suo
3664 1563 3789 1618 vin-

2184 1659 2361 1718 cendo
2389 1667 2676 1714 venerunt.
2708 1657 2754 1689 “
2782 1656 3063 1714 Gallienus
3107 1664 3292 1711 autem
3329 1669 3454 1710 cum
3489 1653 3787 1726 rempubli-

484 1751 630 1808 tibus
655 1768 671 1815 ;
699 1751 796 1808 sed
824 1752 935 1808 cito
963 1752 1042 1807 ira
1066 1751 1162 1808 Dei
1193 1752 1249 1808 in
1275 1751 1708 1810 miscricordiam
1741 1750 1994 1819 vertitur,
2026 1758 2084 1807 et
2113 1760 2160 1823 Β
2186 1766 2305 1808 cam
2335 1751 2707 1820 deseruisset,
2748 1764 2813 1806 ac
2855 1748 3150 1806 Mediolani
3192 1746 3514 1804 libidinibus
3559 1747 3790 1803 inservi-

483 1849 679 1913 coeptte
701 1841 926 1898 ultionis
942 1842 1119 1912 major
1132 1842 1311 1900 forma
1330 1859 1491 1914 quam
1511 1857 1669 1915 paena
1688 1844 1745 1899 in
1767 1856 2080 1899 mensuram

484 1933 843 2004 plenitudinis
885 1942 1195 2006 reputatur.
1236 1935 1410 2006 Igitur
1454 1935 1665 2008 primus
1693 1936 1736 1969 ¹⁹
1767 1935 2077 2006 Ingenuus,

482 2027 576 2098 qui
603 2042 899 2098 purpuram
931 2029 1144 2100 imperii
1165 2039 1498 2100 sumpserat,
1519 2029 1662 2103 apud
1682 2029 1918 2104 Myrsam
1939 2031 2086 2088 occi-

484 2118 652 2173 ditur.
677 2119 1007 2176 Postbumus
1028 2120 1080 2176 in
1099 2120 1276 2178 Gallia
1299 2122 1498 2178 invasit
1520 2123 1888 2196 tyrannidem,
1911 2122 2086 2179 multo

485 2212 705 2286 quidem
728 2212 1044 2285 reipublicae
1063 2215 1377 2272 commodo.
1413 2215 1549 2274 Nam
1571 2232 1673 2289 per
1692 2217 1884 2275 decem
1914 2230 2088 2274 annos

2186 1855 2305 1912 ret,
2339 1844 2556 1900 occisus
2583 1852 2689 1900 est.

2661 1937 2825 2011 520
2858 1934 3089 1995 CAPUT
3130 1935 3323 1993 χχιιι.

2189 2031 2422 2088 Flavius
2451 2029 2739 2099 Claudius,
2788 2031 3035 2086 Aurelius
3082 2029 3405 2100 Quintilius,
3447 2037 3497 2084 et
3547 2025 3791 2082 Valerius
3831 2063 3834 2065 λ

2644 2103 2962 2158 Aurelianus
2985 2104 3339 2173 imperatores.

2261 2219 2422 2275 Anno
2451 2217 2520 2275 ab
2543 2214 2689 2275 Urbe
2716 2214 2933 2274 condita
2958 2229 3145 2284 uxxv,
3169 2215 3187 2245 ¹
3210 2212 3478 2273 Claudius
3497 2211 3792 2284 vigesimus

1751 2380 2207 2440 HAVERCAMPI
2245 2381 2478 2441 NOT/E.

487 2513 1207 2592 ex_(_3_on§tan_tininummo,
1251 2517 1303 2574 iu
1330 2531 1442 2592 quo
1469 2516 1875 2575 ALAMANNIA
1907 2517 2083 2576 GAV-

492 2586 664 2642 DIVM
693 2587 1159 2647 ROMANORUM.

562 2658 653 2712 15.
693 2657 1007 2733 Corradunt.
1059 2661 1232 2733 Lugd.
1273 2661 1415 2716 Batt.
1457 2669 1693 2733 quatuor
1721 2704 1737 2730 ,
1789 2676 1912 2718 cum
1953 2660 2083 2716 coll.

489 2727 740 2806 Gronov.
764 2739 819 2784 et
849 2730 937 2786 ed.
965 2727 1195 2806 August.
1224 2772 1240 2797 ,
1288 2727 1599 2788 contrahunt
1621 2777 1636 2801 ,
1690 2727 1845 2806 quasi
1886 2733 2088 2806 vellent

492 2800 880 2876 contractiorem
907 2843 922 2868 ,
968 2802 1033 2876 id_
1055 2800 1145 2858 est
1178 2807 1448 2876 mitiorem,
1485 2800 1886 2876 possessionem
1915 2803 2088 2876 Syria:

495 2869 755 2945 Romanis
785 2872 978 2928 factam
1011 2873 1180 2929 fuisse
1209 2890 1240 2928 a
1271 2869 1505 2932 Parthis}
1559 2875 1711 2931 Flor.
1751 2890 1864 2932 sec.
1895 2919 1911 2945 ,
1957 2869 2090 2930 ξοη-

491 2943 684 3016 rarluut
704 2983 737 3016 ,_
753 2951 903 3006 tert..
937 2947 1249 3016 congradiit.
1753 2975 1766 2991 ο

697 3013 964 3096 Pauperes
991 3013 1758 3096 sides._Col_on._et_Matertt.
1806 3034 1915 3073 sex.
1961 3017 2085 3096 libri

493 3081 645 3158 editi,
671 3081 829 3140 (edes.
863 3085 1058 3144 Verum
1091 3100 1148 3144 ut
1171 3089 1422 3146 Stellioui
1460 3090 1546 3145 ilia
1577 3100 1921 3158 rumpantur.
1954 3091 2088 3145 Oro-

493 3155 608 3247 sius
635 3158 828 3224 probat
854 3158 1140 3247 legendum
1169 3175 1290 3243 esse
1311 3161 1486 3247 sedes.
1520 3177 1641 3216 cmn
1670 3155 1803 3247 dicit
1829 3180 1839 3214 :
1868 3159 2090 3247 Επαιιὶ-

495 3225 588 3280 bus
610 3244 700 3282 nos
720 3225 931 3299 quoque
945 3233 997 3284 in
1026 3231 1286 3302 Hispania
1311 3230 1661 3286 Tarraconem
1681 3241 1928 3287 nostram.
1957 3225 2092 3285 Tar-

495 3301 813 3371 raeonensis
836 3305 1018 3371 itaque
1035 3301 1276 3367 ditionis,
1297 3303 1399 3358 hoc
1420 3316 1501 3358 εει
1518 3304 1798 3358 Citerinris
1815 3302 2090 3371 Hispaniae

496 3366 594 3420 fuit
623 3371 873 3444 Orosius.
885 3366 1270 3444 fiant—Ego
1289 3388 1505 3444 quoque
1529 3374 1580 3428 iu
1608 3373 1780 3444 Lugd.
1797 3366 1937 3428 Batt'.
1957 3389 2090 3444 qua-

500 3446 646 3514 tuor,
679 3441 806 3514 cod.
833 3442 974 3496 Ultr.
1006 3453 1167 3514 atque
1195 3441 1322 3498 coll.
1345 3441 1589 3500 Gronov.
1613 3441 1822 3511 inveni,
1841 3441 2006 3510 sedes,
2034 3454 2088 3498 ut

497 3509 569 3585 ile
609 3511 992 3585 ett_t_eudati0tte
1021 3509 1196 3570 Lautii
1234 3531 1339 3570 non
1384 3517 1456 3569 sit
1481 3509 1832 3569 dubitandum
1861 3556 1876 3580 ,
1925 3509 2086 3585 quam

490 3578 602 3648 jam
635 3581 765 3656 olim
792 3598 858 3638 ex
886 3585 1073 3639 codice
1103 3589 1309 3655 optimo
1338 3589 1646 3656 Augustana
1669 3587 1838 3641 editio
1864 3578 2087 3656 expres-

499 3660 646 3728 ser_a_t
672 3671 682 3705 :
704 3653 948 3728 denique
973 3656 1052 3710 sic
1084 3653 1212 3728 legit
1243 3653 1469 3728 uterque
1497 3656 1866 3712 Florentinus.

569 3723 654 3777 17.
689 3722 919 3780 Miseria:
947 3722 1191 3784 recentis.
1227 3722 1400 3802 Lung
1433 3728 1574 3784 Batt.
1612 3737 1756 3796 tres,
1793 3743 1916 3784 cum
1945 3725 2083 3784 Coll.

2185 2518 2426 2594 Gronov.
2459 2528 2516 2577 et
2542 2521 2668 2577 cod.
2702 2519 2878 2590 Ultr.,
2911 2520 3140 2577 miseria:
3168 2520 3465 2594 prementis.
3535 2540 3542 2544 ·

2261 2591 2352 2648 l8.
2380 2591 2694 2661 Conspirant
2714 2594 3025 2664 intrinsecus
3051 2590 3280 2664 tyranni.
3303 2590 3550 2664 Triginta
3571 2591 3792 2664 tyranni

2188 2676 2257 2719 eo
2276 2672 2528 2734 tempore
2550 2665 2782 2734 imperio
2812 2663 3415 2719 Rotnanoexstiterunt
3442 2679 3457 2717 :
3488 2663 3559 2718 de
3589 2663 3791 2733 quibus

2195 2733 2460 2789 Pollionis
2492 2733 2637 2790 liber
2659 2744 2859 2790 exstat.
2894 2734 3064 2790 FABR.

2266 2805 2354 2860 i9.
2389 2805 2684 2876 lngenuns.
2725 2805 2960 2862 Restitui
3007 2820 3203 2861 nomen
3242 2820 3307 2859 ex
3348 2802 3626 2876 Trebellio
3666 2803 3797 2859 Pol-

2195 2875 2351 2948 lione
2373 2886 2429 2948 et
2457 2874 2718 2944 nummis.
2748 2878 3046 2948 Perperam
3075 2879 3128 2932 in
3150 2877 3314 2931 editis
3337 2877 3535 2946 legitur
3553 2874 3797 2948 Genusus.

2257 2947 2348 3020 20.
2481 2958 2596 3016 post
2627 2946 2925 3020 paululum.
2958 2947 3062 3020 Ed.
3087 2948 3250 3018 Aug.,
3281 2956 3396 3020 post
3423 2946 3726 3020 paululum.

2258 3018 2350 3074 2|.
2385 3019 2730 3088 Aquitaniae.
2755 3018 2924 3089 Lugd.
2950 3019 3092 3073 Ball.
3123 3017 3240 3074 tres
3267 3030 3322 3073 et
3351 3017 3487 3072 Coll.
3515 3017 3796 3082 Gronov.,

2191 3089 2509 3160 Aquitaniae.
2540 3089 2766 3144 Veteres
2792 3101 3028 3160 utroque
3059 3090 3223 3144 modo
3247 3089 3611 3160 scripserunt.

2226 3163 2355 3286 b22'.
2394 3161 2711 3232 dlultasque.
2744 3161 2954 3232 Copula
2982 3177 3082 3232 que
3117 3161 3186 3216 ah
3220 3161 3472 3216 omnibus
3506 3162 3618 3214 fere
3661 3173 3800 3214 mss.

2263 3247 2323 3286 es
2357 3271 2370 3284 .
2537 3284 2540 3286 _

2191 3242 2370 3286 abest.

2265 3284 2358 3385 g5.
2393 3284 2733 3385 Repttlsique.
2766 3303 2938 3374 Lugd.
2967 3301 3091 3385 flat.
3123 3310 3274 3385 fert.‘
3297 3312 3354 3359 et
3379 3301 3518 3385 coll.
3548 3301 3802 3358 Gronov.

2116 3409 2162 3472 Ο
2195 3375 2403 3428 malunt
2445 3372 2767 3444 repressique
2790 3420 2804 3443 ,
2837 3372 2981 3444 quod
3015 3375 3158 3428 haud
3193 3372 3344 3442 pejus
3369 3381 3472 3426 est.

2265 3445 2356 3498 2L
2389 3443 2663 3498 Gallienus
2694 3456 2897 3498 autent.
2928 3462 3046 3498 cum
3074 3446 3472 3498 rempublicamt

2308 3447 2356 3499 ιι..
2389 3443 2663 3499 Gallienus
2683 3443 2897 3510 autent,
2928 3462 3046 3498 cum
3074 3446 3444 3512 rempublicam
3463 3443 3802 3498 deseruisset.

2193 3515 2454 3570 Nummos
2485 3525 2664 3571 tamen
2694 3518 2912 3586 reliquit
2941 3515 3112 3570 titulis
3141 3529 3197 3570 ct
3231 3517 3375 3586 typis
3411 3517 3548 3568 satis
3591 3516 3806 3582 magni-

2195 3587 2332 3652 Iicis,
2371 3588 2423 3658 in
2451 3585 2650 3657 quibus
2681 3585 2845 3640 etiam
2877 3589 3030 3658 quasi
3057 3585 3418 3658 tyrannorum
3443 3596 3498 3640 et
3524 3594 3805 3658 monstro.

2192 3672 2311 3712 rum
2359 3657 2593 3712 domitor
2639 3657 2935 3722 Hercules,
2971 3669 3028 3712 ut
3055 3657 3125 3711 ex
3158 3657 3378 3726 adpicto
3411 3657 3635 3710 maximi
3678 3671 3805 3709 mo-

2191 3728 2302 3783 duli
2335 3729 2662 3784 numismatc
2691 3727 2947 3784 Caesareo
2977 3728 3241 3799 colligere
3269 3737 3386 3795 est,
3413 3727 3757 3783 celebratur.

1278 4103 1523 4266 [γξ
1650 4126 1942 4280 φθΔ
2425 4038 2711 4254 iga
2831 4019 3223 4222 Τθῖίχλ

938 4478 1020 4559 Ζ
1183 4419 1479 4624 ξίικὲ
1670 4515 1724 4564 λ
2119 4533 2121 4536 ‹
2443 4393 3108 4710 [ἓωῶν
3272 4416 3348 4527 4

890 4863 900 4878 κ
991 4810 1175 4978 ΔΘ
1235 4775 1685 5014 Κῂῗὶρςκ
1813 4746 1959 4903 Θῗῗ
2062 4815 2076 4849 ’
3471 4908 3474 4912 Α

561 5366 1334 5446 ϐαρ,ΧΧΙΙῐτ-Ιηρζαιιᾴῑιω.
1358 5370 1745 5446 Claudiivitam
1768 5372 2075 5446 Trebellius
2105 5373 2158 5438 ι)
2181 5372 2386 5430 nummi
2423 5371 2603 5438 illam,
2651 5373 2706 5430 in
2724 5387 2848 5446 iqua
2881 5373 3153 5446 Victoria:
3202 5381 3287 5429 est
3335 5380 3520 5446 typus.
3565 5371 3610 5428 Α
3647 5382 3820 5446 parte

487 5441 728 5515 scripsit.
759 5442 1043 5498 Aureliani
1075 5441 1358 5515 V0piscus,
1387 5444 1664 5514 quietiam
1687 5445 1930 5510 Quintilli
1960 5461 2076 5499 me-
2184 5447 2368 5515 priore
2402 5455 2563 5513 caput
2602 5455 2685 5500 est
2719 5441 2894 5500 Taciti
2931 5447 3241 5500 laureatum
3263 5486 3280 5510 ,
3319 5441 3444 5500 cum
3479 5441 3816 5513 epigraphe.

491 5512 667 5594 miniit:
692 5514 841 5594 Lege
867 5522 1127 5594 praeterea
1154 5512 1484 5594 Eutrop-ium
1501 5523 1556 5570 et
1579 5516 2081 5594 A_ttrelit_tm._Fa_tin.

2199 5512 2776 5594 gToxpéa-cnpuxaiaap
2819 5525 3466 5594 κΛΔΥᾼΙΟψοιξΒαστος.
3507 5512 3819 5594 Imperator

491 5617 562 5629 --
586 5587 662 5642 Ad
692 5582 958 5655 insignem
991 5582 1410 5659 httjusACla‘udii
1437 5586 1722 5641 victoriam
1762 5586 1831 5641 de
1866 5586 2080 5653 Gothis,
2187 5582 2633 5659 Ca'sarfClau'dins
2659 5582 2944 5659 Angustus.
2979 5589 3406 5656 inscriptionem
3435 5582 3688 5659 eamdem
3716 5586 3819 5640 ha-

492 5660 648 5727 cujus
697 5659 1030 5712 mentionem
1077 5655 1209 5727 facit
1255 5655 1517 5720 Orosius,
1565 5666 1780 5727 spectat
1830 5672 2083 5713 nummus
2189 5658 2284 5714 het
2325 5658 2467 5714 alter
2512 5672 2664 5714 meus
2713 5655 2980 5713 nummus
3023 5655 3275 5726 ejusdem
3317 5657 3562 5722 Claudii,
3610 5659 3662 5711 in
3700 5673 3816 5725 quo

493 5726 738 5799 ejusdem
764 5728 1010 5799 Grmeus,
1033 5728 1086 5799 in
1110 5726 1366 5799 Egypto,
1388 5737 1445 5782 ut
1466 5726 1730 5793 creditur,
1752 5742 1920 5783 cusus
1941 5743 2084 5785 anno
2187 5743 2291 5784 con
2305 5738 2522 5785 suetum
2553 5731 2604 5783 in
2629 5729 2910 5796 ejusmodi
2950 5731 3116 5786 aereis
3154 5727 3389 5790 nummis
3407 5772 3420 5798 ,
3465 5728 3664 5799 aquilm
3691 5742 3814 5783 rer-

494 5797 702 5865 imperii
733 5798 852 5868 ejus
882 5798 1158 5868 secundo,
1189 5797 1348 5871 ιιι-θυι
1393 5799 1714 5860 inscribitur
1759 5799 1825 5854 ad
1871 5809 2081 5871 partem
2190 5802 2349 5855 nitur
2375 5799 2711 5872 symbolum.
