4076 6174
278 274 420 336 “29

1304 275 1774 338 IIISTORIARUM
1817 276 2021 338 LIBER
2065 278 2176 337 VII.
2215 277 2369 338 CAP.
2413 275 2628 338 XXVII.

3443 279 3582 342 “30

275 390 464 447 foveas
487 398 704 448 nostras
728 389 820 448 diu
848 398 1162 463 exspectate
1184 394 1422 460 venisti,
1458 396 1546 450 hic
1572 405 1624 451 te
1669 395 1870 452 decur-
1900 407 1948 461 Α
1979 397 2024 428 ⁸³
2057 397 2253 453 Decem
2289 399 2698 467 persecutiones
2745 410 2775 451 a
2825 395 3041 453 Nerone
3080 409 3252 468 usque
3294 398 3362 453 ad
3412 396 3586 455 Maxi-

278 500 468 542 surum
509 486 922 556 operiebamur,
964 486 1053 542 hic
1100 487 1382 558 delapsum
1414 489 1435 520 ³
1479 489 1875 559 opprimimus,

279 579 370 635 hic
409 579 694 636 confusum
746 589 1011 637 tenemus.
1054 581 1426 638 Sustinuimus
1479 592 1532 639 te
1571 583 1832 639 hactenus
1861 627 1876 653 ,

277 671 577 729 artiﬁciose
603 671 1007 742 quodammodo
1050 683 1106 730 et
1136 673 1331 730 callide
1368 673 1622 730 fortuitas
1672 685 1880 745 tempo-

277 779 399 820 rum
439 765 770 820 mutationes
811 765 1250 821 Christianorum
1289 766 1586 823 ultionibus
1617 776 1880 836 coaptan-

281 866 415 913 tem.
448 857 516 912 Et
540 856 812 912 interdum
845 857 1064 929 quidem
1094 858 1114 890 ⁵
1145 859 1518 916 verisimilium
1545 859 1733 929 specie
1760 873 1880 929 per-

286 951 442 1017 moti,
476 958 664 1022 utpote
691 950 938 1008 homines
965 951 1138 1023 ignari
1169 951 1481 1008 divinorum
1514 961 1876 1020 secretorum,

285 1041 482 1097 timore
505 1040 830 1112 palluimus;
860 1043 880 1073 ⁸
909 1042 1005 1098 sed
1044 1059 1188 1100 nunc
1210 1042 1492 1100 evacuavit
1523 1042 1879 1098 Maximianus

279 1143 469 1190 noster
499 1149 717 1190 omnem
745 1150 968 1191 scenam
1005 1135 1202 1191 fabulae
1228 1147 1329 1192 tua:
1350 1179 1364 1203 ,
1410 1144 1721 1203 nostraeque
1753 1135 1881 1191 relic

280 1226 458 1298 gionis
497 1227 517 1256 ⁶
553 1227 932 1298 antiquitatem
959 1229 979 1259 ⁷
1007 1228 1260 1283 columna
1307 1227 1748 1299 inexpugnabilis
1778 1226 1881 1281 ful-

281 1319 371 1374 sit.
396 1317 500 1373 Per
539 1333 712 1373 annos
738 1319 928 1376 decem
961 1334 1170 1376 eversa:
1209 1330 1336 1376 sunt
1377 1321 1624 1376 ecclesiae
1645 1329 1877 1386 vestrae,

283 1411 523 1465 utetiam
549 1419 604 1466 tu
636 1409 826 1467 fateris
862 1411 1185 1468 :dilacerati
1220 1411 1586 1477 cruciatibus,
1617 1412 1877 1467 exinaniti

281 1500 546 1556 mortibus
577 1509 691 1557 toto
721 1501 857 1558 orbe
883 1501 1202 1558 Christiani.
1243 1502 1518 1560 Tenemus
1547 1503 1772 1560 evidens
1801 1512 1882 1559 tc-

280 1591 595 1649 stimonium
627 1602 802 1662 tuum,
835 1594 1042 1650 nullam
1071 1595 1406 1666 superiorem
1440 1595 1878 1666 persecutionem
1917 1587 1928 1594 ’

278 1684 416 1741 adeo
443 1685 527 1741 vel
549 1701 770 1758 gravem
791 1687 878 1742 vel
902 1688 1210 1743 diuturnam
1235 1688 1428 1746 fuisse.
1463 1691 1528 1744 Et
1550 1701 1726 1746 tamen
1752 1703 1880 1746 ecce

1982 487 2223 543 mianum
2257 488 2505 544 Ecclesia
2555 487 2758 543 Christi
2804 488 2847 528 ³⁸
2889 503 3045 559 passa
3088 495 3190 544 est.
3225 487 3432 545 Novem
3483 491 3589 559 (ut

1981 593 2083 650 ego
2110 579 2266 649 dixi)
2298 580 2536 635 ultiones
2565 621 2580 646 ,
2612 590 2670 634 ut
2700 580 2802 650 ipsi
2834 595 2942 635 non
2969 581 3164 650 negant
3197 621 3212 646 ,
3245 580 3584 636 calamitates

1984 671 2028 702 ¹⁶
2059 687 2090 727 e
2120 673 2350 743 vestigio
2389 681 2700 728 consecutae
2743 681 2888 727 sunt.
2929 670 3043 728 Nec
3083 671 3136 725 in
3188 671 3356 727 verbo
3390 665 3442 702 ’τ’
3465 687 3589 742 pre~

1980 777 2124 830 mor,
2156 772 2332 818 utrum
2355 762 2555 818 debitae
2583 761 2838 828 ultiones,
2871 778 2938 817 an
2963 761 3198 818 fortuita:
3225 764 3586 832 permutatio-

1982 870 2081 911 nes
2122 855 2289 912 fuisse
2319 855 2628 922 videantur,
2658 871 2778 926 qua:
2810 864 2990 912 tamen
3037 871 3159 912 meo
3188 872 3394 927 suoque
3433 858 3588 913 testi-

1982 947 2169 1003 monio
2201 946 2386 1004 clades
2416 948 2649 1003 fuerunt.
2706 947 2764 1002 In
2811 947 3020 1004 decima
3053 947 3362 1003 haesitatum
3393 957 3590 1018 putant

1982 1039 2170 1094 miseri
2197 1049 2255 1095 et
2284 1039 2414 1095 caeci
2443 1080 2458 1107 ,
2490 1055 2595 1094 non
2623 1039 2869 1096 videntes
2919 1049 3067 1095 tanto
3094 1055 3216 1095 eam
3253 1040 3385 1111 ipsis
3421 1041 3589 1098 fuisse

1982 1133 2292 1203 graviorem
2323 1174 2339 1200 ,
2371 1146 2577 1204 quanto
2604 1134 2784 1188 minus
2813 1135 2856 1164 ¹¹¹
2884 1133 3161 1190 intellecta
3183 1143 3283 1190 est.
3318 1137 3358 1168 ¹⁹
3389 1135 3590 1206 Impius

1983 1223 2132 1279 enim
2163 1223 2491 1295 ﬂagellatur,
2523 1233 2577 1280 et
2605 1242 2712 1280 non
2757 1225 2923 1280 sentit
2953 1243 2967 1278 :
2993 1227 3038 1257 ὀ
3075 1226 3220 1296 quod
3257 1241 3379 1282 cum
3417 1241 3592 1297 expo-

1983 1313 2150 1370 situm
2183 1313 2381 1380 fuerit.
2411 1315 2562 1371 inviti
2595 1317 2724 1372 licet
2757 1327 2977 1388 propter
3007 1317 3178 1388 ipsam
3210 1334 3391 1374 rerum
3421 1319 3583 1375 ﬁdem

1983 1404 2338 1462 fatebuntur:
2373 1408 2498 1478 quia
2528 1423 2596 1464 ex
2647 1407 2738 1463 illa
2790 1409 3136 1464 Maximiana:
3191 1411 3586 1480 persecutionis

1983 1500 2220 1556 maxima
2263 1501 2543 1572 punitione
2575 1502 2737 1574 532
2787 1503 2890 1559 ista
2921 1514 3050 1560 sunt
3081 1505 3340 1573 vulnera,
3389 1507 3593 1576 quibus

1983 1593 2148 1650 etiam
2199 1610 2341 1649 nunc
2393 1595 2483 1650 isti
2539 1595 2756 1663 dolent,
2810 1604 2864 1652 et
2905 1598 2960 1652 in
3008 1605 3216 1654 tantum
3265 1599 3479 1664 dolent,
3533 1609 3596 1654 ut

1984 1687 2152 1741 etiam
2191 1685 2468 1757 clament,
2524 1702 2731 1759 nosque
2757 1689 2799 1720 ²¹
2848 1689 2916 1745 ad
2957 1691 3364 1748 reclamandum
3413 1693 3588 1749 laces-

275 1776 299 1808 ⁸
329 1777 476 1834 inter
516 1777 963 1849 tranquillissima
1008 1779 1168 1850 531
1219 1788 1523 1850 temporum
1555 1779 1696 1836 bona
1730 1781 1877 1850 ipso-
1907 1787 1957 1849 B
1981 1789 2137 1850 sant,
2170 1781 2436 1838 sollicitos
2459 1782 2608 1849 ﬁeri,
2642 1784 2878 1854 qualiter
2901 1785 3294 1843 conticescant.

277 1882 400 1923 rum
439 1883 660 1939 quoque
703 1869 1093 1939 imperatorum
1122 1911 1138 1936 ,
1167 1870 1257 1939 qui
1291 1868 1392 1925 ista
1421 1870 1670 1927 fecerunt
1698 1911 1714 1938 ,
1747 1874 1766 1904 °
1797 1873 1882 1926 in-

279 1960 481 2016 usitata
513 1960 772 2018 felicitas.
803 1961 845 1993 ¹⁰
874 1961 1028 2017 Nulla
1052 1961 1199 2017 domi
1228 1961 1422 2030 fames,
1452 1963 1594 2018 nulla
1628 1963 1886 2033 pestilen-

280 2050 378 2122 tia,
413 2053 621 2109 nullum
652 2053 785 2110 foris
805 2053 1033 2122 bellum,
1057 2053 1155 2109 nisi
1183 2054 1575 2122 voluntarium,
1602 2069 1710 2126 quo
1728 2070 1884 2111 exer-

278 2146 389 2203 ceri
422 2147 573 2204 vircs
602 2163 708 2203 non
740 2147 1082 2219 periclitari,
1111 2159 1327 2220 queant.
1361 2149 1468 2206 Res
1497 2159 1764 2220 praeterea
1787 2149 1886 2205 hu-

279 2253 440 2296 mano
464 2241 652 2311 generi
694 2241 981 2314 hucusque
1021 2243 1297 2314 incognita
1325 2284 1340 2311 ,
1385 2244 1681 2300 multorum
1719 2242 1886 2300 simul

279 2348 466 2404 regum
499 2334 711 2404 patiens
743 2337 1099 2406 consortium,
1129 2346 1186 2393 et
1215 2353 1411 2409 magna
1440 2335 1754 2400 concordia,
1788 2351 1886 2407 po-

287 2432 564 2497 testasque
590 2428 930 2494 communis,
962 2428 1099 2484 alias
1128 2444 1446 2498 numquam,
1474 2443 1620 2484 nunc
1651 2429 1702 2482 in
1732 2442 1884 2483 com-

286 2532 450 2575 mune
477 2521 842 2592 prOSpiciens.
885 2521 1092 2578 Deinde
1121 2523 1284 2579 etiam
1313 2564 1329 2591 ,
1362 2521 1508 2593 quod
1538 2522 1747 2593 absque
1776 2521 1881 2576 ulla

283 2611 547 2670 hactenus
601 2615 911 2672 mortalium
962 2617 1156 2672 notitia
1206 2626 1331 2684 est,
1397 2617 1758 2688 imperatores
1803 2617 1885 2674 illi

279 2704 502 2760 maximi
531 2746 547 2773 ,
572 2708 776 2780 quippe
797 2717 855 2765 et
883 2718 1261 2780 persecutores
1277 2749 1291 2774 ,
1327 2708 1534 2766 honore
1554 2709 1804 2780 deposito
1831 2717 1888 2766 et

281 2808 559 2869 assumpta
585 2800 790 2872 quiete,
820 2801 1039 2873 privati,
1071 2803 1213 2874 quod
1239 2803 1279 2834 “
1304 2801 1678 2859 beatissimum
1708 2801 1886 2858 homi-

281 2905 416 2960 nes,
447 2901 502 2948 et
526 2907 796 2949 summum
832 2895 1034 2951 bonum
1065 2896 1108 2928 ¹²
1140 2896 1266 2952 vitae
1301 2896 1460 2952 bona:
1507 2897 1788 2967 iudicant,
1831 2905 1888 2952 et

288 2983 392 3040 hoc
422 2992 550 3042 tunc
576 3027 592 3053 ,
637 2987 681 3052 3’
707 2988 857 3045 velut
895 2989 1103 3060 praemii
1136 2989 1262 3047 loco
1288 3033 1303 3059 ,
1353 2996 1605 3047 auctores
1629 3003 1885 3062 persecu-

282 3075 448 3134 tionis
478 3079 661 3150 adepti
681 3090 829 3150 sunt,
848 3083 1066 3153 quando
1092 3097 1326 3140 accensa
1355 3084 1685 3154 persecutio,
1704 3082 1885 3140 medio

2548 1893 2780 1954 CAPUT
2819 1898 3040 1954 XXVII.

1987 1987 2212 2066 Collatia
2257 1989 2440 2066 populi
2487 1987 3227 2066 lsraeliticiecquisnam,
3264 1994 3590 2066 r/Egyptiaci

2059 2059 2182 2137 item
2207 2069 2255 2114 et
2279 2059 2506 2137 [famani
2523 2060 3078 2137 tquqmodoilliﬂpro
3110 2059 3223 2118 Deo
3255 2065 3309 2119 in
3335 2059 3592 2137 afflictio-

2059 2129 2210 2184 nibus
2228 2171 2244 2198 ,
2271 2129 2327 2184 Ιιὶ
2352 2147 2384 2184 a
2406 2130 2518 2185 Deo
2540 2130 2594 2185 in
2621 2131 2792 2202 plagis
2812 2129 3009 2187 similia
3039 2136 3150 2204 fere
3179 2138 3322 2206 passi
3345 2129 3486 2192 sunt.

2067 2242 2082 2272 ¹
2115 2241 2173 2297 In
2205 2242 2382 2312 primo
2409 2243 2596 2299 libello
2633 2243 2942 2311 expositum
2990 2259 3020 2300 a
3067 2246 3225 2301 nobis
3262 2257 3386 2316 est,
3426 2249 3589 2304 Pom-

1988 2333 2171 2406 peium
2200 2334 2440 2406 Trogum
2468 2380 2482 2404 ,
2512 2346 2567 2390 et
2609 2333 2926 2392 Cornelium
2969 2327 3214 2394 Tacitum
3256 2354 3590 2397 commemo-

1989 2446 2141 2489 rasse
2166 2475 2181 2498 ,
2218 2448 2324 2488 non
2357 2432 2517 2502 plene
2549 2431 2765 2504 quidem
2797 2471 2815 2500 ,
2867 2441 3116 2489 nostrum
3145 2450 3276 2491 vero
3323 2435 3544 2508 Moysen
3575 2481 3590 2501 ,

1990 2523 2154 2578 etiam
2179 2524 2418 2594 ipsorum
2452 2524 2768 2580 testimonio
2799 2523 3038 2590 ﬁdelem,
3068 2525 3302 2582 ﬁdeliter
3326 2526 3599 2584 sufﬁcien-

1990 2623 2184 2687 terquc
2211 2616 2440 2685 dixisse,
2473 2616 2766 2688 Egyptios
2797 2626 2853 2674 et
2878 2633 3061 2689 regem
3096 2635 3320 2687 corum,
3351 2637 3474 2677 cum
3503 2637 3602 2692 po.

1991 2707 2177 2777 pulum
2215 2709 2312 2764 Dei
2338 2750 2353 2775 ,
2399 2711 2616 2765 servire
2657 2710 2922 2766 intentum
2953 2719 3008 2767 et
3037 2719 3287 2782 paratum
3313 2712 3428 2769 Deo
3457 2729 3557 2771 suo
3581 2757 3598 2784 ,

1989 2799 2352 2871 impedienda:
2385 2801 2690 2858 devotionis
2738 2803 2999 2859 instinctu
3023 2849 3036 2873 ,
3081 2806 3148 2860 ad
3180 2806 3352 2862 lutum
3393 2807 3604 2877 paleas-

1989 2907 2096 2962 que
2122 2901 2478 2958 revocarent,
2519 2892 2710 2950 decem
2750 2896 2770 2924 ¹
2806 2893 3176 2950 acerbissimis
3209 2898 3384 2968 plagis
3429 2899 3597 2954 fuisse

1991 2994 2245 3040 vexatos.
2284 2983 2487 3040 Deinde
2517 2985 2538 3016 ³
2571 2985 2830 3041 violentia
2858 2987 3125 3041 malorum
3157 2987 3448 3056 edomitos,
3481 3005 3591 3045 non

1990 3077 2169 3132 solum
2221 3077 2470 3148 coegisse
2533 3077 2876 3135 festinantem
2908 3119 2923 3146 ,
2987 3079 3082 3135 sed
3133 3082 3294 3136 etiam
3352 3085 3589 3154 propriis

286 3170 371 3226 sui
393 3179 638 3244 tempore
669 3184 782 3230 ιοιο
809 3176 943 3232 orbe
969 3176 1252 3232 smviebar.
1287 3176 1372 3232 Αιι
1400 3176 1564 3233 etiam
1591 3175 1732 3232 hanc
1759 3176 1888 3233 nea-
1913 3172 1960 3236 C
1993 3165 2012 3196 δ
2043 3168 2156 3224 suis
2182 3168 2457 3240 argenteis
2481 3177 2537 3225 et
2565 3169 2747 3225 aureis
2774 3169 2924 3225 vasis
2953 3172 3403 3229 accumulavisse.
3432 3175 3588 3243 Post,

281 3260 572 3318 titudinem
603 3263 710 3320 illis
741 3265 1078 3337 temporibus
1106 3265 1396 3336 poenaliter
1439 3265 1705 3322 accidisse
1733 3280 1887 3322 assc-

287 3351 389 3420 ris,
418 3360 473 3409 et
495 3369 595 3410 nos
627 3355 755 3413 hinc
785 3372 1002 3428 quoque
1035 3366 1242 3415 terrere
1272 3358 1515 3415 moliris?
1539 3358 1748 3427 Quibus
1788 3357 1891 3414 hu-

283 3443 487 3500 militer
515 3448 894 3518 responderim
915 3489 930 3516 ,
965 3465 1082 3517 me,
1113 3451 1345 3521 plurima
1375 3466 1505 3508 cura
1537 3451 1757 3522 pietatis
1796 3464 1890 3507 ac-

281 3535 543 3606 cinctum,
567 3553 922 3598 commonere
949 3541 1016 3599 de
1045 3541 1210 3611 veris,
1239 3557 1346 3600 non
1379 3551 1592 3600 terrere
1617 3541 1687 3600 de
1712 3541 1886 3599 falsis.

2001 3258 2198 3314 oblitos
2228 3261 2394 3331 plagae
2425 3275 2573 3330 sum,
2606 3270 2662 3318 et
2687 3262 2917 3334 cupidos
2959 3264 3160 3334 praeda:
3185 3265 3444 3322 indebita:
3464 3309 3481 3337 ,
3513 3269 3596 3324 in-

1992 3353 2150 3409 vidos
2177 3353 2338 3410 etiam
2366 3354 2644 3427 religionis
2665 3355 2890 3422 alienat,
2929 3357 3059 3414 dum
3089 3361 3410 3418 innocentes
3436 3361 3596 3420 avide

1993 3457 2419 3519 persequuntur,
2451 3448 2587 3504 mari
2633 3448 2819 3506 Rubro
2863 3450 3054 3508 ultime
3098 3460 3350 3526 receptos
3398 3469 3590 3512 omnes

1991 3541 2236 3599 funditus
2263 3541 2559 3600 interiisse.
2591 3543 2746 3612 Quod
2777 3559 2879 3617 ego
2908 3559 3053 3602 nunc
3082 3545 3264 3605 refero
3301 3562 3366 3604 ac
3391 3563 3593 3606 renun~

1567 3759 2021 3820 HAVERCAMPI
2059 3760 2294 3818 NOTIE.

357 3912 830 4000 5..Opprimimus.
874 3912 1046 4000 Lugd.
1099 3913 1219 3971 Bal.
1257 3921 1383 3971 tert.
1432 3922 1490 3970 et
1532 3921 1740 3986 quart.,
1787 3931 1884 3986 op-

326 4001 586 4040 resstmns.

287 4001 586 4058 pressimus.

298 4127 325 4130 _
358 4058 413 4111 4.
462 4055 856 4130 Verisimilium.
869 4055 1064 4130 Lugd.
1110 4057 1257 4114 Batt.
1297 4065 1551 4128 quatuor,
1584 4071 1707 4114 cum
1738 4055 1879 4114 Coll.

285 4127 554 4194 Gronov.,
592 4127 986 4184 verisimillima.

359 4199 415 4254 5.
440 4199 548 4254 Sed
576 4215 733 4266 nunc,
765 4210 871 4256 etc.
905 4201 1019 4256 Duo
1041 4215 1108 4257 ex
1128 4200 1318 4258 iisdem
1348 4215 1473 4259 cum
1503 4198 1880 4268 Coll.eadem,

283 4270 380 4324 sed
407 4285 576 4324 nonne
613 4286 778 4333 nunc,
811 4279 944 4326 etc»

359 4341 413 4415 fi.
455 4341 849 4415 antiquitatem.
885 4340 1038 4415 Edd.
1068 4342 1313 4414 quaedam
1346 4353 1508 4411 vett.,
1539 4345 1882 4415 antiquatam.

359 4412 413 4468 7.
448 4410 705 4485 Columna
725 4410 1140 4485 inexpugnabilis
1168 4414 1336 4485 fulsit.
1370 4410 1541 4471 Codd.
1561 4410 1733 4485 Lugd.
1763 4414 1881 4468 Bnt.

290 4491 418 4556 ter_t.
463 4493 518 4538 et
549 4483 822 4556 Perizon,
845 4483 1116 4539 *columna
1154 4483 1546 4556 inexpugnabili
1585 4483 1750 4556 fulsit.
1775 4485 1883 4540 Sed

2069 3914 2154 3970 Η.
2199 3911 2388 3970 Decem
2417 3915 2821 3986 persecutiones.
2853 3913 3028 3988 Lugd.
3060 3913 3181 3974 Bat.
3223 3933 3365 3993 sec.,
3412 3925 3589 3983 decem

1994 3995 2363 4058 persecutores.

2195 4054 2362 4131 fassa
2387 4065 2481 4131 est.
2519 4056 2651 4131 Mss.
2681 4056 2888 4131 aliquot
2912 4101 2926 4124 ,
2957 4075 3200 4131 perpessa
3226 4073 3323 4118 cst.

2066 4127 2156 4183 I6.
2186 4126 2234 4180 E
2273 4128 2789 4201 vestigio._Qualuor
2839 4126 3013 4201 Lugd.
3049 4126 3234 4200 Batt.,
3277 4150 3400 4193 cum
3441 4138 3585 4197 Coll.

1991 4199 2779 4275 GronovLetcod._l’_erizon._,
2809 4216 2836 4253 e
2869 4199 3116 4275 vestigiis.
3223 4199 3228 4200 ⁷
3291 4215 3314 4224 ’

2066 4271 2154 4350 l7.
2203 4269 2440 4325 l’remor.
2474 4270 2640 4350 lid_em
2673 4269 2796 4325 cod.
2829 4279 2889 4350 ut
2926 4269 3167 4350 et_'Fl_or.
3198 4289 3313 4350 sec.
3340 4321 3354 4344 ,
3387 4297 3580 4350 premo.

1993 4340 2092 4466 Etd.
2125 4340 2501 4465 Aug.tproma.
2533 4339 2741 4396 Sensus
2765 4349 2871 4409 est,
2907 4343 3035 4399 nolo
3062 4345 3128 4400 de
3158 4360 3225 4401 eo
3251 4339 3582 4421 disceptare,

1993 4427 2022 4466 u
2053 4427 2203 4466 rum.
2238 4427 2267 4466 e
2298 4429 2344 4465 ς.

1990 4427 2169 4467 utrum
2191 4456 2203 4472 .
2238 4427 2344 4466 CIC.

2062 4480 2458 4560 l_8._lnlellecta
2505 4489 2600 4536 est.
2643 4480 2815 4560 Lugd.
2859 4482 3129 4560 B_att.hpr.
3175 4496 3233 4543 et
3263 4497 3412 4560 tert.,
3462 4509 3586 4550 cum

288 4554 444 4637 vulg.
485 4555 656 4635 proba
699 4554 925 4625 ejusque
961 4571 1156 4612 sensus
1199 4551 1287 4610 hic
1315 4551 1416 4637 _e's_t
1444 4575 1455 4607 :
1488 4551 1881 4637 [antiquitatem
1985 4551 2128 4637 Coll.
2155 4553 2396 4637 Gronov.
2418 4593 2433 4619 ,
2463 4561 2655 4637 quanto
2685 4551 2852 4637 minus
2882 4551 3214 4637 intellectam.

289 4626 571 4698 religionis
602 4637 802 4680 nostra:
828 4637 1213 4698 oppugnatam,
1237 4626 1332 4698 sed
1354 4627 1637 4698 victricem
1668 4635 1723 4682 et
1752 4641 1885 4680 con-

287 4696 457 4766 stanti
483 4706 672 4752 tenore
704 4696 1111 4766 permanentem
1144 4696 1539 4765 Maximianus,
1572 4698 1734 4752 veluti
1773 4704 1885 4750 sta—

2060 4625 2154 4697 l_9.
2196 4623 2401 4697 Impius
2421 4665 2437 4689 ,
2467 4631 2574 4679 etc.
2608 4623 2782 4697 Verba
2809 4633 2939 4697 sunt
2964 4626 3168 4682 Jerem.
3202 4645 3256 4695 v,
3283 4633 3337 4686 5.

2061 4695 2155 4751 20.
2199 4695 2358 4770 Quint
2401 4711 2545 4758 cum,
2593 4704 2702 4770 etc.
2755 4695 2930 4770 Lugd.
2977 4697 3098 4753 Bal.
3152 4711 3404 4770 quatuor.
3447 4706 3585 4762 Coll.

289 4748 1880 4846 singulisin}.2sagasfrigeas:'eaii;.;.njgi.icyn.
1910 4748 1961 4809 Ι)
1989 4748 2255 4846 omisit,
2297 4748 2568 4846 Florenti.
2603 4748 2763 4846 uno,
2805 4748 3586 4846 Ρὲὲῑιόηῗὲδὲἆῗῖἱιίεξωὲὶ

290 4835 485 4894 Cicero
511 4837 664 4892 Orat.
717 4853 816 4907 pro
865 4838 1091 4894 Rabirio
1134 4838 1432 4893 Posthumo
1456 4852 1576 4907 cap.
1609 4837 1676 4893 16
1703 4856 1714 4890 :
1748 4835 1886 4890 Eum
1987 4839 2128 4908 quod
2155 4854 2292 4891 cum.
2325 4836 2545 4907 Repone
2566 4877 2580 4897 .
2608 4837 2818 4908 quodet
2848 4853 2998 4905 cum,
3021 4848 3130 4896 etc.

293 4908 550 4963 labentem
582 4910 803 4978 excepit,
827 4924 1070 4965 corruere
1095 4926 1197 4966 non
1221 4909 1360 4975 sivit,
1387 4909 1539 4980 fulsit
1563 4918 1609 4964 et
1637 4908 1888 4963 sustinuit

290 4996 368 5043 re,
405 4981 619 5048 fortuna
635 5021 649 5045 ,
687 4980 809 5050 ﬁde.

366 5052 423 5107 8.
464 5050 615 5105 Inter
643 5049 1103 5121 tranquillissima,
1126 5059 1236 5108 etc.
1271 5050 1443 5122 Lugd.
1480 5051 1597 5106 Bat.
1632 5065 1742 5121 pr.,
1769 5049 1885 5120 fne-

291 5131 416 5176 runt
444 5122 909 5192 tranquillissima,
945 5132 1051 5179 etc.

349 5191 728 5319 (avitintsitata
771 5193 1015 5262 felicitas.
1063 5192 1234 5266 Lugd.
1275 5193 1396 5249 Bat.
1439 5209 1578 5262 sec.,
1623 5192 1890 5247 inusitata:

371 5282 434 5319 ια
463 5281 496 5318 a
518 5280 584 5318 is.

318 5264 584 5319 'elicitatis.

295 5265 584 5335 felicitatis.
1156 5265 1164 5266 “

319 5405 330 5410 Α
366 5335 456 5410 10.
501 5333 666 5389 Nulla
693 5335 856 5404 domi,
884 5345 995 5392 etc.
1038 5335 1209 5410 Lugd.
1249 5336 1368 5392 Bat.
1406 5347 1516 5394 tres
1543 5382 1557 5407 ,
1582 5340 1698 5408 jam
1746 5334 1894 5390 nulla

295 5405 436 5461 domi
459 5411 618 5478 fontes
639 5449 655 5473 ,
689 5417 797 5462 etc.

368 5476 468 5552 ῃ.
506 5476 1170 5552 firmissimum.I’erizon.
1195 5522 1210 5547 ,
1243 5480 1642 5552 quietissimum.

371 5548 462 5603 12.
513 5546 648 5602 Vita:
677 5550 842 5604 bonw.
888 5551 1166 5608 Posterior
1193 5546 1303 5608 vox
1331 5551 1488 5608 abest
1514 5567 1542 5606 a
1569 5549 1744 5622 Lugd.
1775 5548 1894 5606 Bat.

339 5631 517 5675 uarto.

296 5635 657 5766 qngfl’elut
684 5693 887 5764 prwmii
929 5692 1064 5748 loco.
1111 5693 1282 5766 Lugd.
1315 5694 1435 5751 Bat.
1480 5709 1620 5766 sec.,
1658 5693 1798 5752 velut
1843 5691 1897 5747 in

299 5763 507 5838 pmmii
537 5763 674 5820 loco.

589 5857 868 5924 Paraon.
915 5856 1168 5929 XXXI.

2061 4909 2151 4962 21.
2179 4908 2257 4962 Ad
2280 4906 2692 4979 reclamanrlunt.
2727 4906 2828 4962 Ed.
2862 4911 3001 4979 Aug.
3041 4912 3156 4966 sola
3181 4953 3197 4977 ,
3233 4915 3302 4965 arl
3333 4931 3388 4969 se
3426 4917 3580 4972 dam-

1991 4981 2243 5034 nandum.
2280 4980 2450 5034 Locus
2478 4987 2562 5033 est
2589 4977 2874 5049 obscurus.
2899 4977 3056 5049 cujus
3086 4981 3175 5036 hic
3205 4984 3339 5040 mihi
3369 4989 3588 5045 videtur

1992 5065 2114 5107 esse
2159 5063 2357 5105 sensus
2398 5067 2413 5104 :
2465 5051 2765 5108 sentientes
2795 5048 2980 5106 miseri
3025 5053 3390 5111 calamitatem
3433 5074 3590 5116 suam

1992 5121 2119 5198 dum
2145 5121 2461 5198 exclamant
2499 5136 2614 5198 pra:
2649 5120 2840 5175 dolore
2864 5133 3108 5198 ,“cogunt
3136 5139 3237 5180 nos
3261 5141 3479 5198 quoque
3509 5133 3593 5185 vi-

1992 5192 2176 5264 cissim
2199 5191 2415 5264 ad‘illos
2443 5193 2777 5255 exclamare,
2801 5191 3067 5249 sollicitos
3090 5191 3362 5264 quomodo
3391 5191 3590 5257 sistere

1999 5263 2217 5319 illorum
2245 5261 2536 5318 clamorem
2578 5265 2869 5332 possimus.

2072 5337 2202 5390 CAP.
2234 5331 2626 5410 XXVII._—l_.
2670 5331 2946 5410 In__printo
2989 5335 3185 5393 libello.
3233 5337 3404 5410 Lugd.
3447 5341 3589 5399 Batt.

2001 5419 2086 5476 pr.
2114 5413 2170 5459 et
2195 5413 2420 5476 quart.,r
2441 5405 2494 5476 in
2527 5404 2692 5476 primo
2718 5403 2872 5476 libro.

2043 5476 2146 5602 (2..
2171 5473 2523 5530 Acerbissimis
2552 5475 2738 5547 plagis.
2769 5473 2939 5548 Lugd.
2973 5479 3093 5535 Bat.
3129 5488 3281 5548 tert.,
3327 5484 3594 5540 acerrimis

2063 5563 2193 5602 ams.

2063 5563 2193 5602 ams.

2003 5564 2442 5676 p‘glsl’iolentia
2474 5617 2750 5672 malorum.
2794 5618 3069 5687 Perizon.,
3114 5621 3359 5677 violentia
3393 5641 3595 5680 eorum.

2075 5689 2320 5816 ΐὲυῖῖυἱε.
2355 5689 2523 5749 Abest
2550 5689 2619 5746 ab
2645 5689 2735 5747 od.
2762 5689 2900 5763 Aug.
2934 5707 3056 5763 qua:
3085 5707 3210 5749 mox
3239 5695 3600 5756 accumulassc

2006 5770 2234 5819 mavult.

2986 5856 3065 5918 36
