4076 6174
1298 278 1767 338 HISTORIARUM
1809 273 2014 339 LIBER
2056 273 2166 333 VII.
2210 272 2364 333 CAP.
2409 273 2646 333 XXVIII.

3493 272 3641 331 ιιδι

327 395 558 454 Romani
585 394 735 451 orbis
759 392 1014 452 excitatae
1039 392 1278 466 undique
1309 392 1544 450 intulere
1567 400 1775 462 gentes,
1803 405 1925 462 qum
1955 390 2005 453 Α
2031 386 2364 458 impediente
2413 386 2643 458 caligine
2666 427 2680 453 ,
2726 384 2854 440 dum
2907 397 3016 440 non
3070 383 3309 449 videtur,
3366 384 3622 453 intratur,

326 490 570 548 caedibus
597 498 763 560 atque
806 486 1071 544 incendiis
1103 494 1325 542 cunctas
1362 484 1672 556 provincias
1697 483 1919 541 deleve-

327 593 475 642 runt.
510 583 587 639 lbi
618 597 759 639 nona
791 582 1024 637 turbatio
1055 581 1339 637 diuturnas
1368 592 1583 636 crassas
1607 593 1673 633 ac
1712 578 1756 608 ’ί
1788 590 1925 648 pene

328 675 649 732 traetabiles
693 674 944 732 tenebras
984 673 1208 742 habuit,
1260 672 1381 744 plus
1429 672 1656 727 omnino
1697 670 1924 741 periculi

327 770 659 829 comminata
690 784 854 841 quam
897 766 1024 823 fecit
1071 784 1084 821 :
1132 768 1220 823 hic
1248 765 1434 822 itidem
1480 779 1623 820 nona
1653 762 1927 832 correptio

328 864 451 931 fuit,
482 877 609 921 eum
639 862 935 919 Aureliano
970 860 1401 933 persecutionem
1430 857 1768 925 decernenti,
1794 856 1927 911 diris

334 959 643 1016 turbinibus
672 956 915 1015 terribile
940 972 1006 1015 ac
1028 956 1186 1013 triste
1214 955 1418 1013 fulmen
1449 955 1551 1011 sub
1580 953 1751 1023 ipsius
1777 951 1926 1023 pcdi-

330 1054 435 1111 bus
464 1053 596 1123 ruit,
629 1052 926 1110 ostendens
950 1052 1100 1123 quid,
1124 1066 1248 1108 cum
1277 1050 1414 1107 ultio
1433 1050 1560 1106 talis
1589 1050 1635 1082 “
1666 1048 1926 1119 exigeret,

335 1154 520 1202 tantus
549 1154 730 1217 posset
756 1145 918 1212 ultor,
949 1143 1055 1201 nisi
1078 1151 1133 1200 et
1151 1144 1399 1201 clemens
1426 1150 1571 1197 esset
1597 1148 1652 1197 et
1684 1141 1925 1212 patiens:

332 1251 661 1310 quamquam
686 1237 827 1292 intra
850 1251 944 1293 sex
966 1235 1166 1293 abhinc
1188 1249 1403 1291 menses
1427 1232 1669 1290 succidui
1693 1240 1806 1288 tres
1831 1230 1930 1286 im-

332 1340 636 1404 peratores,
661 1330 769 1387 hoc
786 1338 892 1393 est,
913 1329 1263 1400 Aurelianus,
1288 1328 1510 1385 Tacitus
1537 1334 1595 1383 et
1619 1325 1926 1388 Florianus.

329 1423 563 1481 diversis
594 1422 778 1480 causis
806 1422 1072 1479 interfecti
1104 1432 1254 1479 sunt.
1296 1421 1374 1479 lbi
1409 1428 1691 1492 postremo
1718 1416 1929 1474 decima

331 1518 514 1590 plaga,
544 1532 668 1588 quae
692 1526 747 1573 et
771 1515 1070 1572 novissima
1108 1516 1351 1571 omnium
1383 1514 1507 1581 fuit,
1549 1512 1596 1546 ³⁸
1623 1509 1933 1568 interfectio

334 1609 602 1676 ﬁliorum,
635 1621 776 1679 quos
803 1608 1013 1679 primos
1044 1607 1247 1679 quique
1269 1617 1573 1678 genueram
1599 1626 1610 1661 :
1646 1608 1732 1662 hic
1759 1601 1933 1660 nihilo

2029 489 2344 552 perpetuam
2369 479 2748 551 perditionem,
2777 476 3178 534 immortalibus
3212 475 3392 533 arsuri
3424 477 3629 548 suppli-

2027 575 2156 642 ciis,
2185 574 2504 631 sortientur.

2578 708 2808 766 CAI‘UT
2846 707 3088 765 XXVIII.

2034 845 2109 901 De
2135 845 2461 917 Constantini
2492 844 2671 917 Magni
2720 844 2964 917 Augusti,
3012 842 3289 917 Maxentii,
3329 840 3541 917 Licinii,
3581 852 3627 917 et

2104 916 2413 972 Maximiani
2444 911 2698 986 imperiis,
2740 911 2979 970 et'rebus
3019 914 3191 986 gestis.
3227 911 3360 967 Item
3402 913 3467 967 de
3506 912 3630 967 Aria

2102 989 2364 1053 haeretica,
2388 990 2600 1059 ejusque
2625 987 2867 1059 dogmate
2889 987 3156 1040 damnato.

2101 1142 2268 1214 Igitur
2305 1149 2540 1207 mortuo,
2576 1152 2629 1196 ut
2664 1140 2804 1207 dixi,
2834 1140 3188 1197 Constantino
3222 1139 3276 1193 in
3307 1138 3622 1203 Britanniis,

2029 1234 2421 1291 Constantinus
2449 1235 2745 1304 imperator
2773 1235 2791 1266 ¹
2825 1241 2912 1287 est
2953 1244 3197 1299 creatus,
3232 1232 3440 1303 primus
3472 1234 3491 1264 ²
3525 1233 3622 1286 im-

2029 1338 2338 1398 peratorum
2364 1327 2730 1394 Christianus,
2756 1335 2985 1397 excepto
3020 1326 3179 1400 537
3223 1325 3492 1395 Philippo,
3535 1325 3629 1395 qui

2029 1417 2366 1475 Christianus
2396 1420 2556 1474 anuis
2583 1417 2874 1474 admodum
2908 1417 3253 1489 paucissimis
3282 1417 3350 1473 ad
3378 1416 3483 1473 hoc
3510 1426 3629 1473 tan-

2034 1521 2145 1569 tum
2185 1512 2509 1569 constitutus
2539 1511 2708 1568 fuisse
2744 1510 2878 1567 mihi
2906 1511 3056 1567 visus
3085 1519 3190 1577 est,
3218 1519 3279 1565 ut
3306 1510 3627 1566 millesimus

2032 1605 2220 1662 Romae
2242 1621 2413 1662 annus
2440 1605 2658 1662 Christo
2685 1588 2888 1677 potius,
2915 1620 3075 1677 quam
3098 1605 3257 1661 idolis
3286 1615 3308 1647 ι
3330 1605 3624 1661 dicaretur.

330 1704 514 1760 minus
541 1702 777 1770 decima,
811 1701 861 1755 id
896 1708 1005 1768 est,
1046 1701 1344 1757 novissima
1387 1716 1549 1770 paena
1573 1709 1660 1757 est
1686 1696 1928 1755 omnium
2033 1697 2056 1729 ‘
2084 1701 2126 1753 Δ
2144 1698 2508 1755 Constantino
2533 1708 2718 1754 autem
2745 1712 2962 1768 semper
2982 1712 3175 1754 omnes
3200 1697 3499 1753 Christiani
3525 1697 3627 1751 im-

330 1793 601 1852 idolorum
625 1793 877 1865 perditio,
902 1808 1024 1864 quae
1048 1793 1297 1862 primitus
1323 1791 1461 1848 facta
1487 1793 1539 1847 in
1569 1792 1760 1864 primis
1782 1805 1929 1844 ama-
1960 1771 2010 1833 Β
2038 1803 2319 1865 peratores
2346 1810 2519 1864 usque
2548 1794 2570 1827 ⁵
2622 1794 2679 1849 in
2712 1794 3032 1850 hodiernum
3078 1793 3222 1849 diem
3262 1794 3430 1849 creati
3482 1800 3628 1858 sunt,
3734 1838 3739 1841 .

330 1883 483 1942 bant.
534 1886 610 1943 Ibi
656 1901 751 1941 rex
800 1883 1098 1955 potentiam
1151 1885 1245 1939 Dei
1291 1884 1502 1951 sensit,
1552 1883 1834 1954 probavit,
1876 1887 1932 1936 et

332 1977 534 2045 timuit,
570 1991 635 2033 ae
664 1992 764 2048 per
790 1975 895 2031 hoc
938 1975 1196 2047 populum
1224 1975 1323 2031 Dei
1355 1975 1585 2032 liberum
1624 1974 1775 2031 abire
1806 1989 1931 2044 per-

331 2072 524 2128 misit:
558 2072 605 2104 ’⁵
631 2070 719 2127 hic
762 2085 856 2127 rex
891 2071 1190 2141 potentiam
1216 2070 1311 2125 Dei
1357 2071 1557 2138 sensit,
1595 2070 1851 2139 probavit
1877 2076 1933 2125 et

331 2164 588 2227 credidit,
612 2178 677 2221 ac
705 2179 801 2232 per
829 2164 932 2221 hoc
969 2164 1230 2236 populum
1256 2163 1352 2220 Dei
1384 2164 1613 2220 liberum
1657 2178 1780 2219 esse
1809 2179 1930 2230 pero

330 2256 499 2313 misit.
530 2256 610 2311 lbi
639 2271 932 2329 numquam
968 2265 1155 2327 postea
1190 2256 1425 2327 populus
1457 2256 1551 2312 Dei
1589 2256 1656 2311 ad
1694 2255 1928 2311 servitu-

333 2354 443 2404 tem
474 2356 768 2415 retraetus,
807 2346 896 2403 hic
926 2362 1218 2417 numquam
1247 2358 1432 2416 postea
1462 2345 1699 2418 populus
1729 2344 1825 2400 Dei
1864 2344 1935 2400 ad

332 2438 696 2496 idololatriam
724 2447 948 2495 coactus
985 2448 1093 2494 est.
1129 2438 1204 2494 lbi
1233 2437 1614 2510 Egyptiorum
1644 2451 1774 2492 vasa
1804 2452 1930 2503 pre-

330 2534 475 2590 tiosa
515 2532 760 2591 Hebrmis
792 2532 989 2589 tradita
1034 2540 1163 2589 sunt
1198 2550 1209 2584 :
1248 2534 1337 2588 hic
1378 2533 1433 2588 in
1476 2532 1741 2589 ecclesias
1770 2531 1937 2605 536

336 2624 769 2684 Christianorum
816 2625 1085 2696 prccipua
1137 2640 1468 2696 paganorum
1520 2624 1719 2696 templa
1752 2637 1936 2679 cesse-

333 2730 481 2775 runt.
515 2717 663 2776 Sane
692 2716 847 2783 illud,
891 2727 953 2773 ut
990 2717 1126 2787 dixi,
1158 2718 1590 2773 denuntiandum
1625 2727 1779 2785 puto,
1804 2716 1934 2788 quia

331 2808 470 2867 sicut
499 2808 772 2882 Egyptiis
803 2817 925 2881 post
958 2810 1059 2865 bas
1085 2810 1275 2866 decem
1308 2811 1496 2881 plagas
1524 2808 1782 2866 dimissos
1824 2809 1931 2865 lle-

332 2902 513 2959 brmos
565 2904 818 2975 persequi
874 2902 1249 2971 molientibus,
1297 2904 1456 2959 irruit
1505 2904 1555 2937 ⁸⁵
1599 2919 1696 2975 per
1746 2919 1936 2975 super-

333 2997 553 3054 ductum
596 3013 745 3053 mare
788 3006 992 3053 aeterna
1037 2996 1271 3067 perditio
1310 3015 1322 3050 :
1375 2997 1444 3051 ita
1489 3005 1544 3052 et
1574 3011 1674 3053 nos
1714 2997 1934 3068 quidem

333 3088 506 3147 libere
536 3090 969 3161 peregrinantes,
1013 3097 1410 3158 superventura
1447 3088 1773 3160 quandoque
1810 3104 1935 3159 per-

335 3157 550 3240 secutio
570 3157 853 3255 gentili-ni
896 3157 1101 3240 manet.
1132 3181 1306 3237 donec
1350 3157 1502 3236 mare
1527 3157 1934 3249 Rubrum,hoc
1962 3157 2010 3224 (ἶ

337 3281 445 3341 est,
473 3273 654 3344 ignem
677 3272 891 3343 judivii,
929 3272 1053 3341 ipso
1075 3272 1309 3328 Domino
1342 3284 1530 3329 nostro
1563 3273 1689 3329 Jesu
1716 3272 1936 3329 Christo

338 3365 476 3422 duce
501 3372 557 3421 et
577 3364 782 3435 judice,
809 3376 1165 3419 transeamus.
1185 3364 1250 3418 lli
1278 3379 1405 3420 vero
1427 3367 1480 3420 in
1500 3379 1637 3435 quos
1654 3364 1937 3438 Egyptio-

338 3472 458 3515 rum
502 3457 672 3514 ferina
707 3458 1125 3524 transfunditur,
1176 3458 1443 3529 permissa
1474 3459 1539 3515 ad
1589 3470 1804 3531 tempus
1845 3475 1941 3531 po-

341 3557 539 3608 testate
588 3552 635 3583 ²⁶
686 3551 971 3607 smvientes
1015 3550 1356 3623 gravissimis
1399 3552 1620 3623 quidem
1670 3553 1939 3625 permissu

341 3644 438 3703 Dei
465 3646 509 3678 ⁸⁷
542 3644 886 3703 Christianos
907 3646 1242 3702 cruciatibus
1263 3656 1693 3718 persequentur;
1722 3663 1939 3705 verum-

343 3749 527 3796 tamen
564 3737 729 3795 iidem
760 3754 952 3796 omnes
998 3739 1202 3795 inimici
1231 3738 1465 3809 Christi,
1517 3756 1640 3797 cum
1684 3757 1811 3814 rege
1830 3752 1938 3798 suo

342 3830 698 3897 Anticliristo,
721 3832 931 3904 accepti
953 3839 1149 3905 stagno
1169 3832 1309 3903 ignis
1334 3834 1547 3902 teterni,
1568 3834 1710 3907 quod
1744 3850 1934 3907 magna

2033 1896 2266 1957 excepto
2293 1886 2534 1952 Juliano,
2565 1902 2725 1957 quem
2757 1888 2921 1959 impia
2946 1886 3026 1959 (ut
3058 1886 3231 1959 aiunt)
3266 1887 3287 1918 ⁸
3313 1885 3624 1942 machinam

2034 1988 2141 2034 tem
2170 1978 2464 2034 exitiabilis
2488 1978 2595 2034 vita
2620 1978 2880 2035 deseruit.
2913 1978 3041 2034 Haec
3074 1988 3156 2034 cst
3186 1977 3329 2033 lenta
3356 1978 3445 2033 illa
3472 1994 3633 2047 paga.

2035 2088 2228 2128 norum
2257 2087 2437 2142 pinna,
2467 2072 2561 2127 sed
2600 2081 2775 2129 certa.
2823 2073 2961 2127 Hine
3005 2073 3123 2127 sani
3181 2071 3476 2138 insaniunt,
3508 2070 3637 2126 hinc

2035 2168 2175 2220 7non
2195 2165 2461 2220 vulnerati
2486 2175 2951 2237 compunguntur,
2975 2164 3102 2221 hinc
3125 2166 3364 2221 ridentes
3392 2176 3636 2236 gemunt,

2034 2257 2162 2313 hinc
2204 2258 2448 2312 viventes
2488 2256 2773 2325 deﬁciunt,
2811 2257 2939 2311 hinc
2983 2266 3199 2313 secreto
3224 2260 3632 2323 excruciantur,

2035 2363 2172 2419 quos
2204 2365 2363 2404 nemo
2396 2349 2774 2419 persequitur;
2800 2348 2927 2404 hinc
2951 2349 3062 2418 jam
3091 2350 3402 2418 paucissimi
3424 2365 3639 2404 reman-

2037 2440 2351 2510 serunt,qui
2381 2455 2676 2511 numquam
2704 2440 2888 2511 aliquo
2902 2452 3271 2511 persequente
3300 2440 3473 2511 puniti
3487 2450 3633 2496 sunt.

2041 2533 2428 2589 Verumtamen
2460 2533 2638 2606 qualis
2668 2545 2799 2591 tunc
2829 2544 3206 2605 persecutores
3231 2535 3379 2603 illos,
3403 2535 3474 2591 de
3500 2549 3636 2604 quo-

2036 2642 2158 2683 rum
2187 2628 2507 2699 impunitate
2532 2644 2638 2683 non
2660 2630 2835 2685 solum
2858 2629 3106 2701 gloriari,
3130 2629 3225 2686 sed
3257 2630 3418 2686 etiam
3471 2630 3639 2685 insul-

2038 2726 2159 2775 tare
2187 2728 2477 2789 conantur,
2507 2720 2633 2775 linis
2658 2722 2877 2784 mansit.
2915 2722 3225 2793 expediam.
3280 2722 3643 2779 Constantino

2039 2811 2094 2866 in
2116 2810 2308 2868 Galliis
2321 2811 2699 2868 strenuissime
2712 2813 3107 2884 rempublicam
3133 2823 3478 2885 procurante,
3502 2830 3643 2885 pra:-

2041 2903 2237 2959 toriani
2272 2903 2472 2960 milites
2517 2903 2709 2959 Romae
2750 2904 3105 2972 Maxentium,
3142 2906 3309 2961 lilium
3363 2907 3640 2976 Herculei,

2040 2997 2131 3066 qui
2158 2999 2400 3062 privatus
2429 2997 2483 3051 in
2515 2996 2755 3052 Lucania
2797 2998 3137 3066 morabatur,
3164 3001 3460 3071 Augustum
3503 3017 3644 3055 nun-

2040 3099 2397 3157 cupaverunt.
2426 3086 2786 3144 Maximianus
2815 3090 3138 3159 Herculeus,
3160 3091 3273 3159 jam
3304 3107 3374 3148 ex
3400 3096 3644 3161 Augusto

2043 3185 2306 3254 privatus,
2330 3193 2385 3237 et
2412 3182 2589 3239 adhuc
2615 3183 2864 3251 publicus
2888 3194 3225 3255 persecutor,
3257 3187 3547 3241 occasione
3575 3186 3641 3241 li-

2042 3276 2101 3332 lii
2130 3277 2474 3341 sollicitatus.
2508 3277 2600 3347 qui
2642 3277 2934 3349 imperium
2974 3278 3273 3348 abiecerat,
3299 3278 3530 3349 arripuit
3562 3290 3641 3350 ty-

2040 3368 2344 3431 rannidem.
2399 3367 2649 3425 Galerius
2714 3369 2989 3440 Augustus
3044 3369 3308 3427 Severum
3369 3370 3640 3426 Cmsaiem

2042 3462 2305 3519 adversus
2338 3462 2663 3518 Maxentium
2713 3462 2940 3519 Romam
2973 3463 2995 3495 ⁸
3027 3478 3151 3518 cum
3180 3463 3424 3517 exercitu
3474 3463 3638 3518 misit.

2043 3555 2278 3612 Severus
2306 3571 2427 3611 cum
2456 3555 2656 3613 Urbem
2684 3554 3236 3635 obsideret,militum
3268 3571 3495 3611 suorum
3528 3570 3641 3611 sce-

2046 3649 2160 3706 lere
2192 3648 2446 3705 desertus
2474 3660 2530 3706 et
2559 3649 2825 3720 proditus,
2859 3660 3023 3720 atque
3069 3665 3135 3704 ex
3165 3664 3232 3704 eo
3280 3649 3512 3719 fugiens,
3545 3648 3647 3702 Ra-

2046 3759 2236 3800 venna:
2283 3743 2602 3799 interiectus
2631 3749 2734 3799 est.
2773 3742 3070 3798 Herculeus
3109 3740 3469 3797 Maximianus
3522 3755 3643 3810 per-

2047 3846 2286 3903 secutor,
2320 3840 2340 3871 ⁹
2366 3845 2422 3894 et
2450 3852 2515 3893 ex
2545 3836 2790 3907 Augusto
2818 3847 3102 3907 tyrannus,
3124 3835 3502 3891 conﬁrmatum
3530 3834 3640 3905 jam

1664 4100 2110 4161 IIAVERCAMPI
2153 4103 2390 4161 NOTAE.

415 4308 511 4389 SI.
544 4305 684 4389 ll’erte
702 4303 1019 4375 tractabilem
1047 4303 1218 4377 Lugd.
1245 4307 1360 4363 But.
1386 4306 1569 4364 duo-et
1586 4305 1941 4374 CuII.Gron.,

349 4378 709 4453 penetrabiles.

418 4450 509 4505 22.
552 4447 827 4523 Exiget-et.
851 4446 993 4523 Edd.
1024 4454 1158 4505 vett.
1185 4449 1456 4523 quadam,
1487 4450 1798 4523 exigeretur.

346 4522 512 4605 .“w23.
554 4518 861 4590 [interfectio
912 4518 1163 4589 ﬁliorum.
1212 4520 1310 4576 Ed.
1344 4520 1508 4592 Aug.,
1555 4518 1943 4594 interfectorum

350 4593 660 4734 milia};
688 4677 782 4734 rex
829 4661 1114 4734 potentiam
1164 4633 1296 4730 Dei,
1322 4671 1430 4718 etc.
1472 4661 1610 4718 Cod.
1640 4665 1804 4734 Aug.,
1844 4662 1946 4717 Hie

353 4734 559 4808 tyranni
590 4723 876 4808 Ecclesium
921 4730 1019 4808 D_e_i
1047 4749 1079 4785 a
1107 4723 1458 4804 persecutione
1486 4734 1698 4808 liberam
1727 4723 1944 4808 'I'io'nori-
1974 4723 2029 4785 Ι)

354 4802 447 4860 lius
508 4806 905 4876 ampliaveruut.
964 4802 1163 4859 Verum
1226 4816 1417 4859 auctor
1468 4804 1537 4860 de
1592 4803 1948 4876 Constantino

354 4877 551 4948 Magno
580 4872 691 4948 agit
720 4872 867 4946 quod
893 4881 1060 4948 patet
1106 4890 1174 4930 ex
1215 4876 1401 4948 verbo,
1422 4875 1664 4938 credidit,
1695 4878 1951 4947 opposito

353 4944 930 5076 illi'quod'praecessit
961 4946 1151 5000 timuit.
1204 4948 1350 5004 Sana
1391 4947 1552 5018 igitur
1598 4955 1681 5003 est
1729 4944 1948 5018 recepta

374 5028 540 5076 ectto.

374 5019 540 5076 ectio.

425 5089 518 5145 25.
566 5085 670 5143 Per
695 5087 1141 5160 superinductum.
1191 5089 1457 5145 Floreutt.
1492 5089 1620 5157 duo,
1667 5088 1947 5161 superduc-

354 5167 485 5218 tum.

428 5232 522 5288 26.
554 5231 849 5290 chientes.
883 5236 972 5291 Sic
1002 5250 1067 5292 ex
1098 5233 1341 5302 vestigiis
1365 5231 1491 5288 libri
1513 5231 1702 5286 Colon.
1727 5231 1945 5302 scripsi.

357 5302 494 5376 ﬁam
542 5303 672 5376 illud
722 5307 994 5361 seruientes
1051 5304 1193 5376 qund
1243 5302 1504 5376 hicgierat
1533 5319 1640 5374 quo
1682 5304 1950 5370 pertinet?

356 5373 607 5432 Lam.—
627 5372 785 5432 Unde
807 5372 1085 5433 servientes
1107 5376 1161 5431 in
1189 5376 1313 5432 cdd.
1342 5372 1690 5431 Fabrici—anas
1714 5377 1949 5444 irrepse-

357 5447 464 5515 rit,
491 5448 694 5508 nescio,
719 5448 846 5503 edd.
871 5451 1201 5504 vetustiores
1226 5458 1277 5501 et
1302 5461 1432 5501 mss.
1461 5446 1679 5513 lubeat,
1707 5457 1767 5501 ut
1792 5461 1953 5517 opor-

362 5526 463 5581 tet,
495 5518 774 5573 servientes.

430 5587 523 5642 27.
562 5587 886 5645 Christianos
924 5590 1234 5645 cruciatibus
1272 5596 1653 5662 persequentur.
1684 5590 1817 5662 Cod.
1851 5590 1954 5662 Pe—

362 5660 538 5733 rizon.
574 5669 636 5713 ut
658 5670 715 5715 et
743 5662 835 5717 ed.
886 5664 1024 5733 Aug.
1056 5660 1336 5733 primaque
1379 5670 1439 5733 et
1484 5661 1720 5733 Venetae.
1770 5660 1941 5733 Lugd.

365 5677 538 5715 mon.
574 5677 636 5713 ut
658 5677 715 5715 et
743 5677 835 5717 ea.
886 5677 1024 5786 aug.
1056 5677 1336 5733 primaque
1379 5677 1431 5716 et
1490 5677 1720 5715 venena.
1770 5677 1941 5732 Lugu.

365 5730 599 5802 Bat.pr.
622 5735 962 5802 persecutioni
998 5749 1055 5787 us
1076 5734 1392 5787 excruciant.
1421 5731 1527 5787 Sed
1555 5731 1780 5802 Orosius
1803 5731 1949 5788 lutu-

367 5814 463 5858 ras
488 5801 749 5859 Ecl-lisias
792 5805 1196 5874 persecutiones
1244 5818 1339 5874 per
1370 5804 1596 5859 alteram
1635 5801 1949 5875 Egyptum,

2047 4309 2397 4382 spiritualem,
2442 4310 3001 4382 videlicet,rinnuere
3059 4311 3298 4380 videtur,
3355 4315 3643 4382 praedictas

2048 4380 2698 4458 scilicetAin_A_pocalypsi
2728 4381 2979 4448 Joannis,
3014 4383 3156 4458 uude
3188 4383 3263 4449 id,
3292 4380 3633 4458 quodloqui-

2045 4460 2134 4507 tur
2156 4454 2224 4507 de
2246 4451 2592 4517 Antichristi,
2622 4452 2849 4523 ejusque
2877 4464 2935 4509 et
2964 4454 3231 4520 omnium,
3271 4451 3361 4523 qui
3396 4455 3471 4509 illi
3512 4451 3641 4514 sunt

2047 4523 2488 4595 similestptena,
2524 4524 3245 4595 quoquegdesumptumiest.

2119 4593 2255 4720 gari
2280 4593 2519 4718 XIXVIII.
2536 4624 2608 4635 —
2633 4593 2685 4651 ἱ.
2720 4593 2816 4649 Est
2844 4604 3070 4651 creatus.
3099 4594 3179 4649 Ex
3206 4595 3478 4669 plerisque
3504 4612 3634 4654 mss.

2152 4681 2170 4719 ι
2213 4682 2225 4719 ι
2277 4682 2328 4720 es
2360 4706 2372 4719 .

2049 4666 2255 4722 excidit
2277 4674 2372 4721 est.

2119 4735 2176 4790 2.
2210 4737 2613 4809 imperatorum.
2647 4734 2911 4809 Florentt.
2949 4736 3058 4792 duo
3086 4738 3385 4809 imperator.

2124 4809 2176 4881 ᾖ.
2202 4805 2500 4881 Dicaretur.
2533 4807 2704 4881 Lugd.
2737 4807 2878 4881 Batt.
2894 4817 3030 4874 tres,
3049 4805 3173 4881 eum
3197 4809 3333 4881 Coll.
3364 4808 3629 4881 Gronov.,

2052 4878 2247 4954 quibus
2277 4879 2546 4935 accedunt
2570 4878 2711 4936 Ultr.
2745 4878 3108 4954 et_Per_izon_.,
3139 4878 3487 4947 dedicaretur,
3519 4878 3639 4954 qum

2053 4949 2217 5005 lectio
2243 4965 2458 5020 quoque
2485 4949 2911 5016 superscribitur
2933 4952 2985 5003 in
3017 4949 3257 5005 Floreat.
3286 4966 3397 5006 see.

2123 5023 2177 5076 4.
2214 5021 2255 5074 Α
2280 5020 2624 5075 Constantino
2650 5020 3129 5094 autem._Plerique
3170 5036 3302 5076 mss.
3338 5023 3542 5094 legunt,
3594 5027 3638 5081 Α

2052 5091 2386 5151 Constantino
2417 5108 2591 5148 omnes
2617 5107 2815 5166 semper
2838 5089 3142 5159 Christiani,
3178 5101 3310 5162 etc.,
3333 5089 3514 5153 deleto
3529 5089 3637 5151 ἀη-

2048 5172 2168 5217 tem.

2124 5232 2175 5307 5.
2205 5232 2271 5307 In
2296 5234 2605 5289 hodiernum
2631 5234 2785 5307 diem.
2818 5232 2994 5305 Lugd.
3054 5234 3192 5291 Batt.
3225 5246 3479 5307 quatuor,
3513 5252 3637 5293 cum

2052 5305 2189 5362 Coll.
2213 5304 2482 5369 Grouov.,
2516 5307 2570 5360 in
2598 5307 2738 5359 hunc
2766 5304 3071 5359 hodiernum
3101 5304 3256 5361 diem.

2127 5375 2183 5432 6.
2207 5374 2617 5432 Machinantem.
2662 5375 2904 5431 Florent.
2932 5378 3223 5445 secundus,
3257 5378 3631 5435 machinatum.

2129 5448 2182 5501 7.
2214 5445 2338 5502 Non
2360 5445 2633 5502 vulnerati.
2660 5446 2793 5503 Cod.
2831 5446 3028 5512 Periz.,
3064 5449 3322 5503 vulnerati
3350 5465 3451 5503 non
3499 5467 3642 5505 com-

2057 5526 2381 5591 punguptur.
2418 5518 2578 5583 Male,
2609 5527 2667 5573 ut
2690 5589 2697 5591 Α
2720 5534 2785 5591 rx
2814 5520 3118 5591 conjunctis
3136 5531 3378 5591 apparet.

2130 5586 2190 5644 8:
2216 5586 2602 5673 Cum.e:rercitu
2630 5589 2790 5644 misit.
2823 5589 2963 5645 Edd.
2994 5586 3240 5662 quaedam
3293 5599 3451 5659 vett.,
3484 5594 3639 5647 mittit

2055 5677 2173 5716 cum
2197 5672 2443 5716 exercttu.

2129 5731 2184 5856 9'.
2212 5731 2280 5787 Et
2302 5748 2365 5787 ex
2392 5731 2643 5804 Angusto.
2680 5731 2853 5788 Periz.
2900 5738 2955 5787 et
2982 5730 3224 5788 Floreat.
3253 5747 3391 5801 sec.,
3424 5749 3487 5789 ea:
3526 5735 3638 5789 Au‘

2131 5820 2154 5856 s
2177 5818 2225 5856 ο.

2060 5818 2225 5875 gusto.
