4076 6174
412 278 553 335 1155

1810 272 2013 332 PAULI
2052 271 2275 332 OROSII

3571 264 3727 324 “56

412 392 454 423 ’°
483 392 538 447 in
573 388 803 461 imperio
834 391 1004 448 tilium
1031 398 1183 449 veste
1212 406 1276 448 ac
1306 395 1574 462 potestate
1602 389 1752 461 regia
1782 389 1823 421 ¹¹
1871 402 1996 459 ερο-
2022 385 2079 449 Α
2102 386 2246 458 pelli.
2291 386 2415 443 Mox
2440 386 2643 443 bellum
2693 383 2833 440 inter
2893 379 3159 438 Licinium
3218 380 3393 451 ipsum
3443 387 3500 436 et
3569 381 3722 437 Con-

409 484 544 542 liare
567 493 819 550 conatus,
848 485 1174 542 "conviciis
1195 495 1375 540 autem
1408 498 1472 539 ac
1500 482 1665 554 538
1683 480 2001 537 tumultibus

405 580 646 636 militum
673 580 846 651 palam
879 582 1232 651 conterritus,
1256 580 1310 634 in
1334 578 1564 635 Galliam
1590 562 1865 648 proiectus
1896 582 1999 641 est,

408 680 471 727 ut
512 671 873 728 Constantino
900 687 1104 743 genero
1133 686 1287 743 mque
1310 669 1451 726 dolis
1492 669 1715 740 junctus
1763 667 2003 722 auferret

406 764 728 835 imperium;
770 763 864 820 sed
897 778 994 834 per
1026 761 1192 819 ﬁliam
1224 760 1599 834 deprehensus
1631 774 1697 816 ac
1728 758 2001 830 proditus,

408 857 608 915 deinde
634 858 690 913 in
718 859 893 929 fugam
917 873 1134 921 versus,
1165 856 1414 912 Massiliae
1437 867 1732 925 oppressus
1757 863 1812 909 ct
1838 853 2005 907 inter—

405 951 585 1006 fectus
610 958 713 1007 est.
743 950 915 1006 Porro
955 950 1226 1019 Galerius,
1276 948 1459 1004 occiso
1484 947 1709 1013 Severo,
1739 943 2001 1000 Licinium

405 1044 795 1113 imperatorem
819 1042 1047 1099 creavit.
1073 1042 1317 1112 Cumque
1348 1038 1787 1111 persecutionem
1820 1051 1849 1091 a
1873 1035 2002 1091 Dio-

404 1135 641 1192 cletiano
668 1144 723 1192 et
771 1135 1097 1191 Maximiano
1128 1134 1172 1167 ¹³
1200 1134 1421 1190 missam
1474 1133 1592 1203 ipse
1641 1128 2005 1188 atrocioribus

403 1224 598 1282 edictis
622 1225 1104 1293 accumulavisset,
1119 1238 1185 1281 ac
1199 1232 1485 1297 postquam
1501 1237 1595 1293 per
1618 1235 1792 1277 annos
1812 1218 2003 1275 decem

407 1316 557 1373 omni
580 1331 780 1389 genere
807 1315 1089 1372 hominum
1121 1314 1373 1372 exhausit
1404 1313 1734 1385 provincias,
1762 1310 2006 1382 putrefa-

401 1419 492 1466 cto
524 1409 824 1465 introrsum
851 1418 1100 1480 pectore,
1127 1417 1183 1464 et
1213 1407 1472 1462 vitalibus
1521 1403 1823 1471 dissolutis,
1878 1416 2003 1457 cum

407 1499 548 1555 ultra
580 1499 865 1557 horrorem
899 1499 1151 1556 humanae
1175 1499 1412 1555 miseria:
1442 1496 1606 1554 etiam
1632 1510 1851 1554 vermes
1875 1510 2003 1551 eru-

403 1602 603 1662 claret,
631 1592 675 1624 "
696 1592 1025 1663 medicique,
1057 1592 1196 1647 ultra
1215 1592 1329 1663 jam
1363 1592 1593 1646 ictorem
1616 1604 1722 1646 non
1746 1590 2004 1654 ferentes,

393 1685 593 1741 crebro
637 1685 800 1756 jussu
847 1684 968 1756 ejus
999 1670 1409 1754 occiderentur,
1458 1698 1489 1738 a
1518 1682 1751 1755 quodam
1784 1679 2003 1737 medico

2103 478 2400 534 stantinum
2458 477 2725 535 efferbuit.
2778 474 2884 531 Sed
2934 473 3322 530 Constantinus
3398 472 3719 540 Licinium,

2104 572 2310 627 sororis
2359 587 2473 627 suae
2520 573 2693 627 virum
2725 612 2741 640 ,
2786 569 2839 625 in
2893 568 3173 624 Pannonia
3233 568 3468 638 primum
3528 566 3716 633 vicit,

2105 662 2303 720 deinde
2331 663 2473 733 apud
2501 661 2716 720 Cibalas
2769 661 3074 732 oppressit,
3124 660 3489 729 universaque
3554 658 3717 714 Grae-

2105 757 2190 813 cia
2239 755 2481 827 potitus,
2537 754 2804 812 Licinium
2864 753 3070 810 crebris
3134 751 3293 809 bellis
3333 759 3475 807 terra
3540 751 3717 807 mari-

2106 863 2215 920 que
2257 856 2633 921 assurgentem
2659 849 2701 881 ¹⁰
2730 855 2785 903 et
2814 860 3145 918 repressum,
3188 844 3408 900 tandem
3440 842 3507 899 ad
3538 841 3716 915 539

2107 940 2439 998 deditionem
2488 937 2698 1011 coegit,
2744 937 2839 995 sed
2893 936 3142 994 Herculei
3201 935 3563 1003 Maximiani,
3623 950 3721 990 so-

2109 1033 2221 1089 ceri
2262 1031 2388 1099 sui,
2450 1040 2634 1086 motus
2690 1030 2979 1100 exemplo,
3032 1043 3102 1085 ne
3152 1029 3351 1085 iterum
3403 1027 3715 1098 depositam

2109 1138 2404 1196 purpuram
2434 1124 2487 1179 in
2521 1122 2820 1193 perniciem
2848 1119 3164 1192 reipublicar
3186 1127 3434 1177 sumeret
3457 1161 3474 1185 ,
3527 1119 3717 1189 priva-

2110 1224 2220 1272 tum
2247 1215 2416 1286 jussit
2437 1214 2648 1280 occidi;
2672 1214 2716 1245 ²⁰
2745 1227 2892 1280 cum,
2915 1211 3294 1282 omnibusjam
3326 1209 3595 1267 ministris
3617 1225 3719 1267 ue-

2109 1308 2262 1365 i‘aria:
2293 1306 2694 1379 persecutionis
2721 1304 3036 1374 exstinctis,
3065 1304 3458 1376 huncquoque,
3477 1303 3530 1360 in
3544 1319 3718 1375 quan-

2113 1411 2227 1458 tum
2258 1416 2523 1459 exserere
2551 1401 2761 1473 potuit,
2789 1408 3197 1472 persecutorem
3225 1441 3241 1468 ,
3292 1398 3454 1472 digna
3491 1400 3711 1470 punitio

2108 1494 2400 1566 ﬂagitaret.
2426 1492 2772 1549 Constantini
2804 1491 2923 1562 ﬁlii,
2947 1491 3171 1564 Crispus
3193 1500 3251 1548 et
3278 1490 3680 1548 Constantinus
3699 1534 3718 1560 ,

2107 1596 2166 1645 et
2190 1586 2435 1644 Licinius
2464 1586 2808 1652 adolescens,
2833 1585 3028 1643 Licinii
3069 1586 3296 1654 Augusti
3340 1583 3485 1639 [ilius
3508 1624 3526 1652 ,
3569 1582 3718 1640 Con-

2109 1682 2332 1739 stantini
2359 1691 2540 1739 antem
2565 1699 2632 1740 ex
2654 1697 2845 1738 sorore
2876 1695 3068 1753 nepos,
3088 1681 3339 1737 Caesares
3368 1680 3717 1736 suntcreati.

401 1778 763 1833 constantiam
815 1792 881 1833 ex
935 1776 1317 1848 desperatione
1366 1785 1618 1832 sumente
1675 1774 1995 1844 increpitus,
2032 1773 2081 1833 B
2108 1775 2204 1832 [iis
2232 1775 2428 1832 diebus
2458 1778 2501 1807 “
2532 1776 2718 1840 Arius,
2752 1774 3142 1832 Alexandrina:
3168 1775 3319 1831 urbis
3349 1774 3663 1847 presbyter,
3689 1790 3720 1830 a

398 1869 536 1925 iram
562 1870 658 1926 Dei
684 1884 840 1926 suam
867 1883 993 1925 esse
1021 1883 1233 1939 poenam
1257 1878 1420 1940 atque
1447 1868 1572 1924 ideo
1598 1883 1627 1921 a
1648 1867 1874 1923 medicis
1894 1882 2002 1922 non

406 1976 569 2032 posse
596 1964 797 2028 curari,
825 1961 1017 2018 edictis
1049 1961 1156 2017 late
1185 1961 1390 2028 missis,
1416 1958 1759 2017 Christianos
1791 1958 1862 2016 de
1908 1973 2005 2014 ex-

404 2054 542 2111 siliis
566 2053 862 2111 revocavit.
896 2054 1017 2123 Ipse
1042 2060 1226 2108 autem
1267 2052 1543 2107 cruciatus
1569 2066 1677 2105 non
1705 2048 2002 2116 sustinens,

406 2147 516 2204 vim
547 2146 676 2203 vitae
696 2161 809 2202 sua:
837 2144 1043 2200 attulit.
1077 2144 1119 2175 ³⁸
1152 2143 1229 2198 ita
1260 2141 1566 2212 respublica
1597 2156 1742 2197 nunc
1768 2140 1869 2197 sub
1902 2155 1999 2198 no-

397 2242 483 2298 vis
522 2250 758 2312 quatuor
787 2236 1126 2310 principibus
1153 2234 1277 2305 fuit,
1309 2232 1672 2291 Constantino
1699 2240 1755 2289 et
1783 2233 2007 2290 Maxen-

409 2334 506 2403 tio,
542 2334 669 2389 tiliis
699 2332 1091 2403 Augustorum,
1111 2329 1320 2385 Licinio
1345 2336 1526 2384 autem
1558 2326 2001 2397 et‘°Maximino,

400 2426 715 2483 hominibus
747 2426 924 2482 novis.
958 2422 1350 2481 Constantinus
1380 2437 1568 2493 pacem
1593 2421 1855 2478 Ecclesiis
1881 2429 2009 2492 post

404 2518 596 2576 decem
624 2532 797 2575 annos
826 2532 984 2589 quam
1017 2531 1046 2571 a
1079 2515 1525 2587 persecutoribus
1549 2514 2006 2580 vexabantur,iu-

401 2610 814 2669 dulsit.Deinde
842 2611 987 2666 inter
1005 2607 1422 2665 Constantinum
1449 2616 1504 2663 et
1529 2606 1864 2663 Maxentium
1891 2605 2006 2662 bel-

400 2705 515 2761 lum
544 2703 705 2761 civile
729 2703 771 2735 ¹⁷
795 2710 1048 2758 exortum
1079 2709 1185 2758 est.
1243 2700 1575 2767 Maxentius,
1621 2714 1767 2771 saepe
1816 2699 2006 2756 multis

397 2796 610 2868 prmliis
639 2795 683 2826 ’⁸
717 2793 997 2864 fatigatus,
1020 2792 1213 2848 ultime
1251 2792 1319 2848 ad
1344 2801 1561 2863 pontem
1598 2791 1861 2848 Mulvium
1885 2792 2004 2848 vic-

399 2901 488 2948 tus
538 2898 593 2947 et
633 2888 955 2947 interiectus
1021 2896 1129 2944 est.
1170 2885 1527 2953 Maximinus,
1607 2887 2004 2959 persecutionis

394 2982 837 3039 Christianorum
869 2981 1120 3037 incentor
1150 2989 1559 3051 exsecutorque
1590 2978 2002 3050 infestissimus,

394 3075 541 3148 apud
587 3073 842 3142 Tarsum,
890 3072 1016 3128 dum
1061 3072 1232 3128 civile
1260 3071 1466 3128 bellum
1513 3080 1701 3129 contra
1734 3072 2002 3129 Licinium

2106 1867 2340 1924 veritate
2370 1866 2497 1924 ﬁdei
2526 1866 2810 1923 catholicas
2848 1868 3107 1934 devians,
3150 1865 3433 1923 exitiabile
3456 1867 3721 1938 plurimis

2107 1959 2305 2032 dogma
2331 1960 2636 2016 constituit.
2671 1959 2776 2028 Qui
2799 1959 2963 2015 simul
3002 1968 3057 2015 ut
3088 1960 3326 2030 primum
3357 1958 3718 2017 Alexandria:

2107 2051 2195 2109 vel
2217 2059 2378 2108 notus
2410 2050 2496 2107 vel
2518 2058 2739 2106 notatus
2761 2049 2903 2106 inter
2932 2049 3190 2107 confusos
3218 2050 3381 2122 vulgo
3406 2060 3720 2107 sectatores

2107 2144 2641 2216 insectatoresque“
2674 2142 2852 2199 iactus
2887 2153 3007 2213 est,
3053 2144 3123 2200 ab
3174 2143 3488 2201 Alexandro
3512 2185 3529 2211 ,
3584 2152 3717 2200 tunc

2109 2236 2358 2307 ejusdem
2386 2236 2536 2293 urbis
2566 2236 2847 2308 episcopo,
2871 2237 3065 2308 pulsus
3084 2236 3331 2293 Ecclesia
3347 2246 3452 2293 est.
3467 2236 3721 2309 Cumque

2106 2327 2356 2385 homines
2383 2327 2433 2395 ’ἕ
2460 2343 2598 2400 quos
2630 2328 2683 2382 in
2716 2342 2964 2384 errorem
2996 2326 3313 2397 seduxerat,
3342 2328 3508 2385 etiam
3540 2328 3597 2383 in
3625 2341 3721 2384 se-

2107 2420 2374 2479 ditionem
2405 2423 2699 2489 exeitaret,
2726 2421 2872 2492 apud
2902 2419 3164 2490 Nicaeam,
3198 2423 3390 2480 urbem
3419 2421 3714 2496 Bithynise,

2106 2523 2416 2572 conventus
2440 2524 2819 2571 trecentorum
2866 2521 2923 2570 et
2974 2512 3280 2571 octodecim
3320 2515 3712 2587 episcoporum

2108 2607 2286 2663 tactus
2315 2614 2421 2675 est,
2452 2620 2550 2677 per
2578 2619 2716 2677 quos
2745 2604 3008 2661 Arianum
3040 2604 3238 2676 dogma
3271 2605 3320 2637 “
3348 2605 3633 2661 exitiabile
3657 2615 3717 2662 et

2109 2702 2372 2757 miserum
2399 2698 2813 2756 evidentissime
2838 2697 3244 2770 deprehensum
3272 2740 3288 2767 ,
3313 2698 3490 2771 palam
3521 2699 3715 2769 prodi-

2074 2796 2221 2850 ’tum
2252 2807 2316 2849 ac
2344 2791 2695 2863 reprobatum
2722 2799 2831 2847 est.
2856 2790 2963 2846 Sed
2988 2791 3130 2847 inter
3158 2790 3278 2847 haec
3306 2791 3479 2848 latent
3504 2806 3710 2859 causm,

2108 2903 2206 2945 cur
2225 2887 2496 2945 vindicem
2529 2878 2805 2958 gladium,
2837 2894 2895 2943 et
2920 2884 3254 2943 deStinatam
3290 2887 3342 2943 in
3382 2887 3582 2957 impios
3620 2902 3714 2957 pu-

2106 2980 2396 3046 nitionem,
2428 2977 2824 3036 Constantinus
2854 2980 3151 3050 imperator
3177 2979 3343 3036 etiam
3372 2981 3424 3036 in
3452 2981 3709 3053 proprios

2106 3073 2216 3145 egit
2235 3072 2482 3129 affectus.
2497 3071 2632 3127 Nam
2645 3072 2894 3141 Crispum
2918 3071 3087 3128 ﬁlium
3113 3088 3268 3129 suum
3281 3075 3393 3130 et“
3414 3073 3708 3143 Licinium,

392 3168 653 3241 disponit,
687 3165 915 3224 interiit.
967 3164 1237 3237 Licinius,
1288 3165 1570 3237 repentina
1636 3166 1789 3223 rabie
1831 3166 2006 3223 susci-
2032 3150 2080 3215 C
2112 3156 2323 3224 sororis
2343 3165 2537 3236 tilium,
2560 3165 3146 3224 interfecit.Pr:ctcrea
3172 3168 3372 3225 multas
3394 3170 3560 3243 ξω
3575 3185 3708 3243 gen-

397 3271 564 3332 tatus,
613 3276 805 3320 omnes
861 3259 1261 3317 Christianose
1304 3258 1504 3330 palatio
1566 3275 1665 3317 suo
1707 3261 1869 3332 jussit
1906 3279 2005 3320 ex.

2118 3269 2202 3319 tes
2227 3260 2457 3319 diversis
2492 3259 2696 3332 prteliis
2724 3259 2961 3332 subegit.
2991 3260 3040 3293 ’⁸
3068 3258 3269 3318 Urbem
3291 3263 3337 3295 "
3358 3263 3592 3320 nominis
3619 3266 3707 3321 sui

1675 3417 2127 3478 ilAVERCAMPI
2159 3419 2386 3479 NOT/E.

390 3573 403 3631 ζ
468 3569 559 3626 10.
592 3565 660 3623 1η
685 3567 923 3638 imperio.
955 3561 1563 3638 Manuscripti_qnidam
1594 3561 1779 3617 delent
1809 3563 1885 3638 in.

468 3642 558 3697 11.
588 3634 832 3713 Spoliare
852 3648 1088 3713 conatus.
1119 3634 1291 3713 Lugd.
1319 3634 1742 3713 Battzquatuor,
1769 3635 1998 3705 spoliare

398 3720 615 3769 conatus
632 3703 739 3779 'est,
765 3718 824 3766 et
842 3709 919 3764 sic
939 3721 1157 3779 quoque
1183 3703 1329 3779 Ultr.
1357 3716 1413 3759 et
1428 3703 1574 3779 Coll.
1607 3703 1805 3761 Gron.
1833 3715 2000 3779 atque

397 3783 527 3841 edd.
557 3776 806 3851 quaedam
837 3776 1083 3845 veteres;
1119 3785 1175 3833 at
1199 3776 1368 3832 editio
1413 3776 1671 3848 August.,
1703 3778 2000 3846 exspoliare

403 3865 852 3981 οοξιὲῗιὲοηυὶοἱὶδ
882 3930 1054 3976 autem
1075 3936 1136 3975 ac
1157 3918 1484 3976 tumultibus.
1507 3915 1687 3973 Codex
1719 3917 1994 3985 Periznn.,

402 3994 679 4052 Convictus
692 4000 885 4058 autem,
906 4005 1051 4056 etc.;
1079 3991 1175 4047 scd
1206 3991 1259 4045 in
1292 3991 1507 4045 duobus
1535 3988 1710 4060 Lugd.
1742 3988 1886 4043 Batt.
1910 4005 2008 4043 au-

409 4076 513 4121 tem
538 4081 647 4120 non
680 4071 881 4118 exstat.

480 4138 570 4193 15.
604 4134 843 4190 Missam.
880 4131 982 4188 Ed.
1018 4131 1179 4202 Aug.,
1215 4145 1442 4202 passam.

478 4208 569 4264 ﬂ.
601 4204 912 4275 Medicique,
937 4211 1045 4259 etc.
1078 4200 1176 4275 Sic
1199 4200 1350 4275 recte
1377 4201 1430 4256 in
1454 4200 1591 4275 edd.
1607 4203 1804 4275 prima,
1827 4200 2004 4257 Vene-

405 4280 478 4336 tis
508 4286 565 4336 et
587 4277 759 4335 Scotti
788 4272 1079 4347 legitur,et
1104 4272 1237 4347 nihil
1263 4273 1314 4347 in
1345 4272 1704 4347 sequentibus
1728 4274 2004 4347 invenitur

407 4367 517 4422 quo
537 4365 641 4424 vox
668 4342 1002 4424 nequefqure
1022 4345 1267 4401 occurrit
1289 4344 1345 4399 in
1370 4342 1585 4424 Fabric.
1615 4355 1671 4401 et
1697 4343 1838 4410 aliis,
1877 4358 2001 4400 sese

412 4417 552 4479 tueri
585 4417 776 4479 possit.
1398 4417 1404 4424 ’

484 4435 855 4556 ΞΙΞ.Ἧῗιεξοζσρ.
886 4497 1025 4542 tunc.
1060 4486 1154 4545 Sic
1213 4493 1587 4556 trausponunt
1616 4499 1746 4541 mss.
1803 4484 2000 4542 Nescio

413 4562 689 4634 quomodo
716 4563 772 4618 in
794 4556 1133 4634 Fabricianis
1161 4566 1217 4634 et
1236 4558 1409 4634 Scott.
1441 4556 1568 4613 edd.
1591 4571 1691 4628 pro
1717 4565 1836 4613 tunc
1860 4558 1998 4614 tole-

412 4627 523 4693 rari
552 4634 790 4706 potuerit
817 4638 874 4706 et
888 4629 1060 4706 repeti
1085 4630 1307 4706 saepius,
1331 4627 1363 4681 Ι
1368 4639 1419 4706 φ
1443 4627 1754 4706 nunc'resp.

491 4698 583 4765 16.
629 4698 967 4759 Μειπὺηὺω.⁷
994 4698 1193 4757 Verum
1252 4698 1461 4754 homini
1488 4714 1685 4755 nomen
1714 4699 2007 4757 restituunt
2031 4705 2088 4768 Ι)
2180 4698 2273 4754 25.
2297 4699 2578 4766 Licinium,
2610 4701 2801 4756 sororis

416 4793 552 4834 mss.
580 4776 765 4846 Inepte
795 4775 848 4828 in
870 4769 1413 4846 vulg.,_l_laarintiano.

493 4849 580 4903 i7.
617 4841 873 4903 Eiortum
896 4841 991 4898 est}
1025 4841 1126 4897 Ed.
1156 4844 1293 4912 Aug.
1319 4849 1495 4895 ortum
1516 4849 1606 4896 est.

492 4918 585 4975 18.
621 4914 917 4988 Fatigatus.
948 4910 1578 4988 Lugd._Bati._quatuor,
1610 4910 1751 4969 Ultr.
1783 4920 1840 4969 et
1863 4911 2002 4970 Coll.

423 4991 690 5059 Gronov”
719 4983 983 5059 agitatus;
1009 4983 1098 5059 ed_.
1118 4983 1263 5059 _Aug.
1290 4984 1522 5055 fugatus.

494 5060 583 5118 19.
613 5057 685 5114 Ει
711 5053 1020 5129 repressum.
1055 5053 1156 5111 Ed.
1196 5053 1365 5129 Aug;
1390 5063 1440 5109 et
1466 5070 1791 5129 Oppressum.

490 5131 585 5187 20.
615 5124 1056 5194 Cunn'omnibus,
1078 5135 1187 5182 etc.
1215 5124 1550 5196 De‘pravatus
1581 5125 1633 5180 iu
1664 5126 1791 5182 edd.
1821 5126 1908 5182 hic
1936 5126 2010 5182 Io-

416 5218 516 5260 cus
542 5204 617 5258 ita
646 5202 746 5255 fuit
773 5216 785 5251 :
818 5198 1061 5265 Quamvis
1085 5197 1322 5251 omnibus
1341 5196 1459 5266 jam
1498 5196 1748 5251 ministris
1789 5198 2007 5267 nefaria:

415 5270 786 5351 persecutionis
810 5268 1094 5351 exstinctis,
1124 5267 1259 5323 hunc
1287 5282 1486 5351 quoque
1513 5267 1566 5321 in
1585 5276 2008 5351 quantumfam-

414 5339 530 5421 gere
560 5343 728 5417 potuit
768 5339 1169 5420 persecutionem
1199 5380 1214 5402 ,
1273 5340 1430 5421 digna
1480 5339 1682 5421 punitio
1720 5339 2003 5421 ﬂagitaret.

415 5408 604 5473 Primo
624 5408 804 5470 autem
828 5410 1045 5480 reposui
1073 5425 1191 5462 cum
1211 5424 1279 5465 ex
1309 5408 1435 5465 edd.
1460 5408 1699 5464 omnium
1721 5408 2002 5479 principe,

420 5486 599 5544 Paris.
627 5495 682 5542 et
709 5481 964 5547 Venetis;
996 5480 1143 5545 dein,
1175 5480 1499 5535 auctoritate
1535 5480 1698 5535 codd.
1730 5480 2001 5538 Florenti.

414 5559 669 5623 duorum,
703 5566 864 5624 atque
893 5553 1170 5618 Perizon.,
1201 5560 1349 5624 utet
1389 5549 1514 5624 cdd.
1554 5553 1781 5624 August.
1815 5558 1873 5606 et
1897 5551 2002 5614 alia

413 5619 664 5697 9mnium'
687 5619 881 5697 prima,
914 5638 1014 5697 pro
1038 5622 1442 5697 persecutionem
1471 5619 1570 5676 feci
1600 5619 1997 5697 persecutorem.

411 5695 519 5754 Pro
547 5692 784 5754 exercere
809 5699 861 5752 in
888 5692 1208 5765 quibusdam
1237 5707 1369 5747 mss.
1399 5707 1634 5765 exserere
1657 5692 1761 5763 legi
1798 5693 1999 5765 Inargiv

412 5767 566 5826 nales
595 5778 736 5826 notae
760 5768 813 5825 in
843 5761 978 5824 lli'tt.
1000 5775 1056 5824 et
1088 5763 1371 5837 Bolsuiug.
1408 5761 1539 5820 edd.
1581 5761 1870 5820 testantur.
1919 5763 1999 5822 Ne

2106 3562 2241 3618 illud
2272 3561 2492 3634 quidem
2525 3561 2763 3634 damno,
2805 3562 3010 3620 dictum
3049 3564 3193 3622 enim
3236 3575 3321 3624 est
3367 3576 3429 3624 ut
3470 3582 3708 3626 exserere

2106 3633 2405 3728 principem.
2424 3643 2487 3728 et
2507 3633 2727 3728 similia.
2745 3634 2870 3728 Fuit
2898 3636 3062 3707 igitur
3081 3648 3418 3721 persecutor,
3438 3652 3704 3728 quantum

2105 3705 2205 3780 per
2231 3721 2291 3761 se
2312 3706 2491 3780 potuit
2507 3705 2770 3780 Licinius,
2797 3705 3011 3763 futurus
3030 3705 3290 3780 acrior,si
3314 3705 3414 3780 per
3437 3705 3705 3768 Constan-

2109 3774 2281 3831 tinum
2311 3776 2578 3852 licuisset.
2613 3774 2802 3852 Itaque
2829 3780 3025 3852 merito
3071 3774 3225 3836 illum
3237 3821 3253 3849 ,
3288 3774 3382 3852 qui
3423 3783 3576 3840 solus
3603 3800 3699 3840 su-

2110 3855 2349 3918 pererat,
2372 3847 2554 3918 divina
2581 3849 2838 3904 manebat
2862 3848 3126 3906 vindicta.

2179 3919 2273 3975 Ἦ.
2306 3917 2484 3985 Arius,
2515 3917 2889 3974 Alexandrina:
2919 3920 3085 3975 urbis.
3137 3921 3212 3977 De
3238 3923 3371 3979 Ario
3392 3932 3447 3981 et
3473 3925 3704 3982 concilio

2105 3987 2312 4062 Niceno
2343 3996 2450 4045 tam
2483 3988 2983 4062 multa_scriptorcs
3019 3992 3381 4051 ccclesiasﬁci
3403 4035 3420 4062 ,
3469 4007 3529 4052 ut
3570 3996 3700 4052 mihi

2108 4060 2396 4116 tacendum
2421 4067 2625 4130 putem.
2652 4059 2819 4115 FABR.

2177 4131 2270 4185 22.
2295 4129 2498 4208 Factus
2507 4140 2614 4208 est.
2647 4132 2758 4186 Duo
2782 4147 2847 4188 ex
2876 4133 3201 4208 mss.Lngd.
3226 4135 3392 4207 Batt.,
3410 4152 3535 4195 cum
3555 4138 3694 4195 Coll.

2106 4201 2353 4258 Gronov.
2374 4243 2388 4268 ,
2412 4202 2675 4270 objiciunt
2701 4212 2798 4258 est.

2175 4273 2267 4329 2'5.
2303 4274 2442 4343 Quos
2470 4273 2785 4351 in_crrorem
2802 4272 3277 4351 _s_eduxerat.Mss.
3331 4279 3501 4351 Lugd.
3555 4280 3693 4336 Batt.

2105 4353 2340 4423 quatuor
2366 4360 2488 4423 cum
2518 4343 2768 4402 Perizon.
2802 4345 2942 4423 Ultr.
2968 4358 3022 4403 ct
3043 4348 3181 4404 Coll.
3200 4343 3699 4423 Gronovv..cumque

2106 4414 2337 4470 homines
2361 4417 2416 4471 in
2436 4415 2539 4469 hoc
2565 4431 2736 4471 errore
2760 4418 3025 4484 seductos,
3051 4430 3159 4476 etc.

2177 4486 2268 4541 2i.
2291 4485 2576 4565 Eritiabite
2603 4494 2652 4540 et
2681 4487 3199 4565 miserrimaﬁddupt
3220 4509 3330 4548 esse
3351 4492 3524 4565 Lugd.
3556 4493 3687 4548 Bait.

2105 4568 2361 4636 quatuor.
2391 4557 2668 4628 Perizon.,
2694 4556 2835 4615 Ultr.
2866 4568 2922 4616 et
2948 4560 3088 4617 Coll.
3111 4561 3357 4620 Gronov.
3383 4556 3696 4636 ct'uterque

2105 4626 2478 4685 Florentinus.

2297 4702 2578 4766 Licinium,
2610 4702 2801 4756 sororis
2835 4702 3033 4781 ﬁlium.
3058 4702 3270 4781 .Nescio
3318 4706 3463 4781 unde
3508 4707 3690 4781 putida

2114 4770 2494 4848 lectiohcontra
2512 4786 2704 4848 omnes
2732 4770 2863 4829 mss.
2884 4784 2945 4848 _et
2969 4774 3093 4848 edd.
3123 4776 3410 4848 i’rfepserit
3432 4779 3485 4833 in
3508 4770 3691 4834 Fabri-

2109 4841 2177 4918 cii
2200 4850 2258 4897 et
2278 4842 2452 4918 Scott.
2482 4842 2772 4918 editiones,
2797 4852 2851 4918 et
2874 4842 3134 4918 Licinium
3162 4841 3364 4916 ﬁlium.
3407 4850 3599 4904 sororis
3628 4850 3692 4918 ﬂ-

2109 4912 2260 4990 lium,
2282 4914 2557 4990 interfecit.
2592 4913 2757 4990 Quasi
2779 4914 2847 4972 de
2864 4924 3015 4987 patre
3034 4912 3247 4976 Licinio
3272 4961 3287 4987 ,
3313 4922 3426 4990 jam
3455 4930 3583 4977 ante
3610 4912 3691 4975 iu-

2113 4982 2362 5058 ter_fectt_t_,
2392 4982 2590 5058 aliquis
2619 4982 3086 5058 cogitare’posset.

2179 5055 2271 5112 26.
2308 5053 2501 5135 Urbem
2531 5053 2738 5135 nomine
2768 5053 2898 5135 suo.
2924 5056 3432 5135 Cotrstgutinnpotim
3482 5062 3681 5119 intelli-

2110 5128 2208 5199 git,
2233 5142 2355 5199 qu:_n_
2386 5128 2535 5199 prius
2564 5125 2880 5199 Byzantium
2908 5140 3043 5185 erat.
3071 5130 3240 5190 ΕΔΜ.

2181 5195 2274 5252 27⁷.
2302 5195 2545 5270 Nominis
2564 5195 2668 5252 sui.
2699 5197 2880 5255 Placet
2902 5199 3018 5257 haec
3044 5201 3205 5260 lectio
3231 5219 3365 5260 mss.
3407 5205 3649 5262 omnium
3672 5245 3687 5270 .

2113 5276 2172 5351 ut
2190 5268 2354 5324 eted.
2378 5267 2632 5351 August,
2661 5283 2774 5351 pra:
2799 5271 2902 5351 alia
2929 5287 3051 5351 quae
3080 5272 3132 5328 in
3161 5275 3587 5351 rciiquis'vulgg.
3609 5267 3685 5331 lc;

2110 5340 2274 5409 gitur,
2321 5341 2528 5394 nomine
2565 5356 2681 5395 suo.
2723 5341 2790 5396 Et
2840 5340 2967 5398 hinc
3016 5340 3298 5402 innumeri
3344 5340 3691 5403 inveniuntur

2113 5412 2314 5482 nummi
2343 5426 2409 5466 ex
2438 5414 2587 5466 omni
2619 5411 2859 5479 modulo,
2893 5414 2986 5482 qui
3011 5416 3289 5471 conditam
3341 5432 3373 5473 a
3420 5418 3690 5475 Constan-

2112 5483 2228 5560 tino
2257 5481 2450 5560 Magno
2471 5482 3002 5560 Constantinopglim
3034 5486 3330 5560 celebrant.
3375 5489 3439 5545 Et
3476 5488 3531 5544 hi
3560 5489 3685 5560 qui-

2110 5551 2234 5608 dem
2263 5554 2464 5623 passim
2497 5563 2818 5613 occurrunt.
2840 5551 3221 5613 Rarissimam
3268 5569 3449 5616 autem
3485 5574 3554 5615 ex
3579 5551 3687 5615 'ar-

2108 5631 2273 5698 genio
2298 5638 2435 5698 puro
2451 5632 2543 5698 est
2570 5623 2911 5698 Constantini
2938 5628 3140 5698 Magni,
3193 5630 3412 5685 maximi
3445 5630 3650 5688 moduli
3671 5673 3687 5698 ,

2107 5694 2250 5765 quod
2272 5695 2566 5771 possideo,
2605 5697 2876 5752 numisma
2904 5741 2920 5766 ,
2973 5694 3098 5754 cum
3127 5694 3366 5771 propter
3415 5694 3689 5758 insolitam

2109 5765 2556 5839 magnitudinem,
2579 5777 2692 5825 tum
2725 5765 2956 5841 propter
2976 5765 3424 5842 superbissimum
3451 5773 3685 5847 inscrip-
