4076 6174
376 301 512 357 1157

1400 308 1873 369 liISTO.lIARUM
1912 311 2116 369 LIBEli
2158 312 2268 371 VII.
2311 312 2466 373 CAP.
2508 317 2703 377 XXIX.

3522 324 3665 381 “58

370 412 743 472 Romanorum
783 431 972 490 regum
1013 419 1101 476 vel
1142 423 1351 493 primus
1383 426 1468 482 vel
1514 426 1665 482 solus
1707 427 1960 484 instituit.
1992 431 2178 494 Atius
2215 430 2401 488 Ctesar
2429 433 2452 464 ⁸
2496 433 2681 492 fratris
2714 436 2896 504 ﬁlius,
2931 437 3037 492 sed
3067 437 3327 495 continuo
3373 440 3592 497 militari
3639 443 3662 473 "

368 506 501 575 Quae
520 508 638 564 sola
665 524 863 580 expers
890 511 1185 582 idolorum,
1218 515 1288 571 ad
1316 516 1440 585 hoc,
1467 517 1793 574 brevissimo
1823 528 1961 576 tem-
2065 524 2299 582 factione
2329 526 2350 557 °
2378 526 2667 598 decerptus
2692 538 2795 585 est.
2820 530 3033 587 Interea
3057 533 3289 602 maligna
3312 522 3532 605 semper
3557 536 3656 591 ad-

331 607 341 613 '
366 614 525 671 pore,
553 600 775 657 condita
795 617 825 657 a
854 602 1164 661 Christiano
1194 606 1547 678 imperatore,
1574 620 1830 681 provecta
1853 621 1958 677 est,

364 700 427 746 ut
455 690 576 746 sola
605 690 825 762 Romae,
853 703 934 749 tot
968 696 1219 765 sacculis,
1255 697 1601 772 miseriisque
1639 712 1910 771 provectae
1941 745 1958 773 ,

366 781 413 813 ⁸⁸
434 782 608 837 forma
628 792 684 839 et
712 785 956 855 potentia
985 787 1177 844 merito
1227 790 1273 823 ’9
1323 791 1494 861 possit
1545 795 1772 865 mquari.
1822 794 1959 850 Tum

360 874 561 931 deinde
590 877 801 946 primus
825 879 1216 939 Constantinus
1232 884 1381 954 justo
1419 885 1615 943 ordine
1655 897 1709 943 ct
1749 888 1839 958 pio
1879 889 1959 944 vi-

358 981 478 1023 cem
514 969 681 1024 vertit
704 969 906 1040 edicto,
939 973 1209 1045 siquidem
1239 975 1428 1032 statuit
1459 977 1598 1033 citra
1639 978 1806 1034 ullam
1850 978 1956 1036 bo-

357 1060 567 1117 minum
596 1061 800 1119 caidem
830 1079 1165 1136 paganorum
1200 1068 1398 1139 templa
1447 1069 1648 1129 claudi.
1688 1071 1813 1127 Mox
1848 1071 1958 1128 Go-

360 1151 581 1209 thorum
603 1153 930 1212 fortissimas
964 1167 1022 1214 et
1043 1159 1459 1230 copiosissimas
1505 1171 1697 1233 gentes
1739 1164 1793 1218 in
1838 1164 1956 1234 ipso

364 1245 640 1302 barbarici
668 1248 769 1303 soli
795 1248 940 1317 sinu,
971 1250 1073 1306 hoc
1100 1260 1187 1307 est
1227 1252 1279 1307 in
1313 1253 1688 1310 Sarmatarum
1733 1258 1956 1327 regione

356 1337 579 1395 delevit.
606 1338 652 1370 ³⁰
681 1338 1003 1397 Calocerum
1021 1344 1337 1415 quemdam,
1361 1345 1589 1419 541m
1602 1347 1781 1420 Cypro
1812 1350 1956 1418 aspi-

358 1437 573 1486 rantem
598 1431 755 1487 novis
785 1432 980 1500 rebus,
1037 1437 1337 1507 oppressit.
1378 1437 1799 1493 Tricennalibus
1840 1441 1954 1496 suis

357 1520 681 1580 Dalmatium
699 1522 976 1582 Caisarem
999 1526 1151 1598 legit.
1178 1528 1426 1600 Cumque
1447 1530 1654 1586 bellum
1679 1534 1731 1586 in
1760 1530 1954 1588 Persas

354 1612 659 1683 moliretur,
695 1615 748 1670 in
772 1616 896 1671 villa
924 1616 1138 1687 publica
1163 1617 1318 1689 juxta
1350 1619 1742 1689 Nicomediam,
1771 1622 1957 1694 dispo-

354 1709 515 1765 sitam
539 1710 679 1767 bene
701 1711 1096 1782 rempublicam
1122 1713 1245 1770 liliis
1274 1714 1521 1779 tradens,
1546 1715 1691 1772 diem
1721 1716 1876 1773 obiit.

920 1826 1153 1885 CAPUT
1191 1828 1387 1886 XXIX.

353 1915 744 1994 Constantinus,
769 1918 1100 1976 Constantius
1119 1930 1168 1978 et
1195 1922 1452 1979 Constans
1469 1924 1827 1994 imperatores.
1854 1924 1949 1982 In—

390 1991 540 2043 terim
562 1990 625 2043 de
642 1988 941 2060 Magnentio
960 1994 1240 2063 arripiente
1254 1988 1554 2065 imperium,
1568 2008 1614 2051 et
1640 1995 1907 2052 Decentio.

422 2084 582 2137 Anno
608 2082 680 2137 ab
710 2082 857 2140 Urbe
893 2084 1112 2142 condita
1136 2101 1311 2155 nxcn,
1343 2089 1360 2118 ¹
1392 2085 1747 2145 Constantius
1787 2090 1949 2147 trice-

338 2174 521 2230 simus
549 2177 770 2246 quintus
795 2192 916 2234 cum
940 2179 1296 2237 Constantino
1322 2190 1375 2237 ct
1396 2181 1697 2239 Constante
1724 2184 1745 2214 ’
1766 2182 1949 2240 fratri-

350 2265 455 2321 bus
480 2266 597 2323 suis
622 2268 851 2340 adcptus
882 2271 1206 2342 imperium,
1249 2273 1270 2306 ³
1301 2274 1492 2345 viginti
1524 2284 1761 2346 quatuor
1786 2278 1944 2335 annis

350 2364 547 2415 tenuit.
576 2360 699 2421 Fuit
729 2363 871 2420 inter
899 2379 1249 2424 successores
1276 2366 1621 2426 Constantini
1652 2380 1702 2427 et
1725 2370 1943 2427 Dalma-

2063 632 2260 674 vcrsus
2299 617 2470 675 Deum
2519 635 2711 677 verum
2762 623 2783 655 ’¹
2822 622 3109 681 insectatio
3155 624 3382 691 diaboli,
3424 642 3547 697 qua:
3587 626 3659 683 ab

2061 712 2216 768 initio
2256 713 2439 770 mundi
2466 728 2638 786 usque
2663 716 2729 771 ad
2760 733 2903 773 nunc
2927 759 2940 783 ,
2967 734 2995 771 a
3022 719 3241 776 sincero
3271 720 3397 776 lldei
3425 721 3652 791 religio-

2062 806 2255 878 nisque
2294 809 2543 876 tramite,
2576 811 2598 843 ⁸
2624 809 2817 866 offusis
2863 825 3112 867 errorum
3159 813 3413 882 nebulis,
3454 814 3664 871 lubrica

2062 899 2339 955 hominum
2362 900 2531 956 corda
2555 903 2874 972 perturbat;
2898 913 3188 976 postquam
3210 905 3538 962 Christianis
3558 907 3662 963 im-

2058 991 2405 1061 peratoribus
2457 1009 2725 1051 summam
2777 1001 2947 1068 regia:
2998 1001 3286 1072 potestatis
3332 1002 3385 1056 in
3426 1002 3657 1060 meliora

2058 1084 2400 1142 vertentibus
2424 1131 2439 1155 ,
2473 1088 2761 1145 ecclesiam
2792 1088 2997 1147 Christi
3030 1092 3153 1148 zelo
3180 1093 3506 1151 idololatria:
3537 1110 3664 1166 per-

2056 1176 2210 1248 sequi
2251 1176 2492 1246 destitit,
2523 1180 2669 1237 aliud
2700 1183 3220 1254 machinamentum,
3267 1202 3374 1258 quo
3404 1203 3502 1259 per
3529 1202 3658 1245 cos-

2059 1268 2184 1326 dem
2205 1270 2551 1330 Christianos
2571 1274 2931 1346 imperatores
2953 1279 3155 1336 Christi
3179 1281 3470 1338 ecclesiam
3490 1297 3659 1339 vexa-

2057 1368 2170 1428 ret,
2226 1362 2459 1420 invenit.
2499 1363 2588 1419 Fit
2624 1366 2789 1438 igitur
2819 1369 2978 1437 Ario,
3020 1371 3149 1426 novi
3178 1371 3383 1428 erroris
3411 1372 3657 1434 auctori,

2057 1452 2381 1523 exterisque
2410 1455 2694 1526 discipulis
2723 1456 2891 1529 ipsius
2930 1458 2999 1515 ad
3030 1459 3449 1518 familiaritatem
3496 1460 3660 1535 542

2056 1542 2358 1600 Constantii
2381 1546 2725 1617 imperatoris
2744 1559 3031 1622 promptus
3053 1552 3233 1609 aditus
3260 1564 3314 1609 et
3340 1553 3518 1609 facilis
3542 1555 3649 1610 via.

2057 1634 2330 1693 Suadetur
2373 1634 2728 1707 Constantio,
2772 1651 2830 1697 ut
2884 1643 3147 1713 quosdam
3204 1645 3258 1700 in
3297 1645 3409 1701 Deo
3453 1645 3654 1714 gradus

2055 1727 2280 1784 credat:
2313 1738 2368 1784 ct
2392 1730 2481 1800 qui
2510 1730 2844 1802 perjanuam
2875 1735 2945 1790 ab
2974 1749 3169 1791 errore
3190 1735 3511 1792 idololatria:
3537 1736 3654 1792 fue-

1977 1816 2026 1877 B
2055 1827 2140 1874 rat
2166 1834 2423 1891 egressus
2446 1861 2460 1886 ,
2492 1824 2514 1855 ’
2547 1837 2739 1879 rursus
2788 1823 2842 1878 in
2874 1823 3053 1880 sinum
3083 1827 3202 1895 eius
3226 1866 3241 1889 .
3273 1826 3403 1881 dum
3448 1828 3502 1883 in
3537 1829 3649 1883 Deo

2051 1908 2190 1966 deos
2214 1911 2443 1981 qumrit,
2474 1920 2748 1984 tamquam
2777 1928 2876 1984 per
2898 1915 3325 1988 pseudothyrum
3354 1916 3652 1979 inducitur.

2051 2001 2321 2059 Pert'erso
2344 2003 2505 2075 igitur
2543 2007 2660 2061 zelo
2690 2016 2931 2077 putcstas
2961 2019 3208 2065 armatur
3236 2011 3392 2067 illusa
3416 2053 3431 2078 ,
3463 2022 3520 2069 et
3548 2015 3652 2070 sub

2051 2094 2275 2151 nomine
2298 2095 2513 2165 pictatis
2534 2097 2618 2152 vis
2635 2100 3033 2168 persecutionis
3054 2102 3305 2172 agitatur.
3337 2103 3382 2135 ¹⁰
3410 2103 3486 2160 Dc
3513 2120 3652 2161 nova

2053 2187 2293 2243 nominis
2320 2187 2590 2245 electione
2619 2176 2987 2257 contenditur,
3023 2201 3081 2247 ut
3109 2194 3436 2251 Arianorum
3468 2198 3651 2266 potius

2054 2280 2324 2349 ecclesice,
2349 2295 2507 2351 quam
2527 2282 2922 2338 catholicorum
2943 2284 3070 2339 sint.
3091 2285 3348 2356 Sequitur
3371 2297 3650 2345 terrazmo-

2053 2381 2140 2430 tus
2189 2375 2492 2443 horribilis,
2542 2377 2634 2448 qui
2676 2376 2937 2448 plurimas
2980 2378 3220 2435 Orientis
3260 2379 3421 2437 urbes
3459 2382 3499 2412 ¹¹
3530 2382 3648 2438 solo

1647 2515 2102 2577 llAVERCAMPl
2139 2519 2367 2577 NOTIE.

349 2619 573 2703 tionem.
592 2619 794 2703 Ctesari
810 2622 956 2682 enim
979 2627 1247 2703 Augusto,
1263 2629 1474 2703 imperii
1495 2630 1721 2703 Romani
1745 2632 1938 2703 ampli-

349 2690 1164 2770 ﬁcaturi,_quimarmoream}:
1194 2690 1425 2756 lateritia
1454 2702 1657 2758 iecerat
1687 2690 1938 2770 Romam,

345 2762 553 2840 primus
585 2763 674 2817 hic
702 2762 1043 2840 Christianus
1076 2768 1396 2840 imperator,
1448 2782 1504 2827 et
1554 2788 1709 2828 nova:
1750 2762 1939 2829 Romte

344 2833 612 2898 conditor,
648 2836 1035 2915 mqttiparatur.
1067 2833 1241 2915 caput
1261 2833 1604 2915 Constantini
1624 2845 1824 2915 Magni,
1845 2860 1939 2901 co-

344 2917 479 2979 rona
510 2907 931 2979 gemmataij
954 2925 1060 2979 qua
1112 2907 1302 2967 laurea
1353 2914 1405 2969 in
1455 2907 1934 2971 numisma'te'non

344 2973 758 3057 dissimiliapud
778 2973 1114 3057 Bandni'ium
1131 2985 1396 3057 cernitur)
1417 2985 1679 3049 cinctum,
1707 2999 1738 3039 a
1763 2987 1937 3057 priori

345 3052 502 3114 parte
530 3055 649 3113 est;
703 3063 733 3102 a
764 3051 1050 3120 posteriori
1079 3068 1282 3110 corona
1324 3051 1512 3113 laurea
1561 3051 1795 3127 ingens',
1847 3057 1937 3114 cui

2046 2630 2277 2708 Caesaris
2304 2634 2620 2692 inscribitur
2642 2650 2872 2708 nomen,
2905 2637 3155 2708 apposito
3195 2636 3261 2693 ad
3300 2646 3462 2708 caput
3503 2638 3649 2696 Con-

2043 2705 2292 2771 Stantini,
2326 2722 2433 2762 non
2465 2707 2691 2778 proprio
2734 2705 2907 2778 ipsius
2941 2705 3199 2771 nomine,
3229 2710 3325 2764 sed
3371 2705 3521 2766 illius
3561 2713 3650 2767 cui

2041 2789 2165 2851 sese
2182 2778 2547 2851 assimilabat,
2579 2779 2835 2851 Augusti.
2862 2779 3017 2836 Unde
3044 2778 3253 2850 integra
3285 2781 3516 2851 nummi,
3554 2783 3647 2851 qui

2041 2845 2484 2920 Lngdunicusus
2512 2856 2613 2920 es_t.
2642 2845 2901 2905 omnibus
2934 2850 3107 2920 titulis
3151 2845 3440 2920 superbior
3468 2845 3648 2907 cmer-

2041 2917 2118 2993 git
2148 2918 2456 2993 inscriptio,
2478 2917 2735 2993 CAESAR
2754 2919 3141 2979 AVGVSTVS.
3159 2917 3463 2993 magnitudo
3491 2938 3637 2978 num.

2045 2987 2121 3044 mi
2151 2999 2207 3046 et
2237 2990 2444 3060 pictura
2478 2988 2599 3047 haec
2624 3001 2707 3047 est
2736 3009 2748 3045 :

1169 3353 1184 3373 .
1228 3304 1255 3326 ”
2604 3375 2612 3381 ἡ
2736 3307 2835 3381 ’λεὼ

1654 3700 1657 3703 -
1726 3563 1810 3744 ἒ
2211 3581 2810 3729 έεθΑῐεδΑντ).

1566 3736 1577 3759 -λ
1718 3749 1803 3887 ἓ
1854 3729 1905 3825 ·
2220 3699 2373 3855 ΨΧ.
2656 3711 2818 3862 ,ἓψ-

1594 4067 1607 4080 ι
1687 3963 1781 4034 .9"
2183 3961 2392 4090 imm...
2741 4002 2772 4033 ..

412 4233 505 4311 28.
538 4233 733 4291 Forma
754 4234 1067 4308 etpotentia.
1098 4233 1342 4311 Florent.
1378 4246 1518 4302 sec.,
1544 4232 1714 4304 forma
1742 4243 1799 4289 ut
1826 4253 1921 4311 po-
1948 4230 1998 4296 C
2039 4305 2069 4311 _
2099 4235 2480 4311 6._Decerp_tus
2510 4248 2603 4294 est.
2655 4238 2711 4311 ld
2746 4248 2851 4307 est,
2896 4234 3185 4311 immature
3225 4240 3483 4311 abreptus
3532 4253 3641 4299 est.

345 4308 534 4374 tentia;
560 4322 698 4378 sec.,
730 4316 778 4361 et
807 4312 1049 4378 formaiet
1074 4307 1327 4378 potentia.

413 4378 506 4431 ‘29.
546 4377 717 4433 Possit
736 4375 952 4448 aequari.
976 4377 1053 4431 Ita
1076 4375 1183 4448 legi
1207 4375 1405 4448 debere
1432 4390 1623 4448 omnes
1668 4391 1801 4448 mss.
1832 4425 1845 4448 ,
1879 4390 1933 4436 et

343 4448 458 4517 ipsa
490 4449 688 4504 clamat
718 4445 880 4505 ratio.
913 4446 972 4503 In
1004 4445 1185 4517 vulgg.
1220 4445 1346 4503 edd.
1388 4446 1636 4517 exceptis
1677 4445 1851 4518 prima
1879 4461 1935 4507 et

342 4518 518 4576 Paris.
550 4519 732 4589 inepte
756 4520 950 4590 legitur
972 4526 1161 4590 posset.

416 4592 508 4646 '50.
539 4588 864 4647 Calocerum.
894 4589 1066 4660 Lugd.
1096 4589 1239 4644 Batt.
1268 4604 1352 4660 pr.
1384 4597 1440 4643 et
1468 4596 1772 4660 tert.,gcunt
1793 4588 1930 4647 Coll.

342 4659 610 4730 Gronov.,
633 4658 1001 4726 Calotherum,‘
1028 4659 1273 4715 Floreat.
1306 4659 1437 4725 duo,
1470 4674 1593 4714 cum
1634 4658 1800 4726 Ultr.,
1829 4660 1933 4717 Ca-

341 4733 608 4787 loclterum
631 4749 649 4797 ;
674 4733 956 4794 Perizon.,
978 4730 1372 4785 Calocltareum.

416 4801 546 4859 Car.
575 4802 914 4859 XXIX—1.
937 4801 1292 4863 Constantius,
1323 4809 1427 4855 etc.
1456 4798 1534 4854 Ex
1565 4815 1694 4856 mss.
1728 4810 1783 4856 et
1804 4802 1930 4859 edd.

340 4874 734 4930 vetustioribus
781 4874 855 4929 ita
891 4872 1261 4941 reponendum
1310 4871 1461 4939 duxi,
1514 4870 1684 4941 magis
1736 4885 1936 4930 conve—

344 4946 558 5001 nienter
600 4960 782 5014 quam,
829 4953 885 4998 ut
912 4942 1194 4998 Fabricius
1227 4942 1425 5014 aliique
1453 4940 1766 5014 ediderunt,
1799 4943 1935 5014 Con-

342 5009 935 5071 stantinus'tricesintns
984 5015 1198 5084 quintus
1235 5009 1352 5066 cuni
1376 5009 1683 5084 constantia
1722 5021 1770 5067 et
1800 5012 1939 5070 Con-

342 5094 534 5155 stante,
582 5095 692 5142 etc.
723 5085 970 5153 Reliquis
998 5081 1157 5138 enim
1206 5081 1515 5155 supervixit
1558 5084 1936 5153 Constantius,

342 5153 735 5214 Constantinus
761 5164 945 5210 autem
974 5155 1156 5209 statim
1182 5153 1367 5223 periit.

413 5228 471 5283 2.
502 5226 776 5285 Fratribus
802 5226 929 5281 suis.
959 5224 1037 5281 De
1061 5224 1402 5296 Constantini
1433 5223 1609 5296 tribus
1624 5223 1799 5296 “ﬁliis,
1843 5226 1939 5296 qui

345 5299 424 5356 illi
458 5299 513 5355 in
553 5298 785 5370 imperio
810 5302 1235 5361 successerunt,
1273 5294 1567 5364 Eutropius
1600 5294 1693 5350 lib.
1725 5294 1934 5352 ultimo.

345 5370 512 5427 FABn.

414 5443 471 5497 5.
510 5441 710 5519 Viginti
731 5446 956 5519 quatuor
982 5438 1156 5494 annis.
1179 5436 1330 5519 .Male
1454 5434 1547 5517 ed.
1576 5435 1726 5518 _Aug.
1754 5437 1941 5519 uiginti

348 5521 450 5568 tres
475 5530 494 5569 :
535 5509 773 5590 decessit
818 5511 961 5590 enim
995 5523 1139 5590 anno
1178 5509 1393 5590 imperii
1423 5509 1684 5589 vigesimo
1723 5509 1935 5590 quinto,

348 5581 1021 5654 itaque_iutegris_gviginti
1053 5589 1109 5654 et
1151 5588 1383 5654 quatuor
1415 5581 1571 5631 annis
1606 5581 1932 5654 imperavit.

418 5648 474 5708 AC.
519 5648 723 5707 Fratris
756 5648 918 5722 ﬁlius:
952 5648 1120 5722 Lugd.

346 5723 729 5801 Ult_r.,_[ratris
757 5719 839 5776 sui
859 5719 1053 5801 ﬁliusf
1078 5790 1113 5801 ﬁ
1156 5798 1188 5801 Α.
1340 5719 1355 5721 “
1415 5796 1426 5801 Δ
1467 5796 1478 5801 Δ
1553 5797 1564 5801 _

422 5797 474 5851 5.
508 5788 795 5851 'Factione.
858 5788 1030 5864 Lugd.
1078 5790 1216 5848 Batt.
1269 5804 1352 5863 pr.
1375 5796 1432 5849 et
1464 5796 1616 5860 tert.,
1666 5788 1938 5846 seditione.

2035 4305 2244 4431 germine
2267 4305 2489 4431 quitiam
2522 4326 2628 4365 non
2658 4305 3021 4383 intelligentes
3050 4309 3306 4380 verbum,
3338 4305 3637 4383 posuerant

2076 4393 2195 4431 scen
2222 4395 2282 4431 us
2309 4395 2362 4431 es
2394 4416 2409 4431 .

2076 4388 2282 4448 ereptus
2309 4388 2409 4434 est.

2108 4449 2161 4504 7.
2190 4447 2473 4504 Insectatio
2513 4450 2730 4505 diaboli.
2769 4452 3010 4509 Florent.
3055 4467 3193 4519 sec.,
3248 4453 3511 4508 diabolica
3555 4454 3637 4509 in-

2036 4520 2247 4591 sectatio
2270 4536 2297 4591 ί
2324 4528 2473 4583 tert.,
2499 4536 2623 4576 cum
2653 4522 2743 4577 ed.
2776 4523 2941 4591 Aug.,
2974 4523 3170 4578 diaboli
3201 4524 3492 4578 insectatio.

2069 4588 2422 4729 [8..Olfusis.
2470 4591 2600 4647 Mss.
2639 4591 2797 4648 codd.
2847 4588 3113 4650 Florentt.
3143 4593 3253 4649 duo
3281 4604 3336 4650 et
3361 4593 3637 4662 Perizon.,

2116 4677 2242 4717 usis.

2038 4675 2107 4717 ett
2116 4677 2242 4717 “818.

2108 4730 2162 4786 9.
2202 4732 2404 4808 Rursus
2451 4735 2505 4808 in
2545 4734 2716 4788 sinum
2755 4738 2868 4808 ejus
2894 4775 2909 4802 ,
2937 4735 3129 4808 _dum.g
3155 4734 3302 4808 Libri
3342 4735 3627 4806 plerique:

2037 4817 2271 4859 reversus
2318 4804 2588 4878 in‘siuunt
2635 4804 2886 4878 ejusdem,
2934 4806 2987 4860 in
3023 4806 3219 4878 quibus
3252 4804 3631 4878 dumscnsum

2038 4888 2245 4946 qner,
2262 4889 2364 4930 nec
2387 4875 2626 4938 invenio,
2655 4875 2736 4931 sic
2756 4875 3057 4932 immutavi.’
3083 4876 3375 4946 Audacter,
3394 4876 3634 4946 inquies,

2038 4943 2297 4999 audacter
2322 4960 2474 5011 sane,
2526 4946 2621 5001 sed
2654 4962 2755 5002 nec
2795 4948 2976 5002 minus
3016 4946 3323 5003 commode.
3361 4943 3633 5002 Laur.—

2039 5013 2171 5070 Cum
2204 5014 2285 5070 sic
2314 5016 2365 5070 in
2399 5016 2651 5071 erunibus
2672 5031 2805 5072 mss.
2838 5026 2894 5072 et
2914 5028 3174 5086 praeterea
3207 5018 3260 5072 in
3280 5016 3369 5079 ed.
3397 5019 3630 5087 August.

2038 5086 2331 5158 scribatur,
2374 5094 2685 5155 corruptam
2723 5096 2903 5142 tamen
2945 5088 3279 5158 reliquarum
3331 5086 3630 5143 editionum

2040 5155 2354 5219 lectionem,
2385 5173 2505 5226 qua:
2536 5158 2715 5212 minus
2744 5166 2871 5222 apte
2909 5155 3189 5220 exhibent,
3217 5174 3450 5214 reuersus
3474 5159 3530 5212 in
3554 5160 3633 5211 si-

2040 5241 2168 5281 nnm
2195 5227 2442 5309 ejusdem
2467 5268 2483 5295 ,
2526 5227 2583 5309 in
2601 5226 2724 5309 .Deo
2751 5228 2874 5281 deos
2897 5230 3080 5309 quierit
3108 5272 3123 5297 ,
3157 5239 3206 5284 et
3237 5237 3498 5309 tamquam
3543 5243 3637 5309 per

2039 5296 2456 5380 pseudothyrum
2520 5296 2785 5380 inducitur
2814 5296 3193 5380 ,__.pleraaque_
3227 5314 3293 5354 ex
3340 5296 3634 5380 postremis

2040 5368 2243 5423 Secutae
2271 5376 2435 5437 sunt,
2477 5377 2703 5438 excepta
2726 5368 2940 5436 Scotti,
2966 5371 3019 5425 in
3041 5368 3148 5441 qua
3178 5370 3320 5427 bene
3350 5368 3636 5423 constitui-

2041 5445 2149 5494 tur.

2116 5508 2203 5582 10.
2231 5507 2310 5582 De
2337 5524 2470 5564 nova
2492 5510 2739 5565 nominis.
2771 5508 2901 5565 Mss.
2944 5510 3163 5582 quidam
3192 5518 3249 5566 et
3269 5507 3393 5564 edd.
3434 5508 3499 5562 de
3523 5509 3647 5564 novi

2046 5579 2290 5645 nominis,
2326 5590 2433 5635 etc.

1199 5620 1576 5721 {limini};
1603 5620 1858 5704 r'ér’iiéii.‘
1871 5620 1946 5706 ’ξι
1971 5620 2025 5683 ι)
2048 5620 2593 5721 f'"'i'i'."§oi.§}iraon.
2615 5649 2862 5709 Priorem
2892 5665 3080 5709 vocem
3108 5664 3242 5707 mss.
3275 5648 3523 5721 quaedam
3554 5648 3646 5704 de-

2050 5718 2185 5778 lent.
