2038 3087
228 138 297 166 1159

934 137 1034 165 PAULI
1054 137 1165 165 OROSII

1808 138 1882 166 Η.ιο

223 196 331 224 stravit.
349 197 370 211 ”
390 196 593 228 Constantinus,
621 195 684 223 dum
709 194 885 223 Constantem
907 194 1018 222 fratrem
1034 198 1056 225 Α
1073 195 1145 223 roris
1159 195 1240 229 ﬁlius,
1256 195 1435 231 gladiatorum
1451 204 1532 224 manu
1549 196 1645 230 fretus,
1665 196 1764 224 invasit.
1786 196 1880 230 impe-

224 243 297 272 bello
318 243 341 258 ¹³
358 242 515 276 insectatur,
540 242 648 270 incauta
677 242 823 277 petulantia
848 241 870 257 “
895 241 1021 276 periculis

225 296 285 317 sese
307 288 443 322 offerens,
465 296 480 316 a
504 289 619 317 ducibus
643 289 702 324 ejus
714 289 823 316 occisus
836 294 888 316 est.
907 289 929 304 ¹⁵
952 289 1022 316 Con-

222 336 338 363 stantius
351 335 432 371 543
447 336 578 363 adversus
595 335 690 363 Persas
704 339 731 363 et
744 335 887 370 Saporem,
902 335 947 370 qui
968 335 1021 363 Mc-

222 381 400 417 SOpotamiam
423 381 444 396 ”
469 386 656 413 vastaverant,
682 389 778 409 novem
805 380 904 416 praeliis
928 389 1020 416 parum

221 435 351 464 prospere
364 428 522 455 decertavit.
538 427 701 461 Novissime,
724 427 858 455 seditione
877 431 958 462 atque
977 427 1020 454 in-

223 474 398 510 temperantia
423 475 536 502 militum
557 478 636 502 nocte
655 474 754 502 adoriri
770 482 884 509 pugnum
900 478 1020 505 coactus,

221 525 350 556 patratain
375 527 444 555 pene
463 520 604 547 victoriam
629 519 741 556 insuper
766 519 852 547 victus
879 520 981 547 amisit.
1000 520 1020 535 ¹⁷

222 567 287 594 Post
298 574 361 594 cum
375 574 404 594 se
418 566 553 594 Censtans
568 566 747 594 intolerandis
761 566 834 593 vitiis
847 566 977 600 dedisset,
990 573 1022 592 ac

220 620 301 648 poena
325 612 530 647 provincialium
557 612 674 639 favorem
700 611 816 639 militum
839 616 1019 646 compararet,

221 658 365 695 Magnentii
380 658 451 686 dolis
465 659 492 686 in
508 658 608 694 oppido
622 659 643 675 ¹⁸
657 659 700 685 cui
723 658 823 686 Helena
848 666 945 685 nomen
967 662 1020 691 est,

220 706 246 733 in
273 705 396 740 proximo
424 704 560 740 Hispaniae
589 705 748 732 interfectus
774 709 825 733 est.
854 704 1021 740 Magnentius

221 751 293 778 enim
309 750 379 786 apud
393 750 621 785 Augustodunum
637 750 753 784 arripttit
774 750 930 785 imperium,
949 751 1020 786 quod

220 797 349 825 Continuo
366 804 413 831 per
428 796 554 829 Galliam,
573 796 691 824 Africam
709 796 868 832 Italiamque
889 797 1020 831 porrexit.

223 843 250 870 In
266 842 372 878 lllyrico
386 848 475 869 autem
489 842 510 859 ’⁸
522 837 725 873 Vetranionem.
741 846 821 870 astate
833 842 1019 877 graudzcvum,

1075 243 1163 269 rium:
1179 242 1225 278 qtti
1242 242 1350 276 deinde,
1366 250 1427 270 cum
1440 242 1581 277 improbus
1594 250 1626 270 ac
1642 250 1689 277 per
1703 242 1755 270 hoc
1773 241 1881 269 invisus

1073 290 1176 317 cunctis
1191 294 1274 323 esset,
1289 297 1303 316 a
1320 289 1518 324 Magnentianis
1532 288 1647 317 ducibus
1659 295 1809 323 oppressus
1823 293 1878 316 est.

1074 336 1201 370 Sequitur
1224 335 1324 362 bellum
1347 334 1414 362 illud
1439 334 1570 362 horribile
1593 335 1665 362 inter
1685 334 1880 363 Constantium

1073 381 1310 416 Magnentiumque
1322 382 1392 417 apud
1408 381 1525 408 Mursam
1539 380 1635 408 urbem
1649 385 1766 415 gestum,
1782 381 1810 408 in
1822 388 1880 415 quo

1074 429 1157 456 multa
1171 429 1355 456 Romanarum
1370 428 1467 457 virium
1484 427 1635 463 proﬂigatio
1647 427 1729 455 etiam
1745 427 1771 454 in
1784 431 1881 461 poste-

1073 483 1131 502 rum
1145 475 1244 502 nocuit.
1258 474 1428 509 Magnentius
1442 479 1530 501 tamen
1545 473 1632 500 victtts
1646 472 1761 508 aufugit,
1773 480 1806 500 ac
1818 479 1877 501 non

1074 522 1160 549 multo
1174 525 1232 556 post
1247 521 1318 556 apud
1333 520 1493 556 Lugdunum
1511 521 1619 555 propria
1636 527 1666 547 se
1686 526 1775 559 manu
1792 519 1879 547 inter-

1074 567 1148 594 fecit.
1164 566 1309 594 Decentius
1323 574 1440 602 quoque,
1455 566 1540 593 frater
1561 565 1693 600 ejusdem,
1715 572 1797 599 quem
1814 564 1879 593 Cte-

1073 620 1160 640 sarem
1177 612 1262 640 Gallis
1278 612 1446 646 prtefecerat,
1461 611 1532 646 apud
1543 611 1666 639 Senonas
1679 610 1777 645 laqueo
1792 610 1876 637 vitam

1073 658 1169 685 finivit.
1186 657 1320 685 Continuo
1333 657 1505 685 Constantius
1520 657 1640 691 Gallum,
1663 656 1752 691 patrui
1775 655 1875 689 ﬁlium,

1073 704 1208 732 Caesarem
1224 704 1290 740 legit
1303 713 1308 730 :
1326 712 1406 738 quem
1422 711 1516 731 rursus
1527 702 1673 731 crudeliter
1687 709 1719 729 ac
1733 702 1875 738 tyrannica

1073 755 1207 786 agentem,
1225 750 1307 785 paulo
1321 755 1461 785 postquam
1476 753 1627 782 creaverat,
1647 748 1756 776 occidit.
1775 748 1875 784 Sylva-

1073 804 1138 824 num
1150 803 1258 832 quoque
1276 804 1323 830 per
1337 795 1437 823 Gallias
1453 795 1535 823 rebus
1548 795 1626 823 novis
1640 794 1802 827 inhiantem,
1817 802 1875 822 ma-

1073 847 1133 869 ture
1161 841 1428 870 circumveniendum
1461 841 1724 876 opprimendumque
1756 841 1874 868 curavit.

220 889 413 923 imperatorem
430 888 481 926 sibi
502 888 601 916 milites
620 893 791 922 creaverunt,
817 889 902 915 virum
923 892 1016 915 natura
1035 887 1056 916 Β
1072 888 1153 922 Igitur
1167 889 1285 924 Sylvano
1299 888 1453 920 interfecto,
1467 888 1603 916 Iulianum
1619 890 1768 922 patruelem
1781 897 1873 924 suum,

219 934 383 969 simplicem,
399 933 557 968 cunctisque
570 933 727 968 jucundum,
744 933 792 961 sed
810 934 856 968 qui
875 941 909 961 ne
932 934 1018 968 prima

220 978 327 1013 quidem
342 986 469 1014 umquam
484 977 637 1006 litterarum
653 978 787 1006 elementa
801 977 950 1006 didicisset.
967 978 1016 1005 Ita-

219 1032 271 1059 que
285 1024 309 1039 ὀ
321 1031 385 1052 cum
398 1024 499 1059 primas
523 1024 638 1057 litteras,
661 1024 866 1059 litterarumque
886 1024 1016 1059 syllabas,

220 1072 367 1106 imperator
390 1079 485 1102 senex.
506 1070 641 1098 interdum
667 1070 782 1103 invitus,
799 1070 986 1103 meditaretur,
1002 1078 1016 1097 a

218 1117 390 1151 Constantio,
403 1116 450 1152 qui
460 1121 524 1144 tunc
538 1117 564 1144 in
585 1116 779 1153 Magnentium,
802 1116 905 1144 ultione
926 1116 1017 1146 fratris

217 1171 360 1197 accensus,
386 1163 485 1191 bellum
512 1164 635 1198 parabat,
657 1163 795 1198 deponere
817 1163 908 1198 juSsus
929 1163 1015 1198 impe-

218 1209 300 1242 rium,
312 1209 443 1244 abjiciens
457 1217 518 1237 cum
540 1209 637 1237 litteris
656 1216 801 1244 purpuras,
820 1213 1019 1244 contentusque

219 1254 302 1290 544
323 1255 435 1290 privatis
457 1254 543 1287 feriis,
566 1255 694 1289 palatiutn
707 1255 788 1282 simul
804 1255 826 1270 “
842 1254 1019 1290 scholamque

219 1301 330 1328 dimisit.
348 1300 512 1334 Nepotianus
525 1300 635 1334 deinde,
654 1301 758 1333 Romae,
780 1299 953 1328 Constantini
972 1308 1016 1328 so-

1071 935 1140 963 Galli
1156 935 1279 967 fratrem,
1295 934 1430 962 Caesarem
1447 938 1580 967 creatum,
1603 934 1677 962 misit
1701 935 1735 962 ad
1760 934 1875 963 Callias.

1071 980 1163 1015 Itaque
1186 979 1309 1007 lulianus
1333 979 1424 1007 Caesar
1450 987 1561 1007 eversas
1584 987 1784 1015 oppressusque
1802 980 1825 996 "
1841 979 1875 1007 ab

1072 1026 1149 1054 hoste
1160 1025 1262 1053 Gallias
1272 1024 1460 1053 strenuissime
1475 1025 1501 1052 in
1516 1025 1650 1061 integrum
1667 1026 1794 1053 restituit.
1810 1026 1875 1053 Ala-

1072 1079 1231 1100 mannorum
1244 1071 1334 1106 parvis
1344 1071 1431 1106 copiis
1443 1078 1566 1106 magnam
1579 1071 1779 1099 multitudinem
1791 1072 1873 1099 fudit.

1071 1117 1094 1133 ²¹
1106 1117 1202 1145 Rheno
1213 1117 1363 1145 Gertnauos
1376 1116 1506 1144 revinxit.
1524 1117 1571 1144 His
1583 1118 1669 1145 elatus
1685 1118 1874 1153 successibus,

1071 1163 1206 1198 fastigium
1231 1155 1373 1198 usurpavit
1395 1163 1507 1198 Augusti
1521 1171 1528 1190 :
1544 1167 1573 1190 et
1586 1171 1648 1190 mox
1662 1163 1765 1191 Italiam
1782 1163 1874 1200 Illyri-

1070 1217 1186 1245 cumque
1202 1209 1363 1244 pervadens,
1381 1209 1579 1242 Constautium,
1591 1209 1722 1237 Parthicis
1733 1209 1756 1225 ”
1769 1201 1873 1245 prmliis

1071 1260 1244 1291 occupatum,
1258 1256 1333 1291 regni
1345 1260 1421 1290 parte
1433 1255 1557 1289 privavit.
1569 1255 1755 1289 Constantius,
1769 1256 1873 1284 Juliani

1071 1302 1173 1329 scelere
1188 1307 1339 1336 comperto,
1363 1301 1473 1329 dituissa
1496 1301 1670 1336 expeditione
1692 1301 1872 1337 Parthorum,

867 1356 1093 1386 HAVERCAMPI
1113 1358 1227 1386 ΝΟΤίΕ.

253 1413 297 1440 η.
320 1412 504 1449 Constantinus
519 1414 581 1449 dum
594 1434 602 1446 ,
626 1417 679 1441 etc.
707 1413 864 1448 Epicedium
884 1415 1012 1449 anonymi

216 1448 346 1483 sophista:
360 1447 483 1475 Graecum
498 1448 524 1476 in
539 1447 747 1476 Constantinum
767 1449 839 1477 hunc
855 1447 1008 1482 Juuiorém,

216 1492 248 1510 ex
263 1492 316 1518 quo
337 1483 463 1510 militaris
477 1484 522 1511 illa
534 1484 615 1511 factio
629 1490 657 1511 et
679 1483 771 1512 infelix
787 1484 845 1518 ejus
859 1485 948 1512 obitus
963 1493 1009 1512 co-

215 1518 308 1554 gitesci
324 1522 422 1554 potest,
440 1523 529 1546 exstat
544 1520 576 1546 ad
597 1520 699 1546 calcem
716 1519 837 1554 Eutropii
853 1519 897 1548 ed.
910 1526 1009 1548 nostra:

216 1553 243 1589 p.
260 1554 322 1589 705.
340 1553 367 1580 lu
380 1562 412 1580 eo
426 1562 507 1581 causa
522 1555 617 1582 mortis
631 1556 747 1582 refertur
761 1555 792 1582 ad
803 1553 981 1589 percussores
994 1565 1007 1582 a

213 1588 296 1616 fratre
308 1588 456 1616 Constante
470 1590 643 1617 subornatos.

1067 1415 1198 1444 barbaros
1213 1423 1269 1444 rem
1287 1416 1382 1451 gessit,
1402 1416 1436 1444 de
1456 1417 1555 1451 quibus
1568 1422 1725 1452 reportatae
1738 1419 1871 1448 victorias

1066 1451 1172 1486 insigne
1184 1459 1217 1479 ex
1233 1456 1345 1486 argento
1360 1452 1437 1486 priuti
1451 1453 1552 1489 moduli
1574 1451 1692 1481 testatur
1709 1455 1847 1482 nomisma
1860 1475 1868 1489 ,

1065 1494 1142 1523 cuius
1154 1493 1270 1521 ectypon
1294 1495 1375 1521 penes
1392 1496 1434 1515 me
1450 1494 1502 1515 est.
1518 1488 1547 1515 In
1564 1495 1640 1523 parte
1651 1490 1792 1518 anteriore
1806 1498 1871 1519 cer-

1065 1522 1137 1549 ttitnr
1150 1530 1211 1549 cum
1229 1527 1337 1556 pectore
1351 1523 1479 1557 paludato
1491 1544 1498 1556 ,
1524 1522 1607 1558 caput
1620 1524 1790 1558 Constantis,
1818 1534 1871 1554 co-

1063 1564 1129 1584 rona
1145 1562 1280 1592 geminata
1296 1558 1412 1593 insigne,
1427 1566 1487 1585 cum
1505 1559 1554 1586 hac
1578 1560 1775 1593 inscriptione:
1793 1561 1870 1589 FLa-

1063 1593 1117 1619 vius
1143 1593 1240 1620 IVLius
1266 1592 1445 1621 CONSTANS
1471 1594 1534 1620 Pius
1558 1594 1632 1621 Felix
1647 1592 1801 1623 AVGuslus.
1827 1600 1869 1626 Ab

249 1623 464 1664 i5.”Insectutut-.
482 1625 556 1664 Flor.
571 1632 639 1658 sec.,
655 1626 796 1653 insectatus
812 1634 822 1658 ,'
837 1626 881 1653 ed.
899 1628 964 1662 Aug.
980 1633 1008 1654 ct
1022 1632 1043 1662 ί]
1061 1628 1146 1664 altera
1163 1633 1239 1662 parte
1261 1634 1313 1656 stat
1325 1629 1474 1662 itnperator
1490 1630 1601 1657 tltorace
1615 1636 1642 1658 et
1668 1623 1864 1664 paludamento

212 1663 272 1686 Cod.
290 1659 425 1692 Peritum,
442 1660 594 1694 insequitur.

251 1695 292 1731 ll.
313 1694 447 1731 [’ericulis,
464 1696 512 1722 Ed.
531 1695 612 1729 Aug.,
628 1695 753 1731 periculo.

247 1730 291 1756 ιδ.
308 1729 485 1756 Cutulautius.
499 1731 544 1758 Sic
558 1729 669 1767 omnino
683 1738 717 1758 ex
740 1739 806 1759 mss.
829 1732 914 1767 Lugd.
933 1733 1002 1760 Batt.

211 1772 266 1791 sec.
283 1771 311 1791 et
330 1770 426 1799 quarto
443 1771 523 1799 atque
544 1766 608 1793 Ultr.
636 1767 837 1800 repouidebet,
854 1776 906 1795 non
932 1769 1001 1795 (Ion-

210 1805 293 1833 stuua,
318 1805 347 1827 ut
373 1800 422 1826 fuit
442 1800 556 1828 edituut.
579 1801 720 1829 Constanti
745 1803 817 1830 enim
831 1811 892 1830 cum
911 1804 1002 1831 Persis

210 1836 276 1862 nihil
301 1836 400 1870 negotii
423 1835 482 1870 fuit,
507 1836 555 1863 sed
588 1837 718 1865 adversus
747 1838 852 1865 Gothos
877 1839 1001 1873 aliosque

1063 1663 1173 1690 indutus
1186 1664 1274 1700 ,‘lteva
1292 1669 1387 1691 tenens
1409 1664 1527 1696 hastam,
1545 1665 1641 1692 dextra
1663 1666 1769 1700 signum
1788 1670 1863 1696 mili-

1061 1702 1129 1728 tare,
1141 1698 1242 1737 a‘cujus
1250 1700 1406 1737 summitate
1415 1700 1552 1737 dependet
1561 1701 1682 1737 labarum
1689 1698 1866 1737 tnonogrzuu-

1060 1739 1133 1761 male
1144 1734 1244 1761 Christi
1266 1735 1433 1769 insignitum,
1451 1735 1478 1762 in
1500 1736 1614 1762 circuitu
1629 1736 1760 1763 scribitur
1771 1734 1858 1767 alubi-

1059 1769 1144 1796 tiosns
1163 1769 1256 1796 titulus
1274 1769 1542 1798 :TRIVJIPHATOR
1559 1770 1711 1798 GENTIVM
1733 1773 1860 1802 ΒΑιιΒΑ.

1057 1802 1189 1830 ΚᾹΙΗΜ.
1207 1804 1345 1832 Numisma
1365 1807 1459 1833 Sisciae
1473 1809 1497 1833 lll
1513 1806 1653 1833 Pannonia
1668 1815 1764 1835 cusum
1779 1809 1864 1838 fuisse

1056 1839 1154 1866 docent
1168 1840 1265 1867 litterre
1281 1842 1306 1867 in
1323 1841 1376 1867 iuta
1393 1848 1439 1868 ora
1458 1842 1553 1876 positae
1569 1841 1673 1870 SlScia.

813 2007 820 2015 .
1174 1986 1335 2022 Ooowc°°°°°°c

493 2012 616 2144 rs

521 2105 552 2139 ρ,
860 2122 892 2140 ωδ
1064 2101 1127 2155 ἐξ
1162 2096 1192 2150 ξ
1230 2100 1335 2152 θέξέ
1429 2107 1463 2141 ’θλ

1071 2259 1480 2380 δέ

594 2351 750 2390 Μυκη,

239 2513 481 2561 Ιέξζῐξειαξςςαηι.
498 2517 583 2561 Lugd.
605 2516 675 2561 Batt.
701 2520 765 2555 duo,
789 2529 850 2549 cum
876 2522 999 2552 Perizon.
1013 2526 1042 2557 D
1091 2526 1135 2555 l9.
1153 2526 1348 2558 Vetranionem.
1362 2530 1402 2558 lta
1422 2532 1475 2560 hoc
1500 2540 1598 2560 nomen
1623 2532 1750 2561 scribitur
1774 2533 1855 2560 etiam

203 2554 230 2577 ct
246 2549 366 2585 Florgnt.
384 2559 452 2585 sec.,
467 2549 621 2581 vastaierat.

239 2584 478 2629 ηηΡςερ-ιρηξε
492 2588 628 2629 Constans.
647 2591 684 2617 Ex
702 2591 803 2629 iisdem
819 2601 883 2621 mss.
902 2595 999 2629 quibus

203 2621 245 2662 hic
260 2620 346 2662 Lugd.
363 2621 434 2662 Ball.
452 2623 506 2662 duo
518 2625 613 2659 reliqui
624 2633 685 2653 cum
699 2626 768 2654 Coll.
784 2620 999 2658 Gronov.'ac—ce:

200 2656 299 2702 Ἐγὼ*
309 2656 598 2702 inseriturhconalarr‘ti,
621 2661 772 2702 _cujus_(ut
796 2664 822 2702 in
847 2664 927 2702 editis
942 2656 998 2702 illi)

198 2694 434 2753 ἕῖηίίῐῗῗὲέιὲῐηίηθ.
444 2694 539 2728 ingens
550 2694 698 2730 0rosio,'ut
708 2694 880 2727 historiarum
893 2694 995 2736 ignaro,

208 2734 228 2753 ιι
242 2734 351 2761 ιηιιιηει.

235 2763 280 2804 1Q.
298 2761 473 2804 GniHelemr.
488 2763 609 2804 Eutrop.
620 2767 713 2804 scribit
728 2767 902 2797 Constantem
925 2772 997 2804 peri-

197 2797 251 2823 isse
266 2797 427 2834 haud_|onge
440 2800 475 2826 ab
488 2797 626 2834 Hispaniis
637 2802 663 2828 in
675 2806 765 2830 castro
776 2804 819 2831 cui
832 2797 999 2834 Helenéino-

195 2837 321 2874 trp‘enest.
332 2832 520 2874 Schonhovius
531 2832 668 2874 norit-cete
680 2838 782 2871 castris,
794 2838 868 2873 legit,
882 2832 997 2874 quodex

195 2862 356 2894 Cassiodoro
367 2873 392 2895 et
406 2869 560 2905 llieronytni
572 2862 995 2909 Chioiiico'béiéliié’inlrf'riniﬁ

1055 2565 1082 2592 in
1099 2574 1159 2594 meo
1175 2567 1315 2603 Eutropio.
1332 2569 1415 2598 Fanu.

1088 2605 1135 2633 20.
1152 2605 1216 2647 Cum
1229 2608 1337 2643 primas.
1358 2610 1482 2639 Perizou.
1506 2616 1534 2640 et
1557 2611 1642 2648 Lugd.
1668 2612 1726 2641 Bat.
1752 2616 1854 2647 quart.,

1054 2649 1112 2668 cum
1127 2650 1253 2675 primum.

1088 2682 1133 2708 21.
1151 2681 1337 2718 Scholamque.
1355 2685 1493 2719 Perizon.,
1509 2687 1670 2720 :cholasque.

1086 2721 1131 2747 2i.
1149 2721 1186 2761 ᾼὺ
1201 2723 1281 2750 hoste.
1300 2724 1346 2752 Sic
1362 2725 1484 2760 plerique
1497 2734 1579 2759 mss.;
1598 2727 1656 2761 alii,
1669 2727 1701 2753 ab
1717 2726 1843 2754 hostibus.

1085 2761 1131 2807 .25.
1150 2760 1251 2807 filictia,
1266 2768 1319 2791 etc.
1335 2764 1471 2798 Perizon.,
1491 2765 1581 2793 Rheno
1594 2765 1736 2794 Germanos
1746 2767 1854 2801 ﬂumine

1052 2805 1177 2836 sejunxtl.

1088 2840 1134 2867 Ἡ.
1154 2837 1267 2869 Ριγειὶὅδ.
1283 2842 1367 2877 Lugd.
1387 2843 1458 2871 Ball.
1477 2849 1530 2872 llos
1551 2853 1610 2873 cunt
1634 2845 1702 2874 (Ioll.
1730 2842 1850 2874 Gronov.

1051 2878 1134 2914 bellis,
1147 2881 1218 2915 quod
1234 2882 1365 2917 Latinius,
1379 2884 1425 2910 sed
1438 2883 1549 2912 Orosius
1561 2885 1716 2920 promiscue
1729 2891 1851 2922 Usurpat.
