2038 3087
175 152 240 179 ll“

658 149 893 180 HISTORIARUM
912 149 1014 177 LIBER
1036 148 1091 177 νη.
1112 149 1190 177 CAP.
1213 148 1322 177 XXXII.

1752 152 1823 179 1142

171 209 235 236 dum
251 207 285 235 ad
300 208 378 235 civile
391 207 491 235 bellum
508 208 663 241 revertitur,
677 207 703 234 in
713 207 809 235 itinere
821 206 893 234 inter
906 205 970 234 Cili-
984 207 1009 238 Α
1024 206 1171 242 transfuga)
1187 207 1198 223 ⁸
1210 206 1238 234 in
1252 207 1358 235 deserta
1374 206 1539 242 perdoctus,
1552 213 1615 235 cum
1628 207 1653 235 vi
1667 208 1727 236 sitis
1739 213 1768 236 et
1781 217 1826 237 ar-

171 257 240 284 ciam
255 254 507 290 Cappadociamque
521 254 664 282 defunctus
682 258 735 282 est.
756 253 794 281 lta
818 253 864 280 ille
882 252 930 288 qui
950 253 973 268 "

172 301 284 329 discissa
311 308 376 336 pace
399 305 427 328 et
445 301 546 328 unitate
560 300 620 328 ﬁdei
637 301 787 333 catholicze,
804 299 974 327 Christianos

172 348 302 376 adversus
317 347 486 375 Christianos
499 347 522 362 ’⁸
539 354 659 380 armans,
673 346 746 374 civili
759 346 806 382 (ιιι
821 346 857 373 ita
869 346 973 380 dicam)

174 394 245 422 bello
256 393 384 422 Ecclesia:
392 393 513 421 membra
524 393 732 426 dilaceraverat,
744 393 858 420 totum"
868 392 974 426 inquie-

175 431 352 474 tu'nfhtaupus
367 440 472 475 imperii
492 441 545 472 sui,
567 439 843 474 molestissimumque
857 438 973 473 spatium

174 487 235 513 vita:
249 493 317 519 suae,
337 485 416 514 bellis
435 486 560 514 civilibus
583 486 664 514 etiam
689 493 737 521 per
759 485 924 520 propinquos
946 489 974 512 et

173 532 389 568 consanguineos
404 533 540 566 excitatis,
555 533 689 567 exercuit,
711 532 812 567 exegit,
834 531 972 566 expendit.

411 600 491 637 545
510 600 625 629 CAPUT
645 600 729 628 xxx.

277 657 323 684 Ft.
341 657 467 686 Claudius
480 657 602 685 Julianus
616 658 757 693 imperator
772 657 869 685 aesar.

212 718 292 743 Anno
305 715 340 743 ab
354 715 427 743 Urbe
441 714 552 742 condita
565 722 665 747 leVl,
678 714 820 742 ‘Julianus
830 736 837 750 ,
849 715 859 730 ‘
872 714 973 743 dudum

176 762 279 795 Caesar,
296 765 357 796 post
371 765 462 789 autem
478 766 572 789 sextus
588 766 616 789 et
632 762 789 796 trigesimus
802 761 836 788 ab
851 761 973 797 Augusto

175 816 259 844 regno
274 809 392 843 potitus,
414 815 488 836 anno
508 815 563 835 uno
583 812 610 835 et
626 808 767 835 mensibus
786 812 849 835 octo
865 808 972 843 imperii

173 863 308 882 sumntum
319 855 394 882 solus
405 854 535 887 obtinuit,
547 854 729 882 Christianam
743 854 901 889 religionem
912 859 971 882 arte

1025 253 1090 280 dore
1104 253 1180 286 solis,
1194 257 1275 288 atque
1290 254 1401 289 insuper
1414 253 1507 282 labore
1522 259 1666 282 arenarum
1681 255 1821 284 confectus

1025 299 1129 335 periret
1142 301 1298 334 exercitus,
1322 300 1471 335 imperator
1493 304 1567 327 tanto
1587 307 1680 328 rermn
1702 300 1825 336 periculo

1025 346 1122 373 anxius
1135 366 1142 378 ,
1158 348 1167 362 ³
1181 345 1245 374 dum
1267 354 1315 381 per
1329 350 1405 374 vasta
1419 346 1522 374 deserti
1542 347 1563 362 ’°
1576 346 1714 375 incautius
1728 355 1826 383 evaga-

1025 394 1079 423 tur,
1095 390 1129 418 ab
1143 390 1224 418 obvio
1238 391 1357 427 quodam
1371 391 1490 419 hostium
1505 392 1597 427 equite
1611 397 1693 420 conto
1705 393 1774 421 ictus
1786 394 1828 421 in-

1026 436 1108 464 teriit.
1133 437 1153 452 “
1176 436 1223 464 Sic
1244 437 1401 465 misericors
1423 437 1494 465 Deus
1515 438 1596 473 impia
1616 439 1729 467 consilia
1752 439 1828 474 impii

1025 487 1114 511 morte
1128 482 1263 511 dissolvit.

1256 540 1336 577 557
1356 539 1470 569 CAPUT
1491 541 1588 569 χχχι.

1143 597 1270 626 Iovianus
1294 599 1435 634 imperator
1455 599 1541 627 Ctesar
1560 600 1702 635 Augustus.

1062 667 1142 694 Anno
1154 666 1189 694 ab
1203 666 1276 694 Urbe
1289 666 1399 694 condita
1421 674 1514 695 ucxvn
1524 689 1532 702 ,
1551 668 1559 682 ί
1583 667 1726 701 Iovianus,
1741 669 1828 703 septi-

1025 719 1085 740 mus
1098 717 1127 739 et
1142 712 1299 747 trigesimus
1313 713 1471 747 imperator,
1494 713 1520 740 in
1535 721 1644 741 summo
1664 720 1754 742 rerum
1770 715 1828 743 dis-

1023 759 1137 786 crimine
1149 759 1183 786 ab
1197 758 1323 786 exercitu
1338 763 1461 791 creatus,
1476 766 1538 786 cum
1553 763 1581 786 et
1593 759 1715 787 locorum
1733 760 1832 795 iniqui-

1025 810 1080 833 tate
1094 810 1201 840 captus,
1218 810 1245 833 et
1258 805 1384 833 hostibus
1396 806 1608 841 circumseptus,
1635 807 1738 835 nullam
1763 815 1826 835 eva-

1023 850 1104 878 dendi
1120 850 1276 878 facultatem
1293 850 1510 883 nancisceretur,
1526 851 1615 880 fedus
1629 859 1691 879 cum
1710 852 1827 887 Sapore,

175 902 264 936 potius
280 909 361 936 quam
379 904 512 935 potestate
528 900 687 931 insectatus.
702 904 731 928 ut
745 905 890 935 negaretur
905 900 973 928 ﬁdes
989 904 1011 933 Β
1025 895 1171 923 Persarum
1199 903 1273 931 rese.
1294 896 1345 923 etsi
1368 897 1378 912 ’
1393 903 1501 931 parum,
1526 901 1557 924 ut
1581 902 1690 931 putant,
1706 898 1828 933 dignum,

173 946 275 974 Christi
297 946 307 961 ³
322 950 350 974 et
365 945 498 973 idolorum
513 946 602 973 cultus
621 945 631 960 ‘
644 945 843 980 susciperetur,
860 945 970 973 honori«

173 992 224 1020 bus
238 992 324 1027 magis
338 999 505 1026 provocare,
526 999 609 1031 quam
632 992 776 1018 tormentis
794 998 892 1026 cogere
910 996 970 1018 stu-

160 1038 242 1068 ,dnit.
259 1040 361 1073 Aperto
376 1042 464 1065 tamen
480 1037 612 1072 prmcepit
625 1037 726 1070 edicto,
741 1038 751 1053 ³
766 1045 801 1065 ne
813 1038 875 1073 quis
889 1037 970 1065 Chri-

173 1085 279 1111 stianus
294 1083 480 1111 docendorum
498 1084 650 1112 liberalium
664 1085 817 1112 studiorum
835 1086 973 1119 professor

174 1136 257 1158 esset.
276 1131 328 1157 Sed
346 1135 451 1163 tamen,
468 1130 538 1157 sicut
553 1138 565 1156 a
582 1130 732 1166 majoribus
756 1131 765 1146 ⁶
781 1132 884 1158 nostris
903 1140 974 1159 com-

176 1180 281 1210 pertum
297 1176 438 1209 habemus,
455 1175 537 1212 546
550 1183 646 1204 omnes
662 1177 760 1211 ubique
775 1178 972 1212 propemodum

176 1224 303 1258 prtecepti
313 1223 485 1251 conditiones
495 1223 642 1257 amplexati
654 1244 660 1255 ,
672 1223 791 1251 ollicium
800 1231 880 1258 quam
894 1224 972 1252 tidem

174 1270 301 1298 (lt-serere
314 1270 478 1297 maluerunt.
493 1270 617 1297 Julianus
628 1275 718 1298 autem
731 1270 832 1298 bellum
844 1271 974 1298 adversus

179 1315 294 1343 l’arthos
309 1323 408 1351 parans
418 1336 425 1348 ,
441 1323 501 1343 cum
518 1316 653 1343 Romanas
667 1315 741 1343 vires
755 1321 910 1343 contractas
926 1324 975 1345 un-

176 1361 257 1396 dique
279 1362 312 1388 ad
329 1361 493 1389 destinatam
515 1369 608 1389 secum
630 1361 752 1389 traheret
773 1362 973 1397 perditionem,

177 1408 396 1436 Christianorum
409 1409 567 1443 sanguinem
581 1408 633 1435 diis
644 1409 700 1436 suis
715 1409 797 1442 vovit,
814 1409 901 1444 palam
913 1417 974 1445 per-

177 1460 318 1482 secuturus
338 1455 347 1470 "
366 1454 518 1487 Ecclesias,
535 1454 558 1481 si
573 1455 717 1482 victoriam
733 1455 865 1489 patuisset
885 1455 974 1490 adipi-

176 1502 226 1528 sci.
250 1501 316 1528 Nam
341 1506 370 1528 et
390 1501 622 1536 amphitheatrum
647 1501 845 1536 Hierosolymis
869 1502 973 1529 exstrui

175 1548 256 1581 jussit
267 1568 274 1579 ,
291 1548 316 1574 in
332 1554 386 1582 quo
402 1546 530 1574 reversus
543 1554 556 1573 a
572 1546 694 1580 Parthis,
711 1548 864 1582 episcopos,
881 1556 974 1575 mona-

177 1596 244 1620 chos
258 1600 406 1628 omnesque
421 1592 480 1627 ejus
498 1593 551 1620 loci
564 1599 674 1621 sanctos
685 1616 692 1627 ,
711 1593 806 1621 bestiis
816 1594 898 1621 etiam
915 1599 973 1622 arte
987 1592 1007 1626 ι]

177 1639 339 1667 smvioribns
352 1640 496 1674 objicerel,
510 1644 702 1674 spectarelque
714 1639 866 1668 laniandos.
881 1641 975 1677 Itaque

179 1691 320 1720 postquam
333 1692 348 1712 a
356 1685 533 1721 Ctesiphonte
545 1691 634 1713 castra
648 1686 745 1719 movit,
755 1685 818 1714 dolo
828 1687 970 1722 cujusdam

1021 941 1087 968 satis
1108 945 1200 968 tamen
1226 941 1410 968 necessarium
1434 941 1553 977 pepigit:
1570 942 1673 977 quippe
1693 949 1721 970 ut
1740 947 1826 972 tutum

1023 986 1228 1014 etincolumem
1244 986 1396 1013 Romanum
1422 988 1573 1015 exercitum
1600 995 1652 1015 non
1679 989 1767 1016 solum
1790 990 1825 1017 ab

1024 1032 1132 1059 incursu
1149 1032 1278 1065 hostium,
1295 1040 1388 1060 verum
1408 1034 1490 1061 etiam
1515 1041 1529 1060 a
1557 1034 1677 1062 locorum
1706 1035 1828 1070 periculo

1024 1078 1164 1111 liberaret,
1184 1078 1287 1105 Nisibin
1299 1079 1430 1113 oppidum
1444 1084 1472 1106 et
1487 1085 1592 1114 partem
1610 1081 1758 1115 Superioris
1773 1081 1831 1109 Me-

1024 1124 1183 1158 sopotamia:
1204 1123 1294 1151 Persis
1309 1125 1456 1151 concessit.
1478 1124 1543 1152 Inde
1556 1125 1623 1152 dum
1639 1125 1673 1152 ad
1690 1126 1828 1161 Illyricum

1026 1170 1146 1203 rediens,
1169 1178 1218 1204 per
1232 1169 1367 1197 Galatiam
1385 1170 1435 1197 iter
1456 1170 1523 1205 agit,
1549 1177 1611 1197 cum
1629 1170 1655 1197 in
1670 1171 1828 1198 cubiculum

1025 1215 1159 1250 quoddam
1184 1223 1284 1242 novum
1309 1223 1372 1242 sese
1399 1216 1521 1243 cubitum
1549 1217 1708 1251 recepisset,
1737 1217 1831 1244 calore

1027 1268 1173 1294 prunarum
1187 1265 1213 1288 et
1228 1260 1324 1287 nidore
1344 1260 1478 1295 parietum
1493 1268 1581 1295 nuper
1594 1261 1669 1288 calce
1685 1261 1826 1295 illitornm,

1027 1307 1037 1322 ³
1054 1307 1218 1342 adgravatns
1242 1311 1269 1334 et
1297 1306 1459 1340 sullocatus,
1489 1311 1586 1334 octavo
1611 1307 1721 1335 demum
1738 1315 1832 1336 mense

1026 1360 1105 1387 quam
1120 1352 1254 1387 imperare
1270 1357 1401 1387 cmperat,
1417 1353 1499 1380 vitam
1515 1352 1612 1380 linivit.

1253 1440 1336 1476 548
1354 1439 1468 1468 CAPUT
1489 1440 1606 1472 XXXII.,

1027 1496 1088 1523 Fla.
1102 1496 1226 1532 Yatei‘ius
1250 1496 1451 1532 Valentinianus
1471 1497 1534 1532 imp.
1553 1496 1617 1523 Cres.
1642 1497 1752 1532 August.
1768 1505 1826 1524 cum

1101 1531 1211 1559 Valente
1221 1532 1311 1566 fratre.
1329 1532 1417 1566 Deque
1430 1531 1558 1558 Gratiano
1566 1533 1624 1568 jam
1640 1531 1755 1561 Caesare.

1061 1600 1068 1615 ¹
1090 1600 1169 1627 Anno
1188 1600 1221 1627 ab
1235 1599 1307 1627 Urbe
1327 1599 1438 1626 condita
1459 1606 1576 1629 ucxvnt,
1595 1598 1823 1632 Valentinianus,

1029 1650 1142 1674 octavus
1155 1650 1182 1672 et
1197 1645 1363 1680 trigesimus,
1381 1644 1453 1679 apud
1470 1643 1588 1671 Niczcam
1610 1650 1745 1671 consensu
1760 1644 1831 1671 mili-

1026 1696 1081 1718 tum
1099 1691 1249 1725 imperator
1267 1694 1375 1718 creatns
1397 1695 1449 1721 est,
1475 1690 1629 1724 mansitque
1655 1690 1682 1716 in
1702 1696 1734 1716 co
1749 1689 1830 1716 annis

813 1776 1037 1807 llAVERCAMPl
1058 1779 1171 1808 ΝΟΤΑΞ.

213 1858 258 1886 25.
273 1856 389 1883 Discissa
402 1856 575 1892 pace._Probo
587 1856 681 1891 magis,
694 1855 766 1890 quod
778 1855 803 1882 in
817 1855 902 1891 Lugd.
919 1855 977 1883 Bat.

180 1894 258 1922 tertio
273 1893 408 1919 invenitur
423 1891 539 1918 discussa
553 1899 624 1924 pace.

214 1929 258 1956 ‘26.
275 1928 395 1954 Amans.
416 1926 482 1954 Tres
506 1927 592 1962 Lugd.
619 1927 691 1959 Bat.,
718 1934 778 1953 cum
803 1925 929 1954 Perizon.
953 1932 980 1954 et

178 1964 248 1992 Coll.
263 1963 450 1994 Gronoviana,
468 1966 621 1989 armaverat.

213 1999 259 2027 27.
278 1998 431 2033 Inquietum.
447 1998 495 2024 Ed.
512 1998 593 2032 Aug.,
610 1997 726 2032 inquieti,
741 2002 793 2024 etc.
806 1996 891 2033 Lugd.
908 1996 978 2025 Batt.

180 2042 274 2061 mnues
289 2032 349 2060 cum
371 2033 440 2059 Coll.
466 2033 584 2060 Gronov.
609 2032 717 2066 inquieti
741 2037 841 2067 tempus
866 2032 977 2067 imperii.

179 2070 270 2097 deleto
285 2069 335 2096 sui.
353 2069 410 2094 Non
430 2069 510 2095 male.

215 2104 280 2132 Car.
296 2103 381 2131 XXX.
395 2118 429 2122 —
443 2103 467 2130 Ι.
480 2102 612 2130 Julianus.
629 2103 666 2130 De
675 2101 784 2130 Iuliano
796 2102 941 2136 Eutropius
953 2107 982 2130 et

181 2140 246 2168 Sex.
264 2139 391 2166 Aurelius
405 2147 410 2164 :
424 2139 611 2173 copiosissime
622 2146 685 2165 vero
697 2139 855 2166 Ammianus
867 2138 982 2166 Marcel-

180 2176 252 2202 linus
267 2175 327 2201 libr.
343 2182 415 2206 χχιι,
431 2179 458 2201 et
470 2173 609 2207 deinceps.
625 2173 709 2200 Fam.

217 2212 244 2237 Ξ.
262 2209 367 2236 Dudum
381 2209 476 2236 (Σίππαν.
494 2208 580 2244 Lugd.
595 2209 664 2236 Ball.
678 2213 744 2244 tres,
757 2216 819 2236 cum
831 2208 900 2237 Coll.
913 2210 981 2237 Gro-

182 2254 244 2273 nov.
257 2250 284 2273 el
296 2245 402 2271 duobus
414 2243 546 2272 Florenlt.
560 2250 586 2271 et
597 2243 659 2271 edd.
676 2243 796 2275 Venetis,
809 2245 867 2279 jam
881 2245 981 2272 dudum

182 2281 286 2312 (la-sar,"
300 2287 326 2306 et
340 2287 412 2313 mox,
430 2288 517 2306 rerum
531 2280 639 2315 potitus,
655 2279 729 2306 Flor.
742 2287 798 2306 sec.

217 2317 245 2344 5.
263 2316 295 2342 Ει
310 2314 438 2341 idolorum
451 2314 545 2341 cultus.
559 2315 732 2349 Quantopere
747 2315 774 2341 in
791 2315 823 2341 iis
839 2315 982 2344 insanierit

182 2352 304 2379 Julianus
318 2355 389 2384 patet
402 2359 436 2378 ex
453 2351 592 2377 nummulo
606 2350 663 2382 ejus
678 2357 760 2379 aereo.
779 2349 804 2376 in
828 2358 880 2384 quo
902 2350 980 2378 Scra-

182 2388 252 2422 pidis
265 2387 385 2422 cernitur
400 2391 475 2422 caput
487 2406 494 2418 ,
511 2392 537 2412 et
550 2385 627 2412 Isidis
644 2385 670 2422 in
685 2384 796 2422 navigio
810 2385 912 2420 ﬁgura,
931 2394 978 2413 vo-

184 2420 217 2448 iis
230 2422 335 2456 publice
347 2421 426 2448 idolis
439 2421 493 2448 illis
502 2421 636 2457 (Egyptiis
649 2421 683 2448 ab
695 2421 779 2455 impio
791 2420 901 2448 homine
913 2429 976 2449 nun-

183 2457 299 2492 copulis.

366 2560 404 2603 2.;
416 2595 425 2604 ι
642 2554 815 2599 ςγίέίῗῗῖτρ

330 2621 339 2653 /
662 2595 832 2648 ἰ

326 2655 329 2670 t
520 2638 551 2670 ’ξ
611 2636 748 2684 mihi;
758 2634 840 2684 Mip

516 2682 535 2722 ί
603 2669 832 2751 iii;

223 2852 253 2879 4.
270 2851 463 2886 Susciperetur.
480 2846 667 2886 Mss._qnidani
683 2847 850 2886 reciperetur:

225 2877 253 2916 ἐξ
271 2877 316 2914 lile
326 2877 398 2922 quis,
411 2891 464 2913 etc.
479 2877 652 2918 Lugdeatt.
670 2886 724 2909 tres
735 2877 742 2916 ξ
755 2889 816 2910 cum
831 2878 900 2908 Coll.
915 2877 983 2906 Gro-

1031 1865 1093 1885 nov.
1109 1880 1115 1892 ,
1132 1858 1225 1886 delent
1239 1860 1312 1892 quis;
1331 1858 1378 1886 sed
1393 1859 1517 1886 Perizon.
1535 1858 1612 1892 legit,
1636 1866 1668 1884 ne
1680 1858 1738 1892 quis
1749 1858 1827 1885 Chri-

1030 1894 1174 1920 stianorum
1189 1894 1335 1921 liberalium
1349 1894 1493 1920 studiorum
1509 1893 1644 1927 professor
1659 1897 1735 1919 esset.
1791 1919 1795 1922 ,

1065 1928 1092 1964 6.
1116 1929 1231 1956 Nostris.
1256 1929 1351 1956 Delent
1372 1929 1457 1964 Lugd.
1481 1929 1552 1956 Batt.
1575 1936 1615 1962 pr.
1637 1932 1666 1954 et
1687 1932 1748 1956 tert.
1764 1936 1828 1956 cum

1029 1962 1097 1990 Coll.
1112 1964 1232 1991 Gronov.

1068 1999 1093 2025 7.
1117 1998 1259 2026 Erclesias.
1282 2000 1367 2034 Lugd.
1391 2000 1459 2026 llatt.
1483 2004 1553 2031 tres,
1576 1999 1701 2026 Perizon.
1717 2003 1745 2026 et
1755 1997 1826 2026 Coll.

1030 2034 1149 2061 Gronov.
1167 2055 1173 2067 ,
1188 2036 1331 2062 ecclesiam.
1349 2035 1425 2063 Unus
1440 2042 1472 2062 ex
1491 2035 1586 2062 iisdem
1603 2042 1665 2061 mox
1681 2038 1764 2069 posset
1779 2041 1830 2068 pro

1031 2070 1163 2104 potuisset.
1192 2070 1341 2098 Florentin.
1367 2078 1423 2098 sec.
1446 2074 1536 2097 autem
1558 2070 1602 2097 hic
1624 2070 1704 2104 legit,
1731 2078 1827 2104 parans

1031 2106 1234 2138 persecutionem
1248 2106 1374 2133 ecclesiis.

1067 2140 1093 2167 8.
1111 2139 1143 2166 In
1159 2141 1270 2168 deserta.
1289 2140 1327 2167 Ed
1342 2142 1410 2175 Aug.
1422 2162 1428 2172 ,
1446 2140 1472 2166 in
1488 2141 1627 2175 desertum.

1067 2175 1093 2202 9.
1112 2175 1180 2201 Dum
1200 2184 1245 2211 per
1267 2180 1339 2211 rasta
1360 2174 1464 2202 deserti.
1489 2175 1574 2209 Lugd.
1598 2174 1667 2202 Batt.
1689 2180 1743 2211 tres
1765 2181 1827 2201 cum

1032 2209 1155 2245 Perizori.
1179 2209 1206 2237 et
1225 2210 1294 2237 Coll.
1318 2210 1437 2237 Gronov.
1452 2231 1460 2243 ,
1482 2211 1546 2237 dum
1561 2215 1633 2236 vasta
1653 2218 1698 2245 per
1714 2210 1825 2236 deserta.

1032 2244 1117 2278 Lugd.
1132 2245 1188 2271 Bal.
1206 2253 1262 2272 sec.
1272 2266 1279 2279 ,
1295 2245 1358 2272 dum
1371 2250 1441 2272 vasta
1456 2253 1500 2280 per
1514 2246 1618 2272 deserti.

1070 2280 1113 2307 10.
1132 2280 1277 2307 Incautius.
1293 2281 1416 2308 Perizon.
1430 2300 1437 2313 ,
1453 2282 1582 2306 incautus.

1071 2318 1112 2342 ll.
1130 2314 1174 2342 Sic
1190 2316 1335 2342 misericors
1353 2316 1431 2342 Deus.
1452 2315 1538 2348 Lugd.
1558 2315 1605 2342 Bat
1637 2322 1678 2349 pr.
1700 2318 1728 2341 el
1747 2318 1829 2348 lcrt.,

1034 2358 1094 2386 cum
1110 2350 1327 2386 CollLQronov”
1345 2351 1431 2386 sicque
1445 2350 1590 2377 misericors
1606 2350 1682 2386 Deus.

1069 2385 1134 2412 CAP.
1155 2385 1252 2412 XXXI.
1269 2401 1304 2405 —
1319 2387 1344 2412 l.
1366 2384 1527 2412 Iovinianus.
1548 2386 1587 2412 De
1610 2385 1662 2412 hoc
1683 2384 1829 2418 Eutropius

1034 2425 1156 2448 extremo
1180 2421 1226 2447 lib.
1249 2430 1283 2452 Χ,
1307 2422 1465 2448 Ammianus
1494 2421 1541 2447 lib.
1558 2428 1621 2453 xxv,
1642 2424 1670 2447 et
1692 2420 1756 2447 Sex.
1778 2421 1832 2447 Au-

1035 2457 1127 2483 relius.
1145 2456 1227 2484 Fann.
1240 2471 1274 2476 -——
1293 2456 1418 2483 Iovianus
1443 2456 1570 2483 meliores
1585 2455 1708 2482 scribunt
1723 2462 1789 2482 mss.
1803 2459 1830 2482 et

998 2503 1023 2533 Ι)
1036 2498 1067 2518 ea
1075 2499 1190 2533 [quoque
1205 2491 1382 2533 Nummorum
1394 2491 1474 2533 lectio
1488 2496 1540 2518 est.

1075 2527 1102 2552 ‘2.
1127 2526 1236 2557 Parum,
1249 2531 1275 2552 ut
1293 2531 1394 2562 putant,
1410 2527 1526 2562 dignum.
1548 2526 1648 2552 Contra
1665 2533 1730 2553 mss.
1743 2530 1770 2552 ct
1785 2525 1827 2552 ed.

1039 2562 1152 2596 August.
1177 2561 1268 2596 inepte
1288 2560 1400 2595 reliquae
1420 2560 1482 2588 edd.
1499 2568 1604 2593 omnes.
1623 2565 1770 2596 propagato
1785 2568 1832 2587 er-

1040 2604 1114 2638 rore,
1132 2597 1274 2638 exhibent,
1286 2601 1483 2638 pa'runt_put_aiit
1499 2596 1615 2631 dignum.

1077 2632 1102 2658 5.
1124 2632 1296 2667 ᾼῃυγαυαιιιδ.
1317 2631 1402 2666 Lugd.
1421 2632 1489 2658 llatt.
1507 2637 1561 2659 tres
1576 2639 1636 2658 cum
1662 2631 1789 2658 Perizon.
1806 2633 1834 2657 et

1041 2666 1111 2694 Coll.
1126 2666 1244 2693 Gronov.
1251 2687 1258 2698 ,
1274 2672 1457 2701 prwgravalus.

1077 2700 1143 2729 Car.
1160 2700 1316 2729 XXXIL—
1328 2700 1363 2728 'l.
1384 2701 1473 2734 Anno,
1495 2707 1547 2730 etc.
1569 2703 1633 2734 Qua:
1651 2700 1780 2734 deinceps
1799 2700 1835 2727 Ο-

1046 2737 1135 2764 rosius
1149 2737 1253 2770 scribit,
1268 2744 1300 2763 ea
1317 2737 1416 2764 Paulus
1429 2738 1563 2765 Diaconus
1575 2743 1682 2771 quoque
1698 2735 1840 2771 persequi,

1045 2777 1087 2798 tur
1101 2772 1127 2798 in
1143 2778 1190 2798 sua
1208 2772 1333 2804 historia,
1357 2780 1437 2806 quam
1459 2770 1589 2806 Eutropio
1602 2770 1836 2806 adjunxitallnde

1042 2807 1087 2841 qui
1100 2806 1181 2838 volet,
1195 2813 1228 2834 ea
1243 2813 1336 2841 petere
1348 2804 1454 2841 potest:
1468 2816 1529 2836 nos.
1542 2804 1586 2840 qui
1603 2807 1628 2833 in
1643 2804 1835 2841 iisinihilquord

1039 2840 1217 2905 annotg‘tione
1229 2840 1296 2876 opus
1311 2840 1421 2875 habeat,
1436 2842 1602 2874 invenimus,
1616 2841 1659 2868 hic
1675 2840 1755 2867 linem
1771 2840 1836 2867 laci-

1039 2884 1108 2905 mus.
1146 2884 1205 2904 non.

1038 2884 1108 2905 mus.
1124 2884 1205 2905 I'ABR.
