4076 6174
439 275 580 335 1145

1853 263 2063 324 PAULI
2098 261 2321 323 OROSll

3599 262 3749 322 1141

434 393 688 452 undecim
723 410 735 446 :
769 391 862 464 qui
903 405 1026 448 cum
1066 389 1412 447 Christianus
1461 388 1673 460 integra
1707 386 1814 444 lide
1849 401 2032 444 sacra-
2056 388 2108 449 Α
2135 395 2192 443 et
2220 384 2508 457 paludibus
2560 385 2724 442 inviis
2769 387 2970 458 sitam,
3022 388 3228 445 virtute
3275 397 3443 460 atque
3493 387 3750 460 agilitate

430 497 677 546 mentum
704 487 918 543 militiae
958 493 1197 556 gereret,
1230 486 1250 515 ²
1282 492 1336 539 ct
1361 482 1462 539 sub
1489 482 1709 538 Juliano
1739 481 1758 512 ³
1787 481 2030 554 Augusto

435 580 685 636 tribunus
715 579 1104 643 scutariorum,
1120 576 1302 647 jussus
1324 575 1393 631 ab
1421 575 1747 645 imperatore
1765 574 2031 644 sacrilego

435 684 529 730 aut
563 673 852 730 immolare
878 671 1062 737 idolis,
1087 677 1182 726 aut
1208 670 1400 726 militia
1429 670 1720 738 excedere,
1753 669 1775 701 ‘
1800 668 2032 726 ﬁdeliter

435 766 616 824 sciens
647 767 668 797 ⁸
697 773 754 822 et
777 765 1029 836 graviora
1058 761 1156 819 Dei
1177 761 1546 833 essejudicia,
1577 769 1632 817 et
1662 761 1884 817 meliora
1912 774 2032 830 pro-

435 859 623 926 missa,
657 865 854 928 sponte
879 855 1154 912 discessit.
1190 855 1290 923 lta,
1320 870 1484 925 parva
1525 854 1811 926 intcrjecta
1855 869 2032 922 mora,

433 949 652 1006 Juliano
683 947 995 1015 interfecto,
1026 962 1090 1003 ac
1121 962 1244 1002 mox
1277 945 1508 1002 Joviano
1538 956 1780 1012 mortuo,
1820 947 1910 1016 qui
1935 961 2034 1016 pro

436 1041 654 1097 nomine
666 1038 869 1095 Christi
885 1040 1142 1095 amiserat
1156 1037 1514 1104 tribunatum,
1531 1035 1866 1093 retribuente
1878 1034 2036 1092 Chri-

433 1142 539 1201 sto,
593 1132 642 1185 in
696 1130 875 1186 locum
927 1128 1300 1200 persecutoris
1340 1129 1423 1184 sui
1463 1127 1676 1198 accepit
1705 1127 1993 1198 imperium
2013 1145 2028 1181 Δ;

433 1223 529 1296 qui
576 1235 765 1295 postea
794 1223 1018 1278 fratrem
1049 1237 1205 1278 suum
1233 1221 1516 1277 Valentem
1558 1221 1878 1292 participem
1905 1219 2036 1276 fecit

435 1315 675 1386 imperii,
699 1316 719 1346 ⁸
749 1323 805 1370 et
841 1315 1165 1386 Procopium
1201 1323 1490 1386 tyrannum
1528 1312 1820 1384 pluresque
1843 1322 2036 1384 postea

430 1406 699 1462 satellites
726 1406 847 1476 ejus
879 1391 1100 1462 occidit.
1135 1405 1504 1461 Terrasmotus
1547 1406 1566 1437 ⁷
1601 1419 1698 1474 per
1739 1412 1911 1460 totum
1941 1418 2035 1460 or-

435 1498 560 1554 bem
595 1498 787 1563 factus,
827 1497 901 1554 ita
938 1497 1213 1552 turbatum
1265 1511 1484 1568 quoque
1513 1496 1737 1566 pelagus
1766 1497 2036 1564 excussit,

432 1599 491 1644 ut
538 1603 634 1659 per
681 1587 887 1644 vicinas
913 1595 1185 1642 terrarum
1215 1586 1602 1657 campestrium
1637 1596 1821 1656 partes
1855 1584 2039 1642 refuso

433 1681 610 1748 mari,
648 1679 898 1750 plurimae
928 1678 1230 1734 insularum
1283 1679 1448 1734 urbes
1472 1719 1489 1746 ,
1521 1691 1802 1733 concussa:
1831 1684 1886 1732 ct
1913 1675 2041 1732 sub-

2139 479 2473 548 terribilem,
2508 479 2870 550 periculosam
2901 479 3165 538 Romanis
3207 481 3406 538 ﬁnibus
3428 523 3445 548 ,
3491 481 3751 550 eruptio-

2136 588 2260 630 nem
2276 574 2320 606 ’⁸
2344 587 2533 645 magna
2556 574 2701 630 mole
2725 573 2766 606 ¹⁹
2791 573 3144 642 meditantes,
3161 573 3214 629 in
3235 573 3369 644 ipsis
3392 573 3747 629 Francorum

2139 669 2341 726 ﬁnibus
2369 669 2666 740 Oppressit.
2711 667 3159 739 Burgundionum
3193 683 3433 739 quoque,
3469 681 3750 722 novorum

2136 760 2376 816 hostium
2402 801 2418 830 ,
2445 775 2650 816 novum
2680 773 2880 816 nomen
2907 801 2923 827 ,
2954 758 3046 830 qui
3073 757 3361 830 plusquam
3389 757 3438 790 ³ο
3460 758 3748 828 octoginta

2136 853 2305 910 millia
2332 853 2416 926 (ut
2440 852 2648 925 ferunt)
2671 861 3034 919 armatorum,
3061 851 3199 922 ripae
3219 852 3265 883 ’ί
3288 850 3468 907 Rheni
3497 849 3746 906 ﬂuminis

2138 947 2480 1004 insederunt.
2514 947 2628 1003 Hos
2650 946 2932 1016 quondam
2958 946 3186 1001 subacta
3217 944 3489 1000 interiore
3516 943 3754 1000 Germa‘

2137 1039 2248 1108 nia,
2284 1055 2313 1093 a
2347 1039 2520 1094 Druso
2551 1047 2608 1094 et
2633 1037 2859 1094 Tiberio
2881 1079 2897 1104 ,
2929 1035 3200 1106 adoptivis
3230 1035 3358 1092 filiis
3386 1037 3434 1069 “
3461 1035 3706 1091 Caesaris
3729 1075 3747 1100 ,

2140 1148 2236 1203 per
2261 1139 2440 1187 castra
2471 1130 2770 1202 dispositos
2789 1173 2806 1197 ,
2853 1130 2899 1162 ³³
2926 1129 2980 1184 in
3012 1142 3263 1200 magnam
3307 1127 3582 1184 coaluisse
3609 1142 3750 1198 gen-

2142 1232 2280 1280 tem:
2305 1233 2470 1294 atque
2489 1224 2565 1279 ita
2587 1224 2750 1279 etiam
2783 1236 2983 1279 nomen
3010 1237 3077 1277 ex
3104 1236 3270 1291 opere
3299 1221 3745 1292 praesumpsisse,

2139 1314 2186 1347 “
2215 1316 2340 1386 quia
2385 1315 2576 1370 crebra
2609 1330 2708 1386 per
2736 1314 2962 1370 limitem
2993 1313 3155 1385 550
3186 1313 3494 1369 habitacula
3526 1313 3738 1368 consti-

2142 1415 2284 1476 tuta,
2313 1407 2520 1478 Burgos
2545 1408 2714 1478 vulgo
2743 1413 2974 1462 vocant:
3003 1421 3300 1476 eorumque
3331 1419 3453 1460 esse
3478 1403 3743 1476 praevali-

2141 1498 2266 1554 dam
2309 1508 2365 1555 et
2411 1498 2773 1570 perniciosam
2829 1512 3051 1553 manum
3079 1542 3094 1566 ,
3153 1499 3198 1530 ³⁸
3225 1496 3416 1553 Galliae
3471 1495 3747 1566 hodieque

2144 1600 2313 1649 tcs1es
2343 1601 2496 1658 sunt,
2532 1593 2585 1647 in
2613 1591 2810 1664 quibus
2851 1599 3180 1662 praesumpta
3211 1590 3570 1661 possessione
3604 1604 3742 1645 con-

2145 1687 2370 1755 sistunt,
2394 1686 2639 1758 quamvis
2667 1685 3008 1756 providentia
3032 1683 3132 1740 Dei
3154 1697 3345 1739 omnes
3372 1683 3421 1716 ³⁸
3445 1683 3747 1739 Christiani

431 1781 568 1830 ruta;
593 1815 608 1840 ,
654 1773 887 1843 periisse
916 1772 1245 1828 refcrantur.
1295 1772 1497 1828 Valens
1535 1771 1605 1826 ab
1634 1769 1886 1828 Eudoxio
1925 1771 2038 1842 epi-

2146 1779 2314 1836 modo
2340 1779 2492 1846 iacti,
2521 1777 2790 1834 catholica
2814 1777 2944 1843 ﬁde,
2977 1774 3288 1847 nostrisque
3308 1774 3526 1831 clericis
3548 1774 3748 1845 quibus

435 1879 624 1939 scapo,
660 1868 680 1898 ⁸
711 1865 900 1920 Ariani
930 1866 1198 1936 dogmatis
1230 1872 1528 1932 asscrtore,
1557 1871 1614 1920 et
1650 1863 1953 1934 baptizatus
1983 1872 2038 1920 et

439 1975 775 2030 persuasus,
835 1961 888 2015 in
953 1959 1312 2014 saevissimam
1365 1958 1618 2014 haeresim
1671 1957 1968 2014 declinavit
2019 1975 2032 2012 :

443 2052 609 2123 5&9
652 2051 747 2108 sed
779 2051 1074 2122 malignam
1107 2052 1522 2107 insectationem
1553 2050 1648 2105 diu
1672 2053 1692 2084 ³
1725 2052 1857 2106 texit
1880 2090 1895 2115 ,
1935 2063 2036 2106 nec

435 2144 707 2201 voluntati
731 2153 1055 2216 potestatem
1087 2143 1410 2210 admiscuit,
1452 2143 1632 2212 quoad
1665 2143 1898 2199 viventis
1926 2142 2036 2198 fra-

437 2239 540 2294 tris
592 2237 920 2292 auctoritate
974 2249 1326 2306 compressus
1381 2244 1484 2290 cst.
1548 2233 2037 2306 Contemplabatur

437 2331 583 2384 enim
615 2328 684 2385 de
714 2343 782 2385 eo
806 2369 820 2396 ,
854 2337 1109 2399 quantam
1157 2328 1268 2382 vim
1300 2328 1342 2358 ¹⁰
1373 2326 1425 2381 in
1456 2325 1767 2382 ulciscenda
1797 2326 1906 2382 ﬁde
1937 2327 2038 2381 im-

435 2429 660 2492 perator
689 2427 878 2492 posset
901 2421 942 2451 “
976 2434 1246 2475 exercere
1269 2459 1286 2485 ,
1321 2418 1416 2489 qui
1443 2426 1648 2474 tantam
1670 2417 2035 2474 constantiam

437 2527 538 2583 pro
585 2511 872 2567 retinenda
917 2511 1190 2579 quondam
1247 2510 1406 2565 miles
1463 2509 1768 2565 habuisset.
1826 2508 2035 2565 Horum

437 2619 582 2660 anno
614 2605 657 2635 "
689 2603 902 2674 imperii
935 2603 1118 2674 tertio,
1150 2603 1447 2660 Gratianus
1469 2602 1835 2658 Valentiniani
1866 2602 2034 2670 illius,

438 2698 741 2768 imperator
769 2706 856 2753 est
891 2696 1087 2752 factus.
1138 2695 1343 2751 Eodem
1381 2710 1528 2750 anno
1573 2695 1716 2764 apud
1746 2695 2035 2753 Atrebatas

438 2805 572 2846 vera
599 2790 721 2845 lana
757 2788 826 2844 de
851 2788 1091 2844 nubibus
1112 2787 1308 2857 pluviae
1331 2788 1501 2843 mixta
1522 2786 1771 2844 deﬂuxit.
1801 2788 2035 2852 Praeter-

441 2898 508 2939 ea
543 2882 936 2948 Athanaricus,
964 2897 1062 2938 rex
1085 2880 1413 2950 Gothorum,
1437 2879 1780 2938 Christianos
1801 2880 1854 2937 in
1875 2891 2039 2952 gente

437 2991 535 3032 sua
567 2975 956 3033 crudelissime
985 2983 1311 3046 persecutus
1334 3015 1351 3044 ,
1392 2975 1659 3045 plurimos
1695 2975 1738 3008 ¹³
1779 2975 2039 3032 barbaro-

439 3084 561 3124 rum
592 3069 667 3123 ob
694 3067 855 3123 ﬁdem
889 3067 1242 3136 interfectos,
1270 3067 1336 3122 ad
1368 3081 1630 3122 coronam
1663 3067 1912 3140 martyrii
1943 3082 2038 3123 su-

437 3161 710 3226 blimavit,
743 3175 977 3232 quorum
1012 3169 1192 3216 tamen
1213 3133 1433 3228 plurimi
1463 3160 1505 3190 ²¹⁶
1532 3159 1583 3215 in
1614 3133 1918 3215 Romanum
1948 3175 2039 3216 so-
2067 3133 2115 3198 Ο

443 3253 557 3307 lum
582 3254 628 3285 ³³
650 3267 759 3308 non
784 3253 982 3323 trepidi
1007 3295 1022 3320 ,
1073 3252 1116 3284 ³⁸
1144 3251 1292 3307 velut
1326 3252 1396 3306 ad
1443 3249 1629 3308 hostes
1655 3293 1670 3318 ,
1713 3251 1812 3308 sed
1856 3254 1988 3310 certi
2019 3295 2035 3322 ,

441 3344 589 3413 quod
617 3344 683 3398 ad
715 3344 940 3410 fratres,
960 3345 1002 3376 ³⁷
1022 3358 1120 3413 pro
1137 3342 1337 3398 Christi
1358 3342 1725 3411 confessione,
1759 3345 2034 3417 fugerunt.

446 3434 857 3494 Valentinianus
886 3436 1152 3504 Saxones,
1187 3444 1405 3507 gentem
1434 3437 1489 3492 iu
1519 3436 1719 3494 Oceani
1755 3440 2031 3496 littoribus

2141 1871 2431 1929 obedirent
2463 1870 2728 1942 receptis,
2782 1869 3013 1937 blande,
3047 1870 3092 1900 ³⁷
3120 1877 3406 1924 mansuete
3429 1909 3446 1934 ,
3481 1868 3748 1924 innocen—

2142 1973 2333 2035 terque
2358 1963 2548 2019 vivant
2571 2004 2587 2029 ,
2635 1977 2747 2018 non
2775 1961 2935 2033 quasi
2955 1975 3081 2017 cum
3109 1959 3378 2032 subjectis
3402 1959 3579 2016 Gallis
3599 2003 3617 2028 ,
3649 1960 3747 2014 sed

2138 2070 2267 2113 vere
2293 2048 2415 2110 cum
2447 2054 2711 2110 fratribus
2738 2053 3089 2110 Christianis.
3114 2053 3273 2109 Anno
3301 2062 3482 2108 autem
3519 2051 3751 2108 undeci-

2139 2161 2230 2202 mo
2260 2146 2472 2217 imperii
2499 2147 2604 2216 sui,
2633 2145 3072 2214 Valentinianus,
3099 2160 3224 2200 cum
3253 2147 3299 2176 "‘
3324 2144 3590 2201 Sarmatae
3614 2160 3740 2200 sese

2141 2254 2238 2310 per
2268 2239 2576 2295 Pannonias
2602 2237 2948 2293 diffudissent
2968 2278 2987 2305 ,
3040 2251 3241 2308 easque
3267 2245 3552 2292 vastarent
3577 2277 3593 2302 ,
3629 2237 3749 2292 bel-

2138 2331 2248 2386 lum
2278 2332 2332 2386 in
2356 2345 2450 2386 eos
2478 2332 2759 2401 parans,"
2778 2329 2920 2400 apud
2947 2329 3297 2399 Brigitionem
3327 2328 3587 2399 Oppidum
3614 2327 3749 2383 sub-

2139 2422 2212 2478 ita
2263 2421 2527 2476 effusione
2575 2421 2888 2491 sanguinis,
2941 2419 2987 2451 ³ο
3030 2419 3175 2490 quod
3221 2420 3413 2475 Graece
3458 2419 3752 2488 apOplexis

2140 2521 2391 2581 vocatur,
2415 2512 2713 2569 suffocatus
2735 2522 2793 2568 et
2815 2520 3064 2567 mortuus
3094 2519 3200 2568 est.
3237 2513 3367 2567 Post
3403 2526 3565 2581 quem
3598 2510 3752 2567 Gra-

2142 2608 2362 2674 tianus,
2407 2605 2450 2638 ³¹
2483 2605 2627 2661 ﬁlius
2652 2605 2806 2674 ejus,
2848 2603 3164 2660 Occidentis
3208 2603 3493 2674 imperium
3543 2602 3748 2659 tenuit.

2139 2699 2367 2756 Valente
2398 2707 2593 2769 patruo
2637 2699 2691 2754 in
2722 2696 2963 2754 Orientis
2995 2696 3240 2768 partibus
3269 2697 3598 2762 constituto,
3637 2696 3750 2751 γε.

2141 2791 2501 2848 lentinianum
2526 2791 2572 2824 ³³
2608 2791 2799 2858 etiam,
2825 2789 3054 2846 fratrem
3084 2802 3275 2858 suum,
3310 2803 3536 2860 parvum
3557 2787 3749 2844 admo-

2141 2885 2294 2953 dum,
2318 2886 2527 2943 socium
2555 2885 2764 2942 creavit
2791 2884 3032 2955 imperii.

2680 2999 2911 3056 CAPUT
2949 2999 3196 3056 XXXIII.

2154 3091 2346 3149 Valens
2387 3093 2699 3164 imperator,
2743 3092 3000 3162 quomodo
3046 3092 3371 3164 Christianos
3397 3093 3658 3164 punierit,
3699 3101 3751 3148 et

2288 3179 2405 3235 qua:
2429 3162 2563 3219 bella
2588 3164 2839 3234 gesserit,
2875 3166 3039 3235 deque
3077 3162 3314 3217 Gratiani
3356 3162 3594 3235 imperio.

2217 3257 2375 3311 Anno
2401 3256 2468 3310 ab
2495 3255 2642 3312 Urbe
2688 3253 2902 3310 condita
2966 3270 3255 3324 ucxxvut,
3304 3253 3534 3321 Valens,
3566 3271 3748 3311 nonus

2146 3357 2202 3404 et
2258 3347 2612 3418 trigesimus,
2665 3345 2956 3415 imperium
3004 3355 3240 3416 quatuor
3283 3345 3440 3402 annis
3496 3345 3748 3402 Valenti-

2141 3441 2305 3496 niano
2352 3447 2568 3496 mortuo
2618 3440 2828 3510 tenuit,
2862 3440 2879 3471 ‘
2909 3438 2997 3495 cui
3043 3439 3192 3510 soli,
3236 3454 3360 3496 cum
3407 3439 3570 3511 impie
3609 3456 3744 3511 age-

1731 3531 2181 3591 HAVERCAMPI
2211 3533 2445 3591 NOTIE.

515 3623 570 3678 2.
614 3621 684 3678 Et
710 3623 801 3679 sub
829 3623 1070 3697 Iuliano.
1112 3623 1557 3696 Coniunctionem
1583 3634 1629 3677 et
1652 3623 1839 3680 delent
1858 3624 2030 3697 Lugd.

447 3695 568 3750 Bat.
601 3711 686 3765 pr.
723 3710 847 3751 cum
873 3695 1014 3752 Coll.
1041 3695 1284 3752 Gronov.

519 3769 573 3822 5.
613 3765 867 3837 Augusto.
909 3770 1079 3823 Abest
1110 3783 1139 3821 a
1171 3766 1347 3837 Lugd.
1379 3765 1498 3837 Bat.
1528 3779 1639 3820 sec.
1669 3773 1723 3821 et
1750 3766 1930 3822 tertio.

517 3839 573 3893 4.
619 3836 888 3901 Fideliter.
931 3839 1099 3894 Abest
1122 3853 1151 3892 a
1177 3836 1349 3905 Lugd.
1384 3836 1502 3890 Bat.
1535 3850 1650 3891 sec.

520 3908 574 3979 5.
616 3905 685 3979 Et
717 3909 972 3979 graviora.
1019 3909 1192 3978 Lugd.
1234 3909 1352 3963 But.
1385 3917 1509 3963 tert.
1557 3914 1614 3962 et
1660 3917 1874 3978 quart.,
1918 3923 2040 3964 cum

449 3976 590 4052 Coll.
621 3976 882 4052 Gron_ov.,
914 3976 1177 4052 grauiora:

523 4047 576 4102 6.
621 4047 1085 4120 EtiProeo'pium.
1147 4050 1206 4103 In
1258 4048 1538 4120 omnibus,
1587 4062 1724 4115 quos
1773 4050 2043 4120 consului,

452 4135 585 4174 mss.
612 4117 958 4174 desideratur
984 4127 1052 4183 et,
1080 4129 1140 4173 ut
1168 4133 1222 4172 et
1253 4119 1304 4172 in
1336 4118 1472 4173 edit.
1498 4117 1733 4186 AnguSt.

526 4191 580 4243 7.
623 4188 728 4244 Per
753 4199 916 4244 totum
938 4190 1129 4244 orbem.
1171 4188 1308 4244 Edd.
1335 4187 1603 4259 quaedam,
1637 4205 1727 4259 per
1750 4197 1917 4243 totum
1946 4200 2047 4245 ter-

453 4277 633 4316 rarum
663 4260 855 4315 orbem.

525 4335 579 4387 8.
623 4333 823 4390 Ariani.
864 4333 1110 4388 Florent.
1135 4345 1283 4392 sec.,
1313 4330 1648 4386 Arianorum.

525 4406 581 4459 9.
627 4402 795 4458 Texit.
829 4403 975 4458 Edit.
1013 4407 1175 4472 Aug.,
1205 4401 1417 4454 obtexit.

527 4476 636 4531 1Ο.’
662 4473 729 4528 1η
751 4474 1047 4529 ulciscenda
1075 4471 1197 4542 ﬁde.
1235 4472 1400 4541 Lugd.
1442 4471 1584 4525 Batt.
1621 4482 1730 4526 tres
1757 4487 1878 4527 cum
1901 4473 2041 4529 Coll.

456 4544 695 4601 Gronov.
729 4545 920 4616 legunt
943 4587 957 4612 ,
1005 4545 1058 4598 in
1087 4544 1437 4598 ulciscendam
1484 4542 1641 4612 ﬁdem
1671 4542 1845 4612 ﬁdelis
1884 4544 2045 4616 impe-

451 4627 616 4671 ratar.

530 4690 620 4744 11.
661 4686 937 4742 Exercere.
969 4685 1071 4740 Ed.
1107 4685 1276 4754 prima
1299 4725 1312 4748 ,
1344 4699 1595 4754 exserere.
1628 4683 2048 4740 Confunduntur

457 4775 604 4830 saepe
632 4758 750 4822 haec
779 4757 942 4814 verba
973 4753 1279 4826 cum'apud
1320 4753 1478 4824 alios,
1510 4765 1617 4810 tum
1659 4766 1713 4811 ct
1739 4755 1880 4825 apud
1911 4755 2048 4812 Oro-

425 4844 617 4884 sxum.

529 4899 618 4954 12.
661 4898 896 4967 Imperii.
928 4897 1064 4954 Cod.
1097 4897 1377 4961 Perizon.,
1408 4895 1802 4967 imperatorum.

524 4971 612 5025 15.
653 4964 1029 5024 Barbarorum.
1078 4967 1369 5034 Perizon.,
1416 4964 1831 5021 Christianorum
1854 4984 1874 5034 ;
1913 4966 2042 5024 Flo-

457 5051 600 5096 rent.
630 5047 778 5101 tert.,
815 5040 1079 5096 barbaros.

527 5112 617 5165 M.
661 5109 725 5163 In
759 5109 1050 5166 Romanum
1078 5111 1267 5165 solum.
1323 5107 1601 5173 Pcrizon.,
1646 5109 1716 5162 ad
1747 5107 2042 5163 Romanum

448 5183 640 5237 solum.
1941 5215 1946 5219 .

525 5255 611 5308 15.
655 5249 780 5306 Non
812 5252 1030 5322 trepidi.
1079 5251 1248 5320 Lugd.
1297 5251 1438 5305 Batt.
1471 5260 1702 5321 quatuor
1739 5266 1859 5305 cum
1896 5248 2035 5306 Coll.

447 5324 690 5381 Gronov.
725 5334 774 5377 et
809 5321 944 5377 Ultr.
969 5322 1246 5391 intrepide.

519 5395 607 5450 16.
661 5392 832 5462 Velut.
871 5392 1042 5459 Major
1064 5408 1189 5462 pars
1219 5391 1538 5449 eorumdcm
1572 5407 1704 5448 mss.
1731 5393 1866 5462 vagi.

517 5467 607 5522 17.
651 5463 761 5518 Pro
789 5461 1002 5520 Christi.
1032 5461 1109 5518 Ed
1145 5466 1281 5532 Aug.
1315 5462 1557 5528 proximi.

515 5535 605 5608 1ξ.
645 5535 848 5608 ῥέαθηίι
876 5533 1234 5608 mole:_Lugd.
1263 5533 1377 5587 Bat.
1414 5547 1524 5602 pr.,
1555 5549 1799 5604 magnam
1824 5532 1971 5608 olim.

513 5605 603 5660 19.
635 5603 971 5659 Meditantes.
998 5605 1089 5661 Sic
1111 5603 1295 5659 ainant
1317 5617 1446 5657 mss.
1473 5603 1666 5656 omnes
1691 5613 1750 5656 ut
1770 5603 1837 5656 ad
1861 5604 2034 5656 Saxo-

441 5689 540 5754 nes
567 5675 858 5796 rfferatur,
890 5691 998 5734 nou
1029 5677 1388 5742 meditantem,
1421 5681 1480 5728 ut
1508 5673 1574 5727 ad
1603 5682 1844 5744 gentem,
1874 5681 2038 5742 prout

443 5757 501 5796 in
527 5759 589 5796 vu
615 5759 702 5796 aa.
733 5753 835 5796 est.

443 5753 501 5800 tn
527 5753 702 5814 vulgg.
733 5753 835 5803 est.

2212 3625 2306 3698 20.
2350 3626 2628 3698 OelOginta
2649 3626 2839 3698 millia.
2872 3624 3153 3695 Duplicem
3203 3625 3492 3681 lectionem
3536 3625 3747 3680 invenit

2150 3697 2240 3754 ed.
2272 3695 2525 3768 Augusti.
2558 3696 2708 3768 aiddit
2729 3697 2872 3752 enim
2905 3698 3130 3768 insuper
3163 3698 3491 3768 septuaginta
3513 3698 3704 3751 millia.

2223 3770 2316 3823 21.
2358 3767 2546 3822 Rheni.
2572 3767 2811 3822 Floreat.
2845 3782 2957 3823 sec.
2993 3766 3263 3822 Rhodani.

2221 3837 2313 3893 22.
2355 3838 2596 3893 Cwsaris.
2649 3838 2808 3893 Addit
2837 3839 2924 3894 ed.
2961 3854 3014 3908 p.
3042 3853 3163 3893 cum
3195 3838 3436 3892 Parisina
3476 3848 3534 3894 et
3564 3838 3746 3893 Vene-

2154 3910 2223 3964 tis
2243 3951 2257 3976 ,
2288 3908 2544 3992 Augusti,
2576 3910 2719 3980 quod
2754 3923 2859 3964 non
2887 3909 3087 3965 damno
3112 3954 3128 3978 ,
3174 3909 3270 3964 sed
3315 3919 3494 3964 tamen
3525 3911 3579 3964 in
3605 3925 3741 3965 mss.

2153 3996 2262 4037 IIOII
2287 3997 2466 4035 Inveni
2479 4021 2493 4035 .

2223 4052 2314 4106 25.
2359 4049 2424 4105 In
2443 4067 2684 4122 magnam
2708 4049 2964 4105 coaluisse
2982 4059 3204 4121 gentem.
3227 4051 3392 4122 Quasi
3417 4050 3534 4122 hinc
3559 4050 3742 4104 colla:-

2151 4136 2272 4177 rere
2303 4136 2412 4176 non
2447 4121 2666 4190 possent
2691 4136 2811 4175 cum
2841 4122 3222 4188 sequentibus,
3269 4121 3375 4176 nisi
3399 4121 3578 4190 aliquo
3613 4122 3741 4175 tibi-

2151 4193 2272 4247 cine
2298 4192 2652 4261 fulcirentur,
2701 4192 2755 4246 in
2783 4191 3035 4246 omnibus
3063 4193 3427 4256 editiunibus,
3467 4192 3582 4246 sola
3625 4195 3735 4245 Au-

2150 4274 2373 4331 gustana
2427 4274 2684 4334 excepta,
2732 4272 2924 4318 contra
2975 4277 3163 4318 omnes
3216 4279 3346 4318 mss.
3398 4263 3740 4317 iutruscruttt

2150 4335 2297 4388 aiunt
2323 4375 2339 4403 ,
2371 4334 2595 4391 edentes
2623 4336 2769 4388 aiunt
2807 4335 2860 4388 in
2890 4350 3160 4404 magnam,
3194 4343 3298 4389 etc.
3326 4377 3341 4398 ,
3377 4349 3500 4387 cum
3531 4333 3739 4401 depen-

2073 4417 2127 4477 ι)
2151 4405 2312 4477 deant
2340 4407 2409 4477 ab
2439 4405 2564 4471 illis,
2602 4406 2788 4460 Gallia:
2814 4405 3062 4477 hodieque
3092 4414 3406 4477 testes‘stml.

2223 4475 2314 4531 21.
2361 4476 2496 4542 Quia
2525 4477 2726 4540 crebra,
2755 4485 2859 4530 etc.
2888 4475 3017 4529 Mss.
3043 4475 3214 4543 Lugd.
3245 4475 3384 4530 Batt.
3405 4489 3594 4529 omnes
3611 4489 3736 4528 cum

2152 4545 2407 4601 Perizon.
2435 4554 2489 4600 et
2512 4547 2653 4601 Coll.
2684 4546 2855 4617 Lugd.
2888 4545 3029 4617 Batt.
3062 4547 3260 4613 crebro,
3293 4559 3588 4614 eorumque
3617 4547 3736 4614 plu-

2149 4630 2238 4671 res
2271 4633 2392 4670 mox
2422 4616 2892 4684 constituunt,sed
2928 4616 3086 4670 lectio
3109 4618 3320 4685 vulgata
3354 4617 3520 4684 proba
3555 4626 3661 4670 est.

2222 4687 2314 4742 25.
2355 4686 2561 4741 Galliw.
2590 4689 2727 4743 Cod.
2760 4687 3034 4751 Pcrizon.,
3067 4685 3232 4743 Galli.

2219 4757 2310 4812 26.
2354 4758 2652 4813 Christiani.
2687 4759 2856 4814 Abest
2883 4757 2986 4812 hoc
3014 4773 3042 4810 a
3073 4758 3196 4812 cod.
3234 4758 3480 4812 l’erizon.

2220 4829 2311 4884 9.7.
2355 4827 2650 4896 Mansuete,
2681 4831 3093 4896 innocenter-que.
3144 4827 3383 4884 Florcnt.
3412 4841 3546 4893 scc.,
3579 4844 3726 4880 man-

2146 4908 2283 4980 suete
2315 4900 2740 4980 innocentesque;
2769 4897 2940 4970 Lugd.
2983 4900 3100 4953 Bal.
3137 4915 3218 4970 pr.
3243 4943 3258 4968 ,
3290 4906 3656 4968 mansueteque
3684 4906 3728 4950 et

2143 4972 2442 5024 innocenter
2479 4972 2666 5024 vivunt.

2216 5041 2307 5095 28.
2351 5040 2631 5096 Sarmatrc.
2655 5039 2790 5095 Edd.
2811 5039 3057 5110 qumdam
3081 5049 3242 5104 vett.,
3265 5039 3522 5110 Sarmata:
3536 5045 3731 5110 gemes.

2215 5111 2305 5166 29.
2348 5111 2502 5177 Apud
2518 5104 2875 5182 Brigitionem.
2898 5111 3217 5182 Ammianus
3238 5104 3582 5182 Il‘larcellintis
3603 5104 3733 5160 Bre-

2143 5181 2386 5250 gitionem
2426 5179 2708 5244 vocatfex
2741 5197 2849 5251 quo
2879 5183 3069 5251 mortis
3103 5179 3471 5236 Valentiniani
3497 5179 3732 5234 circum-

2143 5252 2370 5306 stantias
2399 5261 2519 5320 pete
2546 5252 2640 5306 lib.
2674 5250 2797 5317 xxx,
2828 5265 2948 5318 cap.
2977 5250 3031 5306 5.

2215 5323 2304 5379 5t).
2349 5323 2498 5389 Quod
2524 5321 2715 5388 Grrece,
2737 5331 2841 5392 etc.
2869 5323 2998 5385 Mss.
3023 5322 3195 5390 Lugd.
3227 5322 3367 5392 Batt.
3389 5334 3578 5375 omnes
3601 5334 3723 5375 cum

2141 5392 2281 5449 Coll.
2311 5393 2579 5464 Ggonov.,
2609 5393 2744 5464 quod
2769 5391 2939 5447 ϐηεεί
2963 5391 3464 5464 αροριεωὶείυοτίιηι.
3517 5449 3521 5452 ,

2212 5465 2301 5534 51.
2342 5462 2516 5534 filius
2546 5464 2676 5534 ejus.
2711 5463 2879 5532 Lugd.
2914 5462 3172 5534 Baitépr.
3197 5463 3337 5532 ﬁlius
3366 5478 3514 5515 suus.

2140 5533 2302 5658 G52.
2346 5529 2814 5588 Etiam.'l)elcnt'
2836 5532 3006 5604 Lugd.
3065 5529 3206 5588 Bat.'
3242 5542 3416 5605 quart.
3478 5539 3534 5587 ct
3587 5529 3730 5584 Coll.

2192 5619 2378 5658 l‘OIIOV.

2192 5619 2378 5658 l‘OIIOV.

2210 5673 2342 5730 CAP.
2371 5672 2613 5729 XXXIII.
2642 5705 2711 5714 —
2737 5674 2782 5728 1.
2812 5672 2909 5727 Cui
2926 5674 3047 5743 soli,
3072 5690 3212 5739 cum,
3237 5683 3344 5730 etc.
3379 5673 3546 5744 Lugd.
3584 5671 3725 5728 Bait.

2139 5753 2372 5817 quatuor
2413 5761 2537 5803 cuiu
2587 5744 2725 5804 COII.
2760 5744 3000 5806 GI'OBOV.
3030 5753 3084 5806 el,
3137 5744 3308 5817 Ultra,
3358 5745 3448 5801 cui
3483 5744 3583 5800 soli
3612 5758 3732 5797 cum
