4076 6174
270 328 413 385 1145

1238 324 1710 384 HISTORIARUM
1750 324 1951 382 LIBER
1991 323 2103 382 VII.
2144 325 2298 382 CAP.
2339 325 2578 383 XXXIII.

3426 332 3565 388 1146

268 447 376 504 ret,
410 446 468 496 et
500 437 766 509 potuisset
816 439 1144 496 erubescere
1167 485 1180 509 ,
1238 439 1386 496 illico
1429 441 1578 496 velut
1602 439 1864 495 effrenata
1891 439 1942 498 Δ
1972 447 2084 493 tum
2111 438 2347 506 Christi,
2384 440 2425 470 ¹⁷
2459 438 2603 510 quod
2631 437 2945 510 qtta‘sieral,
2980 451 3260 497 assecutus
3287 452 3370 498 est
3395 485 3408 506 ,
3445 451 3567 512 post

271 531 430 604 551
466 532 486 562 ²
516 530 783 586 libertatis
813 531 1036 587 audacia
1064 533 1239 603 legem
1269 532 1419 588 dedit
1448 549 1462 586 :
1497 541 1556 586 ut
1577 530 1863 598 monachi,

271 622 377 678 hoc
398 631 502 689 est,
530 621 850 692 Christiani,
884 623 977 694 qui
1007 623 1073 679 ad
1106 640 1270 680 unum
1301 624 1424 679 ﬁdei
1456 639 1612 693 opus,
1639 623 1866 678 dimissa

270 713 617 770 saecularium
651 729 834 770 rerum
859 715 1173 771 multimoda
1198 717 1430 782 actione,
1463 715 1484 746 ³
1503 729 1561 770 se
1590 715 1863 786 redigunt,

272 810 338 864 ad
387 809 635 864 militiam
688 818 1033 880 cogerentur.
1065 809 1259 866 Vastas
1313 810 1434 865 illas
1471 818 1594 864 tunc
1644 807 1866 880 IEgypti

270 899 622 966 solitudines,
671 915 974 972 arenasque
1001 902 1260 970 diffusas,
1300 917 1436 973 quas
1466 911 1690 973 propter
1719 902 1862 956 sitim

271 1006 336 1046 ac
412 993 758 1049 sterilitatem
843 995 1472 1067 periculosissimamque
1548 1005 1864 1066 serpentum

272 1083 666 1140 abundantiam
706 1087 1051 1142 conversatio
1083 1089 1315 1143 humana
1355 1103 1462 1143 non
1494 1097 1718 1156 nosset,
1753 1103 1868 1143 ma-

271 1192 375 1248 gna
419 1177 780 1234 habitantium
813 1183 1202 1250 monachorum
1236 1180 1526 1236 multitudo
1557 1181 1867 1250 compleve-

271 1278 376 1324 rat.
412 1275 432 1307 ⁸
471 1270 587 1326 IIuc
615 1271 821 1326 tribuni
855 1282 911 1327 et
939 1273 1137 1328 milites
1179 1274 1353 1340 missi,
1381 1275 1472 1345 qui
1500 1281 1726 1328 sanctos
1755 1275 1777 1305 ⁸
1801 1287 1867 1329 ac

273 1376 434 1418 veros
458 1364 658 1419 milites
697 1366 788 1420 Dei
813 1365 834 1395 °
867 1365 978 1421 alio
997 1367 1219 1422 nomine
1238 1367 1628 1435 persecutionis
1657 1367 1868 1423 abstra—

275 1454 487 1510 herent.
536 1457 556 1486 ⁷
588 1456 878 1512 Interiectu
916 1467 1046 1512 sunt
1085 1458 1155 1514 ibi
1195 1459 1407 1528 agmina
1442 1458 1610 1512 multa
1649 1465 1866 1512 sancto-

270 1561 411 1602 rum.
439 1546 571 1613 Qua:
597 1556 777 1602 autem
802 1563 898 1619 per
923 1549 1168 1604 diversas
1200 1550 1397 1620 ubique
1423 1549 1755 1620 provincias,
1783 1549 1865 1603 his

267 1636 648 1708 similibusque
672 1638 860 1708 jussis,
893 1638 1154 1694 adversus
1178 1640 1455 1700 Ecclesias
1467 1638 1788 1705 catholicas,
1812 1647 1866 1694 et

267 1737 434 1784 recta:
481 1729 607 1784 ﬁdei
654 1731 884 1801 populos
935 1741 1089 1802 gesta
1131 1733 1275 1800 sint,
1316 1733 1450 1788 satis
1498 1733 1860 1802 signiﬁcatum

1970 533 2262 603 gloriosam
2309 534 2491 588 surculi
2525 534 2710 597 vitam,
2761 534 2925 588 etiam
2975 535 3042 591 de
3089 537 3214 591 vitae
3262 536 3564 592 aeternitate

1970 637 2217 692 securus,
2261 625 2571 695 percussori
2597 624 2844 695 jugulum
2887 626 3028 681 ultro
3069 629 3318 698 praebuit.
3354 627 3562 685 Gratia-

1971 731 2074 772 nus
2113 717 2320 772 interea
2371 717 2686 787 imperator,
2729 718 3020 775 admodum
3068 721 3318 790 juvenis,
3365 737 3487 778 cum
3521 725 3564 757 ⁸⁸

1969 809 2408 866 inaestimabilem
2438 811 2840 866 multitudinem
2869 812 3107 869 hostium
3136 815 3395 871 Romanis
3423 817 3565 872 infu-

1968 917 2084 957 sam
2117 902 2314 957 ﬁnibus
2353 912 2624 971 ccrncret,
2660 902 2835 960 fretus
2877 903 3153 962 CHRISTI
3193 909 3430 976 potentia
3454 951 3468 973 ,
3519 911 3562 944 ιθ

1969 992 2129 1062 lenge
2152 992 2345 1063 impari
2371 994 2602 1050 militum
2633 1011 2860 1051 numero
2889 1012 3011 1053 sese
3041 999 3094 1052 in
3143 997 3355 1054 hostem
3387 999 3559 1067 dedit,

1967 1090 2025 1139 et
2062 1084 2317 1139 continuo
2348 1085 2488 1153 apud
2523 1087 2919 1154 Argentariam,
2952 1088 3207 1158 oppidum
3234 1088 3557 1161 Galliarum,

1967 1174 2535 1232 formidolosissimum
2570 1177 2772 1233 bellum
2804 1179 3112 1235 incredibili
3147 1182 3404 1238 felicitate
3431 1198 3562 1239 eon-

1969 1264 2116 1321 fecit.
2148 1265 2280 1322 Nam
2311 1267 2432 1338 plus
2463 1283 2622 1339 quam
2656 1258 2886 1340 triginta
2914 1270 3079 1326 millia
3111 1273 3555 1341 Alamannorum,

1968 1357 2196 1413 minimo
2222 1358 2588 1414 Romanorum
2626 1359 2960 1417 detrimento
3001 1363 3052 1417 in
3078 1378 3143 1418 eo
3177 1363 3362 1432 prmlio
3392 1365 3562 1420 inter-

1966 1448 2104 1505 fecta
2143 1460 2451 1506 narrantur.
2482 1452 2666 1508 Tertio
2701 1453 2912 1510 decimo
2943 1466 3125 1510 autem
3156 1470 3298 1511 anno
3339 1456 3556 1526 imperii

1969 1541 2235 1609 Valentis,
2279 1543 2382 1599 hoc
2420 1553 2526 1610 est,
2555 1560 2724 1616 parvo
2766 1556 3012 1617 tempore
3051 1559 3234 1618 postea
3261 1564 3424 1618 quam
3457 1549 3562 1606 Va-

1967 1631 2086 1688 lens
2115 1647 2210 1704 per
2253 1643 2422 1690 totum
2453 1636 2731 1692 Orientem
2776 1637 3146 1694 Ecclesiarum
3177 1639 3560 1710 lacerationes,

1967 1735 2391 1796 sanctorumque
2421 1727 2601 1782 caedes
2630 1737 2838 1797 egerat,
2889 1729 3040 1784 radix
3083 1731 3174 1785 illa
3217 1729 3559 1805 miseriarum

266 1819 382 1889 ipsa
413 1823 436 1852 ⁸
461 1821 729 1877 reticendi
761 1822 1030 1879 electione
1057 1823 1313 1880 sufﬁciat.
1349 1825 1557 1880 lnterca
1590 1825 1643 1878 in
1666 1824 1863 1879 Africa:
1896 1817 1942 1876 B
1970 1830 2278 1874 nostrarum
2311 1819 2716 1889 copiosissimos
2747 1821 2909 1876 simul
2941 1821 3166 1877 frutices
3191 1824 3516 1894 germinavit
3546 1841 3559 1878 :

266 1913 517 1983 partibus
547 1918 569 1949 θ
596 1915 818 1972 Firmus
860 1931 1002 1986 sese,
1035 1918 1287 1972 excitatis
1331 1918 1639 1972 Maurorum
1688 1917 1862 1988 genti-

263 2005 407 2074 bus,
462 2023 644 2079 regem
693 2011 1064 2076 constitueus,
1105 2010 1344 2066 Africam
1375 2010 1862 2082 Mauritaniamquc

264 2101 519 2155 vastavit.
572 2099 879 2158 Caesaream
902 2144 918 2171 ,
951 2102 1140 2158 urbem
1175 2102 1574 2158 nobilissimam
1608 2103 1865 2158 Maurita-

265 2189 412 2256 niaz,
455 2189 583 2248 dolo
637 2203 893 2263 captam,
950 2193 1146 2249 deinde
1197 2193 1437 2249 caedibus
1489 2193 1862 2262 incendiisque

266 2284 618 2354 completam,
647 2286 893 2342 barbaris
923 2288 976 2343 in
1005 2287 1242 2358 praedam
1275 2287 1449 2343 dedit.
1482 2287 1646 2358 Igitur
1676 2302 1862 2343 comes

265 2375 626 2444 Theodosius,
676 2378 998 2448 Theodosii,
1032 2381 1123 2451 qui
1172 2389 1296 2449 post
1345 2379 1572 2448 imperio
1626 2380 1856 2450 pra-fuit,

270 2475 442 2537 pater,
475 2483 504 2522 a
532 2469 912 2527 Valentiniano
932 2471 1153 2538 missus,
1175 2470 1377 2527 eﬁ‘usas
1396 2470 1702 2526 Maurorum
1729 2486 1862 2542 gen-

266 2569 348 2615 tes
375 2562 562 2617 multis
603 2563 805 2632 prmliis
837 2565 880 2595 ¹⁰
915 2564 1095 2633 fregit,
1130 2565 1170 2596 “
1200 2564 1378 2632 ipsum
1407 2563 1650 2618 Firmum
1692 2563 1861 2620 afﬁic-

267 2658 381 2705 tum
407 2661 462 2707 et
489 2667 812 2724 oppressum
840 2655 1019 2726 coegit
1059 2655 1124 2710 ad
1165 2665 1418 2711 mortem.
1456 2657 1588 2713 Post
1611 2672 1736 2712 cum
1761 2672 1858 2712 ex-

267 2744 669 2812 perientissima
728 2747 1065 2817 providentia
1133 2754 1303 2802 totam
1357 2762 1478 2802 cum
1534 2747 1856 2804 Mauritania

266 2836 506 2893 Africam
536 2839 579 2870 ¹²
606 2840 888 2896 meliorem
913 2841 1155 2910 pristinis
1189 2841 1396 2909 legibus
1427 2839 1778 2909 reddidisset,
1816 2842 1860 2874 ¹³

267 2927 645 2988 instimulante
674 2932 716 2963 “
743 2940 800 2988 et
829 2933 1130 3002 obrepente
1162 2933 1326 3007 552
1352 2934 1579 3000 invidia,
1613 2935 1655 2966 ¹³
1674 2935 1859 3005 jussus

266 3020 520 3091 interﬁci,
545 3023 684 3095 apud
705 3024 1094 3096 Carthaginem
1123 3026 1390 3096 baptizari
1413 3025 1464 3080 in
1482 3027 1857 3083 remissionem

263 3125 612 3186 peccatorum
643 3120 689 3152 ¹⁶
716 3122 1040 3192 ριιωοριτινίι
1085 3139 1096 3174 :
1127 3135 1190 3177 ae
1227 3133 1509 3192 postquam
1549 3137 1860 3179 sacramen-

1965 1911 2236 1982 siquidem
2259 1912 2304 1943 ὀ
2326 1926 2460 1983 gens
2487 1912 2830 1982 Hunnorum,
2853 1913 2945 1968 diu
2971 1915 3264 1970 inaccessis
3287 1916 3330 1946 ³³
3348 1915 3560 1971 seclusa

1966 2005 2240 2059 montibus
2265 2046 2280 2072 ,
2315 2004 2596 2073 repentina
2643 2005 2793 2061 rabie
2835 2006 3082 2075 percita,
3117 2007 3323 2063 exarsit
3370 2009 3424 2063 in
3453 2009 3562 2064 Go-

1966 2095 2088 2151 thos
2118 2115 2130 2148 :
2155 2111 2359 2166 eosque
2385 2099 2429 2128 ³³
2455 2098 2689 2168 sparsim
2715 2098 3072 2154 conturbatos
3099 2102 3168 2158 ab
3197 2101 3434 2172 antiquis
3475 2117 3563 2158 se-

1965 2189 2124 2245 dibus
2169 2189 2392 2259 expulit.
2439 2188 2601 2245 Gothi
2644 2190 2871 2244 transito
2916 2190 3163 2246 Danubio
3203 2191 3497 2263 fugientes,
3528 2208 3559 2247 a

1965 2281 2194 2337 Valente
2247 2284 2366 2336 sine
2413 2282 2520 2336 nlla
2575 2281 2795 2337 foederis
2850 2283 3107 2352 pactione
3160 2286 3438 2354 suscepti,
3495 2301 3562 2341 ne

1963 2390 2116 2435 arma
2183 2375 2434 2446 quidem,
2495 2389 2602 2446 quo
2668 2374 2840 2429 tutius
2904 2375 3151 2432 barbaris
3215 2377 3563 2447 crederetur,
3641 2411 3653 2425 ν

1966 2469 2240 2524 tradidere
2298 2467 2578 2522 Romanis.
2638 2468 2844 2523 Deinde
2896 2477 3119 2540 propter
3159 2470 3558 2526 intolerabilem

1965 2561 2127 2634 553
2157 2561 2440 2615 avaritiam
2475 2560 2693 2614 Maximi
2722 2559 2900 2628 ducis,
2932 2559 3071 2616 fame
3098 2569 3154 2616 et
3177 2561 3398 2631 injuriis
3428 2562 3557 2617 ada-

1963 2655 2057 2720 eti,
2095 2654 2148 2708 in
2172 2668 2322 2708 arma
2356 2660 2662 2722 surgentes,
2698 2653 2843 2707 victo
2878 2652 3120 2708 Valentis
3157 2659 3428 2723 exercitu,
3467 2670 3563 2725 per

1964 2749 2252 2804 Thraciam
2281 2761 2403 2802 sese
2427 2749 2744 2811 miscentes,
2773 2746 2931 2801 simul
2957 2747 3138 2801 omnia
3171 2747 3438 2812 czedibus,
3471 2748 3555 2802 in-

1963 2842 2202 2907 cendiis,
2244 2840 2559 2910 rapinisque
2603 2838 2906 2894 ftedarunt.
2955 2838 3155 2894 Valens
3199 2855 3452 2911 egressus
3492 2841 3560 2896 de

1964 2933 2251 2990 Antiochia
2282 2951 2292 2985 :
2327 2947 2448 2986 cum
2481 2931 2669 2985 ultima
2700 2930 2939 2985 infelicis
2978 2931 3105 2986 belli
3138 2943 3286 2988 sorte
3316 2931 3560 2988 trahere-

1964 3039 2076 3095 tur,
2103 3043 2221 3083 sera
2252 3026 2456 3096 peccati
2485 3025 2706 3078 maximi
2734 3025 3054 3094 poenitentia
3080 3024 3415 3094 stimulatus,
3448 3026 3563 3094 epi-

1965 3137 2162 3194 scopos
2201 3121 2248 3153 ³³
2285 3129 2623 3190 czeterosqne
2668 3127 2888 3174 sanctos
2931 3119 3182 3175 revocari
3229 3120 3297 3177 de
3352 3119 3561 3175 exsiliis

1543 3277 2000 3336 IIAVERCAMPI
2039 3273 2272 3334 ΝΟΤᾹΞ.

262 3396 418 3468 impie
441 3411 595 3467 agere
629 3395 878 3467 potuisset
903 3396 1408 3468 erubesceret,qute
1435 3395 1596 3468 lectio
1636 3411 1853 3468 quoque
1879 3395 1924 3458 C
1957 3394 2130 3468 eipem
2163 3391 2458 3468 editionem
2497 3399 2554 3444 et
2593 3388 2894 3444 Parisinam
2950 3389 3122 3468 secuti
3168 3390 3553 3468 BolsAuingius,

265 3469 317 3523 in
336 3465 588 3540 Floreat.
623 3465 732 3524 Sec.
766 3477 871 3531 est,
893 3467 988 3540 sed
1018 3467 1421 3540 abrasaultima
1452 3467 1631 3540 littera
1649 3465 1702 3540 in
1734 3465 1856 3540 tige-

262 3549 360 3592 ret.
395 3539 674 3601 Perizon.,
722 3540 808 3607 qui
852 3538 994 3591 solus
1037 3554 1153 3590 cum
1201 3539 1361 3606 impie
1409 3554 1569 3607 agens
1598 3536 1858 3593 debuisset

264 3610 576 3663 erubescere.
612 3607 787 3663 Sanus
818 3607 922 3662 erit
951 3609 1129 3674 locus,
1163 3610 1206 3662 si
1235 3649 1248 3665 .
1291 3608 1472 3664 deleto
1493 3619 1541 3662 et
1564 3653 1578 3675 ,
1610 3609 1816 3662 scribas
1837 3653 1851 3675 ,

263 3681 348 3734 cui
379 3679 477 3751 soli
523 3696 638 3732 cum
670 3680 1065 3751 impieagerct.
1095 3679 1342 3751 potuisset
1391 3679 1708 3734 erubescere.
1753 3678 1856 3751 Vel

265 3751 368 3805 soli
394 3749 675 3804 Valentino
705 3749 875 3816 fratri,
907 3751 1023 3804 viro
1052 3749 1106 3804 in
1142 3750 1246 3804 ﬁde
1274 3751 1581 3803 Christiana
1623 3750 1856 3804 maxime

265 3820 570 3876 ortliodoxo
593 3863 610 3888 ,
655 3821 981 3876 erubescere
1003 3828 1254 3890 potuerat
1279 3819 1478 3890 Valens
1499 3861 1514 3890 ,
1545 3819 1629 3884 si,
1666 3835 1731 3873 eo
1773 3820 1855 3874 vi-

265 3903 447 3958 vente,
479 3908 506 3945 a
535 3891 771 3961 puritate
798 3890 920 3945 ﬁdei
948 3889 1292 3946 declinasset.
1325 3889 1607 3945 Facillime
1637 3903 1702 3943 ex
1734 3907 1856 3960 age-

267 3971 345 4016 ret
373 3962 556 4017 ultima
587 3963 796 4033 syllaba
816 3961 1099 4033 duplicata
1130 3961 1326 4033 factum
1356 3962 1456 4033 fuit
1476 3970 1645 4033 ageret
1677 3970 1748 4033 et.

334 4034 391 4088 ‘2.
423 4030 722 4087 Libertatis.
748 4030 1007 4101 Editﬁpr.
1046 4042 1100 4088 ct
1139 4031 1465 4088 Parisiensis
1492 4030 1677 4102 legunt
1703 4030 1854 4086 liber.

261 4104 398 4159 Cod.
445 4104 688 4159 Florenl.
720 4117 854 4169 sec.,
889 4106 1049 4159 libera
1075 4104 1317 4157 audacia.
1561 4109 1576 4124 τ

335 4177 388 4229 ii.
419 4176 490 4230 Se
513 4176 772 4244 redigunt.
798 4173 938 4228 Edd.
963 4175 1206 4245 quaedam
1236 4183 1394 4245 νειμ,
1423 4172 1746 4245 redegerunt.

333 4246 387 4299 4.
417 4247 538 4300 Huc
566 4243 760 4300 tribuni
789 4246 957 4302 Abest
982 4243 1085 4302 vox
1119 4245 1267 4316 prior
1289 4263 1316 4298 ε
1349 4243 1522 4315 Lugd.
1551 4243 1669 4298 Bat.
1696 4243 1857 4298 tertio

264 4325 321 4371 et
350 4318 486 4372 Coll.
513 4316 750 4373 Gronov.

334 4388 388 4442 5.
416 4389 489 4442 Ac
518 4404 658 4442 rei-os
682 4389 866 4444 milites
893 4387 1011 4443 Dei.
1044 4387 1146 4444 Ed.
1175 4387 1428 4458 August.,
1451 4401 1512 4438 ac
1542 4383 1854 4439 venerabiles

261 4459 450 4513 milites
484 4459 600 4513 Dei.

334 4528 386 4583 6.
416 4530 531 4584 Alio
562 4531 788 4585 nomine.
819 4529 954 4586 Cod.
989 4529 1235 4584 Perizou.
1255 4569 1270 4596 ,
1299 4529 1474 4584 alieno
1501 4527 1712 4582 nomine
1740 4542 1858 4596 per-

260 4602 540 4654 secutionis
559 4601 918 4657 abstralterent
942 4603 1005 4654 ab
1036 4601 1136 4654 Itis.

338 4672 391 4727 7.
447 4670 731 4742 Interfecto
793 4682 909 4727 sunt
963 4671 1031 4725 ibi
1072 4672 1280 4742 agmina
1323 4670 1485 4723 multa
1535 4675 1850 4742 sanctorum.

260 4740 396 4834 Cum
443 4744 558 4798 lucc
592 4740 848 4834 constans
897 4740 1135 4826 omnium
1171 4740 1588 4834 lllSs..sll..l.t‘.Cll0.
1607 4782 1622 4808 ,
1653 4754 1852 4834 neAuno
1879 4775 1934 4834 Β

260 4811 478 4870 quidem
501 4822 749 4880 excepto,
774 4816 1042 4870 temerarii
1067 4811 1447 4880 pronuntiandi
1469 4822 1592 4864 sunt
1614 4809 1850 4864 editores

261 4882 341 4936 illi
381 4885 557 4951 primi,
590 4885 680 4952 qui
711 4899 810 4942 suo
853 4885 1088 4953 periculo
1117 4893 1388 4937 mutarant
1419 4882 1689 4953 interfecta
1730 4889 1849 4931 sunt

260 4953 317 5006 in
360 4951 754 5030 interfecerunt,
799 4951 940 5025 quod
971 4969 999 5007 a
1033 4954 1202 5030 prima
1242 4953 1464 5008 traduce
1502 4951 1630 5030 dein
1659 4965 1850 5030 omnes

269 5027 549 5091 occupavit
583 5026 868 5088 editiones,
899 5041 1002 5079 una
1032 5028 1332 5094 Augustana
1364 5029 1612 5094 excepta,
1643 5036 1762 5091 qua:
1795 5026 1847 5072 in

264 5107 369 5148 ms.
397 5095 564 5164 ipsius
591 5097 914 5151 exhibendis
945 5095 1287 5158 lectionibus,
1319 5093 1527 5148 vitiosis
1558 5105 1772 5164 quoque
1795 5099 1851 5144 et

260 5163 573 5242 duplicatis,
604 5167 1035 5242 prazstantissinti
1058 5166 1260 5242 codicis
1281 5165 1454 5242 viceni
1477 5163 1714 5242 supplet.
1793 5231 1804 5242 _

332 5235 385 5290 8.
413 5233 700 5291 Reticendi.
714 5236 1189 5309 _Supcrscribitur,
1221 5235 1316 5291 sed
1349 5235 1517 5290 invito
1543 5233 1761 5300 Oresio,
1793 5233 1846 5285 in

259 5303 501 5361 Floreat.
536 5323 668 5370 sec.,
705 5303 863 5363 Forie
889 5308 1117 5361 dicendi.

329 5377 387 5432 9.
413 5375 646 5447 Firmus.
673 5380 808 5434 Cod.
842 5379 1090 5434 Pcrizon.
1117 5423 1130 5447 ,
1166 5376 1418 5431 Firmius.

332 5447 423 5502 10.
455 5446 652 5518 Fregit.
685 5450 928 5504 Floreat.
963 5446 1308 5518 sec.,fregit,
1342 5448 1497 5518 fudit.

318 5518 424 5600 _Il.
450 5514 632 5590 Ipsum
663 5520 918 5574 Firmum.
951 5519 1089 5577 Cod.
1113 5514 1361 5576 Perizon.
1390 5560 1405 5587 ,
1445 5527 1490 5572 et
1528 5517 1698 5590 ipsum
1729 5514 1853 5570 Fir-

258 5605 440 5644 unum.

333 5662 422 5714 12.
447 5660 716 5734 Meliorem
743 5663 978 5734 pristinis
1001 5663 1196 5734 legibus
1216 5660 1542 5734 reddidisset.
1565 5657 1699 5734 Illud
1723 5657 1850 5734 frgi-

333 5681 422 5714 ‘IZ.
447 5681 494 5714 1|!
507 5681 716 5716 ettorem
779 5681 978 5718 νιδιιηιε
1001 5681 1196 5734 legions
1216 5681 1542 5714 τεααιαιδδπι.
1565 5681 1699 5713 ιιιιιυ
1723 5681 1850 5728 H'gt-

260 5731 350 5808 bus
376 5733 521 5786 nulla
552 5734 656 5786 nisi
689 5681 956 5808 editorum
985 5732 1308 5808 auctoritate
1336 5733 1524 5808 nititur
1547 5728 1850 5808 ;__in_nullis

260 5801 407 5860 enim
432 5817 590 5875 mss,
637 5813 692 5862 ut
722 5819 822 5865 nec
853 5806 908 5862 in
941 5804 1028 5864 ed.
1071 5805 1209 5873 Aug.
1247 5803 1537 5862 invenitur.
1569 5799 1675 5859 Sed
1704 5800 1851 5871 prin-

1964 3461 2242 3520 Fabricius
2266 3471 2319 3516 et
2359 3461 2444 3514 alii
2487 3475 2677 3515 secure
2713 3471 3054 3530 receperunt.
3085 3462 3239 3518 Latet
3288 3461 3450 3531 igitur
3476 3467 3559 3519 til-

1963 3551 2059 3590 cus
2087 3533 2384 3606 ,quamvis
2423 3531 2597 3606 primo
2638 3542 2858 3600 aspectu
2895 3548 3000 3606 non
3049 3543 3328 3606 appareat,
3361 3544 3416 3589 et
3440 3536 3559 3606 qui-

1961 3606 2084 3660 dem
2113 3605 2166 3659 in
2191 3618 2320 3657 voce
2337 3602 2604 3676 pristinis,
2650 3618 2766 3670 quae
2789 3618 2911 3676 eum
2962 3603 3022 3676 in~
3049 3619 3181 3659 mss.
3216 3602 3558 3676 (Meogcerte)

1960 3676 2308 3746 paucioribus
2335 3672 2536 3746 litteris,
2559 3674 2946 3746 etjeontraetis,
2979 3674 3057 3727 sic
3085 3672 3233 3746 piris,
3262 3672 3552 3746 scribatur,

1961 3743 2108 3800 aliud
2139 3759 2300 3814 quam
2331 3743 2564 3815 pristinis
2593 3743 2810 3797 videtur
2830 3745 3273 3815 innitereaForte
3298 3745 3553 3815 partibus,

1961 3817 2050 3870 vel
2073 3812 2428 3885 principibus,
2470 3812 3048 3885 Valentianogscilicet,
3080 3812 3308 3869 Valenti
3331 3826 3381 3869 et
3413 3812 3551 3870 Gra-L

1961 3883 2127 3942 tiano.
2163 3883 2269 3941 Pro
2297 3885 2560 3938 meliorem
2599 3884 2746 3940 Coll.
2775 3883 3016 3940 Gronov.
3057 3886 3276 3941 exhibet
3314 3887 3556 3942 meliora-

1961 3967 2064 4010 tam
2075 3996 2086 4009 .

2035 4029 2122 4084 l5.
2158 4027 2541 4082 Instimulante.
2573 4025 2746 4095 Lugd.
2777 4026 2894 4081 Bat.
2925 4035 3058 4090 tres,
3091 4042 3215 4082 cum
3242 4025 3382 4083 Coll.
3402 4027 3554 4084 ‘Gro-

1961 4115 2087 4153 nov.
2121 4108 2173 4156 et
2205 4099 2328 4153 eod.
2355 4097 2516 4158 Ultr..
2545 4098 2864 4155 stimulante.
2893 4096 3000 4153 Sed
3031 4099 3351 4154 instimulare
3374 4099 3552 4155 Orosii

1960 4181 2042 4242 est
2064 4170 2310 4226 verbum.
2354 4169 2527 4238 Supra
2571 4183 2692 4237 cap.
2727 4170 2779 4234 6,
2824 4169 2878 4222 in
2910 4171 3103 4223 cwdem
3137 4172 3554 4242 conspiratorunt

1965 4241 2399 4295 instimularelur.

2033 4313 2118 4366 M.
2148 4311 2211 4364 Et
2234 4310 2507 4379 obrepente
2528 4309 2744 4380 invidia.
2777 4309 2945 4380 Lndg.
2969 4311 3085 4364 Bat.
3113 4319 3264 4377 tert.,
3293 4311 3543 4367 Perizon.

1959 4391 2016 4436 et
2047 4383 2186 4436 Coll.
2220 4381 2485 4445 Grottov.,
2521 4391 2568 4432 et
2598 4379 2839 4433 hortante
2870 4379 3084 4434 invidia.

2034 4453 2121 4507 15.
2176 4451 2368 4505 Jussus
2409 4450 2652 4516 interﬁci.
2703 4451 3145 4518 Superscribitur
3194 4451 3247 4504 in
3302 4451 3546 4509 Floreat.

1959 4537 2096 4591 sec.,
2130 4522 2191 4577 ab
2234 4521 2467 4576 Valente.
2505 4524 2760 4591 Annnnr,
2799 4535 2906 4590 quo
2940 4521 3052 4574 lure
3077 4522 3343 4575 immerita
3376 4523 3553 4578 Theo-

1963 4589 2101 4648 dosii
2131 4593 2308 4648 ρςρόοε
2335 4592 2586 4659 contigit,
2611 4589 3008 4662 exgllieronymi
3035 4591 3309 4646 Chronico
3340 4597 3549 4649 notavit

1960 4663 2208 4720 Valesius
2249 4663 2314 4718 ad
2341 4662 2614 4717 Ammiau.
2645 4660 3013 4718 Marcellinum
3043 4661 3139 4717 lib.
3166 4677 3315 4730 xxix,
3339 4677 3461 4734 cap.
3493 4665 3547 4730 Ei,

1999 4776 2012 4789 .
2044 4735 2169 4790 6:28.

1959 4750 2494 4872 p.106‘iai’rtr0ptavit.
2537 4803 2708 4872 Lugd.
2755 4803 2872 4856 Bat.
2912 4812 3062 4868 tert.,
3096 4817 3217 4857 enm
3245 4803 3383 4858 Coll.
3413 4805 3551 4861 Gro-

1956 4892 2107 4944 nov.,
2136 4877 2481 4947 preoperavit,
2507 4876 2641 4947 forte
2670 4873 2952 4944 legendum
2984 4875 3299 4944 prOperarit.

2031 4944 2325 5012 η’ριισιι.
2373 4946 2541 5015 Lugd.
2577 4946 2715 5001 Batt.
2749 4952 2929 5015 quart.
2963 4957 3133 5014 quem,
3170 4954 3226 4998 ut
3269 4944 3334 5000 ad
3385 4945 3547 5001 Cliti-

1955 5025 2099 5073 stum
2133 5020 2420 5073 referatur.

2030 5089 2115 5142 18.
2154 5086 2597 5142 Intestinmbilem.
2646 5085 2816 5152 Lugd.
2861 5083 2979 5137 Bat.
3022 5093 3174 5156 tert.,
3212 5084 3460 5143 Pcrizon.
3495 5099 3550 5144 et

1955 5157 2091 5214 Coll.
2125 5157 2364 5214 Gronov.
2377 5198 2389 5216 .
2418 5156 2868 5211 innumerabilem.

2030 5230 2114 5284 I9.
2155 5229 2328 5300 Longe
2365 5229 2552 5297 impari
2597 5228 2818 5281 militum
2849 5241 3083 5279 numero.
3131 5226 3266 5282 Edd.
3294 5229 3546 5300 quadam

1957 5308 2116 5364 vett.,
2145 5301 2297 5367 longe
2325 5301 2516 5363 impar,
2544 5306 2650 5352 etc.

2027 5371 2121 5426 '20.
2168 5366 2305 5424 Gens
2340 5369 2672 5422 Hunnorum.
2718 5366 2851 5423 Edd.
2895 5367 3142 5438 qtttetlam
3190 5377 3346 5437 velt.,
3389 5384 3548 5440 genus

1958 5439 2294 5496 Hunnorum.

2028 5512 2120 5566 21.
2153 5512 2369 5567 Seclusa
2388 5509 2664 5563 montibus.
2688 5509 2788 5565 Ed.
2809 5509 2970 5578 Aug.,
2993 5509 3175 5563 clausa
3198 5510 3474 5563 montibus.

2031 5581 2122 5637 22.
2155 5581 2393 5653 §parsim
2415 5579 2767 5636 conturbatos.
2804 5580 3051 5634 I‘erizon.
3082 5581 3306 5653 sparsim
3348 5590 3549 5650 pertur-

1959 5654 2123 5708 batos.
2154 5649 2396 5706 Florent.
2423 5665 2563 5715 sec.,
2594 5667 2776 5721 eosque
2805 5653 3012 5721 possint
3025 5649 3377 5704 conturbatos.

2029 5723 2119 5780 25.
2165 5723 2483 5791 Cmterosque
2527 5719 2755 5775 sanctos.
2794 5719 2963 5788 Lugd.
2997 5720 3115 5791 Bal.
3148 5731 3279 5786 tres,
3304 5729 3541 5775 cwteros-

1957 5810 2055 5865 quc
2081 5790 2406 5851 sanctorum.
2433 5793 2558 5852 Mox
2581 5792 2726 5852 bellis
2755 5791 2974 5851 Veneta:
3004 5790 3129 5850 edd.
3165 5805 3264 5864 pro
3292 5792 3507 5852 exsiliis.
