4076 6174
524 298 663 354 1147

1939 294 2141 350 PAULI
2181 295 2414 351 OROSII

3688 291 3815 346 “l8

524 413 837 484 imperavit.
869 413 1055 484 Itaque
1083 413 1296 469 decimo
1317 411 1507 482 quinto
1537 411 1751 480 imperii
1780 411 1863 466 sui
1891 425 2034 467 anno
2059 411 2107 444 “
2134 419 2188 479 Α
2215 412 2313 466 hac
2342 410 2683 482 potissimum
2710 410 2952 465 Valentis
2973 409 3229 464 exstincti
3257 407 3581 478 probatione
3605 406 3816 461 latean-

523 505 878 576 lacrymabile
923 505 1052 560 illud
1108 504 1306 560 bellum
1351 505 1402 557 iu
1443 502 1677 557 Thracia
1719 516 1842 558 cum
1893 501 2109 572 Gothis,

513 599 624 667 jam
659 609 784 653 tunc
813 598 1209 653 exercitatione
1241 598 1436 652 virium
1470 611 1763 667 rerumque
1785 597 2119 652 abundantia

521 689 980 755 inSll'UCliSaillliS,
1008 690 1198 760 gessit.
1225 688 1324 745 Ubi
1353 689 1532 759 primo
1561 690 1743 742 statim
1777 689 1982 758 impetu
2013 687 2120 744 Go-

526 783 742 836 thorum
797 781 1124 852 perturbattc
1181 781 1552 835 Romanorum
1607 781 1847 850 equitum
1901 789 2116 846 turmae,

526 875 669 929 nuda
705 874 942 944 peditum
976 874 1275 929 deseruere
1301 872 1731 943 pr:csidia._Mox
1767 872 2007 943 legiones
2031 888 2123 942 pe-

525 966 696 1021 ditttm
729 966 968 1037 undique
1013 967 1256 1036 equitatu
1290 966 1524 1022 hostium
1572 968 1792 1030 cinctae,
1835 967 1882 996 ’⁵
1920 980 1983 1020 ac
2015 965 2122 1034 pri-

521 1077 666 1114 iiittiit
716 1061 952 1115 nubibus
987 1059 1308 1130 sagittarum
1353 1060 1399 1090 ’⁸
1448 1059 1691 1126 obrutas,
1739 1058 1962 1124 deinde,
1994 1073 2119 1113 cum

521 1167 769 1210 amentes
797 1164 944 1210 metu
967 1155 1199 1223 sparsim
1232 1169 1328 1223 per
1358 1152 1514 1208 devia
1545 1161 1896 1222 cogerentur,
1932 1151 2113 1209 fundi-

525 1257 611 1302 tus
641 1261 817 1309 cmsze,
849 1245 1046 1317 gladiis
1078 1243 1480 1315 insequentium
1511 1244 1795 1312 contisque
1822 1242 2120 1312 perierunt.

525 1340 646 1408 Ipse
670 1340 987 1409 imperator,
1017 1353 1137 1393 cum
1172 1338 1366 1406 Sagitta
1399 1338 1443 1368 ’⁷
1468 1335 1709 1402 saucius,
1740 1349 2043 1406 versusque
2070 1335 2120 1388 iu

527 1434 736 1503 fugam,
763 1433 810 1463 ³⁸
830 1447 974 1503 aegre
997 1433 1050 1485 in
1078 1431 1360 1500 cujusdam
1384 1430 1582 1484 villula:
1605 1443 1788 1484 casam
1809 1429 2124 1496 deportatus

527 1527 742 1593 lateret,
765 1525 833 1579 ab
857 1525 1269 1595 insequentibus
1296 1523 1544 1577 hostibus
1571 1521 1966 1590 deprehensus,
2000 1520 2126 1574 sub-

524 1621 673 1690 jecto
705 1621 845 1689 igne,
879 1627 1235 1688 eonsumptus
1281 1628 1364 1672 est
1396 1634 1408 1669 :
1442 1626 1496 1670 et
1528 1631 1636 1685 quo
1665 1615 1838 1684 magis
1873 1613 2124 1668 testimo-

531 1717 678 1770 nium
711 1713 1005 1783 punitionis
1037 1712 1158 1781 ejus
1178 1721 1233 1764 et
1260 1710 1455 1765 divina:
1485 1706 1872 1778 indignationis
1897 1709 1942 1740 ¹⁹
1970 1705 2127 1761 terri-

2225 516 2330 560 tur.
2359 503 2521 560 Gothi
2551 511 2712 558 antea
2746 519 2841 574 per
2871 504 3078 574 legatos
3112 503 3383 572 supplices
3411 510 3812 572 poposcerunt,

2223 607 2282 654 ut
2313 597 2418 651 illis
2449 596 2718 668 episcopi,
2752 611 2782 650 a
2818 596 3014 664 quibus
3053 593 3296 666 regulam
3335 592 3670 648 Christiana:
3703 593 3816 648 fidei

2223 690 2522 753 discerent,
2572 688 2947 742 mitterentur.
2986 687 3186 742 Valens
3222 688 3519 756 imperator
3555 684 3816 740 exitiabili

2225 780 2270 814 ³⁸
2298 781 2562 851 pravitate
2606 781 2868 834 doctores
2911 778 3092 832 Ariani
3141 777 3416 847 dogmatis
3453 775 3624 830 misit.
3657 775 3812 830 Guthi

2221 872 2413 943 prima:
2456 869 2578 926 fidei
2612 870 2655 904 ³ο
2696 870 3064 926 rudimentum
3104 869 3248 938 quod
3288 883 3588 938 accepere,
3633 879 3814 924 tenuer

2223 973 2368 1020 runt.
2399 964 2445 995 ⁸ο
2472 963 2661 1034 Itaque
2688 964 2837 1034 justo
2875 964 2969 1018 Dei
2999 962 3204 1032 judicio
3233 963 3336 1032 ipsi
3368 978 3493 1018 eum
3525 963 3707 1017 vivum
3742 963 3815 1017 in-

2221 1056 2544 1124 cenderunt,
2577 1057 2668 1127 qui
2701 1066 2928 1127 propter
2962 1072 3087 1113 eum
3115 1057 3282 1112 etiam
3313 1058 3536 1122 mortui,
3569 1057 3703 1112 vitio
3729 1071 3812 1112 er-

2223 1149 2366 1204 roris
2396 1149 2572 1205 arsuri
2603 1159 2753 1204 sunt.

2771 1245 3001 1302 CAPUT
3047 1244 3290 1300 XXXIV.

2223 1339 2507 1396 Gratianus
2533 1341 2821 1408 imperator
2841 1347 3036 1407 quanta
3060 1339 3337 1409 prudentia
3367 1337 3648 1408 imperium
3678 1355 3818 1392 reire-

2292 1414 2383 1466 rit.
2432 1411 2757 1465 Theodosius
2792 1409 2994 1464 Orienti
3023 1408 3072 1466 et
3103 1408 3339 1462 Tliracite
3369 1410 3583 1479 imperat
3607 1425 3628 1463 :
3656 1409 3810 1480 deque

2301 1482 2526 1536 Arcadia
2557 1491 2605 1536 et
2635 1481 2890 1536 Maximo.

2297 1619 2456 1674 Anno
2495 1619 2562 1674 ab
2596 1619 2738 1675 Urbe
2776 1617 2997 1673 condita
3040 1633 3288 1683 nexuit,
3330 1618 3650 1684 Gratianus,
3698 1633 3820 1688 qua-

2227 1713 2567 1782 dragesimus
2597 1711 2666 1766 ab
2698 1711 2964 1782 Augusto,
3010 1719 3135 1780 post
3165 1719 3398 1766 mortem
3442 1709 3690 1764 Valentis
3727 1725 3812 1764 sex

531 1808 624 1861 bili
657 1808 700 1838 ³ο
727 1806 958 1874 posteris
987 1812 1136 1860 esset
1161 1803 1432 1872 exemplo,
1465 1802 1626 1855 etiam
1654 1801 1930 1855 communi
1953 1799 2126 1854 caruit
2158 1795 2204 1854 B
2232 1805 2389 1859 annis
2435 1803 2720 1874 imperium
2771 1803 2975 1867 tenuit,
3018 1805 3272 1872 quamvis
3327 1801 3647 1872 jamdudum
3677 1814 3820 1856 antea

529 1900 830 1968 sepultura.
861 1895 1194 1951 Consoletur
1219 1909 1299 1961 se,
1323 1893 1420 1949 sed
1451 1893 1502 1946 in
1535 1894 1638 1947 hoc
1666 1893 1710 1923 ³¹
1735 1893 1856 1946 solo
1888 1893 2126 1961 pervica-

532 1991 614 2044 cia
651 1989 977 2057 miseriaun
1012 1987 1326 2056 gentilium,
1359 1985 1483 2054 quia
1518 1982 1857 2052 temporibus
1881 1991 1936 2038 et
1966 1981 2009 2014 δ’
2043 1998 2128 2038 re-

531 2083 688 2150 gibus
714 2078 1041 2133 Christianis
1068 2086 1232 2130 tantm
1255 2075 1417 2130 simul
1441 2083 1713 2143 congesta:
1738 2073 1945 2139 clades,
1978 2087 2130 2143 pres-

532 2191 646 2230 s:im
693 2171 1016 2243 reipublica:
1053 2183 1354 2225 oneravere
1397 2169 1672 2224 cervicem
1708 2186 1719 2220 :
1753 2182 1961 2222 eversae
2001 2181 2130 2236 pro-

531 2266 768 2330 vinciae,
831 2263 1048 2318 deletus
1117 2261 1432 2323 exercitus,
1494 2260 1790 2327 imperator
1850 2260 2124 2314 incensus.

533 2361 780 2430 Magnum
811 2371 1000 2411 revera
1033 2356 1138 2409 hoc
1167 2363 1251 2410 est
1276 2353 1343 2407 ad
1373 2362 1620 2407 nostrum
1653 2352 1900 2406 dolorem
1932 2351 2132 2421 inagis-

533 2467 640 2522 que
669 2452 951 2511 miserum,
993 2461 1100 2514 quo
1134 2445 1307 2515 magis
1337 2460 1560 2500 novum.
1594 2444 1700 2500 Sed
1743 2443 1873 2513 quid
1917 2443 2020 2498 hoc
2062 2443 2127 2498 ad

530 2543 959 2599 consolationem
991 2539 1035 2570 ³³
1064 2538 1284 2608 prolicit
1337 2551 1694 2607 paganorum,
1736 2537 1825 2604 qui
1873 2536 2050 2603 palam
2084 2534 2130 2566 ³⁸

533 2632 816 2702 pervident
832 2639 887 2686 et
907 2631 958 2684 in
984 2630 1069 2683 his
1097 2643 1309 2699 quoque
1333 2637 1739 2697 persecutorem
1760 2625 1924 2699 556.
1946 2626 2132 2682 Eccle-

535 2726 740 2780 siarum
772 2724 937 2778 fuisse
965 2723 1210 2793 punitum
1236 2721 1258 2774 'l
1285 2721 1437 2777 Unus
1467 2721 1606 2775 Deus
1639 2736 1800 2774 unam
1835 2719 1996 2775 fidem
2023 2731 2132 2775 tra-

531 2817 688 2882 didit,
717 2831 876 2870 imam
911 2815 1207 2871 Ecclesium
1239 2822 1352 2867 toto
1377 2813 1512 2868 orbe
1541 2812 1778 2876 dill'iidit,
1804 2812 1943 2867 hanc
1989 2812 2133 2883 aspi-

531 2910 628 2974 cit,
653 2907 796 2962 hanc
826 2907 870 2938 ³³
897 2907 1096 2976 diligit,
1147 2905 1285 2960 hanc
1337 2903 1603 2959 defendit.
1638 2902 1897 2970 Quolibet
1933 2904 1980 2936 ³⁸
2009 2919 2132 2961 sese

533 3002 761 3070 quisque
795 3000 1012 3052 nomine
1046 3007 1211 3066 tegat,
1244 2997 1289 3050 si
1316 2995 1438 3050 huic
1462 3011 1568 3050 non
1600 2997 1858 3062 sociatur,
1889 2996 2128 3052 alienus:

529 3094 574 3147 si
607 3092 745 3145 hanc
769 3090 1068 3160 impugnat,
1100 3088 1352 3141 inimicus
1380 3097 1486 3142 est.
1509 3087 1884 3143 Consolentur
1907 3105 1968 3144 se
1999 3105 2130 3159 gen.

2228 1911 2350 1951 cum
2401 1906 2595 1966 patruo
2648 1894 2872 1951 Valente
2930 1905 2986 1951 et
3039 1910 3162 1950 cum
3214 1893 3604 1950 Valentiniano
3667 1892 3822 1948 fratre

2228 1988 2390 2062 555
2422 1997 2674 2057 regnaret
2709 2007 2720 2040 :
2768 1989 2857 2057 qui
2917 2004 3037 2043 cum
3089 1987 3352 2042 afﬂictum
3391 2001 3455 2040 ac
3484 2001 3625 2054 pene
3661 1987 3821 2040 colls-

2231 2102 2388 2156 psum
2422 2087 2736 2156 reipublicae
2777 2095 2980 2143 statum
3008 2088 3242 2151 videret,
3272 2086 3466 2141 eadem
3500 2085 3822 2154 provisione,

2229 2194 2332 2250 qua
2367 2179 2643 2248 quondam
2687 2179 2892 2249 legerat
2924 2179 3102 2235 Nerva
3147 2179 3440 2248 Hispanum
3488 2178 3667 2232 virum
3699 2175 3828 2229 Tra-

2228 2274 2450 2343 jauum,
2505 2287 2602 2340 per
2651 2287 2812 2342 quem
2865 2271 3174 2340 respublica
3236 2278 3487 2341 reparata
3525 2278 3643 2334 est,
3703 2266 3831 2336 legit

2231 2377 2283 2421 et
2311 2367 2425 2432 ipse
2455 2365 2825 2421 Theodosium
2854 2380 3008 2435 mque
3039 2365 3337 2432 Hispanum
3360 2364 3556 2428 virum,
3590 2370 3646 2415 et
3679 2359 3831 2414 resti-

2234 2457 2452 2511 tuendae
2483 2456 2797 2526 reipubliea:
2828 2458 3156 2511 necessitate
3186 2455 3330 2524 apud
3361 2455 3621 2512 Sirmium
3653 2457 3672 2488 ι
3706 2468 3831 2522 pur-

2235 2566 2364 2617 pura
2391 2549 2598 2614 induit,
2647 2550 2998 2620 Orientisque
3026 2557 3082 2604 et
3110 2547 3358 2604 Thracim
3396 2547 3560 2602 simul
3591 2545 3834 2615 praefecit

2235 2643 2497 2713 imperio:
2531 2644 2552 2674 ⁸
2584 2643 2637 2697 in
2668 2642 2772 2697 hoc
2799 2657 2931 2696 usus
2955 2641 3280 2712 perfectiore
3302 2639 3533 2708 judicio,
3561 2639 3692 2708 quia
3713 2651 3835 2690 cum

2232 2734 2289 2789 in
2319 2733 2575 2788 omnibus
2607 2734 2857 2788 humanae
2883 2733 3008 2787 vita:
3034 2731 3326 2787 virtutibus
3345 2729 3366 2761 ³
3387 2729 3493 2785 iste
3522 2744 3623 2798 par
3649 2727 3836 2791 fuerit,

2234 2826 2288 2880 in
2344 2825 2468 2880 fidei
2520 2835 2864 2881 sacramento
2914 2825 3305 2896 religionisque
3349 2823 3502 2878 cultu
3552 2821 3677 2876 sine
3729 2821 3838 2875 ulla

2233 2921 2648 2986 comparatione
2689 2918 2994 2987 praecessit.
3029 2916 3310 2985 Siquidem
3344 2915 3440 2970 ille
3480 2922 3836 2983 persecutor,

2234 3011 2326 3065 hic
2353 3017 2684 3079 pronagator
2739 3008 3022 3063 Ecclesiae.
3069 3008 3148 3063 Ita
3179 3007 3259 3062 illi
3287 3005 3310 3037 ⁸
3337 3020 3408 3061 ne
3435 3020 3572 3060 unus
3614 3004 3837 3074 quidem

2236 3101 2491 3172 proprius
2510 3101 2674 3168 ﬁlius,
2694 3115 2802 3170 quo
2819 3115 3135 3156 successore
3156 3099 3442 3169 gauderet,
3465 3096 3712 3152 indultus
3731 3105 3836 3150 est:

533 3184 676 3248 tiles,
711 3184 761 3236 iii
794 3189 1056 3250 quantum
1103 3180 1311 3244 volunt,
1359 3178 1672 3234 Judmorum
1715 3181 2126 3235 hiereticuruzn-
2157 3168 2204 3230 C
2235 3168 2394 3260 ίηηίιε
2416 3203 2597 3248 autem
2623 3195 2644 3224 ε
2667 3168 2874 3247 (manu
2903 3193 3060 3247 simul
3093 3168 3255 3260 ("duo
3281 3191 3563 3246 occidenti
3595 3205 3693 3259 ρει-
3713 3203 3840 3241 suc-

533 3290 636 3342 qui:
667 3270 951 3342 suppliciis
987 3288 998 3322 :
1030 3279 1236 3323 tantum
1285 3279 1339 3323 et
1373 3284 1542 3322 unum
1587 3269 1755 3324 Deum
1800 3285 1948 3336 esse,
1990 3271 2033 3304 ³⁷
2075 3279 2130 3327 et
2159 3300 2176 3306 -

2236 3285 2427 3340 cidttas
2459 3301 2627 3354 usque
2652 3285 2718 3339 ad
2750 3300 2893 3338 nunc
2922 3284 3302 3354 generationes
3327 3280 3563 3352 gloriosa
3593 3293 3842 3349 prOpago

533 3365 784 3420 eumdem
813 3363 1185 3434 ἱΡθνεοηθΐυω
1215 3370 1563 3432 “emptorem
1595 3377 1704 3416 ηθη
1749 3377 1898 3430 9888.
1942 3366 2025 3419 νει
2063 3381 2129 3421 ex
2236 3374 2576 3430 dominatur.
2605 3375 2626 3406 °
2648 3374 2835 3445 Itaque
2865 3385 2921 3427 ut
2941 3371 3288 3428 Theodosius
3311 3369 3566 3426 alﬂictsin
3600 3367 3843 3438 Rempu-

851 3465 860 3473 ·
1820 3458 2272 3524 IIAVERCAMPI
2315 3469 2544 3525 ΝΟΤᾸΕ.

606 3551 694 3606 24.
736 3550 1114 3622 Lacrymabile.
1145 3550 1942 3623 Perizon.,_uere_lacryinabile.

531 3627 537 3649 ⁵
603 3623 694 3676 2:).
736 3623 808 3676 Ac
854 3621 1100 3690 primum.
1150 3623 1285 3677 Tres
1324 3638 1390 3678 ex
1429 3621 1601 3690 Lugd.
1636 3621 1755 3676 Dat.
1805 3641 1929 3680 cuni
1978 3625 2124 3685 Coll.

532 3697 772 3752 Gronov.
805 3695 1068 3762 abjicium
1098 3711 1180 3759 ac,
1213 3709 1321 3763 quo
1353 3693 1437 3748 hic
1473 3691 1604 3746 nihil
1640 3709 1777 3762 opus
1805 3707 1910 3751 est.

602 3765 694 3819 26.
738 3765 975 3820 Obrutw.
1009 3765 1259 3819 Perizon.
1280 3809 1294 3832 ,
1326 3763 1522 3818 obruta:
1551 3774 1694 3820 sunt.

603 3837 694 3890 2'7.
739 3835 987 3891 Saucius.
1018 3835 1153 3889 Tres
1185 3836 1353 3904 Lugd.
1395 3835 1538 3901 Bat.,
1590 3836 1866 3904 l’erizonq
1897 3837 2043 3895 Ultr.
2075 3851 2132 3896 et

534 3909 676 3962 (loli.
705 3907 945 3962 Gronov.
970 3948 984 3971 ,
1007 3908 1292 3960 sauciatus.

605 3980 696 4048 28.
741 3976 927 4048 (Egit.
948 3978 1123 4048 Lugd.
1154 3978 1275 4030 Bal.
1301 3986 1507 4045 qttart.,
1537 3993 1694 4048 wger.

536 4047 695 4174 “$9.
740 4044 998 4100 Terribili.
1029 4044 1273 4101 Floreat.
1317 4061 1431 4098 sec.
1461 4062 1513 4102 et
1547 4044 1635 4102 ed.
1667 4052 1901 4120 August.
1928 4093 1944 4117 ,
1974 4055 2128 4108 terri-

571 4136 585 4171 l
614 4136 676 4171 ιδ.

571 4136 676 4171 ιιιδ.

607 4190 696 4246 '50.
743 4187 1137 4262 Posteris_esset
1185 4175 1758 4262 exemploaperizon,
1793 4191 1964 4262 Lttgd.
2008 4194 2128 4250 But.

536 4272 662 4336 tert.
695 4270 750 4316 et
773 4259 925 4336 ‘Cull.
971 4259 1248 4336 Gronov.,
1295 4259 1567 4336 exstitisset
1597 4263 1815 4336 posteris
1865 4259 2126 4336 exemplo.

536 4331 1050 4456 Minusldepravata
1095 4332 1368 4400 scriptura
1410 4330 1559 4401 legas
1601 4333 1868 4388 exsisteret
1909 4330 2132 4408 posteris

536 4421 716 4456 εωυηιυ
743 4420 796 4456 0.

535 4420 796 4473 exempto.
1145 4455 1148 4458 .

607 4472 695 4550 '51.
749 4473 897 4550 Solo.
943 4474 1082 4530 Coll.
1115 4473 1287 4550 Gron.
1318 4472 1459 4550 sclo,
1495 4475 1824 4543 supraducta
1865 4475 2005 4533 linea
2035 4495 2132 4550 pro

534 4549 744 4602 sarculo.
781 4545 923 4600 Flor.
955 4559 1068 4600 sec.
1091 4585 1105 4608 ,
1137 4545 1190 4597 in
1225 4544 1322 4596 hoc
1348 4542 1483 4599 loco.

607 4617 697 4672 52.
740 4617 990 4688 Regibus.
1023 4615 1195 4688 Lugd.
1225 4616 1366 4688 fiat“
1409 4615 1624 4684 legibus.

607 4691 699 4744 55.
751 4686 992 4756 Pro/icit.
1029 4686 1198 4755 Lugd.
1224 4686 1344 4756 Bat.
1377 4694 1530 4750 tert.,
1563 4689 1807 4756 profecit.

2233 3561 2475 3618 Venetiis
2503 3577 2765 3631 expresso
2785 3562 2928 3618 libro
2961 3562 3322 3631 reperiantur,
3345 3560 3416 3614 ab
3433 3558 3696 3614 omnibus
3709 3559 3844 3631 aliis

2230 3635 2504 3688 exsulare.
2528 3653 2547 3686 ι
2578 3629 2782 3688 Verum
2804 3629 3266 3701 asserofetplane
3289 3645 3502 3694 assero,
3529 3629 3844 3685 verbalia:

2234 3719 2341 3758 non
2381 3719 2507 3761 esse
2533 3703 2710 3759 Orosii
2733 3746 2747 3768 ,
2776 3704 2869 3759 sed
2915 3705 2972 3765 in
3003 3704 3271 3772 margine,
3295 3712 3566 3769 tamquam
3601 3710 3842 3754 Conten-

2236 3783 2348 3830 tum
2381 3775 2666 3840 orationis,
2693 3785 2855 3844 prout
2883 3774 3109 3842 plurima
3141 3775 3266 3828 talia
3292 3775 3344 3844 in
3374 3787 3511 3827 mss.
3533 3772 3719 3844 Orosii
3750 3785 3846 3824 oe-

2239 3855 2508 3914 currunt,
2543 3843 2711 3900 fuisse
2733 3889 2748 3907 ,
2783 3863 2969 3900 verum
3020 3847 3221 3913 primos
3266 3843 3507 3898 editores
3537 3843 3590 3895 in
3626 3851 3843 3895 textum

2241 3913 2536 3983 recepisse.
2566 3916 2734 3970 Immo
2764 3917 2996 3982 allirmo,
3028 3918 3078 3968 in
3113 3914 3278 3969 nullis
3323 3913 3554 3968 inveniri
3591 3927 3763 3983 inss.,
3790 3923 3846 3966 ut

2242 4002 2344 4042 nec
2375 3982 2428 4041 in
2456 3988 2543 4041 ed.
2576 3988 2830 4057 Atigtist.,
2867 3990 3111 4053 adeoque
3149 3994 3296 4057 recte
3323 3999 3350 4038 a
3381 3983 3638 4057 Fabricio
3673 3982 3850 4037 fuisse

2243 4059 2545 4120 praeterita.
2599 4055 2760 4127 atque
2789 4075 2816 4111 a
2850 4057 3041 4114 Scotto
3085 4058 3135 4110 in
3175 4056 3263 4110 ed.
3312 4071 3408 4109 sua
3455 4055 3641 4108 minus
3686 4063 3847 4107 recte

2242 4128 2407 4182 fuisse
2435 4139 2675 4196 recepta.
2923 4179 2927 4188 λ

2311 4198 2439 4255 CAP.
2473 4194 2800 4254 Χχ’Χιν.-
2819 4199 2870 4253 1.
2909 4196 3153 4268 Purpura
3183 4197 3373 4268 induit.
3403 4195 3501 4268 εἰς
3525 4194 3668 4249 Coll.
3698 4195 3854 4250 Gro-

2241 4284 2366 4324 nov.
2401 4281 2454 4324 et
2485 4271 2607 4326 cod.
2636 4269 2776 4326 Ultr.
2817 4266 3049 4333 melius,
3081 4282 3240 4338 quam
3269 4267 3384 4332 alii,
3415 4266 3504 4336 qui
3547 4282 3852 4335 purpuram

2239 4340 2423 4411 (prout
2451 4342 2610 4409 vulgo
2631 4339 2832 4407 editur)
2863 4341 3128 4395 scribunt.
3197 4409 3222 4411 η
3265 4408 3274 4411 _
3367 4405 3420 4411 __
3815 4391 3830 4400 .

2311 4412 2368 4466 2.
2402 4411 2463 4466 1η
2496 4405 2593 4465 hoc
2631 4427 2755 4464 usus
2779 4405 3086 4481 perfectiore
3103 4408 3331 4482 judicio.
3363 4405 3462 4482 Sic_
3483 4406 3652 4482 iidem
3681 4422 3854 4472 ωδε..

2237 4491 2400 4552 atque
2441 4483 2662 4551 insuper
2693 4479 3036 4552 Lttgd.'Batt.
3067 4479 3178 4535 sec.
3215 4491 3264 4534 et
3297 4488 3422 4533 tert.
3446 4479 3503 4532 lr.
3535 4479 3686 4548 vulg.
3723 4496 3855 4532 usus

2235 4552 2600 4608 desideratur.

2306 4625 2356 4678 5.
2397 4623 2504 4678 Iste
2532 4641 2629 4696 par
2658 4623 2833 4696 fuerit.
2877 4619 3544 4696 Pcrizon.__(3_od._mavult
3592 4620 3710 4696 ipse
3755 4637 3859 4696 per

2235 4697 2428 4764 fuerit;
2455 4689 2566 4748 tre's
2596 4689 2763 4764 Lugd.
2795 4693 2931 4747 Bait.
2955 4707 3076 4746 cum
3115 4689 3255 4764 Coll.
3278 4690 3556 4764 Gronov"
3578 4692 3697 4764 ipse
3732 4689 3856 4764 pri-

731 4755 1045 4850 _l’eruident.
1081 4757 1224 4812 Coll.
1256 4755 1464 4825 Gron.,
1507 4755 1798 4828 provident.
1839 4759 2126 4833 Perizon.,
2163 4785 2207 4850 ο
2234 4755 2354 4850 inus
2375 4755 3418 4850 fieri}.Egd’malll."igsbpttxfueril.ll}
3445 4755 3700 4850 "niuibus
3732 4755 3856 4850 sci:

537 4830 925 4900 partit'pendent.

606 4896 694 4974 55'.
741 4901 943 4974 Diligit.
972 4899 1143 4974 Lugd.
1173 4898 1291 4974 _Bat.
1317 4904 1516 4974 tert.e_t
1533 4896 1671 4954 Coll.
1700 4900 1898 4967 Gron.,
1929 4904 2128 4974 dirigit.

604 4973 692 5053 illi.
733 4969 866 5054 .Sese'
898 4973 1130 5042 quisque.
1175 4969 1233 5024 lo
1265 4969 1593 5039 quibusdam
1636 4986 1769 5028 mss.
1814 4983 1870 5028 et
1908 4969 2055 5040 ed,
2076 4991 2132 5030 se

538 5058 791 5113 quisquis.

605 5111 694 5168 51.
739 5113 806 5166 Et
831 5111 1089 5168 eumdem.
1116 5111 1289 5184 Lugd.
1323 5111 1440 5168 Bat.
1474 5122 1630 5183 tert.,
1661 5129 1782 5169 cum
1812 5113 1953 5170 Coll.
1988 5117 2130 5172 Gro-

535 5201 691 5248 nov..
723 5193 771 5239 et
803 5199 986 5235 unum.
2117 5246 2124 5252 .

607 5257 696 5311 58.
751 5253 1207 5311 ΡναυὶεαιερΕᾱά.
1235 5255 1488 5325 quaedam
1527 5265 1694 5326 -vctt.,
1743 5258 1994 5326 pravitate
2039 5259 2128 5312 de-

536 5338 728 5384 tentus.

606 5401 694 5454 59.
749 5395 1136 5453 Rudimentum.
1168 5398 1417 5453 Florent.
1450 5412 1589 5463 sec.,
1621 5398 1936 5452 rudimento.

601 5473 691 5526 40.
734 5467 919 5541 Itaque
936 5472 1106 5541 justo.
1148 5469 1578 5541 Anteceduutuiu
1599 5470 1690 5523 ed.
1721 5469 1913 5541 prima,
1944 5470 1998 5522 in
2029 5468 2130 5524 Pa-

532 5543 629 5597 ris.
663 5542 796 5595 etin
835 5538 1057 5594 Venetis
1102 5538 1228 5592 edd.
1277 5539 1427 5602 haec,
1479 5538 1672 5592 Valens
1714 5538 1980 5593 catholicae
2007 5541 2133 5608 ﬁdei

533 5629 789 5678 normam,
824 5628 981 5680 quam
1010 5611 1155 5682 prius
1184 5609 1456 5682 habuerat,
1481 5609 1862 5682 derelinquens,
1895 5626 2134 5682 perverso

547 5678 860 5752 Arianorum
904 5678 1020 5736 sese
1047 5683 1275 5752 dogmati
1316 5679 1513 5752 illexit.
1547 5678 1626 5734 Ad
1659 5698 1722 5733 ea
1772 5680 1888 5734 IIIBC
1929 5681 2134 5752 notavit

551 5751 772 5808 Lautius
808 5770 818 5802 :
855 5771 873 5804 ι
907 5753 1071 5809 Miror
1111 5750 1165 5810 et
1199 5751 1462 5818 demiror,
1503 5750 1641 5820 haec,
1681 5767 1804 5809 cum
1843 5753 2046 5823 optime
2078 5751 2132 5808 in

2241 4830 2770 4904 licet'Ti-ajano'par,
2806 4834 2856 4889 id
2882 4830 2966 4888 est
2994 4830 3190 4888 similis
3223 4832 3320 4886 luit
3348 4830 3725 4904 Theodosius.
3757 4831 3859 4884 sed

2243 4909 2434 4961 melior
2463 4902 2514 4961 et
2543 4902 2770 4974 felicior,
2797 4906 2939 4976 quod
2976 4905 3090 4959 veri
3125 4904 3214 4957 Dei
3258 4902 3569 4972 cognitione
3601 4903 3861 4956 imbutus

2240 4978 2426 5031 fuerit.

2309 5047 2363 5102 4.
2392 5047 2474 5102 Νε
2512 5065 2646 5102 unus
2685 5048 2892 5118 quidem
2929 5043 3363 5118 prapriusiﬁlius.
3389 5041 3446 5097 In
3491 5041 3579 5118 ed.
3615 5045 3861 5118 Atigust.

2237 5118 2581 5174 desideratur
2603 5112 2840 5186 quidem;
2865 5112 3042 5171 in'tns.
3069 5117 3344 5186 Perizon.,
3371 5112 3633 5186 proprius.
3663 5112 3860 5183 ΑΜὴὶ

2237 5199 2417 5244 autem
2448 5206 2554 5243 non
2588 5190 2786 5252 debet,
2813 5188 2935 5257 quia
2972 5185 3274 5241 Hadrianus
3303 5185 3550 5257 ut’lilius
3565 5186 3857 5257 ejusdem,

2239 5261 2291 5314 in
2310 5261 2682 5329 desigtiatiOue
2701 5254 3352 5329 successionistamquam
3377 5271 3472 5329 per
3489 5254 3861 5329 adoptionem

2239 5325 2458 5385 habitus
2486 5329 2607 5396 fuit,
2630 5333 2722 5401 qui
2747 5329 2968 5399 Trajaui
2996 5328 3120 5383 inde
3151 5341 3347 5382 nomen
3377 5325 3493 5383 suis
3522 5326 3860 5380 nominibus

2237 5401 2438 5470 passim
2471 5401 2745 5470 ascripsit.

2405 5471 2603 5526 Orienti
2625 5465 2787 5525 simul
2816 5479 2970 5541 atque
3001 5469 3292 5524 Oecidenti.
3322 5468 3609 5541 [ἐθνὶξοιι.ἱ
3638 5465 3860 5541 Orienti

2239 5552 2286 5597 et
2343 5543 2668 5608 Occidenti;
2745 5535 2992 5597 Flore-nt.
3053 5556 3163 5594 sec.
3203 5581 3218 5602 ,
3277 5553 3398 5608 cum
3457 5535 3633 5604 Lugd.
3703 5536 3862 5608 Bait.

2239 5621 2400 5678 tert.,
2445 5611 2584 5668 Ultr.
2627 5606 2684 5668 et
2709 5613 2848 5668 Coll.
2883 5613 3150 5674 Gronov.,
3188 5607 3416 5664 Orientis
3456 5608 3614 5661 simul
3655 5617 3716 5661 et
3756 5606 3870 5662 Oc-

2239 5683 2479 5738 ridentis.

2314 5754 2366 5810 6.
2400 5752 2588 5825 Itaque
2615 5755 2826 5823 ut,etc.
2862 5752 2918 5808 ln
2955 5750 3230 5822 l’erizon.,
3259 5749 3431 5822 Lugd.
3466 5748 3612 5806 Batt.
3647 5761 3782 5807 sec.
3815 5754 3877 5803 et
