4076 6174
264 272 404 328 illi)

1219 273 1690 331 HISTORIARUM
1731 272 1933 330 LIBER
1967 275 2090 332 .Vll.
2128 276 2281 332 CAP.
2326 276 2544 333 XXXV.

3419 278 3564 338 1150

261 391 459 444 blieam
510 389 584 444 ira
637 391 728 446 Dei
787 390 1144 462 reparandam
1203 391 1433 447 credidit
1485 390 1855 445 misericordia
1885 390 2294 462 Afratremqne
2320 394 2438 460 ejus
2469 390 2903 448 Valentinianum
2938 392 3238 463 Augustum
3285 393 3430 448 Italia
3462 409 3560 448 ex-

260 485 278 515 ⁷
303 483 472 550 illius,
507 498 724 539 omnem
759 484 1008 540 fiduciam
1036 486 1123 540 sui
1153 484 1217 540 ad
1243 500 1402 556 opem
1435 484 1633 539 Christi
1665 483 1852 539 confe-

264 592 413 642 rens,
445 577 710 630 maximas
743 577 865 632 illas
887 576 1170 647 Scythicas
1199 587 1406 647 gentes,
1433 575 1856 646 formidatasque

260 669 474 723 cunctis
516 667 845 738 majoribus,
880 668 902 700 ⁸
928 667 1241 724 Alexandro
1271 683 1485 739 quoque
1527 666 1605 722 illi
1637 667 1852 738 Magno,

259 760 400 816 sicut
432 760 728 830 Pompeius
755 760 1152 832 Corneliusque
1183 762 1362 817 testati
1395 771 1552 827 sunt,
1594 760 1853 827 evitatas,

257 870 402 910 nunc
439 862 621 909 autem
643 896 657 917 ,
690 855 959 910 exstincto
990 855 1238 909 Romano
1279 856 1522 911 exercitu
1544 896 1560 920 ,
1597 854 1855 909 Romanis

255 948 413 1017 equis
453 949 731 1017 armisque
786 947 1269 1014 instructissimas,
1300 947 1402 1001 hoc
1448 957 1572 1013 est,
1626 947 1854 1013 Alanos,

256 1039 479 1094 llunnos
519 1047 575 1094 et
599 1038 831 1108 Gothos,
852 1039 873 1071 ’
901 1040 1280 1095 incunctanter
1303 1054 1614 1110 aggressus,
1645 1041 1854 1110 magnis

256 1131 546 1202 multisque
581 1130 746 1202 556
776 1131 976 1200 praeliis
1020 1131 1171 1186 vicit.
1218 1129 1421 1187 Urbem
1460 1131 1854 1185 Constantino-

257 1224 422 1293 polim
457 1223 498 1257 ¹⁰
525 1224 699 1278 victor
731 1222 952 1278 intravit
985 1240 998 1278 :
1033 1233 1088 1278 et
1118 1240 1186 1278 ne
1226 1239 1444 1292 parvam
1471 1225 1510 1255 ¹¹
1545 1225 1713 1293 ipsam
1744 1224 1853 1280 Ro-

255 1317 397 1372 mani
421 1317 692 1373 exercitus
712 1332 926 1372 manum
959 1318 1181 1373 assidue
1203 1317 1462 1374 bellando
1488 1321 1529 1350 ¹¹¹
1557 1317 1848 1388 detereret,

257 1407 433 1463 findus
463 1423 586 1463 cum
630 1407 1002 1475 Athanarico,
1036 1423 1162 1478 rege
1203 1407 1530 1473 Gothorum,
1567 1409 1849 1477 percussit.

255 1499 616 1554 Athanaricus
667 1509 846 1554 autem
907 1500 1167 1554 continuo
1216 1509 1271 1552 ut
1319 1499 1850 1569 CODSlaltliHOpOIiln

254 1595 436 1659 venit,
487 1594 628 1648 diem
687 1592 842 1649 obiit.
876 1592 920 1623 ¹³
972 1591 1255 1648 Universae
1302 1590 1604 1648 Gothorum
1634 1601 1847 1662 gentes,

252 1702 379 1758 rege
405 1687 681 1751 defuncto,
707 1684 1037 1756 aspicientes
1063 1686 1319 1740 virtutem
1352 1683 1849 1755 benignitatemque

1965 483 2118 554 pulit.
2137 483 2548 540 Valentinianus
2575 484 2628 539 in
2651 484 2930 540 Orientem
2955 485 2997 516 ³⁸
3021 484 3312 551 refugiens,
3330 501 3359 538 a
3386 485 3564 540 Tneo-

1960 574 2117 630 dosio
2147 584 2371 646 paterna
2402 575 2603 644 pietate
2632 583 2946 646 susceptus,
2979 591 3105 633 mox
3135 577 3298 632 etiam
3330 577 3562 646 imperio

1960 670 2239 723 restitutus
2266 675 2368 724 est.

2411 761 2571 834 557
2612 758 2842 818 CAPUT
2880 757 3100 818 xxxv.

1959 870 2277 948 Theodosius
2310 875 2598 948 imperator
2627 871 3094 948 Ctesar‘Auguslus
3122 892 3237 947 qua:
3266 876 3399 948 bella
3429 893 3554 948 ges-

2029 943 2216 1018 seria!
2225 946 2408 1018 nterim
2434 947 2497 998 de
2520 944 2764 1018 Maximi,
2787 943 3099 1018 Androgatii
3121 943 3169 1002 et
3209 943 3560 1002 Valentiniani

2028 1015 2458 1092 Laterit‘utdeque
2488 1015 2775 1092 Arbogatte
2816 1027 2862 1071 et
2904 1015 3146 1092 Eugenio
3188 1028 3432 1090 tyranno,
3463 1034 3557 1092 per

2031 1084 2074 1138 Τ
2075 1085 2290 1140 Iteodosi
2297 1084 2382 1140 unt
2411 1085 2616 1141 deletis.

2027 1227 2187 1282 Anno
2213 1226 2283 1281 ab
2315 1225 2457 1281 Urbe
2484 1217 2703 1280 condita
2734 1239 3033 1294 ucxxxvnr,
3065 1225 3402 1282 Theodosius
3421 1242 3554 1296 qua-

1955 1317 2295 1390 dragesimns
2342 1317 2572 1388 primus,
2614 1317 2904 1372 interfecto
2949 1333 3043 1386 per
3085 1318 3378 1372 Maximum
3421 1317 3561 1374 Gra-

1957 1411 2124 1476 tiano,
2149 1410 2446 1480 imperium
2478 1409 2709 1464 Romani
2745 1409 2892 1464 orbis
2925 1410 3076 1465 solus
3105 1410 3358 1477 obtinuit,
3398 1426 3552 1465 inan-

1953 1504 2136 1572 sitque
2174 1503 2227 1558 in
2275 1518 2341 1557 eo
2383 1503 2544 1557 annis
2586 1501 2864 1569 undecim,
2905 1517 3028 1558 cum
3069 1502 3180 1572 jam
3223 1502 3279 1557 in
3318 1503 3553 1558 Orientis

1955 1595 2203 1665 partibus
2244 1610 2344 1650 sex
2376 1595 2536 1649 annis
2567 1593 2832 1650 Gratiano
2865 1594 3082 1651 vivente
3112 1604 3414 1666 regnasset.
3438 1595 3552 1649 lia-

1953 1703 2060 1759 que
2080 1689 2244 1758 justis
2271 1687 2704 1758 necessariisque
2723 1689 2906 1743 causis
2926 1690 2992 1743 ad
3019 1688 3219 1744 bellum
3241 1689 3406 1744 civile
3430 1704 3556 1758 per-

251 1779 580 1845 Theodosii,
617 1777 867 1832 Romano
902 1791 1025 1833 sese
1069 1777 1296 1847 imperio
1339 1776 1684 1832 dediderunt.
1721 1779 1764 1808 ’δ
1790 1777 1848 1832 In
1882 1785 1928 1844 Β
1957 1790 2158 1847 motus,
2179 1795 2300 1835 cum
2331 1796 2361 1835 e
2383 1780 2599 1835 duobus
2622 1781 2879 1851 Augustis
2899 1781 3181 1847 fratribus,
3204 1791 3260 1838 et
3282 1782 3550 1838 ultionem

251 1869 441 1925 iisdem
467 1869 631 1924 etiam
674 1867 869 1924 diebus
893 1868 1107 1934 Persae,
1138 1869 1228 1937 qui
1248 1909 1261 1931 ,
1292 1867 1510 1924 Juliano
1541 1868 1849 1936 interfecto,

247 1963 480 2032 aliisque
508 1962 928 2032 imperatoribus
955 1977 1103 2031 saepe
1125 1961 1306 2028 victis,
1323 1963 1367 1993 ¹¹⁵
1392 1977 1534 2018 nunc
1554 1963 1721 2018 etiam
1752 1964 1852 2030 Va,-

251 2055 400 2109 lente
432 2055 484 2108 in
523 2054 699 2124 fugam
747 2062 899 2120 acto,
929 2053 1324 2108 recentissima:
1353 2054 1597 2109 victoria:
1628 2056 1851 2110 satieta-

256 2158 359 2202 tem
382 2146 548 2201 cruda
577 2145 927 2201 insultatione
959 2145 1002 2178 ¹⁸
1022 2146 1332 2212 ructabant,
1367 2148 1507 2202 ultro
1538 2145 1848 2203 Constanti-

251 2238 490 2308 nopolim
521 2237 587 2292 ad
614 2237 982 2293 Theodosium
1007 2240 1210 2292 mist-re
1236 2237 1464 2309 legatos,
1493 2240 1532 2270 ⁸⁷
1558 2255 1852 2311 pacemque

250 2330 521 2400 supplices
561 2338 964 2400 poposcerunt:
1003 2331 1047 2360 “‘
1081 2329 1358 2401 ictumque
1391 2341 1504 2386 tum
1540 2331 1716 2388 foedus
1742 2342 1849 2401 est,

254 2440 362 2496 quo
387 2425 670 2479 universus
689 2422 938 2478 Oriens“
958 2439 1125 2494 usque
1147 2422 1213 2478 ad
1240 2439 1381 2479 nunc
1405 2423 1851 2495 tranquillissime

249 2518 465 2572 fruitur.
492 2516 703 2572 Interea
723 2530 846 2572 cum
870 2515 1237 2582 Theodosius,
1271 2518 1324 2572 in
1353 2516 1576 2574 Oriente
1606 2521 1850 2578 subactis

252 2609 608 2664 barbarorum
641 2607 924 2676 gentibus,
956 2606 1220 2662 Thracias
1251 2606 1464 2664 tandem
1493 2611 1560 2665 ab
1593 2609 1749 2666 hoste
1781 2613 1848 2667 li-

254 2701 417 2756 beras
446 2699 795 2767 reddidisset,
829 2709 882 2754 et
902 2699 1217 2765 Arcadium,
1246 2701 1412 2756 filium
1431 2717 1608 2770 suum,
1628 2717 1853 2759 consor-

255 2804 360 2849 tem
392 2794 616 2850 fecisset
644 2795 888 2862 itnperii,
923 2793 1188 2848 Maximus
1214 2837 1228 2861 ,
1274 2794 1356 2848 vir
1385 2794 1606 2864 quidem
1637 2795 1682 2826 ²⁰
1713 2807 1852 2853 stre-

249 2904 388 2944 nuus
417 2898 472 2944 et
503 2888 700 2958 probus
722 2927 738 2953 ,
772 2897 934 2957 atque
979 2886 1227 2957 Augusto
1256 2887 1476 2958 dignus,
1519 2889 1621 2944 nisi
1660 2899 1848 2946 contra

249 2983 573 3037 sacramenti
610 2980 767 3036 fidem
797 2997 889 3050 ιτς-ι’
912 2980 1250 3052 tyrannidem
1283 2983 1615 3046 emersisset,
1649 2981 1700 3036 in
1732 2983 1850 3038 Bri-

249 3076 430 3130 tannia
471 3074 678 3130 invitus
713 3073 1107 3145 propemodum
1161 3075 1231 3128 ab
1259 3075 1500 3129 exercitu
1553 3077 1847 3144 imperator

1957 1872 2117 1926 unius
2149 1871 2421 1926 interfecti
2459 1872 2680 1940 sanguis
2711 1873 2725 1902 ¹
2755 1873 3021 1942 exigeret,
3052 1882 3106 1928 et
3142 1873 3551 1928 restitutionem

1956 1964 2169 2020 miseria
2195 1964 2416 2018 alterius
2439 1965 2741 2020 cxsulantis
2763 1975 2966 2033 oraret,
2992 1966 3170 2036 posuit
3191 1966 3244 2021 in
3270 1966 3379 2021 Deo
3399 1981 3550 2036 spem

1953 2072 2128 2130 suam,
2167 2072 2398 2130 seseque
2433 2058 2699 2114 adversus
2740 2057 3035 2113 Maximum
3078 2072 3394 2130 tyrannum,
3430 2058 3547 2115 sola

1956 2150 2063 2206 fide
2094 2150 2267 2219 major
2293 2151 2439 2221 (nam
2471 2151 2629 2221 longe
2654 2151 2834 2206 minor
2855 2153 2874 2182 '
2897 2161 3014 2206 erat
3033 2151 3284 2206 universa
3313 2167 3551 2220 appara-

1957 2250 2043 2296 tus
2079 2241 2264 2296 bellici
2306 2241 2741 2312 comparatione)
2781 2241 3071 2312 proripuit.
3115 2241 3379 2312 Aquileiw
3421 2252 3549 2299 tunc

1955 2332 2219 2387 Maximus
2248 2333 2495 2388 victoriae
2515 2347 2629 2387 sua:
2650 2343 2928 2402 Spectator
2952 2334 3246 2390 insederat.
3270 2334 3550 2404 Audraga-

1955 2423 2102 2480 thius
2132 2439 2316 2480 comes
2347 2427 2466 2496 ejus
2504 2439 2770 2481 summam
2803 2426 2930 2480 belli
2959 2425 3383 2480 administrabat
3411 2443 3423 2479 :
3456 2426 3550 2498 qui

1952 2531 2076 2571 cum
2118 2516 2434 2586 largissimis
2466 2517 2698 2572 militum
2738 2517 2938 2588 copiis,
2972 2517 3199 2588 ipsaque
3227 2532 3546 2589 magnarum

1951 2609 2232 2678 c0piarum
2271 2608 2616 2675 fortitudine,
2668 2609 3018 2679 praecellente
3058 2611 3310 2678 consilio,
3354 2625 3549 2666 omnes

1953 2699 2350 2756 incredibiliter
2389 2699 2607 2771 Alpium
2655 2715 2719 2756 ac
2762 2699 3045 2757 ﬂuminum
3086 2701 3264 2756 aditus
3302 2717 3550 2758 commu-

1957 2792 2147 2858 nisset,
2183 2791 2444 2848 ineffabili
2465 2792 2674 2859 judicio
2701 2792 2817 2858 Dei,
2844 2793 2970 2846 dum
3001 2793 3176 2849 navali
3201 2793 3547 2865 expeditione

1951 2887 2226 2941 incautum
2253 2887 2466 2941 hostem
2493 2887 2804 2960 praevenire
2827 2899 2879 2941 et
2901 2887 3136 2944 obruere
3159 2897 3334 2958 parat,
3353 2898 3549 2958 Sponte

1950 2977 2141 3032 eadem
2169 3020 2182 3041 ,
2223 2993 2344 3049 qua:
2385 2977 2778 3045 obstruxerat,
2824 2980 3065 3034 claustra
3108 2982 3364 3035 deseruit.
3408 2981 3428 3011 ³
3468 2981 3546 3036 Ita

1952 3071 2296 3126 Theodosius
2334 3071 2551 3126 nemine
2590 3072 2879 3135 sentiente,
2921 3081 2972 3124 ut
3017 3088 3124 3127 non
3160 3071 3336 3126 dicam
3385 3087 3547 3140 repu-

246 3176 493 3232 creatus,
522 3167 577 3222 in
622 3165 849 3222 Galliam
880 3164 1091 3220 transiit
1123 3183 1135 3218 :
1173 3165 1260 3219 ubi
1289 3164 1604 3221 Gratianum
1635 3169 1849 3238 Augusp
1875 3158 1920 3222 C
1951 3171 2173 3229 gnanle,
2215 3161 2236 3192 ⁴
2273 3175 2470 3216 vacuas
2502 3162 2522 3192 ⁸
2553 3161 2855 3216 transmisit
2898 3161 3094 3230 Alpes,
3132 3161 3152 3191 ⁶
3180 3172 3343 3231 atque
3381 3162 3549 3232 Aqui-

249 3271 360 3314 tum
392 3257 564 3313 subita
605 3257 924 3312 incursione
953 3257 1327 3326 perterritum,
1352 3265 1518 3324 atque
1553 3259 1602 3310 in
1635 3257 1840 3313 Italiam

250 3355 479 3409 transire
511 3351 888 3418 meditantem,
922 3351 1062 3406 dolis
1082 3350 1514 3406 circumventum
1546 3350 1842 3418 interfecit,

1955 3253 2113 3308 leiam
2139 3253 2468 3321 improvisus
2495 3251 2812 3320 adveniens,
2837 3254 3002 3328 558
3027 3255 3235 3308 hostem
3262 3254 3407 3308 illum
3432 3270 3546 3307 tua-

1950 3363 2140 3419 gnum,
2171 3348 2460 3405 Maximum
2505 3358 2735 3415 trucem,
2769 3357 2825 3405 et
2856 3350 2922 3404 ab
2965 3348 3376 3405 itnmanissimis
3406 3363 3542 3419 quo-

1537 3544 1987 3605 llAVERCAMPl
2025 3543 2260 3602 ΝΟΤΛΕ.

245 3716 440 3778 quarto
463 3717 624 3778 atque
648 3706 786 3762 Coll.
821 3705 1059 3778 Gronov.
1086 3704 1431 3760 desideratur
1457 3711 1529 3778 ut,
1561 3702 1703 3771 quod
1754 3710 1833 3778 ta-

247 3773 368 3835 men
401 3781 487 3833 hic
509 3773 816 3834 necessario
844 3776 1173 3846 requiritur;
1202 3790 1399 3829 sensus
1421 3773 1696 3846 enimpost,
1725 3774 1834 3828 sic‘

246 3854 320 3905 uti
349 3849 688 3906 Theodosius
720 3845 975 3902 afflictam
1001 3887 1016 3910 ,
1045 3856 1173 3909 etc.,
1208 3848 1280 3898 ita
1314 3845 1673 3912 reparandam
1713 3858 1832 3898 cre-

242 3923 404 3987 didit,
435 3929 541 3976 etc.
574 3919 692 3986 Vel,
725 3919 769 3972 si
800 3926 855 3972 ut
885 3917 1054 3971 deleri
1098 3916 1359 3980 velimus,
1406 3914 1696 3987 legendum
1727 3915 1834 3987 erit

245 3994 297 4046 in
328 3985 684 4062 sequentibus
704 4004 1004 4062 omnemque
1034 3987 1316 4062 fiduciam;
1336 3992 1542 4062 _p_rout_
1562 3985 1834 4062 invenitur

243 4064 317 4117 ibi
344 4055 508 4131 in'ed.
532 4062 777 4131 principe
796 4055 1106 4113 etVénetis.
1134 4062 1202 4111 At
1229 4057 1467 4131 Parisina
1484 4055 1830 4131 plenissime,

247 4132 428 4205 Itaque
449 4126 790 4205 Theodosius,
821 4139 955 4195 etc.,
986 4143 1288 4194 omnemque
1311 4127 1394 4180 sui
1420 4126 1692 4205 ﬁduciam.

317 4196 368 4258 7'.
402 4203 428 4255 Ι
439 4203 580 4257 llius.
607 4202 750 4256 Flor.
779 4215 890 4254 sec.
921 4208 977 4255 et
1005 4207 1131 4253 tert.
1163 4209 1326 4268 atque
1357 4208 1466 4252 tres
1499 4197 1668 4268 Lugd.
1697 4196 1837 4254 Batt.

317 4215 368 4258 7.
402 4215 580 4257 tutus.
607 4215 750 4256 Flor.
779 4215 890 4254 sec.
921 4215 977 4255 et
1005 4215 1131 4253 tert.
1163 4215 1220 4253 at
1261 4215 1326 4253 ne
1357 4215 1466 4252 tres
1499 4215 1668 4268 Lnga.
1697 4215 1837 4254 natt.

241 4290 364 4349 eum
397 4273 644 4329 Perizon.
690 4279 746 4349 et
770 4269 907 4349 Goll:
951 4269 1189 4326 Gronov.
1221 4215 1322 4323 λεὶ
1349 4268 1597 4349 malunt;
1628 4285 1692 4322 ex
1719 4269 1842 4349 qui:

247 4347 346 4399 IIIIS
375 4355 500 4399 tert.
538 4359 661 4400 cum
690 4340 832 4398 Coll.
860 4340 1101 4397 Gronov.
1133 4355 1258 4395 mox
1290 4355 1386 4408 pro
1405 4341 1486 4394 sui
1517 4339 1714 4394 iterum
1743 4338 1838 4393 Dei

243 4417 453 4471 scribit.

318 4489 371 4542 8.
425 4485 724 4540 Alexandro
773 4501 970 4556 quoque
1017 4481 1098 4537 illi
1143 4479 1360 4556 {fat/no.
1410 4478 1833 4556 Mss._qttidatn,

247 4557 542 4613 Alexandro
573 4558 650 4610 illi
679 4550 1120 4626 quoque’Magno.
1143 4550 1294 4606 Flor.
1328 4559 1476 4618 tert.,
1510 4551 1583 4606 Ab
1609 4551 1834 4606 Alexan-

241 4631 338 4683 dro
367 4643 569 4698 quoque
591 4626 682 4682 illo
712 4627 946 4698 Magum.

315 4691 962 4755 9.'Incunclanter.'Male
990 4697 1140 4751 abest
1183 4708 1213 4748 a
1244 4692 1456 4747 duobus
1487 4692 1661 4764 Lugd.
1693 4691 1832 4746 Batt.

245 4779 301 4826 et
324 4769 462 4826 Ultr.

319 4841 404 4896 10.
444 4838 622 4892 Victor
648 4839 879 4893 intravit.
915 4837 1185 4897 Perizon.,
1217 4837 1377 4889 victor
1406 4833 1690 4904 ingressus.

318 4913 405 4966 11.
443 4909 640 4978 Ipsam.
670 4909 842 4966 Abest
869 4924 898 4964 a
917 4907 1240 4980 quibusdam
1264 4905 1399 4980 edd.
1418 4914 1548 4980 vett_.

314 4983 401 5036 η.
437 4975 716 5034 Deteret-et.
759 4975 1183 5036 Perversissime
1223 4977 1276 5031 in
1316 4976 1470 5031 editt.
1519 4975 1752 5030 Fabricii
1783 4986 1840 5030 et

243 5052 414 5108 Scotti
449 5053 644 5122 legitur
671 5053 971 5122 deterreret,
1005 5065 1034 5104 a
1062 5048 1501 5122 qtta‘corrtiptela
1529 5048 1712 5122 utique
1742 5047 1835 5101 de-

243 5123 413 5178 territi
459 5116 730 5188 fuissent,
773 5123 817 5175 si
848 5116 1095 5176 Venetas
1117 5119 1263 5180 cdd.,
1307 5118 1560 5182 Parising
1581 5116 1836 5188 ipsasque

243 5194 480 5260 llittorp.
501 5203 554 5247 et
575 5187 850 5260 Bolsuing.
877 5190 1261 5260 inspexissent.
1285 5189 1395 5243 Illae
1416 5192 1559 5243 enim
1586 5187 1832 5250 verbum,

243 5264 348 5318 hoc
378 5265 497 5316 loco
524 5263 768 5317 maxime
789 5261 1144 5325 conveniens,
1170 5269 1317 5315 recte
1338 5268 1683 5326 receperunt,
1710 5261 1835 5313 licet

241 5337 330 5388 ed.
365 5338 500 5401 Aug.
534 5343 588 5386 et
613 5332 830 5402 quidam
862 5349 930 5387 ex
956 5346 1112 5400 mss.,
1143 5341 1198 5386 ut
1221 5330 1390 5398 Lugd.
1425 5329 1564 5383 Batt.
1589 5328 1834 5402 lJltraje-

241 5408 559 5474 etinusque,
592 5401 646 5457 in
675 5404 802 5456 vitio
829 5404 1242 5474 cubentLrecte
1278 5414 1458 5455 autem
1492 5401 1749 5455 scribitur
1780 5401 1833 5455 in

239 5472 453 5541 Meo,in
481 5475 724 5528 Perizon.
755 5484 809 5529 et
831 5474 1039 5528 duobus
1065 5472 1333 5528 Florentt.

317 5546 401 5599 15.
440 5543 704 5599 Universae
730 5542 1040 5598 Gothorum.
1075 5543 1175 5600 Ed.
1204 5546 1428 5613 August.
1461 5541 1712 5596 universa:
1739 5557 1836 5594 au-

244 5625 344 5670 tem
373 5614 682 5676 Gothorum,
713 5626 820 5669 etc.

315 5686 401 5740 16.
436 5683 500 5738 lu
534 5686 719 5739 iisdem
756 5687 914 5739 etiam
961 5683 1140 5738 diebus
1182 5682 1378 5738 Persa.
1414 5681 1552 5737 Edd.
1583 5679 1832 5750 quaedam

243 5765 397 5825 vett.,
426 5754 529 5812 His
580 5756 738 5811 etiam
784 5754 966 5810 diebus
1013 5753 1210 5810 Persaz.
1255 5752 1390 5811 Cod.
1438 5752 1719 5820 Pcrizon.,
1765 5750 1832 5808 In

1940 3700 2123 3756 iisdem
2151 3702 2304 3756 etiam
2327 3698 2639 3770 temporibus
2673 3697 2872 3770 Rerste.

2014 3774 2103 3827 15.
2128 3771 2284 3826 Nunc
2302 3767 2476 3826 etiam.
2508 3770 2678 3840 Lugd.
2705 3769 2847 3823 Batt.
2878 3767 3009 3834 duo,
3041 3767 3177 3824 Ultr.
3205 3768 3454 3824 Perizon.
3487 3779 3541 3825 et

1939 3842 2084 3898 Coll.
2117 3843 2482 3906 Grunoviana,
2515 3857 2652 3895 nunc
2681 3849 2877 3893 autem.

2020 3915 2101 3969 16.
2135 3913 2452 3968 Ructabant.
2479 3913 2577 3968 Ed.
2613 3916 2863 3980 August,
2895 3909 3215 3964 eructabant.

2016 3985 2102 4040 17.
2144 3983 2436 4055 Pacemque
2483 3981 2742 4055 supplices
2804 3980 3544 4055 poposcer_u_nt._S_icamant

1944 4056 2200 4111 meliores
2245 4050 2377 4111 mss.
2424 4050 2554 4110 cum
2586 4050 2676 4108 ed.
2708 4054 2849 4121 Aug.
2897 4060 2954 4106 et
2999 4050 3127 4107 edd.
3179 4051 3540 4107 Fabricianis.

1944 4125 2098 4192 Aliae,
2130 4143 2316 4198 pacem,
2333 4126 2640 4196 suppliciter
2665 4121 3006 4194 postulantes.
3032 4123 3087 4178 In
3111 4123 3357 4178 Floreat.
3381 4123 3543 4180 tertio

1943 4197 2138 4266 copula
2167 4214 2266 4266 que
2291 4197 2651 4253 desideratur.

2018 4263 2106 4323 18.
2142 4263 2412 4336 letumque
2445 4275 2552 4321 tum
2593 4265 2763 4336 foedus
2801 4274 2894 4319 est.
2930 4263 3035 4319 Ed.
3067 4263 3209 4334 Attg.
3255 4265 3542 4333 iuitumque

1942 4350 2048 4393 tum
2079 4339 2248 4409 [tedas
2274 4347 2371 4392 est.

2017 4400 2100 4465 l9'.
2141 4408 2314 4479 Usque
2344 4409 2414 4462 ad
2457 4424 2614 4462 nunc.
2662 4405 2840 4476 Lugd.
2892 4405 3010 4460 Bat.
3046 4413 3196 4472 tert.,
3227 4418 3351 4460 cum
3398 4400 3535 4458 Coll.

1868 4517 1915 4577 υ
1943 4481 2396 4577 δ’ἓὲθῖῖπέῗῖἰῗέἶ
2414 4495 2567 4577 ’⁸3³⁸2

2011 4551 2102 4607 20.
2138 4543 2396 4606 Strenuus
2436 4561 2480 4602 et
2513 4549 2722 4616 probus.
2753 4545 2888 4602 Cod.
2924 4545 3171 4602 Perizon.
3202 4543 3538 4614 conjunctio-

1944 4640 2066 4680 nem
2090 4632 2138 4676 et
2165 4622 2330 4676 delet.
2362 4620 2483 4675 Mox
2506 4620 2648 4674 idetn
2678 4617 2886 4679 scribit,
2921 4617 3025 4671 nisi
3054 4616 3216 4686 quod.

2011 4695 2103 4747 2t.
2131 4693 2432 4762 Refugiens.
2467 4691 2741 4762 Perizon.,
2771 4688 2992 4762 fugiens.

2013 4766 2141 4819 CAP.
2168 4755 2538 4822 XXXV.—l.
2568 4755 3013 4832 Exigeretft‘iullo
3040 4770 3260 4832 prorsus
3299 4770 3459 4832 sensu
3483 4755 3536 4832 in

1941 4837 2097 4892 editt.
2129 4834 2486 4901 Fabricianis,
2516 4828 2703 4890 ultima
2734 4831 2908 4890 Scotti
2937 4840 2991 4886 et
3010 4831 3214 4897 aliquot
3235 4835 3369 4882 vett.
3398 4828 3536 4900 legi-

1944 4919 2030 4964 tur
2060 4909 2366 4980 exigeretur,
2397 4908 2757 4980 quodicontra
2786 4917 2978 4980 omnes
3011 4914 3156 4980 iiiss._
3175 4907 3277 4954 est.

2012 4984 2066 5036 2.
2097 4969 2243 5035 Erat.
2271 4969 2440 5036 Abest
2461 4982 2514 5036 in
2544 4979 2810 5034 Florentt.
2835 4977 3074 5038 duobus,
3096 4969 3262 5038 Ultr.,
3283 4972 3533 5027 Perizon.

1939 5067 1996 5110 et
2030 5055 2200 5122 Lugd.
2250 5054 2368 5108 Bat.
2413 5063 2539 5107 tert.
2579 5051 2836 5122 Scribant
2875 5063 3004 5122 mox
3043 5043 3166 5100 belli
3206 5059 3306 5115 pro
3338 5044 3532 5110 bellici,

1942 5135 2050 5180 tres
2083 5119 2148 5179 ex
2178 5126 2368 5178 iisdem
2400 5139 2533 5178 mss.
2563 5138 2684 5177 cum
2715 5120 2853 5175 Coll.
2883 5119 3131 5174 Gronov.

2011 5199 2063 5251 5.
2094 5194 2177 5249 Ita
2203 5195 2544 5257 Theodosius,
2569 5204 2676 5247 ctc.
2710 5189 2850 5246 Edit.
2880 5193 3129 5258 August.,
3155 5183 3341 5254 Itaque
3365 5184 3534 5238 Theo-

1939 5268 2138 5329 dosius,
2173 5267 2374 5319 nemine
2401 5266 2612 5330 sciente,
2645 5271 2754 5318 etc.

2009 5337 2062 5390 4.
2112 5326 2332 5392 Vacuus.
2363 5335 2460 5392 Sic
2485 5326 2676 5389 omnes
2704 5339 2888 5387 amant
2915 5345 3046 5385 mss.
3077 5340 3130 5383 et
3156 5344 3221 5382 ex
3247 5326 3375 5384 edd.
3402 5333 3531 5378 vett.

1941 5409 2215 5463 meliores.
2249 5405 2585 5461 Fabricianie
2617 5412 2672 5459 et
2699 5404 2820 5458 alia:
2851 5399 3121 5470 quadam,
3149 5407 3421 5474 uacuatos.

2011 5480 2064 5533 5.
2111 5477 2437 5532 Transmisit.
2477 5477 2643 5545 Lugd.
2696 5475 2836 5528 Batt.
2869 5467 3034 5533 'tres,
3081 5484 3204 5525 cum
3249 5467 3531 5530 Perizon.,

1939 5550 2287 5604 trammeavit.
2812 5613 2818 5615 _
3313 5607 3323 5615 .
3387 5607 3398 5615 .
3488 5591 3518 5615 .λ

2010 5619 2064 5675 6.
2097 5620 2259 5690 Atque
2297 5617 2610 5687 Aquileiam.
2651 5614 2753 5670 Ed.
2795 5613 3023 5682 August.
3063 5620 3218 5679 atque
3254 5607 3323 5660 tul
3369 5607 3528 5675 Aqui-

1937 5691 2112 5745 leiam.
