  <div class='ocr_page' id='page_1' title='image "/cluster/home/n/w/nwhite01/storage/ocr_20150623/31/hvd.32044096580543/581.png"; bbox 0 0 4076 6174; ppageno 0'>
   <div class='ocr_carea' id='block_1_1' title="bbox 546 273 684 331">
    <p class='ocr_par' dir='ltr' id='par_1_1' title="bbox 546 273 684 331">
     <span class='ocr_line' id='line_1_1' title="bbox 546 273 684 331; baseline 0.007 -1"><span class='ocrx_word' id='word_1_1' title='bbox 546 273 684 331; x_wconf 81' lang='grc'><strong>1151</strong></span> 
     </span>
    </p>
   </div>
   <div class='ocr_carea' id='block_1_2' title="bbox 1955 275 2430 338">
    <p class='ocr_par' dir='ltr' id='par_1_2' title="bbox 1955 275 2430 338">
     <span class='ocr_line' id='line_1_2' title="bbox 1955 275 2430 338; baseline 0.008 -6"><span class='ocrx_word' id='word_1_2' title='bbox 1955 275 2039 333; x_wconf 87' lang='lat' dir='ltr'><strong>PA</strong></span> <span class='ocrx_word' id='word_1_3' title='bbox 2049 275 2163 336; x_wconf 68' lang='grc' dir='ltr'><strong>[ιι</strong></span> <span class='ocrx_word' id='word_1_4' title='bbox 2201 279 2430 338; x_wconf 82' lang='lat' dir='ltr'><strong>OROSII</strong></span> 
     </span>
    </p>
   </div>
   <div class='ocr_carea' id='block_1_3' title="bbox 3709 284 3840 342">
    <p class='ocr_par' dir='ltr' id='par_1_3' title="bbox 3709 284 3840 342">
     <span class='ocr_line' id='line_1_3' title="bbox 3709 284 3840 342; baseline -0.023 -1"><span class='ocrx_word' id='word_1_5' title='bbox 3709 284 3840 342; x_wconf 71' lang='grc' dir='ltr'><strong>11δὲ.</strong></span> 
     </span>
    </p>
   </div>
   <div class='ocr_carea' id='block_1_4' title="bbox 541 388 3840 466">
    <p class='ocr_par' dir='ltr' id='par_1_4' title="bbox 541 388 3840 466">
     <span class='ocr_line' id='line_1_4' title="bbox 541 388 3840 466; baseline 0.002 -22"><span class='ocrx_word' id='word_1_6' title='bbox 541 403 647 461; x_wconf 92' lang='lat' dir='ltr'><strong>que</strong></span> <span class='ocrx_word' id='word_1_7' title='bbox 675 388 1072 446; x_wconf 83' lang='lat' dir='ltr'><strong>Germanorum</strong></span> <span class='ocrx_word' id='word_1_8' title='bbox 1099 389 1352 461; x_wconf 87' lang='lat' dir='ltr'><strong>gentibus</strong></span> <span class='ocrx_word' id='word_1_9' title='bbox 1376 389 1574 445; x_wconf 87' lang='lat' dir='ltr'><strong>tributa</strong></span> <span class='ocrx_word' id='word_1_10' title='bbox 1601 402 1664 446; x_wconf 90' lang='lat' dir='ltr'><strong>ac</strong></span> <span class='ocrx_word' id='word_1_11' title='bbox 1685 389 1956 461; x_wconf 89' lang='lat' dir='ltr'><strong>stipendia</strong></span> <span class='ocrx_word' id='word_1_12' title='bbox 1978 392 1998 423; x_wconf 89' lang='grc'>⁷</span> <span class='ocrx_word' id='word_1_13' title='bbox 2021 391 2139 447; x_wconf 91' lang='lat' dir='ltr'><strong>solo</strong></span> <span class='ocrx_word' id='word_1_14' title='bbox 2165 392 2215 454; x_wconf 83' lang='lat' dir='ltr'><strong>A</strong></span> <span class='ocrx_word' id='word_1_15' title='bbox 2243 403 2405 465; x_wconf 81' lang='lat' dir='ltr'><strong>alque</strong></span> <span class='ocrx_word' id='word_1_16' title='bbox 2434 402 2493 450; x_wconf 92' lang='lat' dir='ltr'><strong>ut</strong></span> <span class='ocrx_word' id='word_1_17' title='bbox 2525 392 2877 449; x_wconf 73' lang='lat' dir='ltr'><strong>voluntariam</strong></span> <span class='ocrx_word' id='word_1_18' title='bbox 2908 393 3010 450; x_wconf 88' lang='lat' dir='ltr'><strong>sibi</strong></span> <span class='ocrx_word' id='word_1_19' title='bbox 3048 393 3378 450; x_wconf 82' lang='lat' dir='ltr'><strong>conscivisse</strong></span> <span class='ocrx_word' id='word_1_20' title='bbox 3415 402 3648 451; x_wconf 86' lang='lat' dir='ltr'><strong>mortem</strong></span> <span class='ocrx_word' id='word_1_21' title='bbox 3679 406 3840 466; x_wconf 83' lang='lat' dir='ltr'><strong>puta-</strong></span> 
     </span>
    </p>
   </div>
   <div class='ocr_carea' id='block_1_5' title="bbox 542 484 2151 556">
    <p class='ocr_par' dir='ltr' id='par_1_5' title="bbox 542 484 2151 556">
     <span class='ocr_line' id='line_1_5' title="bbox 542 484 2151 556; baseline 0.003 -18"><span class='ocrx_word' id='word_1_22' title='bbox 542 490 752 538; x_wconf 92' lang='lat' dir='ltr'><strong>terrore</strong></span> <span class='ocrx_word' id='word_1_23' title='bbox 792 484 1027 540; x_wconf 87' lang='lat' dir='ltr'><strong>nominis</strong></span> <span class='ocrx_word' id='word_1_24' title='bbox 1058 485 1390 556; x_wconf 89' lang='lat' dir='ltr'><strong>exigentem,</strong></span> <span class='ocrx_word' id='word_1_25' title='bbox 1422 486 1542 540; x_wconf 89' lang='lat' dir='ltr'><strong>sine</strong></span> <span class='ocrx_word' id='word_1_26' title='bbox 1570 484 1697 540; x_wconf 88' lang='lat' dir='ltr'><strong>dolo</strong></span> <span class='ocrx_word' id='word_1_27' title='bbox 1731 486 1752 516; x_wconf 77' lang='grc'><strong>⁸</strong></span> <span class='ocrx_word' id='word_1_28' title='bbox 1783 495 1838 540; x_wconf 87' lang='lat' dir='ltr'><strong>et</strong></span> <span class='ocrx_word' id='word_1_29' title='bbox 1871 486 1988 542; x_wconf 89' lang='lat' dir='ltr'><strong>sine</strong></span> <span class='ocrx_word' id='word_1_30' title='bbox 2019 501 2151 544; x_wconf 86' lang='lat' dir='ltr'><strong>con-</strong></span> 
     </span>
    </p>
   </div>
   <div class='ocr_carea' id='block_1_6' title="bbox 539 575 2147 647">
    <p class='ocr_par' dir='ltr' id='par_1_6' title="bbox 539 575 2147 647">
     <span class='ocr_line' id='line_1_6' title="bbox 539 575 2147 647; baseline 0.004 -18"><span class='ocrx_word' id='word_1_31' title='bbox 539 575 804 630; x_wconf 89' lang='lat' dir='ltr'><strong>troversia</strong></span> <span class='ocrx_word' id='word_1_32' title='bbox 843 575 1087 643; x_wconf 90' lang='lat' dir='ltr'><strong>clausit,</strong></span> <span class='ocrx_word' id='word_1_33' title='bbox 1119 579 1140 609; x_wconf 70' lang='lat'><strong><em>9</em></strong></span> <span class='ocrx_word' id='word_1_34' title='bbox 1179 576 1324 647; x_wconf 90' lang='lat' dir='ltr'><strong>cepit</strong></span> <span class='ocrx_word' id='word_1_35' title='bbox 1357 619 1371 645; x_wconf 94' lang='lat'><strong>,</strong></span> <span class='ocrx_word' id='word_1_36' title='bbox 1417 575 1634 633; x_wconf 90' lang='lat' dir='ltr'><strong>occidit.</strong></span> <span class='ocrx_word' id='word_1_37' title='bbox 1685 575 2099 635; x_wconf 83' lang='lat' dir='ltr'><strong>Valentinianus</strong></span> <span class='ocrx_word' id='word_1_38' title='bbox 2129 619 2147 646; x_wconf 88' lang='lat'><strong>,</strong></span> 
     </span>
    </p>
   </div>
   <div class='ocr_carea' id='block_1_7' title="bbox 543 667 2138 740">
    <p class='ocr_par' dir='ltr' id='par_1_7' title="bbox 543 667 2138 740">
     <span class='ocr_line' id='line_1_7' title="bbox 543 667 2138 740; baseline 0.003 -17"><span class='ocrx_word' id='word_1_39' title='bbox 543 677 766 738; x_wconf 90' lang='lat' dir='ltr'><strong>recepta</strong></span> <span class='ocrx_word' id='word_1_40' title='bbox 802 667 980 736; x_wconf 85' lang='lat' dir='ltr'><strong>Italia,</strong></span> <span class='ocrx_word' id='word_1_41' title='bbox 1011 669 1214 739; x_wconf 90' lang='lat' dir='ltr'><strong>politus</strong></span> <span class='ocrx_word' id='word_1_42' title='bbox 1251 669 1483 737; x_wconf 92' lang='lat' dir='ltr'><strong>imperio</strong></span> <span class='ocrx_word' id='word_1_43' title='bbox 1522 677 1625 725; x_wconf 89' lang='lat' dir='ltr'><strong>est.</strong></span> <span class='ocrx_word' id='word_1_44' title='bbox 1657 668 2017 740; x_wconf 85' lang='lat' dir='ltr'><strong>Andragatius</strong></span> <span class='ocrx_word' id='word_1_45' title='bbox 2043 685 2138 728; x_wconf 85' lang='lat' dir='ltr'><strong>eo-</strong></span> 
     </span>
    </p>
   </div>
   <div class='ocr_carea' id='block_1_8' title="bbox 545 761 2146 832">
    <p class='ocr_par' dir='ltr' id='par_1_8' title="bbox 545 761 2146 832">
     <span class='ocr_line' id='line_1_8' title="bbox 545 761 2146 832; baseline 0.004 -17"><span class='ocrx_word' id='word_1_46' title='bbox 545 774 682 826; x_wconf 88' lang='lat' dir='ltr'><strong>mes,</strong></span> <span class='ocrx_word' id='word_1_47' title='bbox 710 761 932 832; x_wconf 85' lang='lat' dir='ltr'><strong>cognita</strong></span> <span class='ocrx_word' id='word_1_48' title='bbox 964 761 1184 816; x_wconf 82' lang='lat' dir='ltr'><strong>Maximi</strong></span> <span class='ocrx_word' id='word_1_49' title='bbox 1210 775 1363 829; x_wconf 88' lang='lat' dir='ltr'><strong>nece,</strong></span> <span class='ocrx_word' id='word_1_50' title='bbox 1391 761 1724 832; x_wconf 64' lang='lat' dir='ltr'><strong>praecipitem</strong></span> <span class='ocrx_word' id='word_1_51' title='bbox 1747 779 1867 820; x_wconf 88' lang='lat' dir='ltr'><strong>sese</strong></span> <span class='ocrx_word' id='word_1_52' title='bbox 1889 779 1919 821; x_wconf 93' lang='lat' dir='ltr'><strong>e</strong></span> <span class='ocrx_word' id='word_1_53' title='bbox 1941 765 2065 820; x_wconf 88' lang='lat' dir='ltr'><strong>navi</strong></span> <span class='ocrx_word' id='word_1_54' title='bbox 2087 763 2146 821; x_wconf 91' lang='lat' dir='ltr'><strong>in</strong></span> 
     </span>
    </p>
   </div>
   <div class='ocr_carea' id='block_1_9' title="bbox 541 852 2146 920">
    <p class='ocr_par' dir='ltr' id='par_1_9' title="bbox 541 852 2146 920">
     <span class='ocr_line' id='line_1_9' title="bbox 541 852 2146 920; baseline 0.004 -12"><span class='ocrx_word' id='word_1_55' title='bbox 541 852 715 908; x_wconf 91' lang='lat' dir='ltr'><strong>undas</strong></span> <span class='ocrx_word' id='word_1_56' title='bbox 741 852 913 920; x_wconf 89' lang='lat' dir='ltr'><strong>dedit,</strong></span> <span class='ocrx_word' id='word_1_57' title='bbox 941 867 1007 908; x_wconf 90' lang='lat' dir='ltr'><strong>ac</strong></span> <span class='ocrx_word' id='word_1_58' title='bbox 1038 853 1338 910; x_wconf 84' lang='lat' dir='ltr'><strong>sull&#39;ocatus</strong></span> <span class='ocrx_word' id='word_1_59' title='bbox 1367 863 1473 911; x_wconf 90' lang='lat' dir='ltr'><strong>est.</strong></span> <span class='ocrx_word' id='word_1_60' title='bbox 1504 854 1853 913; x_wconf 82' lang='lat' dir='ltr'><strong>Theodosius</strong></span> <span class='ocrx_word' id='word_1_61' title='bbox 1886 858 2146 915; x_wconf 91' lang='lat' dir='ltr'><strong>incruen-</strong></span> 
     </span>
    </p>
   </div>
   <div class='ocr_carea' id='block_1_10' title="bbox 554 945 2142 1024">
    <p class='ocr_par' dir='ltr' id='par_1_10' title="bbox 554 945 2142 1024">
     <span class='ocr_line' id='line_1_10' title="bbox 554 945 2142 1024; baseline 0.006 -24"><span class='ocrx_word' id='word_1_62' title='bbox 554 954 664 1000; x_wconf 86' lang='lat' dir='ltr'><strong>tam</strong></span> <span class='ocrx_word' id='word_1_63' title='bbox 689 945 985 1016; x_wconf 52' lang='lat' dir='ltr'><strong>:victoriam</strong></span> <span class='ocrx_word' id='word_1_64' title='bbox 1023 947 1137 1002; x_wconf 89' lang='lat' dir='ltr'><strong>Deo</strong></span> <span class='ocrx_word' id='word_1_65' title='bbox 1169 957 1497 1018; x_wconf 87' lang='lat' dir='ltr'><strong>procurante</strong></span> <span class='ocrx_word' id='word_1_66' title='bbox 1530 950 1792 1021; x_wconf 85' lang='lat' dir='ltr'><strong>suscepit.</strong></span> <span class='ocrx_word' id='word_1_67' title='bbox 1826 951 1965 1008; x_wconf 85' lang='lat' dir='ltr'><strong>Ecce</strong></span> <span class='ocrx_word' id='word_1_68' title='bbox 2002 953 2142 1024; x_wconf 86' lang='lat' dir='ltr'><strong>regi-</strong></span> 
     </span>
    </p>
   </div>
   <div class='ocr_carea' id='block_1_11' title="bbox 542 1037 2144 1114">
    <p class='ocr_par' dir='ltr' id='par_1_11' title="bbox 542 1037 2144 1114">
     <span class='ocr_line' id='line_1_11' title="bbox 542 1037 2144 1114; baseline 0.006 -20"><span class='ocrx_word' id='word_1_69' title='bbox 542 1037 644 1094; x_wconf 85' lang='lat' dir='ltr'><strong>bus</strong></span> <span class='ocrx_word' id='word_1_70' title='bbox 687 1047 744 1094; x_wconf 91' lang='lat' dir='ltr'><strong>et</strong></span> <span class='ocrx_word' id='word_1_71' title='bbox 785 1040 1122 1110; x_wconf 87' lang='lat' dir='ltr'><strong>temporibus</strong></span> <span class='ocrx_word' id='word_1_72' title='bbox 1161 1042 1488 1098; x_wconf 86' lang='lat' dir='ltr'><strong>Christianis</strong></span> <span class='ocrx_word' id='word_1_73' title='bbox 1517 1044 1755 1114; x_wconf 89' lang='lat' dir='ltr'><strong>qualiter</strong></span> <span class='ocrx_word' id='word_1_74' title='bbox 1786 1044 1933 1102; x_wconf 91' lang='lat' dir='ltr'><strong>bella</strong></span> <span class='ocrx_word' id='word_1_75' title='bbox 1962 1047 2144 1104; x_wconf 79' lang='lat' dir='ltr'><strong>civilia</strong></span> 
     </span>
    </p>
   </div>
   <div class='ocr_carea' id='block_1_12' title="bbox 538 1131 2139 1212">
    <p class='ocr_par' dir='ltr' id='par_1_12' title="bbox 538 1131 2139 1212">
     <span class='ocr_line' id='line_1_12' title="bbox 538 1131 2139 1212; baseline 0.008 -27"><span class='ocrx_word' id='word_1_76' title='bbox 538 1146 661 1187; x_wconf 90' lang='lat' dir='ltr'><strong>cum</strong></span> <span class='ocrx_word' id='word_1_77' title='bbox 682 1131 844 1188; x_wconf 85' lang='lat' dir='ltr'><strong>vitari</strong></span> <span class='ocrx_word' id='word_1_78' title='bbox 865 1143 1163 1204; x_wconf 90' lang='lat' dir='ltr'><strong>nequeunt,</strong></span> <span class='ocrx_word' id='word_1_79' title='bbox 1187 1135 1572 1206; x_wconf 86' lang='lat' dir='ltr'><strong>transiguntur.</strong></span> <span class='ocrx_word' id='word_1_80' title='bbox 1599 1137 1682 1194; x_wconf 84' lang='lat' dir='ltr'><strong>Ad</strong></span> <span class='ocrx_word' id='word_1_81' title='bbox 1707 1139 1988 1197; x_wconf 89' lang='lat' dir='ltr'><strong>victoriam</strong></span> <span class='ocrx_word' id='word_1_82' title='bbox 2013 1157 2139 1212; x_wconf 90' lang='lat' dir='ltr'><strong>per-</strong></span> 
     </span>
    </p>
   </div>
   <div class='ocr_carea' id='block_1_13' title="bbox 539 1228 2139 1307">
    <p class='ocr_par' dir='ltr' id='par_1_13' title="bbox 539 1228 2139 1307">
     <span class='ocr_line' id='line_1_13' title="bbox 539 1228 2139 1307; baseline 0.008 -28"><span class='ocrx_word' id='word_1_83' title='bbox 539 1236 764 1280; x_wconf 81' lang='lat' dir='ltr'><strong>ventum</strong></span> <span class='ocrx_word' id='word_1_84' title='bbox 795 1236 901 1294; x_wconf 89' lang='lat' dir='ltr'><strong>est,</strong></span> <span class='ocrx_word' id='word_1_85' title='bbox 937 1228 1140 1299; x_wconf 88' lang='lat' dir='ltr'><strong>irrupta</strong></span> <span class='ocrx_word' id='word_1_86' title='bbox 1169 1239 1253 1284; x_wconf 90' lang='lat' dir='ltr'><strong>est</strong></span> <span class='ocrx_word' id='word_1_87' title='bbox 1283 1230 1502 1299; x_wconf 76' lang='lat' dir='ltr'><strong>civitas,</strong></span> <span class='ocrx_word' id='word_1_88' title='bbox 1539 1242 1826 1304; x_wconf 89' lang='lat' dir='ltr'><strong>correptus</strong></span> <span class='ocrx_word' id='word_1_89' title='bbox 1857 1243 2139 1307; x_wconf 80' lang='lat' dir='ltr'><strong>tyrannus,</strong></span> 
     </span>
    </p>
   </div>
   <div class='ocr_carea' id='block_1_14' title="bbox 537 1317 2142 1393">
    <p class='ocr_par' dir='ltr' id='par_1_14' title="bbox 537 1317 2142 1393">
     <span class='ocr_line' id='line_1_14' title="bbox 537 1317 2142 1393; baseline 0.007 -20"><span class='ocrx_word' id='word_1_90' title='bbox 537 1326 593 1374; x_wconf 85' lang='lat' dir='ltr'><strong>et</strong></span> <span class='ocrx_word' id='word_1_91' title='bbox 623 1317 728 1373; x_wconf 92' lang='lat' dir='ltr'><strong>hoc</strong></span> <span class='ocrx_word' id='word_1_92' title='bbox 767 1333 956 1388; x_wconf 90' lang='lat' dir='ltr'><strong>parum</strong></span> <span class='ocrx_word' id='word_1_93' title='bbox 995 1331 1101 1376; x_wconf 90' lang='lat' dir='ltr'><strong>est.</strong></span> <span class='ocrx_word' id='word_1_94' title='bbox 1147 1321 1287 1378; x_wconf 87' lang='lat' dir='ltr'><strong>Ecce</strong></span> <span class='ocrx_word' id='word_1_95' title='bbox 1317 1323 1360 1354; x_wconf 85' lang='grc'><strong>¹⁰</strong></span> <span class='ocrx_word' id='word_1_96' title='bbox 1390 1334 1544 1393; x_wconf 88' lang='lat' dir='ltr'><strong>parte</strong></span> <span class='ocrx_word' id='word_1_97' title='bbox 1584 1325 1690 1382; x_wconf 86' lang='lat' dir='ltr'><strong>alia</strong></span> <span class='ocrx_word' id='word_1_98' title='bbox 1719 1328 1896 1384; x_wconf 91' lang='lat' dir='ltr'><strong>victus</strong></span> <span class='ocrx_word' id='word_1_99' title='bbox 1927 1327 2142 1385; x_wconf 86' lang='lat' dir='ltr'><strong>hostilis</strong></span> 
     </span>
    </p>
   </div>
   <div class='ocr_carea' id='block_1_15' title="bbox 535 1409 2142 1494">
    <p class='ocr_par' dir='ltr' id='par_1_15' title="bbox 535 1409 2142 1494">
     <span class='ocr_line' id='line_1_15' title="bbox 535 1409 2142 1494; baseline 0.009 -30"><span class='ocrx_word' id='word_1_100' title='bbox 535 1409 835 1475; x_wconf 81' lang='lat' dir='ltr'><strong>exercitus,</strong></span> <span class='ocrx_word' id='word_1_101' title='bbox 859 1422 1020 1482; x_wconf 92' lang='lat' dir='ltr'><strong>atque</strong></span> <span class='ocrx_word' id='word_1_102' title='bbox 1048 1413 1165 1484; x_wconf 92' lang='lat' dir='ltr'><strong>ipso</strong></span> <span class='ocrx_word' id='word_1_103' title='bbox 1195 1424 1427 1486; x_wconf 85' lang='lat' dir='ltr'><strong>tyranno</strong></span> <span class='ocrx_word' id='word_1_104' title='bbox 1459 1417 1822 1474; x_wconf 87' lang='lat' dir='ltr'><strong>truculentior</strong></span> <span class='ocrx_word' id='word_1_105' title='bbox 1846 1435 2033 1477; x_wconf 90' lang='lat' dir='ltr'><strong>comes</strong></span> <span class='ocrx_word' id='word_1_106' title='bbox 2062 1431 2142 1494; x_wconf 85' lang='lat' dir='ltr'><strong>ty-</strong></span> 
     </span>
    </p>
   </div>
   <div class='ocr_carea' id='block_1_16' title="bbox 533 1503 2140 1583">
    <p class='ocr_par' dir='ltr' id='par_1_16' title="bbox 533 1503 2140 1583">
     <span class='ocr_line' id='line_1_16' title="bbox 533 1503 2140 1583; baseline 0.007 -26"><span class='ocrx_word' id='word_1_107' title='bbox 533 1503 689 1557; x_wconf 85' lang='lat' dir='ltr'><strong>ranni</strong></span> <span class='ocrx_word' id='word_1_108' title='bbox 716 1503 784 1558; x_wconf 89' lang='lat' dir='ltr'><strong>ad</strong></span> <span class='ocrx_word' id='word_1_109' title='bbox 815 1512 1048 1559; x_wconf 89' lang='lat' dir='ltr'><strong>mortem</strong></span> <span class='ocrx_word' id='word_1_110' title='bbox 1081 1515 1323 1573; x_wconf 90' lang='lat' dir='ltr'><strong>coactus,</strong></span> <span class='ocrx_word' id='word_1_111' title='bbox 1352 1515 1519 1564; x_wconf 87' lang='lat' dir='ltr'><strong>tantae</strong></span> <span class='ocrx_word' id='word_1_112' title='bbox 1547 1509 1832 1566; x_wconf 64' lang='lat' dir='ltr'><strong>dissolutae</strong></span> <span class='ocrx_word' id='word_1_113' title='bbox 1863 1512 2140 1583; x_wconf 86' lang='lat' dir='ltr'><strong>clusaeque</strong></span> 
     </span>
    </p>
   </div>
   <div class='ocr_carea' id='block_1_17' title="bbox 542 1591 2133 1668">
    <p class='ocr_par' dir='ltr' id='par_1_17' title="bbox 542 1591 2133 1668">
     <span class='ocr_line' id='line_1_17' title="bbox 542 1591 2133 1668; baseline 0.008 -20"><span class='ocrx_word' id='word_1_114' title='bbox 542 1591 775 1661; x_wconf 78' lang='lat' dir='ltr'><strong>insidiae,</strong></span> <span class='ocrx_word' id='word_1_115' title='bbox 811 1596 944 1651; x_wconf 89' lang='lat' dir='ltr'><strong>tanti</strong></span> <span class='ocrx_word' id='word_1_116' title='bbox 971 1607 1263 1668; x_wconf 86' lang='lat' dir='ltr'><strong>apparatus</strong></span> <span class='ocrx_word' id='word_1_117' title='bbox 1293 1599 1551 1657; x_wconf 87' lang='lat' dir='ltr'><strong>exinaniti</strong></span> <span class='ocrx_word' id='word_1_118' title='bbox 1585 1602 1622 1633; x_wconf 84' lang='lat'>“</span> <span class='ocrx_word' id='word_1_119' title='bbox 1658 1613 1786 1657; x_wconf 89' lang='lat' dir='ltr'><strong>sunt</strong></span> <span class='ocrx_word' id='word_1_120' title='bbox 1819 1620 1834 1662; x_wconf 86' lang='lat'><strong>:</strong></span> <span class='ocrx_word' id='word_1_121' title='bbox 1865 1611 1922 1659; x_wconf 93' lang='lat' dir='ltr'><strong>et</strong></span> <span class='ocrx_word' id='word_1_122' title='bbox 1950 1613 2133 1660; x_wconf 91' lang='lat' dir='ltr'><strong>tamen</strong></span> 
     </span>
    </p>
   </div>
   <div class='ocr_carea' id='block_1_18' title="bbox 542 1678 2142 1767">
    <p class='ocr_par' dir='ltr' id='par_1_18' title="bbox 542 1678 2142 1767">
     <span class='ocr_line' id='line_1_18' title="bbox 542 1678 2142 1767; baseline 0.007 -25"><span class='ocrx_word' id='word_1_123' title='bbox 542 1688 726 1742; x_wconf 89' lang='lat' dir='ltr'><strong>nullus</strong></span> <span class='ocrx_word' id='word_1_124' title='bbox 772 1678 927 1744; x_wconf 80' lang='lat' dir='ltr'><strong>dolos</strong></span> <span class='ocrx_word' id='word_1_125' title='bbox 971 1689 1246 1760; x_wconf 81' lang='lat' dir='ltr'><strong>instruxit,</strong></span> <span class='ocrx_word' id='word_1_126' title='bbox 1289 1692 1470 1748; x_wconf 91' lang='lat' dir='ltr'><strong>nullus</strong></span> <span class='ocrx_word' id='word_1_127' title='bbox 1507 1693 1682 1750; x_wconf 85' lang='lat' dir='ltr'><strong>aciem</strong></span> <span class='ocrx_word' id='word_1_128' title='bbox 1724 1694 2008 1766; x_wconf 89' lang='lat' dir='ltr'><strong>disposuit,</strong></span> <span class='ocrx_word' id='word_1_129' title='bbox 2046 1711 2142 1767; x_wconf 88' lang='lat' dir='ltr'><strong>po-</strong></span> 
     </span>
    </p>
   </div>
   <div class='ocr_carea' id='block_1_19' title="bbox 2252 487 3839 559">
    <p class='ocr_par' dir='ltr' id='par_1_19' title="bbox 2252 487 3839 559">
     <span class='ocr_line' id='line_1_19' title="bbox 2252 487 3839 559; baseline 0.002 -17"><span class='ocrx_word' id='word_1_130' title='bbox 2252 495 2426 556; x_wconf 90' lang='lat' dir='ltr'><strong>retur,</strong></span> <span class='ocrx_word' id='word_1_131' title='bbox 2478 487 2672 559; x_wconf 90' lang='lat' dir='ltr'><strong>laqueo</strong></span> <span class='ocrx_word' id='word_1_132' title='bbox 2721 501 3018 558; x_wconf 88' lang='lat' dir='ltr'><strong>suspensus</strong></span> <span class='ocrx_word' id='word_1_133' title='bbox 3060 497 3164 544; x_wconf 91' lang='lat' dir='ltr'><strong>est.</strong></span> <span class='ocrx_word' id='word_1_134' title='bbox 3216 487 3425 543; x_wconf 89' lang='lat' dir='ltr'><strong>Mortuo</strong></span> <span class='ocrx_word' id='word_1_135' title='bbox 3464 488 3839 545; x_wconf 83' lang='lat' dir='ltr'><strong>Valentiniano</strong></span> 
     </span>
    </p>
   </div>
   <div class='ocr_carea' id='block_1_20' title="bbox 2252 579 3835 652">
    <p class='ocr_par' dir='ltr' id='par_1_20' title="bbox 2252 579 3835 652">
     <span class='ocr_line' id='line_1_20' title="bbox 2252 579 3835 652; baseline 0.003 -18"><span class='ocrx_word' id='word_1_136' title='bbox 2252 581 2518 650; x_wconf 85' lang='lat' dir='ltr'><strong>Augusto,</strong></span> <span class='ocrx_word' id='word_1_137' title='bbox 2576 579 2980 650; x_wconf 69' lang='lat' dir='ltr'><strong>Arbogastes‘“</strong></span> <span class='ocrx_word' id='word_1_138' title='bbox 3013 579 3314 650; x_wconf 82' lang='lat' dir='ltr'><strong>Eugenium</strong></span> <span class='ocrx_word' id='word_1_139' title='bbox 3373 590 3665 652; x_wconf 82' lang='lat' dir='ltr'><strong>tyrannum</strong></span> <span class='ocrx_word' id='word_1_140' title='bbox 3720 597 3835 638; x_wconf 76' lang='lat' dir='ltr'><strong>mox</strong></span> 
     </span>
    </p>
   </div>
   <div class='ocr_carea' id='block_1_21' title="bbox 2249 670 3838 742">
    <p class='ocr_par' dir='ltr' id='par_1_21' title="bbox 2249 670 3838 742">
     <span class='ocr_line' id='line_1_21' title="bbox 2249 670 3838 742; baseline 0.003 -16"><span class='ocrx_word' id='word_1_141' title='bbox 2249 685 2439 726; x_wconf 89' lang='lat' dir='ltr'><strong>creare</strong></span> <span class='ocrx_word' id='word_1_142' title='bbox 2492 685 2656 726; x_wconf 62' lang='lat' dir='ltr'><strong>ausus</strong></span> <span class='ocrx_word' id='word_1_143' title='bbox 2704 679 2813 738; x_wconf 92' lang='lat' dir='ltr'><strong>est,</strong></span> <span class='ocrx_word' id='word_1_144' title='bbox 2870 670 3104 742; x_wconf 81' lang='lat' dir='ltr'><strong>legitque</strong></span> <span class='ocrx_word' id='word_1_145' title='bbox 3151 672 3448 739; x_wconf 85' lang='lat' dir='ltr'><strong>hominem,</strong></span> <span class='ocrx_word' id='word_1_146' title='bbox 3494 673 3586 729; x_wconf 93' lang='lat' dir='ltr'><strong>cui</strong></span> <span class='ocrx_word' id='word_1_147' title='bbox 3632 673 3838 730; x_wconf 86' lang='lat' dir='ltr'><strong>titulum</strong></span> 
     </span>
    </p>
   </div>
   <div class='ocr_carea' id='block_1_22' title="bbox 2248 765 3838 838">
    <p class='ocr_par' dir='ltr' id='par_1_22' title="bbox 2248 765 3838 838">
     <span class='ocr_line' id='line_1_22' title="bbox 2248 765 3838 838; baseline 0.002 -17"><span class='ocrx_word' id='word_1_148' title='bbox 2248 765 2594 836; x_wconf 84' lang='lat' dir='ltr'><strong>imperatoris</strong></span> <span class='ocrx_word' id='word_1_149' title='bbox 2623 765 2954 834; x_wconf 78' lang='lat' dir='ltr'><strong>imponeret,</strong></span> <span class='ocrx_word' id='word_1_150' title='bbox 2987 765 3104 835; x_wconf 88' lang='lat' dir='ltr'><strong>ipse</strong></span> <span class='ocrx_word' id='word_1_151' title='bbox 3127 774 3354 822; x_wconf 89' lang='lat' dir='ltr'><strong>acturus</strong></span> <span class='ocrx_word' id='word_1_152' title='bbox 3405 767 3694 838; x_wconf 89' lang='lat' dir='ltr'><strong>imperium</strong></span> <span class='ocrx_word' id='word_1_153' title='bbox 3725 786 3736 822; x_wconf 96' lang='lat'>:</span> <span class='ocrx_word' id='word_1_154' title='bbox 3768 769 3838 824; x_wconf 84' lang='lat' dir='ltr'><strong>vir</strong></span> 
     </span>
    </p>
   </div>
   <div class='ocr_carea' id='block_1_23' title="bbox 2253 857 3840 930">
    <p class='ocr_par' dir='ltr' id='par_1_23' title="bbox 2253 857 3840 930">
     <span class='ocr_line' id='line_1_23' title="bbox 2253 857 3840 930; baseline 0.001 -17"><span class='ocrx_word' id='word_1_155' title='bbox 2253 857 2523 913; x_wconf 89' lang='lat' dir='ltr'><strong>barbarus</strong></span> <span class='ocrx_word' id='word_1_156' title='bbox 2547 857 2752 923; x_wconf 91' lang='lat' dir='ltr'><strong>animo,</strong></span> <span class='ocrx_word' id='word_1_157' title='bbox 2781 857 3035 924; x_wconf 90' lang='lat' dir='ltr'><strong>consilio,</strong></span> <span class='ocrx_word' id='word_1_158' title='bbox 3076 873 3260 925; x_wconf 90' lang='lat' dir='ltr'><strong>manu,</strong></span> <span class='ocrx_word' id='word_1_159' title='bbox 3289 858 3542 925; x_wconf 88' lang='lat' dir='ltr'><strong>audacia,</strong></span> <span class='ocrx_word' id='word_1_160' title='bbox 3576 861 3840 930; x_wconf 81' lang='lat' dir='ltr'><strong>potentis-</strong></span> 
     </span>
    </p>
   </div>
   <div class='ocr_carea' id='block_1_24' title="bbox 2244 948 3838 1020">
    <p class='ocr_par' dir='ltr' id='par_1_24' title="bbox 2244 948 3838 1020">
     <span class='ocr_line' id='line_1_24' title="bbox 2244 948 3838 1020; baseline 0.001 -17"><span class='ocrx_word' id='word_1_161' title='bbox 2244 963 2351 1020; x_wconf 91' lang='lat' dir='ltr'><strong>que</strong></span> <span class='ocrx_word' id='word_1_162' title='bbox 2382 948 2580 1004; x_wconf 79' lang='lat' dir='ltr'><strong>nitnius</strong></span> <span class='ocrx_word' id='word_1_163' title='bbox 2623 949 2898 1004; x_wconf 87' lang='lat' dir='ltr'><strong>contraxit</strong></span> <span class='ocrx_word' id='word_1_164' title='bbox 2929 949 3244 1006; x_wconf 89' lang='lat' dir='ltr'><strong>innumeras</strong></span> <span class='ocrx_word' id='word_1_165' title='bbox 3273 949 3535 1019; x_wconf 86' lang='lat' dir='ltr'><strong>undique,</strong></span> <span class='ocrx_word' id='word_1_166' title='bbox 3589 951 3838 1006; x_wconf 87' lang='lat' dir='ltr'><strong>invictas-</strong></span> 
     </span>
    </p>
   </div>
   <div class='ocr_carea' id='block_1_25' title="bbox 2245 1039 3837 1111">
    <p class='ocr_par' dir='ltr' id='par_1_25' title="bbox 2245 1039 3837 1111">
     <span class='ocr_line' id='line_1_25' title="bbox 2245 1039 3837 1111; baseline 0.003 -17"><span class='ocrx_word' id='word_1_167' title='bbox 2245 1055 2349 1111; x_wconf 87' lang='lat' dir='ltr'><strong>que</strong></span> <span class='ocrx_word' id='word_1_168' title='bbox 2377 1039 2586 1109; x_wconf 90' lang='lat' dir='ltr'><strong>copias,</strong></span> <span class='ocrx_word' id='word_1_169' title='bbox 2635 1039 2718 1094; x_wconf 91' lang='lat' dir='ltr'><strong>vel</strong></span> <span class='ocrx_word' id='word_1_170' title='bbox 2773 1039 3142 1094; x_wconf 84' lang='lat' dir='ltr'><strong>Romanorum</strong></span> <span class='ocrx_word' id='word_1_171' title='bbox 3175 1040 3447 1111; x_wconf 67' lang='lat' dir='ltr'><strong>praesidiis</strong></span> <span class='ocrx_word' id='word_1_172' title='bbox 3481 1042 3568 1098; x_wconf 92' lang='lat' dir='ltr'><strong>vel</strong></span> <span class='ocrx_word' id='word_1_173' title='bbox 3627 1043 3837 1098; x_wconf 80' lang='lat' dir='ltr'><strong>auxiliis</strong></span> 
     </span>
    </p>
   </div>
   <div class='ocr_carea' id='block_1_26' title="bbox 2244 1131 3837 1206">
    <p class='ocr_par' dir='ltr' id='par_1_26' title="bbox 2244 1131 3837 1206">
     <span class='ocr_line' id='line_1_26' title="bbox 2244 1131 3837 1206; baseline 0.004 -20"><span class='ocrx_word' id='word_1_174' title='bbox 2244 1131 2622 1200; x_wconf 85' lang='lat' dir='ltr'><strong>barbarorum,</strong></span> <span class='ocrx_word' id='word_1_175' title='bbox 2650 1133 2782 1188; x_wconf 90' lang='lat' dir='ltr'><strong>alibi</strong></span> <span class='ocrx_word' id='word_1_176' title='bbox 2837 1141 3120 1202; x_wconf 90' lang='lat' dir='ltr'><strong>potestate,</strong></span> <span class='ocrx_word' id='word_1_177' title='bbox 3169 1134 3300 1190; x_wconf 85' lang='lat' dir='ltr'><strong>alibi</strong></span> <span class='ocrx_word' id='word_1_178' title='bbox 3331 1136 3665 1206; x_wconf 83' lang='lat' dir='ltr'><strong>cognatione</strong></span> <span class='ocrx_word' id='word_1_179' title='bbox 3719 1137 3837 1192; x_wconf 89' lang='lat' dir='ltr'><strong>sub-</strong></span> 
     </span>
    </p>
   </div>
   <div class='ocr_carea' id='block_1_27' title="bbox 2245 1226 3836 1301">
    <p class='ocr_par' dir='ltr' id='par_1_27' title="bbox 2245 1226 3836 1301">
     <span class='ocr_line' id='line_1_27' title="bbox 2245 1226 3836 1301; baseline 0.003 -20"><span class='ocrx_word' id='word_1_180' title='bbox 2245 1227 2424 1282; x_wconf 82' lang='lat' dir='ltr'><strong>nixus.</strong></span> <span class='ocrx_word' id='word_1_181' title='bbox 2453 1226 2746 1282; x_wconf 83' lang='lat' dir='ltr'><strong>Historiam</strong></span> <span class='ocrx_word' id='word_1_182' title='bbox 2781 1237 2964 1282; x_wconf 87' lang='lat' dir='ltr'><strong>notam</strong></span> <span class='ocrx_word' id='word_1_183' title='bbox 3009 1230 3172 1283; x_wconf 88' lang='lat' dir='ltr'><strong>etiam</strong></span> <span class='ocrx_word' id='word_1_184' title='bbox 3233 1229 3406 1285; x_wconf 92' lang='lat' dir='ltr'><strong>oculis</strong></span> <span class='ocrx_word' id='word_1_185' title='bbox 3455 1231 3836 1301; x_wconf 82' lang='lat' dir='ltr'><strong>plurimorum,</strong></span> 
     </span>
    </p>
   </div>
   <div class='ocr_carea' id='block_1_28' title="bbox 2243 1319 3841 1390">
    <p class='ocr_par' dir='ltr' id='par_1_28' title="bbox 2243 1319 3841 1390">
     <span class='ocr_line' id='line_1_28' title="bbox 2243 1319 3841 1390; baseline 0.005 -19"><span class='ocrx_word' id='word_1_186' title='bbox 2243 1333 2404 1390; x_wconf 85' lang='lat' dir='ltr'><strong>quam</strong></span> <span class='ocrx_word' id='word_1_187' title='bbox 2437 1319 2632 1374; x_wconf 86' lang='lat' dir='ltr'><strong>melius</strong></span> <span class='ocrx_word' id='word_1_188' title='bbox 2653 1319 2746 1389; x_wconf 86' lang='lat' dir='ltr'><strong>qui</strong></span> <span class='ocrx_word' id='word_1_189' title='bbox 2774 1328 3094 1389; x_wconf 89' lang='lat' dir='ltr'><strong>spectavere</strong></span> <span class='ocrx_word' id='word_1_190' title='bbox 3134 1331 3426 1385; x_wconf 88' lang='lat' dir='ltr'><strong>noverunt,</strong></span> <span class='ocrx_word' id='word_1_191' title='bbox 3473 1321 3697 1378; x_wconf 89' lang='lat' dir='ltr'><strong>dilatari</strong></span> <span class='ocrx_word' id='word_1_192' title='bbox 3730 1339 3841 1379; x_wconf 80' lang='lat' dir='ltr'><strong>ver-</strong></span> 
     </span>
    </p>
   </div>
   <div class='ocr_carea' id='block_1_29' title="bbox 2245 1411 3837 1482">
    <p class='ocr_par' dir='ltr' id='par_1_29' title="bbox 2245 1411 3837 1482">
     <span class='ocr_line' id='line_1_29' title="bbox 2245 1411 3837 1482; baseline 0.002 -16"><span class='ocrx_word' id='word_1_193' title='bbox 2245 1411 2328 1467; x_wconf 92' lang='lat' dir='ltr'><strong>bis</strong></span> <span class='ocrx_word' id='word_1_194' title='bbox 2359 1426 2465 1467; x_wconf 88' lang='lat' dir='ltr'><strong>non</strong></span> <span class='ocrx_word' id='word_1_195' title='bbox 2498 1425 2636 1482; x_wconf 90' lang='lat' dir='ltr'><strong>opus</strong></span> <span class='ocrx_word' id='word_1_196' title='bbox 2657 1420 2757 1467; x_wconf 93' lang='lat' dir='ltr'><strong>est.</strong></span> <span class='ocrx_word' id='word_1_197' title='bbox 2793 1412 3042 1468; x_wconf 87' lang='lat' dir='ltr'><strong>Potentia</strong></span> <span class='ocrx_word' id='word_1_198' title='bbox 3075 1412 3193 1479; x_wconf 92' lang='lat' dir='ltr'><strong>Dei,</strong></span> <span class='ocrx_word' id='word_1_199' title='bbox 3217 1427 3326 1468; x_wconf 92' lang='lat' dir='ltr'><strong>non</strong></span> <span class='ocrx_word' id='word_1_200' title='bbox 3357 1412 3552 1469; x_wconf 75' lang='lat' dir='ltr'><strong>fiducia</strong></span> <span class='ocrx_word' id='word_1_201' title='bbox 3586 1414 3837 1481; x_wconf 87' lang='lat' dir='ltr'><strong>hominis,</strong></span> 
     </span>
    </p>
   </div>
   <div class='ocr_carea' id='block_1_30' title="bbox 2242 1505 3839 1576">
    <p class='ocr_par' dir='ltr' id='par_1_30' title="bbox 2242 1505 3839 1576">
     <span class='ocr_line' id='line_1_30' title="bbox 2242 1505 3839 1576; baseline 0.001 -15"><span class='ocrx_word' id='word_1_202' title='bbox 2242 1505 2505 1561; x_wconf 88' lang='lat' dir='ltr'><strong>victorem</strong></span> <span class='ocrx_word' id='word_1_203' title='bbox 2535 1519 2752 1574; x_wconf 91' lang='lat' dir='ltr'><strong>semper</strong></span> <span class='ocrx_word' id='word_1_204' title='bbox 2781 1505 3060 1561; x_wconf 80' lang='lat' dir='ltr'><strong>exstitisse</strong></span> <span class='ocrx_word' id='word_1_205' title='bbox 3074 1505 3470 1572; x_wconf 88' lang='lat' dir='ltr'><strong>Theodosium,</strong></span> <span class='ocrx_word' id='word_1_206' title='bbox 3513 1507 3839 1576; x_wconf 82' lang='lat' dir='ltr'><strong>Arbogastes</strong></span> 
     </span>
    </p>
   </div>
   <div class='ocr_carea' id='block_1_31' title="bbox 2245 1599 3839 1670">
    <p class='ocr_par' dir='ltr' id='par_1_31' title="bbox 2245 1599 3839 1670">
     <span class='ocr_line' id='line_1_31' title="bbox 2245 1599 3839 1670; baseline 0 -15"><span class='ocrx_word' id='word_1_207' title='bbox 2245 1599 2347 1655; x_wconf 91' lang='lat' dir='ltr'><strong>iste</strong></span> <span class='ocrx_word' id='word_1_208' title='bbox 2373 1599 2704 1670; x_wconf 62' lang='lat' dir='ltr'><strong>praecipuum</strong></span> <span class='ocrx_word' id='word_1_209' title='bbox 2730 1600 2782 1654; x_wconf 92' lang='lat' dir='ltr'><strong>in</strong></span> <span class='ocrx_word' id='word_1_210' title='bbox 2815 1609 3048 1670; x_wconf 88' lang='lat' dir='ltr'><strong>utroque</strong></span> <span class='ocrx_word' id='word_1_211' title='bbox 3093 1599 3481 1655; x_wconf 90' lang='lat' dir='ltr'><strong>documentum</strong></span> <span class='ocrx_word' id='word_1_212' title='bbox 3513 1609 3596 1655; x_wconf 88' lang='lat' dir='ltr'><strong>est</strong></span> <span class='ocrx_word' id='word_1_213' title='bbox 3630 1617 3644 1653; x_wconf 88' lang='lat'>:</span> <span class='ocrx_word' id='word_1_214' title='bbox 3675 1601 3761 1670; x_wconf 89' lang='lat' dir='ltr'><strong>qui</strong></span> <span class='ocrx_word' id='word_1_215' title='bbox 3791 1609 3839 1655; x_wconf 90' lang='lat' dir='ltr'><strong>ct</strong></span> 
     </span>
    </p>
   </div>
   <div class='ocr_carea' id='block_1_32' title="bbox 2248 1692 3841 1763">
    <p class='ocr_par' dir='ltr' id='par_1_32' title="bbox 2248 1692 3841 1763">
     <span class='ocr_line' id='line_1_32' title="bbox 2248 1692 3841 1763; baseline -0.003 -14"><span class='ocrx_word' id='word_1_216' title='bbox 2248 1702 2395 1758; x_wconf 89' lang='lat' dir='ltr'><strong>tunc,</strong></span> <span class='ocrx_word' id='word_1_217' title='bbox 2434 1709 2558 1749; x_wconf 90' lang='lat' dir='ltr'><strong>cum</strong></span> <span class='ocrx_word' id='word_1_218' title='bbox 2592 1692 2906 1749; x_wconf 89' lang='lat' dir='ltr'><strong>Theodosio</strong></span> <span class='ocrx_word' id='word_1_219' title='bbox 2937 1692 3138 1763; x_wconf 91' lang='lat' dir='ltr'><strong>paruit,</strong></span> <span class='ocrx_word' id='word_1_220' title='bbox 3177 1694 3342 1748; x_wconf 88' lang='lat' dir='ltr'><strong>tantis</strong></span> <span class='ocrx_word' id='word_1_221' title='bbox 3372 1694 3841 1762; x_wconf 68' lang='lat' dir='ltr'><strong>instructumprss-</strong></span> 
     </span>
    </p>
   </div>
   <div class='ocr_carea' id='block_1_33' title="bbox 540 1774 3837 1859">
    <p class='ocr_par' dir='ltr' id='par_1_33' title="bbox 540 1774 3837 1859">
     <span class='ocr_line' id='line_1_33' title="bbox 540 1774 3837 1859; baseline 0.005 -27"><span class='ocrx_word' id='word_1_222' title='bbox 540 1787 750 1834; x_wconf 89' lang='lat' dir='ltr'><strong>stremo</strong></span> <span class='ocrx_word' id='word_1_223' title='bbox 779 1779 957 1836; x_wconf 90' lang='lat' dir='ltr'><strong>nullus</strong></span> <span class='ocrx_word' id='word_1_224' title='bbox 985 1781 1053 1851; x_wconf 87' lang='lat' dir='ltr'><strong>(si</strong></span> <span class='ocrx_word' id='word_1_225' title='bbox 1081 1781 1187 1838; x_wconf 90' lang='lat' dir='ltr'><strong>dici</strong></span> <span class='ocrx_word' id='word_1_226' title='bbox 1219 1783 1368 1853; x_wconf 89' lang='lat' dir='ltr'><strong>licet)</strong></span> <span class='ocrx_word' id='word_1_227' title='bbox 1402 1784 1640 1855; x_wconf 82' lang='lat' dir='ltr'><strong>gladium</strong></span> <span class='ocrx_word' id='word_1_228' title='bbox 1669 1787 1736 1843; x_wconf 91' lang='lat' dir='ltr'><strong>de</strong></span> <span class='ocrx_word' id='word_1_229' title='bbox 1764 1789 1958 1859; x_wconf 79' lang='lat' dir='ltr'><strong>vagina</strong></span> <span class='ocrx_word' id='word_1_230' title='bbox 1985 1799 2140 1846; x_wconf 80' lang='lat' dir='ltr'><strong>cxtu—</strong></span> <span class='ocrx_word' id='word_1_231' title='bbox 2168 1774 2218 1835; x_wconf 88' lang='grc' dir='ltr'><strong>Β</strong></span> <span class='ocrx_word' id='word_1_232' title='bbox 2242 1785 2396 1841; x_wconf 86' lang='lat' dir='ltr'><strong>sidiis</strong></span> <span class='ocrx_word' id='word_1_233' title='bbox 2428 1785 2716 1841; x_wconf 79' lang='lat' dir='ltr'><strong>Maximum</strong></span> <span class='ocrx_word' id='word_1_234' title='bbox 2735 1785 2851 1856; x_wconf 82' lang='lat' dir='ltr'><strong>ipse</strong></span> <span class='ocrx_word' id='word_1_235' title='bbox 2885 1785 2926 1815; x_wconf 85' lang='grc'>¹⁷</span> <span class='ocrx_word' id='word_1_236' title='bbox 2956 1785 3210 1840; x_wconf 90' lang='lat' dir='ltr'><strong>minimus</strong></span> <span class='ocrx_word' id='word_1_237' title='bbox 3235 1785 3411 1854; x_wconf 75' lang='lat' dir='ltr'><strong>cepit:</strong></span> <span class='ocrx_word' id='word_1_238' title='bbox 3441 1793 3498 1839; x_wconf 75' lang='lat' dir='ltr'><strong>et</strong></span> <span class='ocrx_word' id='word_1_239' title='bbox 3529 1798 3702 1847; x_wconf 78' lang='lat' dir='ltr'><strong>nune.</strong></span> <span class='ocrx_word' id='word_1_240' title='bbox 3723 1798 3837 1838; x_wconf 80' lang='lat' dir='ltr'><strong>cum</strong></span> 
     </span>
    </p>
   </div>
   <div class='ocr_carea' id='block_1_34' title="bbox 542 1870 2140 1954">
    <p class='ocr_par' dir='ltr' id='par_1_34' title="bbox 542 1870 2140 1954">
     <span class='ocr_line' id='line_1_34' title="bbox 542 1870 2140 1954; baseline 0.009 -29"><span class='ocrx_word' id='word_1_241' title='bbox 542 1870 624 1926; x_wconf 91' lang='lat' dir='ltr'><strong>lit.</strong></span> <span class='ocrx_word' id='word_1_242' title='bbox 658 1871 1258 1930; x_wconf 89' lang='lat' dir='ltr'><strong>Formidolosissimum</strong></span> <span class='ocrx_word' id='word_1_243' title='bbox 1299 1876 1496 1932; x_wconf 88' lang='lat' dir='ltr'><strong>bellum</strong></span> <span class='ocrx_word' id='word_1_244' title='bbox 1530 1879 1646 1936; x_wconf 86' lang='lat' dir='ltr'><strong>sine</strong></span> <span class='ocrx_word' id='word_1_245' title='bbox 1677 1882 1940 1951; x_wconf 81' lang='lat' dir='ltr'><strong>sanguine</strong></span> <span class='ocrx_word' id='word_1_246' title='bbox 1970 1897 2140 1954; x_wconf 89' lang='lat' dir='ltr'><strong>usque</strong></span> 
     </span>
    </p>
   </div>
   <div class='ocr_carea' id='block_1_35' title="bbox 538 1964 2139 2036">
    <p class='ocr_par' dir='ltr' id='par_1_35' title="bbox 538 1964 2139 2036">
     <span class='ocr_line' id='line_1_35' title="bbox 538 1964 2139 2036; baseline 0.008 -17"><span class='ocrx_word' id='word_1_247' title='bbox 538 1964 605 2019; x_wconf 91' lang='lat' dir='ltr'><strong>ad</strong></span> <span class='ocrx_word' id='word_1_248' title='bbox 650 1966 971 2036; x_wconf 86' lang='lat' dir='ltr'><strong>victoriam,</strong></span> <span class='ocrx_word' id='word_1_249' title='bbox 1003 1977 1056 2022; x_wconf 92' lang='lat' dir='ltr'><strong>et</strong></span> <span class='ocrx_word' id='word_1_250' title='bbox 1097 1968 1152 2023; x_wconf 91' lang='lat' dir='ltr'><strong>in</strong></span> <span class='ocrx_word' id='word_1_251' title='bbox 1192 1968 1423 2025; x_wconf 88' lang='lat' dir='ltr'><strong>victoria</strong></span> <span class='ocrx_word' id='word_1_252' title='bbox 1460 1970 1691 2027; x_wconf 88' lang='lat' dir='ltr'><strong>duorum</strong></span> <span class='ocrx_word' id='word_1_253' title='bbox 1731 1981 1906 2030; x_wconf 90' lang='lat' dir='ltr'><strong>morte</strong></span> <span class='ocrx_word' id='word_1_254' title='bbox 1947 1975 2139 2032; x_wconf 80' lang='lat' dir='ltr'><strong>confe-</strong></span> 
     </span>
    </p>
   </div>
   <div class='ocr_carea' id='block_1_36' title="bbox 537 2057 2136 2139">
    <p class='ocr_par' dir='ltr' id='par_1_36' title="bbox 537 2057 2136 2139">
     <span class='ocr_line' id='line_1_36' title="bbox 537 2057 2136 2139; baseline 0.009 -30"><span class='ocrx_word' id='word_1_255' title='bbox 537 2065 685 2111; x_wconf 90' lang='lat' dir='ltr'><strong>ctum</strong></span> <span class='ocrx_word' id='word_1_256' title='bbox 701 2065 806 2112; x_wconf 88' lang='lat' dir='ltr'><strong>est.</strong></span> <span class='ocrx_word' id='word_1_257' title='bbox 827 2057 896 2113; x_wconf 87' lang='lat' dir='ltr'><strong>Et</strong></span> <span class='ocrx_word' id='word_1_258' title='bbox 921 2074 988 2114; x_wconf 93' lang='lat' dir='ltr'><strong>ne</strong></span> <span class='ocrx_word' id='word_1_259' title='bbox 1017 2059 1301 2131; x_wconf 90' lang='lat' dir='ltr'><strong>quisquam</strong></span> <span class='ocrx_word' id='word_1_260' title='bbox 1331 2061 1432 2117; x_wconf 93' lang='lat' dir='ltr'><strong>hoc</strong></span> <span class='ocrx_word' id='word_1_261' title='bbox 1457 2077 1585 2119; x_wconf 90' lang='lat' dir='ltr'><strong>casu</strong></span> <span class='ocrx_word' id='word_1_262' title='bbox 1611 2064 1808 2120; x_wconf 84' lang='lat' dir='ltr'><strong>factum</strong></span> <span class='ocrx_word' id='word_1_263' title='bbox 1839 2075 2136 2139; x_wconf 91' lang='lat' dir='ltr'><strong>putet,quo</strong></span> 
     </span>
    </p>
   </div>
   <div class='ocr_carea' id='block_1_37' title="bbox 539 2148 2134 2230">
    <p class='ocr_par' dir='ltr' id='par_1_37' title="bbox 539 2148 2134 2230">
     <span class='ocr_line' id='line_1_37' title="bbox 539 2148 2134 2230; baseline 0.009 -29"><span class='ocrx_word' id='word_1_264' title='bbox 539 2148 713 2216; x_wconf 83' lang='lat' dir='ltr'><strong>magis</strong></span> <span class='ocrx_word' id='word_1_265' title='bbox 753 2151 993 2218; x_wconf 89' lang='lat' dir='ltr'><strong>potentia</strong></span> <span class='ocrx_word' id='word_1_266' title='bbox 1039 2151 1158 2219; x_wconf 88' lang='lat' dir='ltr'><strong>Dei,</strong></span> <span class='ocrx_word' id='word_1_267' title='bbox 1188 2168 1290 2224; x_wconf 89' lang='lat' dir='ltr'><strong>qua</strong></span> <span class='ocrx_word' id='word_1_268' title='bbox 1320 2156 1360 2186; x_wconf 84' lang='grc'>¹¹</span> <span class='ocrx_word' id='word_1_269' title='bbox 1390 2163 1445 2210; x_wconf 91' lang='lat' dir='ltr'><strong>et</strong></span> <span class='ocrx_word' id='word_1_270' title='bbox 1471 2155 1858 2226; x_wconf 88' lang='lat' dir='ltr'><strong>dispensantur</strong></span> <span class='ocrx_word' id='word_1_271' title='bbox 1893 2167 1949 2214; x_wconf 92' lang='lat' dir='ltr'><strong>et</strong></span> <span class='ocrx_word' id='word_1_272' title='bbox 1977 2159 2134 2230; x_wconf 85' lang='lat' dir='ltr'><strong>judi-</strong></span> 
     </span>
    </p>
   </div>
   <div class='ocr_carea' id='block_1_38' title="bbox 536 2241 2136 2314">
    <p class='ocr_par' dir='ltr' id='par_1_38' title="bbox 536 2241 2136 2314">
     <span class='ocr_line' id='line_1_38' title="bbox 536 2241 2136 2314; baseline 0.009 -21"><span class='ocrx_word' id='word_1_273' title='bbox 536 2249 730 2296; x_wconf 90' lang='lat' dir='ltr'><strong>cantur</strong></span> <span class='ocrx_word' id='word_1_274' title='bbox 769 2241 1041 2308; x_wconf 89' lang='lat' dir='ltr'><strong>universa,</strong></span> <span class='ocrx_word' id='word_1_275' title='bbox 1081 2247 1361 2314; x_wconf 88' lang='lat' dir='ltr'><strong>propalato</strong></span> <span class='ocrx_word' id='word_1_276' title='bbox 1401 2248 1484 2302; x_wconf 87' lang='lat' dir='ltr'><strong>sui</strong></span> <span class='ocrx_word' id='word_1_277' title='bbox 1532 2251 1850 2306; x_wconf 90' lang='lat' dir='ltr'><strong>testimonio</strong></span> <span class='ocrx_word' id='word_1_278' title='bbox 1882 2251 1925 2283; x_wconf 84' lang='grc'><strong>¹³</strong></span> <span class='ocrx_word' id='word_1_279' title='bbox 1954 2252 2136 2308; x_wconf 81' lang='lat' dir='ltr'><strong>decla-</strong></span> 
     </span>
    </p>
   </div>
   <div class='ocr_carea' id='block_1_39' title="bbox 533 2333 2134 2406">
    <p class='ocr_par' dir='ltr' id='par_1_39' title="bbox 533 2333 2134 2406">
     <span class='ocr_line' id='line_1_39' title="bbox 533 2333 2134 2406; baseline 0.008 -19"><span class='ocrx_word' id='word_1_280' title='bbox 533 2341 676 2399; x_wconf 86' lang='lat' dir='ltr'><strong>rata,</strong></span> <span class='ocrx_word' id='word_1_281' title='bbox 711 2333 1142 2406; x_wconf 86' lang='lat' dir='ltr'><strong>obstrepentium</strong></span> <span class='ocrx_word' id='word_1_282' title='bbox 1182 2348 1394 2395; x_wconf 90' lang='lat' dir='ltr'><strong>mentes</strong></span> <span class='ocrx_word' id='word_1_283' title='bbox 1429 2341 1513 2396; x_wconf 90' lang='lat' dir='ltr'><strong>vel</strong></span> <span class='ocrx_word' id='word_1_284' title='bbox 1543 2341 1608 2396; x_wconf 91' lang='lat' dir='ltr'><strong>ad</strong></span> <span class='ocrx_word' id='word_1_285' title='bbox 1640 2341 2017 2400; x_wconf 80' lang='lat' dir='ltr'><strong>confusionem</strong></span> <span class='ocrx_word' id='word_1_286' title='bbox 2047 2346 2134 2400; x_wconf 88' lang='lat' dir='ltr'><strong>vel</strong></span> 
     </span>
    </p>
   </div>
   <div class='ocr_carea' id='block_1_40' title="bbox 536 2423 2136 2504">
    <p class='ocr_par' dir='ltr' id='par_1_40' title="bbox 536 2423 2136 2504">
     <span class='ocr_line' id='line_1_40' title="bbox 536 2423 2136 2504; baseline 0.009 -25"><span class='ocrx_word' id='word_1_287' title='bbox 536 2423 603 2480; x_wconf 88' lang='lat' dir='ltr'><strong>ad</strong></span> <span class='ocrx_word' id='word_1_288' title='bbox 648 2426 807 2482; x_wconf 82' lang='lat' dir='ltr'><strong>tidem</strong></span> <span class='ocrx_word' id='word_1_289' title='bbox 850 2437 1031 2498; x_wconf 88' lang='lat' dir='ltr'><strong>cogat,</strong></span> <span class='ocrx_word' id='word_1_290' title='bbox 1075 2429 1200 2485; x_wconf 92' lang='lat' dir='ltr'><strong>dico</strong></span> <span class='ocrx_word' id='word_1_291' title='bbox 1246 2446 1361 2487; x_wconf 85' lang='lat' dir='ltr'><strong>rem</strong></span> <span class='ocrx_word' id='word_1_292' title='bbox 1402 2441 1456 2488; x_wconf 92' lang='lat' dir='ltr'><strong>et</strong></span> <span class='ocrx_word' id='word_1_293' title='bbox 1497 2434 1739 2504; x_wconf 90' lang='lat' dir='ltr'><strong>ignotam</strong></span> <span class='ocrx_word' id='word_1_294' title='bbox 1769 2436 2046 2503; x_wconf 89' lang='lat' dir='ltr'><strong>omnibus,</strong></span> <span class='ocrx_word' id='word_1_295' title='bbox 2079 2445 2136 2494; x_wconf 91' lang='lat' dir='ltr'><strong>ct</strong></span> 
     </span>
    </p>
   </div>
   <div class='ocr_carea' id='block_1_41' title="bbox 535 2519 2132 2598">
    <p class='ocr_par' dir='ltr' id='par_1_41' title="bbox 535 2519 2132 2598">
     <span class='ocr_line' id='line_1_41' title="bbox 535 2519 2132 2598; baseline 0.008 -26"><span class='ocrx_word' id='word_1_296' title='bbox 535 2519 786 2575; x_wconf 92' lang='lat' dir='ltr'><strong>omnibus</strong></span> <span class='ocrx_word' id='word_1_297' title='bbox 817 2530 1025 2576; x_wconf 90' lang='lat' dir='ltr'><strong>notam.</strong></span> <span class='ocrx_word' id='word_1_298' title='bbox 1055 2521 1185 2578; x_wconf 90' lang='lat' dir='ltr'><strong>Post</strong></span> <span class='ocrx_word' id='word_1_299' title='bbox 1215 2523 1318 2578; x_wconf 86' lang='lat' dir='ltr'><strong>hoc</strong></span> <span class='ocrx_word' id='word_1_300' title='bbox 1355 2525 1582 2593; x_wconf 89' lang='lat' dir='ltr'><strong>bellum,</strong></span> <span class='ocrx_word' id='word_1_301' title='bbox 1613 2541 1722 2598; x_wconf 92' lang='lat' dir='ltr'><strong>quo</strong></span> <span class='ocrx_word' id='word_1_302' title='bbox 1763 2527 2025 2584; x_wconf 80' lang='lat' dir='ltr'><strong>Maximus</strong></span> <span class='ocrx_word' id='word_1_303' title='bbox 2052 2530 2132 2584; x_wconf 90' lang='lat' dir='ltr'><strong>in-</strong></span> 
     </span>
    </p>
   </div>
   <div class='ocr_carea' id='block_1_42' title="bbox 534 2611 2130 2691">
    <p class='ocr_par' dir='ltr' id='par_1_42' title="bbox 534 2611 2130 2691">
     <span class='ocr_line' id='line_1_42' title="bbox 534 2611 2130 2691; baseline 0.007 -25"><span class='ocrx_word' id='word_1_304' title='bbox 534 2611 794 2668; x_wconf 83' lang='lat' dir='ltr'><strong>terfectus</strong></span> <span class='ocrx_word' id='word_1_305' title='bbox 820 2622 926 2682; x_wconf 89' lang='lat' dir='ltr'><strong>est,</strong></span> <span class='ocrx_word' id='word_1_306' title='bbox 960 2615 1128 2670; x_wconf 90' lang='lat' dir='ltr'><strong>multa</strong></span> <span class='ocrx_word' id='word_1_307' title='bbox 1155 2617 1366 2688; x_wconf 87' lang='lat' dir='ltr'><strong>utique,</strong></span> <span class='ocrx_word' id='word_1_308' title='bbox 1395 2621 1535 2673; x_wconf 83' lang='lat' dir='ltr'><strong>sicut</strong></span> <span class='ocrx_word' id='word_1_309' title='bbox 1557 2634 1746 2675; x_wconf 90' lang='lat' dir='ltr'><strong>omnes</strong></span> <span class='ocrx_word' id='word_1_310' title='bbox 1776 2623 2130 2691; x_wconf 87' lang='lat' dir='ltr'><strong>recognosci-</strong></span> 
     </span>
    </p>
   </div>
   <div class='ocr_carea' id='block_1_43' title="bbox 535 2704 2133 2782">
    <p class='ocr_par' dir='ltr' id='par_1_43' title="bbox 535 2704 2133 2782">
     <span class='ocr_line' id='line_1_43' title="bbox 535 2704 2133 2782; baseline 0.008 -24"><span class='ocrx_word' id='word_1_311' title='bbox 535 2718 678 2773; x_wconf 88' lang='lat' dir='ltr'><strong>mus,</strong></span> <span class='ocrx_word' id='word_1_312' title='bbox 716 2705 758 2736; x_wconf 71' lang='lat'><em>“</em></span> <span class='ocrx_word' id='word_1_313' title='bbox 784 2704 1177 2774; x_wconf 80' lang='lat' dir='ltr'><strong>Theodosium,</strong></span> <span class='ocrx_word' id='word_1_314' title='bbox 1209 2709 1489 2782; x_wconf 79' lang='lat' dir='ltr'><strong>liliumque</strong></span> <span class='ocrx_word' id='word_1_315' title='bbox 1523 2711 1644 2782; x_wconf 89' lang='lat' dir='ltr'><strong>ejus</strong></span> <span class='ocrx_word' id='word_1_316' title='bbox 1682 2711 2005 2781; x_wconf 82' lang='lat' dir='ltr'><strong>Honorium,</strong></span> <span class='ocrx_word' id='word_1_317' title='bbox 2041 2729 2133 2771; x_wconf 87' lang='lat' dir='ltr'><strong>us-</strong></span> 
     </span>
    </p>
   </div>
   <div class='ocr_carea' id='block_1_44' title="bbox 534 2797 2132 2866">
    <p class='ocr_par' dir='ltr' id='par_1_44' title="bbox 534 2797 2132 2866">
     <span class='ocr_line' id='line_1_44' title="bbox 534 2797 2132 2866; baseline 0.008 -15"><span class='ocrx_word' id='word_1_318' title='bbox 534 2811 640 2866; x_wconf 91' lang='lat' dir='ltr'><strong>que</strong></span> <span class='ocrx_word' id='word_1_319' title='bbox 678 2797 745 2852; x_wconf 90' lang='lat' dir='ltr'><strong>ad</strong></span> <span class='ocrx_word' id='word_1_320' title='bbox 786 2814 928 2854; x_wconf 92' lang='lat' dir='ltr'><strong>nunc</strong></span> <span class='ocrx_word' id='word_1_321' title='bbox 972 2808 1028 2856; x_wconf 91' lang='lat' dir='ltr'><strong>et</strong></span> <span class='ocrx_word' id='word_1_322' title='bbox 1071 2809 1299 2858; x_wconf 84' lang='lat' dir='ltr'><strong>externa</strong></span> <span class='ocrx_word' id='word_1_323' title='bbox 1335 2803 1476 2860; x_wconf 89' lang='lat' dir='ltr'><strong>bella</strong></span> <span class='ocrx_word' id='word_1_324' title='bbox 1522 2814 1577 2860; x_wconf 91' lang='lat' dir='ltr'><strong>et</strong></span> <span class='ocrx_word' id='word_1_325' title='bbox 1617 2804 1796 2861; x_wconf 88' lang='lat' dir='ltr'><strong>civilia</strong></span> <span class='ocrx_word' id='word_1_326' title='bbox 1838 2817 2132 2863; x_wconf 90' lang='lat' dir='ltr'><strong>consecuta</strong></span> 
     </span>
    </p>
   </div>
   <div class='ocr_carea' id='block_1_45' title="bbox 475 2895 2131 2968">
    <p class='ocr_par' dir='ltr' id='par_1_45' title="bbox 475 2895 2131 2968">
     <span class='ocr_line' id='line_1_45' title="bbox 475 2895 2131 2968; baseline 0.006 -24"><span class='ocrx_word' id='word_1_327' title='bbox 475 2913 482 2918; x_wconf 83' lang='lat'><strong><em>-</em></strong></span> <span class='ocrx_word' id='word_1_328' title='bbox 534 2898 662 2944; x_wconf 82' lang='lat' dir='ltr'><strong>sunt</strong></span> <span class='ocrx_word' id='word_1_329' title='bbox 705 2909 716 2942; x_wconf 93' lang='lat'><strong>:</strong></span> <span class='ocrx_word' id='word_1_330' title='bbox 751 2898 815 2959; x_wconf 81' lang='lat' dir='ltr'><strong>et</strong></span> <span class='ocrx_word' id='word_1_331' title='bbox 861 2899 1042 2947; x_wconf 89' lang='lat' dir='ltr'><strong>tamen</strong></span> <span class='ocrx_word' id='word_1_332' title='bbox 1085 2895 1265 2949; x_wconf 86' lang='lat' dir='ltr'><strong>omnia</strong></span> <span class='ocrx_word' id='word_1_333' title='bbox 1307 2910 1446 2966; x_wconf 90' lang='lat' dir='ltr'><strong>pene</strong></span> <span class='ocrx_word' id='word_1_334' title='bbox 1484 2912 1660 2968; x_wconf 87' lang='lat' dir='ltr'><strong>usque</strong></span> <span class='ocrx_word' id='word_1_335' title='bbox 1704 2898 1759 2953; x_wconf 88' lang='lat' dir='ltr'><strong>in</strong></span> <span class='ocrx_word' id='word_1_336' title='bbox 1802 2896 2131 2954; x_wconf 89' lang='lat' dir='ltr'><strong>hodiernum</strong></span> 
     </span>
    </p>
   </div>
   <div class='ocr_carea' id='block_1_46' title="bbox 536 2981 2129 3062">
    <p class='ocr_par' dir='ltr' id='par_1_46' title="bbox 536 2981 2129 3062">
     <span class='ocr_line' id='line_1_46' title="bbox 536 2981 2129 3062; baseline 0.009 -25"><span class='ocrx_word' id='word_1_337' title='bbox 536 2981 725 3049; x_wconf 90' lang='lat' dir='ltr'><strong>diem,</strong></span> <span class='ocrx_word' id='word_1_338' title='bbox 776 2993 832 3039; x_wconf 87' lang='lat' dir='ltr'><strong>et</strong></span> <span class='ocrx_word' id='word_1_339' title='bbox 892 2985 1110 3055; x_wconf 90' lang='lat' dir='ltr'><strong>quidem</strong></span> <span class='ocrx_word' id='word_1_340' title='bbox 1168 3002 1292 3044; x_wconf 92' lang='lat' dir='ltr'><strong>cum</strong></span> <span class='ocrx_word' id='word_1_341' title='bbox 1349 2989 1529 3046; x_wconf 82' lang='lat' dir='ltr'><strong>fructu</strong></span> <span class='ocrx_word' id='word_1_342' title='bbox 1581 2991 1848 3062; x_wconf 89' lang='lat' dir='ltr'><strong>simplicis</strong></span> <span class='ocrx_word' id='word_1_343' title='bbox 1897 3002 2129 3051; x_wconf 74' lang='lat' dir='ltr'><strong>sanctae-</strong></span> 
     </span>
    </p>
   </div>
   <div class='ocr_carea' id='block_1_47' title="bbox 534 3075 2130 3158">
    <p class='ocr_par' dir='ltr' id='par_1_47' title="bbox 534 3075 2130 3158">
     <span class='ocr_line' id='line_1_47' title="bbox 534 3075 2130 3158; baseline 0.01 -29"><span class='ocrx_word' id='word_1_344' title='bbox 534 3089 642 3146; x_wconf 90' lang='lat' dir='ltr'><strong>que</strong></span> <span class='ocrx_word' id='word_1_345' title='bbox 708 3075 988 3146; x_wconf 63' lang='lat' dir='ltr'><strong>victoriae,</strong></span> <span class='ocrx_word' id='word_1_346' title='bbox 1059 3080 1143 3136; x_wconf 91' lang='lat' dir='ltr'><strong>vel</strong></span> <span class='ocrx_word' id='word_1_347' title='bbox 1209 3081 1357 3136; x_wconf 89' lang='lat' dir='ltr'><strong>nullo</strong></span> <span class='ocrx_word' id='word_1_348' title='bbox 1422 3083 1508 3140; x_wconf 88' lang='lat' dir='ltr'><strong>vel</strong></span> <span class='ocrx_word' id='word_1_349' title='bbox 1575 3085 1803 3142; x_wconf 92' lang='lat' dir='ltr'><strong>minimo</strong></span> <span class='ocrx_word' id='word_1_350' title='bbox 1865 3088 2130 3158; x_wconf 81' lang='lat' dir='ltr'><strong>sanguine</strong></span> 
     </span>
    </p>
   </div>
   <div class='ocr_carea' id='block_1_48' title="bbox 2243 1874 3839 1941">
    <p class='ocr_par' dir='ltr' id='par_1_48' title="bbox 2243 1874 3839 1941">
     <span class='ocr_line' id='line_1_48' title="bbox 2243 1874 3839 1941; baseline -0.002 -9"><span class='ocrx_word' id='word_1_351' title='bbox 2243 1878 2518 1933; x_wconf 88' lang='lat' dir='ltr'><strong>adversus</strong></span> <span class='ocrx_word' id='word_1_352' title='bbox 2548 1877 2802 1932; x_wconf 90' lang='lat' dir='ltr'><strong>eumdem</strong></span> <span class='ocrx_word' id='word_1_353' title='bbox 2850 1875 3238 1941; x_wconf 86' lang='lat' dir='ltr'><strong>Theodosium,</strong></span> <span class='ocrx_word' id='word_1_354' title='bbox 3271 1874 3520 1931; x_wconf 88' lang='lat' dir='ltr'><strong>collectis</strong></span> <span class='ocrx_word' id='word_1_355' title='bbox 3564 1874 3839 1930; x_wconf 85' lang='lat' dir='ltr'><strong>Gallorum</strong></span> 
     </span>
    </p>
   </div>
   <div class='ocr_carea' id='block_1_49' title="bbox 2243 1967 3840 2038">
    <p class='ocr_par' dir='ltr' id='par_1_49' title="bbox 2243 1967 3840 2038">
     <span class='ocr_line' id='line_1_49' title="bbox 2243 1967 3840 2038; baseline -0.004 -12"><span class='ocrx_word' id='word_1_356' title='bbox 2243 1971 2693 2038; x_wconf 88' lang='lat' dir='ltr'><strong>Francormuque</strong></span> <span class='ocrx_word' id='word_1_357' title='bbox 2742 1969 2950 2024; x_wconf 88' lang='lat' dir='ltr'><strong>viribus</strong></span> <span class='ocrx_word' id='word_1_358' title='bbox 2978 2010 2993 2033; x_wconf 93' lang='lat'><strong>,</strong></span> <span class='ocrx_word' id='word_1_359' title='bbox 3044 1968 3359 2033; x_wconf 87' lang='lat' dir='ltr'><strong>exundavit,</strong></span> <span class='ocrx_word' id='word_1_360' title='bbox 3393 1969 3436 1999; x_wconf 76' lang='grc'><strong>’⁸</strong></span> <span class='ocrx_word' id='word_1_361' title='bbox 3466 1967 3636 2022; x_wconf 77' lang='lat' dir='ltr'><strong>nixus</strong></span> <span class='ocrx_word' id='word_1_362' title='bbox 3680 1967 3840 2021; x_wconf 86' lang='lat' dir='ltr'><strong>etiam</strong></span> 
     </span>
    </p>
   </div>
   <div class='ocr_carea' id='block_1_50' title="bbox 2242 2057 3842 2134">
    <p class='ocr_par' dir='ltr' id='par_1_50' title="bbox 2242 2057 3842 2134">
     <span class='ocr_line' id='line_1_50' title="bbox 2242 2057 3842 2134; baseline -0.004 -15"><span class='ocrx_word' id='word_1_363' title='bbox 2242 2062 2516 2134; x_wconf 72' lang='lat' dir='ltr'><strong>prmcipuo</strong></span> <span class='ocrx_word' id='word_1_364' title='bbox 2543 2061 2690 2116; x_wconf 90' lang='lat' dir='ltr'><strong>cultu</strong></span> <span class='ocrx_word' id='word_1_365' title='bbox 2721 2060 3014 2125; x_wconf 90' lang='lat' dir='ltr'><strong>idolorum,</strong></span> <span class='ocrx_word' id='word_1_366' title='bbox 3048 2073 3243 2130; x_wconf 89' lang='lat' dir='ltr'><strong>magna</strong></span> <span class='ocrx_word' id='word_1_367' title='bbox 3290 2069 3469 2114; x_wconf 88' lang='lat' dir='ltr'><strong>tamen</strong></span> <span class='ocrx_word' id='word_1_368' title='bbox 3501 2061 3544 2092; x_wconf 69' lang='grc'><strong>³³</strong></span> <span class='ocrx_word' id='word_1_369' title='bbox 3576 2057 3842 2114; x_wconf 78' lang='lat' dir='ltr'><strong>facilitate</strong></span> 
     </span>
    </p>
   </div>
   <div class='ocr_carea' id='block_1_51' title="bbox 2239 2151 3842 2224">
    <p class='ocr_par' dir='ltr' id='par_1_51' title="bbox 2239 2151 3842 2224">
     <span class='ocr_line' id='line_1_51' title="bbox 2239 2151 3842 2224; baseline -0.002 -14"><span class='ocrx_word' id='word_1_370' title='bbox 2239 2154 2550 2210; x_wconf 90' lang='lat' dir='ltr'><strong>succubuit.</strong></span> <span class='ocrx_word' id='word_1_371' title='bbox 2572 2154 2844 2224; x_wconf 85' lang='lat' dir='ltr'><strong>Eugenius</strong></span> <span class='ocrx_word' id='word_1_372' title='bbox 2859 2162 3021 2221; x_wconf 88' lang='lat' dir='ltr'><strong>atque</strong></span> <span class='ocrx_word' id='word_1_373' title='bbox 3035 2152 3368 2221; x_wconf 86' lang='lat' dir='ltr'><strong>Arbogastes</strong></span> <span class='ocrx_word' id='word_1_374' title='bbox 3381 2151 3683 2207; x_wconf 88' lang='lat' dir='ltr'><strong>instructas</strong></span> <span class='ocrx_word' id='word_1_375' title='bbox 3697 2152 3842 2207; x_wconf 86' lang='lat' dir='ltr'><strong>acies</strong></span> 
     </span>
    </p>
   </div>
   <div class='ocr_carea' id='block_1_52' title="bbox 2237 2244 3841 2318">
    <p class='ocr_par' dir='ltr' id='par_1_52' title="bbox 2237 2244 3841 2318">
     <span class='ocr_line' id='line_1_52' title="bbox 2237 2244 3841 2318; baseline -0.004 -15"><span class='ocrx_word' id='word_1_376' title='bbox 2237 2247 2447 2317; x_wconf 89' lang='lat' dir='ltr'><strong>campis</strong></span> <span class='ocrx_word' id='word_1_377' title='bbox 2499 2246 2888 2318; x_wconf 84' lang='lat' dir='ltr'><strong>expedierant,</strong></span> <span class='ocrx_word' id='word_1_378' title='bbox 2938 2247 2984 2285; x_wconf 73' lang='grc' dir='ltr'>³ο</span> <span class='ocrx_word' id='word_1_379' title='bbox 3026 2254 3140 2300; x_wconf 91' lang='lat' dir='ltr'><strong>arta</strong></span> <span class='ocrx_word' id='word_1_380' title='bbox 3191 2244 3408 2314; x_wconf 83' lang='lat' dir='ltr'><strong>Alpium</strong></span> <span class='ocrx_word' id='word_1_381' title='bbox 3459 2245 3639 2299; x_wconf 85' lang='lat' dir='ltr'><strong>latera</strong></span> <span class='ocrx_word' id='word_1_382' title='bbox 3681 2252 3841 2313; x_wconf 83' lang='lat' dir='ltr'><strong>atque</strong></span> 
     </span>
    </p>
   </div>
   <div class='ocr_carea' id='block_1_53' title="bbox 2238 2335 3835 2406">
    <p class='ocr_par' dir='ltr' id='par_1_53' title="bbox 2238 2335 3835 2406">
     <span class='ocr_line' id='line_1_53' title="bbox 2238 2335 3835 2406; baseline -0.004 -11"><span class='ocrx_word' id='word_1_383' title='bbox 2238 2339 2578 2396; x_wconf 90' lang='lat' dir='ltr'><strong>inevitabiles</strong></span> <span class='ocrx_word' id='word_1_384' title='bbox 2625 2337 2886 2394; x_wconf 90' lang='lat' dir='ltr'><strong>transitus</strong></span> <span class='ocrx_word' id='word_1_385' title='bbox 2917 2377 2932 2404; x_wconf 95' lang='lat'><strong>,</strong></span> <span class='ocrx_word' id='word_1_386' title='bbox 2986 2336 3284 2406; x_wconf 66' lang='lat' dir='ltr'><strong>prmmissis</strong></span> <span class='ocrx_word' id='word_1_387' title='bbox 3339 2335 3539 2392; x_wconf 90' lang='lat' dir='ltr'><strong>callide</strong></span> <span class='ocrx_word' id='word_1_388' title='bbox 3589 2335 3835 2401; x_wconf 85' lang='lat' dir='ltr'><strong>insidiis,</strong></span> 
     </span>
    </p>
   </div>
   <div class='ocr_carea' id='block_1_54' title="bbox 2236 2427 3838 2502">
    <p class='ocr_par' dir='ltr' id='par_1_54' title="bbox 2236 2427 3838 2502">
     <span class='ocr_line' id='line_1_54' title="bbox 2236 2427 3838 2502; baseline -0.004 -14"><span class='ocrx_word' id='word_1_389' title='bbox 2236 2441 2567 2502; x_wconf 90' lang='lat' dir='ltr'><strong>occuparant</strong></span> <span class='ocrx_word' id='word_1_390' title='bbox 2598 2449 2612 2485; x_wconf 89' lang='lat'><strong>:</strong></span> <span class='ocrx_word' id='word_1_391' title='bbox 2645 2432 2686 2462; x_wconf 73' lang='lat'><strong>&quot;</strong></span> <span class='ocrx_word' id='word_1_392' title='bbox 2721 2439 2797 2496; x_wconf 90' lang='lat' dir='ltr'><strong>ut,</strong></span> <span class='ocrx_word' id='word_1_393' title='bbox 2823 2429 3037 2484; x_wconf 90' lang='lat' dir='ltr'><strong>etiamsi</strong></span> <span class='ocrx_word' id='word_1_394' title='bbox 3067 2443 3295 2483; x_wconf 86' lang='lat' dir='ltr'><strong>numero</strong></span> <span class='ocrx_word' id='word_1_395' title='bbox 3323 2442 3386 2482; x_wconf 91' lang='lat' dir='ltr'><strong>ac</strong></span> <span class='ocrx_word' id='word_1_396' title='bbox 3412 2428 3631 2483; x_wconf 86' lang='lat' dir='ltr'><strong>viribus</strong></span> <span class='ocrx_word' id='word_1_397' title='bbox 3663 2427 3838 2496; x_wconf 84' lang='lat' dir='ltr'><strong>impa-</strong></span> 
     </span>
    </p>
   </div>
   <div class='ocr_carea' id='block_1_55' title="bbox 2237 2520 3838 2592">
    <p class='ocr_par' dir='ltr' id='par_1_55' title="bbox 2237 2520 3838 2592">
     <span class='ocr_line' id='line_1_55' title="bbox 2237 2520 3838 2592; baseline -0.007 -8"><span class='ocrx_word' id='word_1_398' title='bbox 2237 2541 2326 2584; x_wconf 92' lang='lat' dir='ltr'><strong>res</strong></span> <span class='ocrx_word' id='word_1_399' title='bbox 2357 2525 2557 2590; x_wconf 82' lang='lat' dir='ltr'><strong>forent,</strong></span> <span class='ocrx_word' id='word_1_400' title='bbox 2581 2525 2693 2579; x_wconf 91' lang='lat' dir='ltr'><strong>sola</strong></span> <span class='ocrx_word' id='word_1_401' title='bbox 2719 2533 2899 2579; x_wconf 90' lang='lat' dir='ltr'><strong>tamen</strong></span> <span class='ocrx_word' id='word_1_402' title='bbox 2934 2522 3063 2578; x_wconf 90' lang='lat' dir='ltr'><strong>belli</strong></span> <span class='ocrx_word' id='word_1_403' title='bbox 3093 2521 3455 2592; x_wconf 76' lang='lat' dir='ltr'><strong>diSpositione</strong></span> <span class='ocrx_word' id='word_1_404' title='bbox 3476 2520 3741 2576; x_wconf 87' lang='lat' dir='ltr'><strong>victores.</strong></span> <span class='ocrx_word' id='word_1_405' title='bbox 3770 2521 3838 2573; x_wconf 86' lang='lat' dir='ltr'><strong>At</strong></span> 
     </span>
    </p>
   </div>
   <div class='ocr_carea' id='block_1_56' title="bbox 2235 2614 3833 2686">
    <p class='ocr_par' dir='ltr' id='par_1_56' title="bbox 2235 2614 3833 2686">
     <span class='ocr_line' id='line_1_56' title="bbox 2235 2614 3833 2686; baseline -0.004 -11"><span class='ocrx_word' id='word_1_406' title='bbox 2235 2635 2366 2677; x_wconf 93' lang='lat' dir='ltr'><strong>vero</strong></span> <span class='ocrx_word' id='word_1_407' title='bbox 2424 2617 2766 2674; x_wconf 89' lang='lat' dir='ltr'><strong>Theodosius</strong></span> <span class='ocrx_word' id='word_1_408' title='bbox 2807 2617 2860 2672; x_wconf 92' lang='lat' dir='ltr'><strong>in</strong></span> <span class='ocrx_word' id='word_1_409' title='bbox 2912 2615 3140 2671; x_wconf 87' lang='lat' dir='ltr'><strong>summis</strong></span> <span class='ocrx_word' id='word_1_410' title='bbox 3193 2614 3422 2686; x_wconf 85' lang='lat' dir='ltr'><strong>Alpibus</strong></span> <span class='ocrx_word' id='word_1_411' title='bbox 3472 2614 3833 2678; x_wconf 89' lang='lat' dir='ltr'><strong>constitutus,</strong></span> 
     </span>
    </p>
   </div>
   <div class='ocr_carea' id='block_1_57' title="bbox 2235 2708 3834 2784">
    <p class='ocr_par' dir='ltr' id='par_1_57' title="bbox 2235 2708 3834 2784">
     <span class='ocr_line' id='line_1_57' title="bbox 2235 2708 3834 2784; baseline -0.004 -16"><span class='ocrx_word' id='word_1_412' title='bbox 2235 2726 2431 2784; x_wconf 79' lang='lat' dir='ltr'><strong>expers</strong></span> <span class='ocrx_word' id='word_1_413' title='bbox 2452 2712 2557 2767; x_wconf 88' lang='lat' dir='ltr'><strong>cibi</strong></span> <span class='ocrx_word' id='word_1_414' title='bbox 2587 2725 2652 2766; x_wconf 93' lang='lat' dir='ltr'><strong>ac</strong></span> <span class='ocrx_word' id='word_1_415' title='bbox 2689 2710 2888 2777; x_wconf 91' lang='lat' dir='ltr'><strong>somni,</strong></span> <span class='ocrx_word' id='word_1_416' title='bbox 2921 2709 3122 2774; x_wconf 89' lang='lat' dir='ltr'><strong>sciens,</strong></span> <span class='ocrx_word' id='word_1_417' title='bbox 3173 2709 3319 2779; x_wconf 91' lang='lat' dir='ltr'><strong>quod</strong></span> <span class='ocrx_word' id='word_1_418' title='bbox 3349 2708 3650 2764; x_wconf 91' lang='lat' dir='ltr'><strong>destitutus</strong></span> <span class='ocrx_word' id='word_1_419' title='bbox 3698 2708 3834 2772; x_wconf 87' lang='lat' dir='ltr'><strong>suis,</strong></span> 
     </span>
    </p>
   </div>
   <div class='ocr_carea' id='block_1_58' title="bbox 2236 2797 3826 2873">
    <p class='ocr_par' dir='ltr' id='par_1_58' title="bbox 2236 2797 3826 2873">
     <span class='ocr_line' id='line_1_58' title="bbox 2236 2797 3826 2873; baseline -0.005 -13"><span class='ocrx_word' id='word_1_420' title='bbox 2236 2804 2484 2860; x_wconf 88' lang='lat' dir='ltr'><strong>nesciens</strong></span> <span class='ocrx_word' id='word_1_421' title='bbox 2511 2801 2655 2873; x_wconf 89' lang='lat' dir='ltr'><strong>quod</strong></span> <span class='ocrx_word' id='word_1_422' title='bbox 2708 2801 2932 2857; x_wconf 91' lang='lat' dir='ltr'><strong>clausus</strong></span> <span class='ocrx_word' id='word_1_423' title='bbox 2959 2800 3174 2867; x_wconf 90' lang='lat' dir='ltr'><strong>alienis,</strong></span> <span class='ocrx_word' id='word_1_424' title='bbox 3207 2799 3492 2855; x_wconf 90' lang='lat' dir='ltr'><strong>Dominum</strong></span> <span class='ocrx_word' id='word_1_425' title='bbox 3542 2797 3826 2854; x_wconf 85' lang='lat' dir='ltr'><strong>Christum</strong></span> 
     </span>
    </p>
   </div>
   <div class='ocr_carea' id='block_1_59' title="bbox 2234 2888 3830 2964">
    <p class='ocr_par' dir='ltr' id='par_1_59' title="bbox 2234 2888 3830 2964">
     <span class='ocr_line' id='line_1_59' title="bbox 2234 2888 3830 2964; baseline -0.006 -12"><span class='ocrx_word' id='word_1_426' title='bbox 2234 2896 2387 2954; x_wconf 90' lang='lat' dir='ltr'><strong>solus</strong></span> <span class='ocrx_word' id='word_1_427' title='bbox 2414 2895 2588 2951; x_wconf 90' lang='lat' dir='ltr'><strong>solum</strong></span> <span class='ocrx_word' id='word_1_428' title='bbox 2620 2893 2712 2964; x_wconf 91' lang='lat' dir='ltr'><strong>qui</strong></span> <span class='ocrx_word' id='word_1_429' title='bbox 2742 2902 2928 2964; x_wconf 88' lang='lat' dir='ltr'><strong>posset</strong></span> <span class='ocrx_word' id='word_1_430' title='bbox 2955 2892 3161 2958; x_wconf 87' lang='lat' dir='ltr'><strong>omnia,</strong></span> <span class='ocrx_word' id='word_1_431' title='bbox 3195 2905 3422 2960; x_wconf 91' lang='lat' dir='ltr'><strong>corpore</strong></span> <span class='ocrx_word' id='word_1_432' title='bbox 3449 2890 3601 2945; x_wconf 90' lang='lat' dir='ltr'><strong>humi</strong></span> <span class='ocrx_word' id='word_1_433' title='bbox 3652 2888 3830 2954; x_wconf 78' lang='lat' dir='ltr'><strong>fusus,</strong></span> 
     </span>
    </p>
   </div>
   <div class='ocr_carea' id='block_1_60' title="bbox 2234 2982 3834 3058">
    <p class='ocr_par' dir='ltr' id='par_1_60' title="bbox 2234 2982 3834 3058">
     <span class='ocr_line' id='line_1_60' title="bbox 2234 2982 3834 3058; baseline -0.006 -12"><span class='ocrx_word' id='word_1_434' title='bbox 2234 2999 2417 3047; x_wconf 88' lang='lat' dir='ltr'><strong>mente</strong></span> <span class='ocrx_word' id='word_1_435' title='bbox 2441 2990 2582 3045; x_wconf 85' lang='lat' dir='ltr'><strong>etelo</strong></span> <span class='ocrx_word' id='word_1_436' title='bbox 2608 2987 2765 3054; x_wconf 82' lang='lat' dir='ltr'><strong>lixus,</strong></span> <span class='ocrx_word' id='word_1_437' title='bbox 2784 2987 2994 3042; x_wconf 88' lang='lat' dir='ltr'><strong>orabat.</strong></span> <span class='ocrx_word' id='word_1_438' title='bbox 3026 2985 3186 3058; x_wconf 74' lang='lat'><strong>560</strong></span> <span class='ocrx_word' id='word_1_439' title='bbox 3219 2982 3425 3040; x_wconf 90' lang='lat' dir='ltr'><strong>Dehinc</strong></span> <span class='ocrx_word' id='word_1_440' title='bbox 3441 2983 3834 3054; x_wconf 85' lang='lat' dir='ltr'><strong>postquamin-</strong></span> 
     </span>
    </p>
   </div>
   <div class='ocr_carea' id='block_1_61' title="bbox 2233 3076 3835 3152">
    <p class='ocr_par' dir='ltr' id='par_1_61' title="bbox 2233 3076 3835 3152">
     <span class='ocr_line' id='line_1_61' title="bbox 2233 3076 3835 3152; baseline -0.007 -11"><span class='ocrx_word' id='word_1_441' title='bbox 2233 3098 2476 3141; x_wconf 87' lang='lat' dir='ltr'><strong>somnetn</strong></span> <span class='ocrx_word' id='word_1_442' title='bbox 2501 3089 2715 3138; x_wconf 89' lang='lat' dir='ltr'><strong>noctem</strong></span> <span class='ocrx_word' id='word_1_443' title='bbox 2759 3094 2979 3152; x_wconf 91' lang='lat' dir='ltr'><strong>precum</strong></span> <span class='ocrx_word' id='word_1_444' title='bbox 3007 3077 3414 3134; x_wconf 88' lang='lat' dir='ltr'><strong>continuatione</strong></span> <span class='ocrx_word' id='word_1_445' title='bbox 3456 3076 3751 3146; x_wconf 80' lang='lat' dir='ltr'><strong>transegit,</strong></span> <span class='ocrx_word' id='word_1_446' title='bbox 3779 3084 3835 3130; x_wconf 83' lang='lat' dir='ltr'><strong>et</strong></span> 
     </span>
    </p>
   </div>
   <div class='ocr_carea' id='block_1_62' title="bbox 531 3158 3832 3249">
    <p class='ocr_par' dir='ltr' id='par_1_62' title="bbox 531 3158 3832 3249">
     <span class='ocr_line' id='line_1_62' title="bbox 531 3158 3832 3249; baseline 0 -29"><span class='ocrx_word' id='word_1_447' title='bbox 531 3167 874 3237; x_wconf 87' lang='lat' dir='ltr'><strong>quieverunt.</strong></span> <span class='ocrx_word' id='word_1_448' title='bbox 914 3169 1080 3241; x_wconf 88' lang='lat' dir='ltr'><strong>Igitur</strong></span> <span class='ocrx_word' id='word_1_449' title='bbox 1106 3171 1516 3230; x_wconf 86' lang='lat' dir='ltr'><strong>Valentinianus</strong></span> <span class='ocrx_word' id='word_1_450' title='bbox 1541 3175 1744 3246; x_wconf 86' lang='lat' dir='ltr'><strong>junior,</strong></span> <span class='ocrx_word' id='word_1_451' title='bbox 1773 3192 1942 3249; x_wconf 87' lang='lat' dir='ltr'><strong>regno</strong></span> <span class='ocrx_word' id='word_1_452' title='bbox 1964 3180 2126 3235; x_wconf 86' lang='lat' dir='ltr'><strong>resti-</strong></span> <span class='ocrx_word' id='word_1_453' title='bbox 2156 3158 2202 3221; x_wconf 74' lang='grc' dir='ltr'>Ο</span> <span class='ocrx_word' id='word_1_454' title='bbox 2237 3185 2403 3233; x_wconf 90' lang='lat' dir='ltr'><strong>testes</strong></span> <span class='ocrx_word' id='word_1_455' title='bbox 2417 3170 3045 3245; x_wconf 86' lang='lat' dir='ltr'><strong>propemodum,quasin</strong></span> <span class='ocrx_word' id='word_1_456' title='bbox 3064 3168 3293 3240; x_wconf 91' lang='lat' dir='ltr'><strong>pretium</strong></span> <span class='ocrx_word' id='word_1_457' title='bbox 3320 3166 3558 3237; x_wconf 70' lang='lat' dir='ltr'><strong>prmsidii</strong></span> <span class='ocrx_word' id='word_1_458' title='bbox 3584 3166 3832 3221; x_wconf 77' lang='lat' dir='ltr'><strong>cteleStis</strong></span> 
     </span>
    </p>
   </div>
   <div class='ocr_carea' id='block_1_63' title="bbox 531 3265 2124 3341">
    <p class='ocr_par' dir='ltr' id='par_1_63' title="bbox 531 3265 2124 3341">
     <span class='ocr_line' id='line_1_63' title="bbox 531 3265 2124 3341; baseline 0.009 -26"><span class='ocrx_word' id='word_1_459' title='bbox 531 3267 715 3332; x_wconf 89' lang='lat' dir='ltr'><strong>tutus,</strong></span> <span class='ocrx_word' id='word_1_460' title='bbox 776 3265 1047 3320; x_wconf 84' lang='lat' dir='ltr'><strong>exstincto</strong></span> <span class='ocrx_word' id='word_1_461' title='bbox 1100 3265 1365 3336; x_wconf 82' lang='lat' dir='ltr'><strong>Maximo,</strong></span> <span class='ocrx_word' id='word_1_462' title='bbox 1426 3267 1654 3340; x_wconf 87' lang='lat' dir='ltr'><strong>ejusque</strong></span> <span class='ocrx_word' id='word_1_463' title='bbox 1710 3270 1823 3325; x_wconf 83' lang='lat' dir='ltr'><strong>tilio</strong></span> <span class='ocrx_word' id='word_1_464' title='bbox 1871 3270 2124 3341; x_wconf 86' lang='lat' dir='ltr'><strong>Victore,</strong></span> 
     </span>
    </p>
   </div>
   <div class='ocr_carea' id='block_1_64' title="bbox 533 3355 2122 3435">
    <p class='ocr_par' dir='ltr' id='par_1_64' title="bbox 533 3355 2122 3435">
     <span class='ocr_line' id='line_1_64' title="bbox 533 3355 2122 3435; baseline 0.008 -29"><span class='ocrx_word' id='word_1_465' title='bbox 533 3367 692 3422; x_wconf 88' lang='lat' dir='ltr'><strong>quem</strong></span> <span class='ocrx_word' id='word_1_466' title='bbox 755 3355 1137 3426; x_wconf 88' lang='lat' dir='ltr'><strong>imperatorem</strong></span> <span class='ocrx_word' id='word_1_467' title='bbox 1193 3358 1361 3414; x_wconf 88' lang='lat' dir='ltr'><strong>Gallis</strong></span> <span class='ocrx_word' id='word_1_468' title='bbox 1395 3359 1660 3416; x_wconf 79' lang='lat' dir='ltr'><strong>Maximus</strong></span> <span class='ocrx_word' id='word_1_469' title='bbox 1699 3363 1863 3435; x_wconf 83' lang='lat'><strong>559</strong></span> <span class='ocrx_word' id='word_1_470' title='bbox 1901 3362 1945 3394; x_wconf 77' lang='lat'><strong>”‘</strong></span> <span class='ocrx_word' id='word_1_471' title='bbox 1991 3363 2122 3418; x_wconf 88' lang='lat' dir='ltr'><strong>reli-</strong></span> 
     </span>
    </p>
   </div>
   <div class='ocr_carea' id='block_1_65' title="bbox 531 3447 2126 3516">
    <p class='ocr_par' dir='ltr' id='par_1_65' title="bbox 531 3447 2126 3516">
     <span class='ocr_line' id='line_1_65' title="bbox 531 3447 2126 3516; baseline 0.009 -19"><span class='ocrx_word' id='word_1_472' title='bbox 531 3454 758 3514; x_wconf 90' lang='lat' dir='ltr'><strong>querat,</strong></span> <span class='ocrx_word' id='word_1_473' title='bbox 789 3447 906 3516; x_wconf 87' lang='lat' dir='ltr'><strong>ipse</strong></span> <span class='ocrx_word' id='word_1_474' title='bbox 957 3451 1009 3504; x_wconf 91' lang='lat' dir='ltr'><strong>in</strong></span> <span class='ocrx_word' id='word_1_475' title='bbox 1057 3449 1288 3506; x_wconf 90' lang='lat' dir='ltr'><strong>Galliam</strong></span> <span class='ocrx_word' id='word_1_476' title='bbox 1331 3452 1579 3506; x_wconf 85' lang='lat' dir='ltr'><strong>transivit</strong></span> <span class='ocrx_word' id='word_1_477' title='bbox 1615 3471 1627 3506; x_wconf 93' lang='lat'>:</span> <span class='ocrx_word' id='word_1_478' title='bbox 1666 3455 1755 3509; x_wconf 88' lang='lat' dir='ltr'><strong>ubi</strong></span> <span class='ocrx_word' id='word_1_479' title='bbox 1811 3470 1935 3510; x_wconf 92' lang='lat' dir='ltr'><strong>cum</strong></span> <span class='ocrx_word' id='word_1_480' title='bbox 1978 3467 2126 3511; x_wconf 88' lang='lat' dir='ltr'><strong>tran-</strong></span> 
     </span>
    </p>
   </div>
   <div class='ocr_carea' id='block_1_66' title="bbox 533 3535 2126 3615">
    <p class='ocr_par' dir='ltr' id='par_1_66' title="bbox 533 3535 2126 3615">
     <span class='ocr_line' id='line_1_66' title="bbox 533 3535 2126 3615; baseline 0.009 -26"><span class='ocrx_word' id='word_1_481' title='bbox 533 3535 703 3606; x_wconf 91' lang='lat' dir='ltr'><strong>quilla</strong></span> <span class='ocrx_word' id='word_1_482' title='bbox 732 3538 1005 3608; x_wconf 89' lang='lat' dir='ltr'><strong>republica</strong></span> <span class='ocrx_word' id='word_1_483' title='bbox 1039 3541 1093 3595; x_wconf 92' lang='lat' dir='ltr'><strong>in</strong></span> <span class='ocrx_word' id='word_1_484' title='bbox 1131 3556 1265 3612; x_wconf 88' lang='lat' dir='ltr'><strong>pace</strong></span> <span class='ocrx_word' id='word_1_485' title='bbox 1291 3552 1500 3614; x_wconf 84' lang='lat' dir='ltr'><strong>ageret,</strong></span> <span class='ocrx_word' id='word_1_486' title='bbox 1533 3546 1676 3615; x_wconf 91' lang='lat' dir='ltr'><strong>apud</strong></span> <span class='ocrx_word' id='word_1_487' title='bbox 1712 3545 1968 3602; x_wconf 88' lang='lat' dir='ltr'><strong>Viennam</strong></span> <span class='ocrx_word' id='word_1_488' title='bbox 1998 3547 2126 3603; x_wconf 88' lang='lat' dir='ltr'><strong>dolo</strong></span> 
     </span>
    </p>
   </div>
   <div class='ocr_carea' id='block_1_67' title="bbox 531 3627 2123 3710">
    <p class='ocr_par' dir='ltr' id='par_1_67' title="bbox 531 3627 2123 3710">
     <span class='ocr_line' id='line_1_67' title="bbox 531 3627 2123 3710; baseline 0.006 -26"><span class='ocrx_word' id='word_1_489' title='bbox 531 3627 883 3702; x_wconf 84' lang='lat' dir='ltr'><strong>Arbogastis,</strong></span> <span class='ocrx_word' id='word_1_490' title='bbox 933 3632 1146 3690; x_wconf 86' lang='lat' dir='ltr'><strong>comitis</strong></span> <span class='ocrx_word' id='word_1_491' title='bbox 1185 3634 1306 3704; x_wconf 91' lang='lat' dir='ltr'><strong>sui,</strong></span> <span class='ocrx_word' id='word_1_492' title='bbox 1348 3645 1406 3691; x_wconf 93' lang='lat' dir='ltr'><strong>ut</strong></span> <span class='ocrx_word' id='word_1_493' title='bbox 1448 3635 1664 3707; x_wconf 85' lang='lat' dir='ltr'><strong>ferunt,</strong></span> <span class='ocrx_word' id='word_1_494' title='bbox 1715 3639 2123 3710; x_wconf 84' lang='lat' dir='ltr'><strong>strangulatus,</strong></span> 
     </span>
    </p>
   </div>
   <div class='ocr_carea' id='block_1_68' title="bbox 2233 3259 3833 3342">
    <p class='ocr_par' dir='ltr' id='par_1_68' title="bbox 2233 3259 3833 3342">
     <span class='ocr_line' id='line_1_68' title="bbox 2233 3259 3833 3342; baseline -0.008 -16"><span class='ocrx_word' id='word_1_495' title='bbox 2233 3269 2592 3342; x_wconf 88' lang='lat' dir='ltr'><strong>appenderat,</strong></span> <span class='ocrx_word' id='word_1_496' title='bbox 2618 3266 2981 3337; x_wconf 91' lang='lat' dir='ltr'><strong>lacrymarum</strong></span> <span class='ocrx_word' id='word_1_497' title='bbox 3013 3263 3236 3318; x_wconf 88' lang='lat' dir='ltr'><strong>lacunas</strong></span> <span class='ocrx_word' id='word_1_498' title='bbox 3292 3261 3528 3331; x_wconf 91' lang='lat' dir='ltr'><strong>reliquit,</strong></span> <span class='ocrx_word' id='word_1_499' title='bbox 3564 3259 3833 3318; x_wconf 74' lang='lat' dir='ltr'><strong>ﬁduciali-</strong></span> 
     </span>
    </p>
   </div>
   <div class='ocr_carea' id='block_1_69' title="bbox 2234 3353 3835 3427">
    <p class='ocr_par' dir='ltr' id='par_1_69' title="bbox 2234 3353 3835 3427">
     <span class='ocr_line' id='line_1_69' title="bbox 2234 3353 3835 3427; baseline -0.006 -10"><span class='ocrx_word' id='word_1_500' title='bbox 2234 3372 2318 3417; x_wconf 89' lang='lat' dir='ltr'><strong>ter</strong></span> <span class='ocrx_word' id='word_1_501' title='bbox 2343 3375 2495 3415; x_wconf 91' lang='lat' dir='ltr'><strong>arma</strong></span> <span class='ocrx_word' id='word_1_502' title='bbox 2522 3357 2812 3427; x_wconf 90' lang='lat' dir='ltr'><strong>corripuit,</strong></span> <span class='ocrx_word' id='word_1_503' title='bbox 2842 3355 3013 3423; x_wconf 90' lang='lat' dir='ltr'><strong>solus,</strong></span> <span class='ocrx_word' id='word_1_504' title='bbox 3053 3354 3234 3411; x_wconf 90' lang='lat' dir='ltr'><strong>sciens</strong></span> <span class='ocrx_word' id='word_1_505' title='bbox 3263 3369 3323 3410; x_wconf 88' lang='lat' dir='ltr'><strong>se</strong></span> <span class='ocrx_word' id='word_1_506' title='bbox 3348 3369 3469 3410; x_wconf 89' lang='lat' dir='ltr'><strong>esse</strong></span> <span class='ocrx_word' id='word_1_507' title='bbox 3498 3368 3605 3409; x_wconf 90' lang='lat' dir='ltr'><strong>non</strong></span> <span class='ocrx_word' id='word_1_508' title='bbox 3628 3353 3835 3408; x_wconf 90' lang='lat' dir='ltr'><strong>solum.</strong></span> 
     </span>
    </p>
   </div>
   <div class='ocr_carea' id='block_1_70' title="bbox 2235 3446 3838 3524">
    <p class='ocr_par' dir='ltr' id='par_1_70' title="bbox 2235 3446 3838 3524">
     <span class='ocr_line' id='line_1_70' title="bbox 2235 3446 3838 3524; baseline -0.004 -16"><span class='ocrx_word' id='word_1_509' title='bbox 2235 3454 2278 3485; x_wconf 84' lang='grc'>²²</span> <span class='ocrx_word' id='word_1_510' title='bbox 2306 3452 2475 3524; x_wconf 88' lang='lat' dir='ltr'><strong>Signo</strong></span> <span class='ocrx_word' id='word_1_511' title='bbox 2506 3449 2684 3506; x_wconf 90' lang='lat' dir='ltr'><strong>crucis</strong></span> <span class='ocrx_word' id='word_1_512' title='bbox 2735 3449 2948 3518; x_wconf 88' lang='lat' dir='ltr'><strong>signum</strong></span> <span class='ocrx_word' id='word_1_513' title='bbox 2982 3447 3175 3519; x_wconf 72' lang='lat' dir='ltr'><strong>prtelio</strong></span> <span class='ocrx_word' id='word_1_514' title='bbox 3207 3447 3380 3512; x_wconf 89' lang='lat' dir='ltr'><strong>dedit,</strong></span> <span class='ocrx_word' id='word_1_515' title='bbox 3426 3461 3491 3501; x_wconf 92' lang='lat' dir='ltr'><strong>ac</strong></span> <span class='ocrx_word' id='word_1_516' title='bbox 3522 3461 3580 3502; x_wconf 91' lang='lat' dir='ltr'><strong>sc</strong></span> <span class='ocrx_word' id='word_1_517' title='bbox 3631 3447 3686 3500; x_wconf 90' lang='lat' dir='ltr'><strong>in</strong></span> <span class='ocrx_word' id='word_1_518' title='bbox 3717 3446 3838 3501; x_wconf 82' lang='lat' dir='ltr'><strong>bel-</strong></span> 
     </span>
    </p>
   </div>
   <div class='ocr_carea' id='block_1_71' title="bbox 2234 3532 3834 3613">
    <p class='ocr_par' dir='ltr' id='par_1_71' title="bbox 2234 3532 3834 3613">
     <span class='ocr_line' id='line_1_71' title="bbox 2234 3532 3834 3613; baseline -0.006 -13"><span class='ocrx_word' id='word_1_519' title='bbox 2234 3532 2368 3613; x_wconf 85' lang='lat' dir='ltr'><strong>lum,</strong></span> <span class='ocrx_word' id='word_1_520' title='bbox 2395 3542 2558 3599; x_wconf 91' lang='lat' dir='ltr'><strong>etiam</strong></span> <span class='ocrx_word' id='word_1_521' title='bbox 2589 3543 2635 3597; x_wconf 91' lang='lat' dir='ltr'><strong>si</strong></span> <span class='ocrx_word' id='word_1_522' title='bbox 2664 3555 2825 3597; x_wconf 91' lang='lat' dir='ltr'><strong>nemo</strong></span> <span class='ocrx_word' id='word_1_523' title='bbox 2853 3549 3197 3609; x_wconf 87' lang='lat' dir='ltr'><strong>sequeretur,</strong></span> <span class='ocrx_word' id='word_1_524' title='bbox 3215 3539 3386 3593; x_wconf 90' lang='lat' dir='ltr'><strong>victor</strong></span> <span class='ocrx_word' id='word_1_525' title='bbox 3408 3537 3622 3594; x_wconf 87' lang='lat' dir='ltr'><strong>iuturus</strong></span> <span class='ocrx_word' id='word_1_526' title='bbox 3648 3537 3834 3591; x_wconf 84' lang='lat' dir='ltr'><strong>immi-</strong></span> 
     </span>
    </p>
   </div>
   <div class='ocr_carea' id='block_1_72' title="bbox 2233 3631 3839 3702">
    <p class='ocr_par' dir='ltr' id='par_1_72' title="bbox 2233 3631 3839 3702">
     <span class='ocr_line' id='line_1_72' title="bbox 2233 3631 3839 3702; baseline -0.004 -8"><span class='ocrx_word' id='word_1_527' title='bbox 2233 3637 2325 3695; x_wconf 92' lang='lat' dir='ltr'><strong>sit.</strong></span> <span class='ocrx_word' id='word_1_528' title='bbox 2358 3637 2537 3693; x_wconf 83' lang='lat' dir='ltr'><strong>Prima</strong></span> <span class='ocrx_word' id='word_1_529' title='bbox 2568 3635 2763 3692; x_wconf 88' lang='lat' dir='ltr'><strong>salutis</strong></span> <span class='ocrx_word' id='word_1_530' title='bbox 2788 3635 2872 3691; x_wconf 89' lang='lat' dir='ltr'><strong>via</strong></span> <span class='ocrx_word' id='word_1_531' title='bbox 2917 3633 3132 3690; x_wconf 84' lang='lat' dir='ltr'><strong>exstitit</strong></span> <span class='ocrx_word' id='word_1_532' title='bbox 3161 3632 3209 3664; x_wconf 75' lang='lat'><strong>&quot;</strong></span> <span class='ocrx_word' id='word_1_533' title='bbox 3237 3631 3502 3702; x_wconf 87' lang='lat' dir='ltr'><strong>Arbitrio,</strong></span> <span class='ocrx_word' id='word_1_534' title='bbox 3548 3631 3839 3688; x_wconf 85' lang='lat' dir='ltr'><strong>hostilium</strong></span> 
     </span>
    </p>
   </div>
   <div class='ocr_carea' id='block_1_73' title="bbox 1824 3773 2543 3832">
    <p class='ocr_par' dir='ltr' id='par_1_73' title="bbox 1824 3773 2543 3832">
     <span class='ocr_line' id='line_1_73' title="bbox 1824 3773 2543 3832; baseline -0.001 -2"><span class='ocrx_word' id='word_1_535' title='bbox 1824 3774 2273 3832; x_wconf 79' lang='lat' dir='ltr'><strong>llAVERCAMPI</strong></span> <span class='ocrx_word' id='word_1_536' title='bbox 2313 3773 2543 3832; x_wconf 68' lang='lat' dir='ltr'><strong>NOTAE.</strong></span> 
     </span>
    </p>
   </div>
   <div class='ocr_carea' id='block_1_74' title="bbox 606 3907 2123 3983">
    <p class='ocr_par' dir='ltr' id='par_1_74' title="bbox 606 3907 2123 3983">
     <span class='ocr_line' id='line_1_74' title="bbox 606 3907 2123 3983; baseline 0.005 -22"><span class='ocrx_word' id='word_1_537' title='bbox 606 3907 659 3961; x_wconf 88' lang='lat'><strong>7.</strong></span> <span class='ocrx_word' id='word_1_538' title='bbox 693 3907 822 3983; x_wconf 75' lang='lat' dir='ltr'><strong>Solo</strong></span> <span class='ocrx_word' id='word_1_539' title='bbox 855 3918 1051 3983; x_wconf 74' lang='lat' dir='ltr'><strong>terrore</strong></span> <span class='ocrx_word' id='word_1_540' title='bbox 1074 3910 1318 3976; x_wconf 77' lang='lat' dir='ltr'><strong>nominis.</strong></span> <span class='ocrx_word' id='word_1_541' title='bbox 1345 3911 1520 3982; x_wconf 84' lang='lat' dir='ltr'><strong>Lugd.</strong></span> <span class='ocrx_word' id='word_1_542' title='bbox 1549 3913 1690 3968; x_wconf 82' lang='lat' dir='ltr'><strong>Bait.</strong></span> <span class='ocrx_word' id='word_1_543' title='bbox 1723 3928 1845 3969; x_wconf 93' lang='lat' dir='ltr'><strong>cum</strong></span> <span class='ocrx_word' id='word_1_544' title='bbox 1875 3915 2123 3983; x_wconf 77' lang='lat' dir='ltr'><strong>Perizon.</strong></span> 
     </span>
    </p>
   </div>
   <div class='ocr_carea' id='block_1_75' title="bbox 539 3977 2130 4065">
    <p class='ocr_par' dir='ltr' id='par_1_75' title="bbox 539 3977 2130 4065">
     <span class='ocr_line' id='line_1_75' title="bbox 539 3977 2130 4065; baseline 0.004 -32"><span class='ocrx_word' id='word_1_545' title='bbox 539 3977 674 4033; x_wconf 88' lang='lat' dir='ltr'><strong>Ultr.</strong></span> <span class='ocrx_word' id='word_1_546' title='bbox 699 3988 754 4033; x_wconf 91' lang='lat' dir='ltr'><strong>ct</strong></span> <span class='ocrx_word' id='word_1_547' title='bbox 779 3979 922 4034; x_wconf 77' lang='lat' dir='ltr'><strong>Coll.</strong></span> <span class='ocrx_word' id='word_1_548' title='bbox 951 3981 1217 4048; x_wconf 87' lang='lat' dir='ltr'><strong>Gronov.,</strong></span> <span class='ocrx_word' id='word_1_549' title='bbox 1249 3977 1662 4065; x_wconf 55' lang='lat' dir='ltr'><strong>maguo&#39;terrore</strong></span> <span class='ocrx_word' id='word_1_550' title='bbox 1689 3986 1910 4065; x_wconf 73' lang='lat' dir='ltr'><strong>nominis</strong></span> <span class='ocrx_word' id='word_1_551' title='bbox 1929 3977 2130 4065; x_wconf 43' lang='lat' dir='ltr'><strong>{Peri-</strong></span> 
     </span>
    </p>
   </div>
   <div class='ocr_carea' id='block_1_76' title="bbox 535 4053 2130 4130">
    <p class='ocr_par' dir='ltr' id='par_1_76' title="bbox 535 4053 2130 4130">
     <span class='ocr_line' id='line_1_76' title="bbox 535 4053 2130 4130; baseline 0.006 -28"><span class='ocrx_word' id='word_1_552' title='bbox 535 4062 684 4130; x_wconf 76' lang='lat' dir='ltr'><strong>zon.,</strong></span> <span class='ocrx_word' id='word_1_553' title='bbox 716 4065 900 4119; x_wconf 86' lang='lat' dir='ltr'><strong>magno</strong></span> <span class='ocrx_word' id='word_1_554' title='bbox 941 4062 1136 4106; x_wconf 86' lang='lat' dir='ltr'><strong>terrore</strong></span> <span class='ocrx_word' id='word_1_555' title='bbox 1172 4068 1234 4106; x_wconf 87' lang='lat' dir='ltr'><strong>ac</strong></span> <span class='ocrx_word' id='word_1_556' title='bbox 1276 4053 1465 4117; x_wconf 83' lang='lat' dir='ltr'><strong>minis;</strong></span> <span class='ocrx_word' id='word_1_557' title='bbox 1506 4055 1602 4108; x_wconf 88' lang='lat' dir='ltr'><strong>sed</strong></span> <span class='ocrx_word' id='word_1_558' title='bbox 1641 4056 1788 4126; x_wconf 85' lang='lat' dir='ltr'><strong>vulg.</strong></span> <span class='ocrx_word' id='word_1_559' title='bbox 1821 4055 2130 4125; x_wconf 82' lang='lat' dir='ltr'><strong>signiﬁcan-</strong></span> 
     </span>
    </p>
   </div>
   <div class='ocr_carea' id='block_1_77' title="bbox 538 4129 780 4175">
    <p class='ocr_par' dir='ltr' id='par_1_77' title="bbox 538 4129 780 4175">
     <span class='ocr_line' id='line_1_77' title="bbox 538 4129 780 4175; baseline 0.004 -1"><span class='ocrx_word' id='word_1_560' title='bbox 538 4129 645 4174; x_wconf 84' lang='lat' dir='ltr'><strong>tior</strong></span> <span class='ocrx_word' id='word_1_561' title='bbox 674 4130 780 4175; x_wconf 90' lang='lat' dir='ltr'><strong>est.</strong></span> 
     </span>
    </p>
   </div>
   <div class='ocr_carea' id='block_1_78' title="bbox 606 4189 2125 4266">
    <p class='ocr_par' dir='ltr' id='par_1_78' title="bbox 606 4189 2125 4266">
     <span class='ocr_line' id='line_1_78' title="bbox 606 4189 2125 4266; baseline 0.006 -22"><span class='ocrx_word' id='word_1_562' title='bbox 606 4189 662 4266; x_wconf 86' lang='lat'><strong>8_.</strong></span> <span class='ocrx_word' id='word_1_563' title='bbox 689 4190 768 4266; x_wconf 57' lang='lat' dir='ltr'><strong>Et</strong></span> <span class='ocrx_word' id='word_1_564' title='bbox 798 4191 920 4266; x_wconf 72' lang='lat' dir='ltr'><strong>sine</strong></span> <span class='ocrx_word' id='word_1_565' title='bbox 956 4195 1324 4266; x_wconf 67' lang='lat' dir='ltr'><strong>controversia.</strong></span> <span class='ocrx_word' id='word_1_566' title='bbox 1362 4193 1452 4250; x_wconf 84' lang='lat' dir='ltr'><strong>Sic</strong></span> <span class='ocrx_word' id='word_1_567' title='bbox 1497 4194 1549 4249; x_wconf 90' lang='lat' dir='ltr'><strong>in</strong></span> <span class='ocrx_word' id='word_1_568' title='bbox 1593 4196 1681 4252; x_wconf 90' lang='lat' dir='ltr'><strong>ed.</strong></span> <span class='ocrx_word' id='word_1_569' title='bbox 1730 4199 1958 4266; x_wconf 79' lang='lat' dir='ltr'><strong>AuguSt.</strong></span> <span class='ocrx_word' id='word_1_570' title='bbox 1987 4207 2042 4254; x_wconf 92' lang='lat' dir='ltr'><strong>et</strong></span> <span class='ocrx_word' id='word_1_571' title='bbox 2072 4200 2125 4253; x_wconf 88' lang='lat' dir='ltr'><strong>in</strong></span> 
     </span>
    </p>
   </div>
   <div class='ocr_carea' id='block_1_79' title="bbox 535 4261 2124 4339">
    <p class='ocr_par' dir='ltr' id='par_1_79' title="bbox 535 4261 2124 4339">
     <span class='ocr_line' id='line_1_79' title="bbox 535 4261 2124 4339; baseline 0.007 -24"><span class='ocrx_word' id='word_1_572' title='bbox 535 4261 661 4339; x_wconf 71' lang='lat' dir='ltr'><strong>eod.</strong></span> <span class='ocrx_word' id='word_1_573' title='bbox 689 4262 938 4339; x_wconf 75' lang='lat' dir='ltr'><strong>PeriZon.</strong></span> <span class='ocrx_word' id='word_1_574' title='bbox 967 4265 1170 4339; x_wconf 79' lang='lat' dir='ltr'><strong>inveni,</strong></span> <span class='ocrx_word' id='word_1_575' title='bbox 1197 4273 1250 4319; x_wconf 92' lang='lat' dir='ltr'><strong>et</strong></span> <span class='ocrx_word' id='word_1_576' title='bbox 1271 4264 1351 4320; x_wconf 92' lang='lat' dir='ltr'><strong>sic</strong></span> <span class='ocrx_word' id='word_1_577' title='bbox 1372 4280 1588 4337; x_wconf 90' lang='lat' dir='ltr'><strong>quoque</strong></span> <span class='ocrx_word' id='word_1_578' title='bbox 1612 4261 1841 4339; x_wconf 75' lang='lat' dir='ltr'><strong>uterque</strong></span> <span class='ocrx_word' id='word_1_579' title='bbox 1861 4267 2124 4326; x_wconf 91' lang='lat' dir='ltr'><strong>Florentt.</strong></span> 
     </span>
    </p>
   </div>
   <div class='ocr_carea' id='block_1_80' title="bbox 537 4331 1257 4402">
    <p class='ocr_par' dir='ltr' id='par_1_80' title="bbox 537 4331 1257 4402">
     <span class='ocr_line' id='line_1_80' title="bbox 537 4331 1257 4402; baseline 0.003 -14"><span class='ocrx_word' id='word_1_580' title='bbox 537 4331 732 4402; x_wconf 78' lang='lat' dir='ltr'><strong>Vulgg.</strong></span> <span class='ocrx_word' id='word_1_581' title='bbox 765 4335 876 4388; x_wconf 84' lang='lat' dir='ltr'><strong>sine</strong></span> <span class='ocrx_word' id='word_1_582' title='bbox 901 4350 1006 4391; x_wconf 91' lang='lat' dir='ltr'><strong>non</strong></span> <span class='ocrx_word' id='word_1_583' title='bbox 1036 4335 1257 4390; x_wconf 89' lang='lat' dir='ltr'><strong>habent.</strong></span> 
     </span>
    </p>
   </div>
   <div class='ocr_carea' id='block_1_81' title="bbox 606 4403 2128 4478">
    <p class='ocr_par' dir='ltr' id='par_1_81' title="bbox 606 4403 2128 4478">
     <span class='ocr_line' id='line_1_81' title="bbox 606 4403 2128 4478; baseline 0.005 -19"><span class='ocrx_word' id='word_1_584' title='bbox 606 4403 660 4478; x_wconf 76' lang='lat'><strong>9.</strong></span> <span class='ocrx_word' id='word_1_585' title='bbox 705 4404 868 4477; x_wconf 83' lang='lat' dir='ltr'><strong>Cepit,</strong></span> <span class='ocrx_word' id='word_1_586' title='bbox 900 4405 1123 4478; x_wconf 80' lang='lat' dir='ltr'><strong>occidit.</strong></span> <span class='ocrx_word' id='word_1_587' title='bbox 1154 4406 1295 4463; x_wconf 89' lang='lat' dir='ltr'><strong>Edd.</strong></span> <span class='ocrx_word' id='word_1_588' title='bbox 1330 4407 1508 4478; x_wconf 87' lang='lat' dir='ltr'><strong>vulgg.</strong></span> <span class='ocrx_word' id='word_1_589' title='bbox 1533 4449 1548 4474; x_wconf 90' lang='lat'><strong>,</strong></span> <span class='ocrx_word' id='word_1_590' title='bbox 1586 4419 1632 4464; x_wconf 84' lang='lat' dir='ltr'><strong>et</strong></span> <span class='ocrx_word' id='word_1_591' title='bbox 1677 4411 1885 4464; x_wconf 79' lang='lat' dir='ltr'><strong>occidit.</strong></span> <span class='ocrx_word' id='word_1_592' title='bbox 1929 4411 2128 4467; x_wconf 88' lang='lat' dir='ltr'><strong>Verum</strong></span> 
     </span>
    </p>
   </div>
   <div class='ocr_carea' id='block_1_82' title="bbox 538 4473 2131 4551">
    <p class='ocr_par' dir='ltr' id='par_1_82' title="bbox 538 4473 2131 4551">
     <span class='ocr_line' id='line_1_82' title="bbox 538 4473 2131 4551; baseline 0.006 -23"><span class='ocrx_word' id='word_1_593' title='bbox 538 4473 700 4551; x_wconf 79' lang='lat' dir='ltr'><strong>lectio</strong></span> <span class='ocrx_word' id='word_1_594' title='bbox 735 4473 863 4546; x_wconf 60' lang='lat' dir='ltr'><strong>quas</strong></span> <span class='ocrx_word' id='word_1_595' title='bbox 895 4477 950 4532; x_wconf 91' lang='lat' dir='ltr'><strong>in</strong></span> <span class='ocrx_word' id='word_1_596' title='bbox 988 4491 1122 4551; x_wconf 83' lang='lat' dir='ltr'><strong>mss.</strong></span> <span class='ocrx_word' id='word_1_597' title='bbox 1150 4488 1204 4533; x_wconf 92' lang='lat' dir='ltr'><strong>et</strong></span> <span class='ocrx_word' id='word_1_598' title='bbox 1234 4478 1288 4534; x_wconf 91' lang='lat' dir='ltr'><strong>in</strong></span> <span class='ocrx_word' id='word_1_599' title='bbox 1323 4473 1674 4551; x_wconf 49' lang='lat' dir='ltr'><strong>cdeugust.</strong></span> <span class='ocrx_word' id='word_1_600' title='bbox 1709 4481 1920 4551; x_wconf 82' lang='lat' dir='ltr'><strong>abjecto</strong></span> <span class='ocrx_word' id='word_1_601' title='bbox 1947 4493 2016 4551; x_wconf 87' lang='lat' dir='ltr'><strong>et,</strong></span> <span class='ocrx_word' id='word_1_602' title='bbox 2037 4485 2131 4538; x_wconf 84' lang='lat' dir='ltr'><strong>.in-</strong></span> 
     </span>
    </p>
   </div>
   <div class='ocr_carea' id='block_1_83' title="bbox 537 4546 1223 4604">
    <p class='ocr_par' dir='ltr' id='par_1_83' title="bbox 537 4546 1223 4604">
     <span class='ocr_line' id='line_1_83' title="bbox 537 4546 1223 4604; baseline 0.006 -5"><span class='ocrx_word' id='word_1_603' title='bbox 537 4546 774 4604; x_wconf 89' lang='lat' dir='ltr'><strong>venitur.</strong></span> <span class='ocrx_word' id='word_1_604' title='bbox 811 4548 1092 4603; x_wconf 85' lang='lat' dir='ltr'><strong>rotundior</strong></span> <span class='ocrx_word' id='word_1_605' title='bbox 1119 4558 1223 4603; x_wconf 90' lang='lat' dir='ltr'><strong>est.</strong></span> 
     </span>
    </p>
   </div>
   <div class='ocr_carea' id='block_1_84' title="bbox 612 4617 2129 4695">
    <p class='ocr_par' dir='ltr' id='par_1_84' title="bbox 612 4617 2129 4695">
     <span class='ocr_line' id='line_1_84' title="bbox 612 4617 2129 4695; baseline 0.005 -22"><span class='ocrx_word' id='word_1_606' title='bbox 612 4618 701 4695; x_wconf 66' lang='grc'><strong>10.</strong></span> <span class='ocrx_word' id='word_1_607' title='bbox 748 4617 912 4672; x_wconf 86' lang='lat' dir='ltr'><strong>Parte</strong></span> <span class='ocrx_word' id='word_1_608' title='bbox 947 4621 1079 4695; x_wconf 87' lang='lat' dir='ltr'><strong>atia_._</strong></span> <span class='ocrx_word' id='word_1_609' title='bbox 1121 4619 1212 4675; x_wconf 85' lang='lat' dir='ltr'><strong>Sic</strong></span> <span class='ocrx_word' id='word_1_610' title='bbox 1251 4637 1465 4695; x_wconf 90' lang='lat' dir='ltr'><strong>quoque</strong></span> <span class='ocrx_word' id='word_1_611' title='bbox 1501 4630 1687 4678; x_wconf 91' lang='lat' dir='ltr'><strong>amant</strong></span> <span class='ocrx_word' id='word_1_612' title='bbox 1715 4638 1872 4693; x_wconf 84' lang='lat' dir='ltr'><strong>mss.,</strong></span> <span class='ocrx_word' id='word_1_613' title='bbox 1906 4638 2036 4694; x_wconf 90' lang='lat' dir='ltr'><strong>non,</strong></span> <span class='ocrx_word' id='word_1_614' title='bbox 2072 4633 2129 4680; x_wconf 90' lang='lat' dir='ltr'><strong>ut</strong></span> 
     </span>
    </p>
   </div>
   <div class='ocr_carea' id='block_1_85' title="bbox 538 4688 1132 4759">
    <p class='ocr_par' dir='ltr' id='par_1_85' title="bbox 538 4688 1132 4759">
     <span class='ocr_line' id='line_1_85' title="bbox 538 4688 1132 4759; baseline 0.002 -18"><span class='ocrx_word' id='word_1_615' title='bbox 538 4688 741 4756; x_wconf 84' lang='lat' dir='ltr'><strong>vulgg.,</strong></span> <span class='ocrx_word' id='word_1_616' title='bbox 779 4705 809 4742; x_wconf 89' lang='lat' dir='ltr'><strong>a</strong></span> <span class='ocrx_word' id='word_1_617' title='bbox 832 4700 978 4759; x_wconf 85' lang='lat' dir='ltr'><strong>parte</strong></span> <span class='ocrx_word' id='word_1_618' title='bbox 1006 4691 1132 4744; x_wconf 83' lang='lat' dir='ltr'><strong>alia.</strong></span> 
     </span>
    </p>
   </div>
   <div class='ocr_carea' id='block_1_86' title="bbox 608 4759 1572 4822">
    <p class='ocr_par' dir='ltr' id='par_1_86' title="bbox 608 4759 1572 4822">
     <span class='ocr_line' id='line_1_86' title="bbox 608 4759 1572 4822; baseline 0.008 -11"><span class='ocrx_word' id='word_1_619' title='bbox 608 4759 696 4812; x_wconf 80' lang='grc'><strong>11.</strong></span> <span class='ocrx_word' id='word_1_620' title='bbox 727 4759 886 4814; x_wconf 85' lang='lat' dir='ltr'><strong>Sunt.</strong></span> <span class='ocrx_word' id='word_1_621' title='bbox 917 4763 1083 4817; x_wconf 82' lang='lat' dir='ltr'><strong>Abest</strong></span> <span class='ocrx_word' id='word_1_622' title='bbox 1109 4775 1138 4814; x_wconf 90' lang='lat' dir='ltr'><strong>a</strong></span> <span class='ocrx_word' id='word_1_623' title='bbox 1166 4762 1290 4818; x_wconf 90' lang='lat' dir='ltr'><strong>cod.</strong></span> <span class='ocrx_word' id='word_1_624' title='bbox 1322 4763 1572 4822; x_wconf 87' lang='lat' dir='ltr'><strong>Perizou.</strong></span> 
     </span>
    </p>
   </div>
   <div class='ocr_carea' id='block_1_87' title="bbox 611 4829 2129 4906">
    <p class='ocr_par' dir='ltr' id='par_1_87' title="bbox 611 4829 2129 4906">
     <span class='ocr_line' id='line_1_87' title="bbox 611 4829 2129 4906; baseline 0.007 -24"><span class='ocrx_word' id='word_1_625' title='bbox 611 4829 699 4884; x_wconf 71' lang='lat'><strong>4‘2.</strong></span> <span class='ocrx_word' id='word_1_626' title='bbox 735 4829 802 4884; x_wconf 86' lang='lat' dir='ltr'><strong>Et</strong></span> <span class='ocrx_word' id='word_1_627' title='bbox 829 4832 1217 4906; x_wconf 72' lang='lat' dir='ltr'><strong>dispensantur.</strong></span> <span class='ocrx_word' id='word_1_628' title='bbox 1251 4836 1419 4891; x_wconf 84' lang='lat' dir='ltr'><strong>Abest</strong></span> <span class='ocrx_word' id='word_1_629' title='bbox 1449 4838 1594 4906; x_wconf 84' lang='lat' dir='ltr'><strong>prior</strong></span> <span class='ocrx_word' id='word_1_630' title='bbox 1618 4851 1722 4891; x_wconf 85' lang='lat' dir='ltr'><strong>vox</strong></span> <span class='ocrx_word' id='word_1_631' title='bbox 1755 4851 1784 4890; x_wconf 69' lang='grc' dir='ltr'>ει</span> <span class='ocrx_word' id='word_1_632' title='bbox 1815 4836 1938 4893; x_wconf 92' lang='lat' dir='ltr'><strong>cod.</strong></span> <span class='ocrx_word' id='word_1_633' title='bbox 1970 4836 2129 4892; x_wconf 80' lang='lat' dir='ltr'><strong>Peri-</strong></span> 
     </span>
    </p>
   </div>
   <div class='ocr_carea' id='block_1_88' title="bbox 540 4902 1444 4971">
    <p class='ocr_par' dir='ltr' id='par_1_88' title="bbox 540 4902 1444 4971">
     <span class='ocr_line' id='line_1_88' title="bbox 540 4902 1444 4971; baseline 0.013 -21"><span class='ocrx_word' id='word_1_634' title='bbox 540 4911 661 4971; x_wconf 87' lang='lat' dir='ltr'><strong>zon.</strong></span> <span class='ocrx_word' id='word_1_635' title='bbox 691 4902 900 4971; x_wconf 17' lang='lat' dir='ltr'><strong>etiedd.</strong></span> <span class='ocrx_word' id='word_1_636' title='bbox 920 4902 1064 4959; x_wconf 48' lang='lat' dir='ltr'><strong>&#39;vctt.</strong></span> <span class='ocrx_word' id='word_1_637' title='bbox 1099 4903 1444 4971; x_wconf 90' lang='lat' dir='ltr'><strong>quibusdam.</strong></span> 
     </span>
    </p>
   </div>
   <div class='ocr_carea' id='block_1_89' title="bbox 613 4969 1996 5043">
    <p class='ocr_par' dir='ltr' id='par_1_89' title="bbox 613 4969 1996 5043">
     <span class='ocr_line' id='line_1_89' title="bbox 613 4969 1996 5043; baseline 0.008 -20"><span class='ocrx_word' id='word_1_638' title='bbox 613 4969 1029 5043; x_wconf 59' lang='grc' dir='ltr'><strong>1ᾇνρεειαναια.</strong></span> <span class='ocrx_word' id='word_1_639' title='bbox 1059 4969 1228 5043; x_wconf 80' lang='lat' dir='ltr'><strong>Lugd.</strong></span> <span class='ocrx_word' id='word_1_640' title='bbox 1264 4976 1405 5030; x_wconf 72' lang='lat' dir='ltr'><strong>Batti.</strong></span> <span class='ocrx_word' id='word_1_641' title='bbox 1434 4978 1563 5043; x_wconf 92' lang='lat' dir='ltr'><strong>duo,</strong></span> <span class='ocrx_word' id='word_1_642' title='bbox 1591 4986 1636 5032; x_wconf 83' lang='lat' dir='ltr'><strong>et</strong></span> <span class='ocrx_word' id='word_1_643' title='bbox 1665 4978 1956 5034; x_wconf 81' lang='lat' dir='ltr'><strong>declarato.</strong></span> <span class='ocrx_word' id='word_1_644' title='bbox 1993 4988 1996 4990; x_wconf 65' lang='grc'>⁷</span> 
     </span>
    </p>
   </div>
   <div class='ocr_carea' id='block_1_90' title="bbox 609 5040 2130 5104">
    <p class='ocr_par' dir='ltr' id='par_1_90' title="bbox 609 5040 2130 5104">
     <span class='ocr_line' id='line_1_90' title="bbox 609 5040 2130 5104; baseline 0.007 -11"><span class='ocrx_word' id='word_1_645' title='bbox 609 5040 693 5094; x_wconf 70' lang='grc'><strong>14.</strong></span> <span class='ocrx_word' id='word_1_646' title='bbox 726 5041 1109 5099; x_wconf 77' lang='lat' dir='ltr'><strong>Theodosium.</strong></span> <span class='ocrx_word' id='word_1_647' title='bbox 1137 5040 1193 5099; x_wconf 66' lang='grc' dir='ltr'><strong>ἶ.</strong></span> <span class='ocrx_word' id='word_1_648' title='bbox 1225 5086 1237 5099; x_wconf 94' lang='grc'><strong>.</strong></span> <span class='ocrx_word' id='word_1_649' title='bbox 1256 5059 1533 5102; x_wconf 80' lang='lat' dir='ltr'><strong>consecuta</strong></span> <span class='ocrx_word' id='word_1_650' title='bbox 1552 5040 1690 5102; x_wconf 69' lang='lat' dir='ltr'><strong>sunt.</strong></span> <span class='ocrx_word' id='word_1_651' title='bbox 1717 5049 1795 5103; x_wconf 89' lang='lat' dir='ltr'><strong>lla</strong></span> <span class='ocrx_word' id='word_1_652' title='bbox 1817 5049 1974 5104; x_wconf 82' lang='lat' dir='ltr'><strong>codd.</strong></span> <span class='ocrx_word' id='word_1_653' title='bbox 2004 5049 2130 5104; x_wconf 89' lang='lat' dir='ltr'><strong>Flo-</strong></span> 
     </span>
    </p>
   </div>
   <div class='ocr_carea' id='block_1_91' title="bbox 539 5111 2126 5186">
    <p class='ocr_par' dir='ltr' id='par_1_91' title="bbox 539 5111 2126 5186">
     <span class='ocr_line' id='line_1_91' title="bbox 539 5111 2126 5186; baseline 0.008 -23"><span class='ocrx_word' id='word_1_654' title='bbox 539 5117 735 5186; x_wconf 55' lang='lat' dir='ltr'><strong>rentt.,</strong></span> <span class='ocrx_word' id='word_1_655' title='bbox 763 5111 933 5183; x_wconf 88' lang='lat' dir='ltr'><strong>Lugd.</strong></span> <span class='ocrx_word' id='word_1_656' title='bbox 968 5116 1106 5170; x_wconf 87' lang='lat' dir='ltr'><strong>Batt.</strong></span> <span class='ocrx_word' id='word_1_657' title='bbox 1143 5123 1272 5186; x_wconf 90' lang='lat' dir='ltr'><strong>tres,</strong></span> <span class='ocrx_word' id='word_1_658' title='bbox 1305 5134 1428 5174; x_wconf 92' lang='lat' dir='ltr'><strong>cum</strong></span> <span class='ocrx_word' id='word_1_659' title='bbox 1459 5119 1707 5175; x_wconf 84' lang='lat' dir='ltr'><strong>Perizou.</strong></span> <span class='ocrx_word' id='word_1_660' title='bbox 1741 5120 1880 5175; x_wconf 90' lang='lat' dir='ltr'><strong>Ultr.</strong></span> <span class='ocrx_word' id='word_1_661' title='bbox 1907 5131 1959 5174; x_wconf 93' lang='lat' dir='ltr'><strong>ct</strong></span> <span class='ocrx_word' id='word_1_662' title='bbox 1986 5117 2126 5174; x_wconf 88' lang='lat' dir='ltr'><strong>Cnll.</strong></span> 
     </span>
    </p>
   </div>
   <div class='ocr_carea' id='block_1_92' title="bbox 538 5179 2127 5259">
    <p class='ocr_par' dir='ltr' id='par_1_92' title="bbox 538 5179 2127 5259">
     <span class='ocr_line' id='line_1_92' title="bbox 538 5179 2127 5259; baseline 0.006 -24"><span class='ocrx_word' id='word_1_663' title='bbox 538 5179 780 5259; x_wconf 60' lang='lat' dir='ltr'><strong>Gronov.</strong></span> <span class='ocrx_word' id='word_1_664' title='bbox 814 5179 976 5259; x_wconf 63' lang='lat' dir='ltr'><strong>atque</strong></span> <span class='ocrx_word' id='word_1_665' title='bbox 1006 5187 1131 5242; x_wconf 85' lang='lat' dir='ltr'><strong>cdd.</strong></span> <span class='ocrx_word' id='word_1_666' title='bbox 1168 5179 1440 5256; x_wconf 80' lang='lat' dir='ltr'><strong>Vetustis;</strong></span> <span class='ocrx_word' id='word_1_667' title='bbox 1473 5191 1569 5245; x_wconf 90' lang='lat' dir='ltr'><strong>scd</strong></span> <span class='ocrx_word' id='word_1_668' title='bbox 1615 5191 1783 5259; x_wconf 93' lang='lat' dir='ltr'><strong>Lngd.</strong></span> <span class='ocrx_word' id='word_1_669' title='bbox 1821 5193 1937 5244; x_wconf 76' lang='lat' dir='ltr'><strong>liat.</strong></span> <span class='ocrx_word' id='word_1_670' title='bbox 1973 5200 2127 5257; x_wconf 89' lang='lat' dir='ltr'><strong>tert.,</strong></span> 
     </span>
    </p>
   </div>
   <div class='ocr_carea' id='block_1_93' title="bbox 540 5250 2127 5320">
    <p class='ocr_par' dir='ltr' id='par_1_93' title="bbox 540 5250 2127 5320">
     <span class='ocr_line' id='line_1_93' title="bbox 540 5250 2127 5320; baseline 0.008 -17"><span class='ocrx_word' id='word_1_671' title='bbox 540 5268 630 5320; x_wconf 84' lang='lat' dir='ltr'><strong>per</strong></span> <span class='ocrx_word' id='word_1_672' title='bbox 653 5250 998 5308; x_wconf 80' lang='lat' dir='ltr'><strong>Theodosimn</strong></span> <span class='ocrx_word' id='word_1_673' title='bbox 1023 5298 1035 5308; x_wconf 96' lang='lat'><strong>.</strong></span> <span class='ocrx_word' id='word_1_674' title='bbox 1061 5295 1075 5309; x_wconf 95' lang='lat'><strong>.</strong></span> <span class='ocrx_word' id='word_1_675' title='bbox 1104 5296 1118 5309; x_wconf 94' lang='lat'><strong>.</strong></span> <span class='ocrx_word' id='word_1_676' title='bbox 1147 5299 1160 5312; x_wconf 95' lang='lat'><strong>.</strong></span> <span class='ocrx_word' id='word_1_677' title='bbox 1184 5250 1456 5314; x_wconf 79' lang='lat' dir='ltr'><strong>subsecuta</strong></span> <span class='ocrx_word' id='word_1_678' title='bbox 1476 5271 1616 5315; x_wconf 80' lang='lat' dir='ltr'><strong>sunt.</strong></span> <span class='ocrx_word' id='word_1_679' title='bbox 1643 5250 1925 5317; x_wconf 62' lang='lat' dir='ltr'><strong>Fabricius</strong></span> <span class='ocrx_word' id='word_1_680' title='bbox 1947 5250 2127 5317; x_wconf 78' lang='lat' dir='ltr'><strong>autem</strong></span> 
     </span>
    </p>
   </div>
   <div class='ocr_carea' id='block_1_94' title="bbox 536 5323 1859 5390">
    <p class='ocr_par' dir='ltr' id='par_1_94' title="bbox 536 5323 1859 5390">
     <span class='ocr_line' id='line_1_94' title="bbox 536 5323 1859 5390; baseline 0.008 -14"><span class='ocrx_word' id='word_1_681' title='bbox 536 5332 592 5376; x_wconf 89' lang='lat' dir='ltr'><strong>et</strong></span> <span class='ocrx_word' id='word_1_682' title='bbox 616 5323 856 5390; x_wconf 86' lang='lat' dir='ltr'><strong>Scottus,</strong></span> <span class='ocrx_word' id='word_1_683' title='bbox 887 5323 1228 5382; x_wconf 82' lang='lat' dir='ltr'><strong>Theodosium</strong></span> <span class='ocrx_word' id='word_1_684' title='bbox 1255 5371 1268 5383; x_wconf 93' lang='lat'><strong>.</strong></span> <span class='ocrx_word' id='word_1_685' title='bbox 1299 5369 1311 5382; x_wconf 94' lang='lat'><strong>.</strong></span> <span class='ocrx_word' id='word_1_686' title='bbox 1341 5372 1354 5386; x_wconf 93' lang='lat'><strong>.</strong></span> <span class='ocrx_word' id='word_1_687' title='bbox 1386 5371 1400 5385; x_wconf 95' lang='lat'><strong>.</strong></span> <span class='ocrx_word' id='word_1_688' title='bbox 1423 5331 1696 5386; x_wconf 76' lang='lat' dir='ltr'><strong>subsecuta</strong></span> <span class='ocrx_word' id='word_1_689' title='bbox 1721 5343 1859 5386; x_wconf 87' lang='lat' dir='ltr'><strong>sunt.</strong></span> 
     </span>
    </p>
   </div>
   <div class='ocr_carea' id='block_1_95' title="bbox 613 5393 2130 5473">
    <p class='ocr_par' dir='ltr' id='par_1_95' title="bbox 613 5393 2130 5473">
     <span class='ocr_line' id='line_1_95' title="bbox 613 5393 2130 5473; baseline 0.007 -27"><span class='ocrx_word' id='word_1_690' title='bbox 613 5395 708 5473; x_wconf 31' lang='grc'><strong>15..</strong></span> <span class='ocrx_word' id='word_1_691' title='bbox 735 5393 1054 5473; x_wconf 57' lang='grc' dir='ltr'><strong>ζίειὶῳιεξαι.</strong></span> <span class='ocrx_word' id='word_1_692' title='bbox 1085 5397 1482 5473; x_wconf 64' lang='lat' dir='ltr'><strong>Mss._qttidam,</strong></span> <span class='ocrx_word' id='word_1_693' title='bbox 1507 5404 1845 5473; x_wconf 61' lang='lat' dir='ltr'><strong>praefecerat:</strong></span> <span class='ocrx_word' id='word_1_694' title='bbox 1878 5403 1997 5458; x_wconf 83' lang='lat' dir='ltr'><strong>Mox</strong></span> <span class='ocrx_word' id='word_1_695' title='bbox 2027 5417 2130 5472; x_wconf 84' lang='lat' dir='ltr'><strong>pro</strong></span> 
     </span>
    </p>
   </div>
   <div class='ocr_carea' id='block_1_96' title="bbox 539 5465 2133 5546">
    <p class='ocr_par' dir='ltr' id='par_1_96' title="bbox 539 5465 2133 5546">
     <span class='ocr_line' id='line_1_96' title="bbox 539 5465 2133 5546; baseline 0.006 -28"><span class='ocrx_word' id='word_1_696' title='bbox 539 5467 779 5546; x_wconf 64' lang='lat' dir='ltr'><strong>transiuit</strong></span> <span class='ocrx_word' id='word_1_697' title='bbox 805 5465 940 5523; x_wconf 68' lang='lat' dir='ltr'><strong>mas.</strong></span> <span class='ocrx_word' id='word_1_698' title='bbox 969 5465 1142 5538; x_wconf 84' lang='lat' dir='ltr'><strong>Lugd.</strong></span> <span class='ocrx_word' id='word_1_699' title='bbox 1197 5465 1339 5526; x_wconf 72' lang='lat' dir='ltr'><strong>Batt.</strong></span> <span class='ocrx_word' id='word_1_700' title='bbox 1369 5481 1423 5527; x_wconf 87' lang='lat' dir='ltr'><strong>et</strong></span> <span class='ocrx_word' id='word_1_701' title='bbox 1447 5465 1587 5528; x_wconf 61' lang='grc' dir='ltr'><strong>(ζόη.</strong></span> <span class='ocrx_word' id='word_1_702' title='bbox 1619 5465 1873 5530; x_wconf 69' lang='grc' dir='ltr'><strong>Όωιιον.</strong></span> <span class='ocrx_word' id='word_1_703' title='bbox 1924 5465 2133 5528; x_wconf 73' lang='lat' dir='ltr'><strong>malunt</strong></span> 
     </span>
    </p>
   </div>
   <div class='ocr_carea' id='block_1_97' title="bbox 538 5543 1150 5589">
    <p class='ocr_par' dir='ltr' id='par_1_97' title="bbox 538 5543 1150 5589">
     <span class='ocr_line' id='line_1_97' title="bbox 538 5543 1150 5589; baseline 0.011 -2"><span class='ocrx_word' id='word_1_704' title='bbox 538 5543 768 5589; x_wconf 80' lang='lat' dir='ltr'><strong>transiit.</strong></span> <span class='ocrx_word' id='word_1_705' title='bbox 1147 5561 1150 5564; x_wconf 69' lang='grc'><strong>’</strong></span> 
     </span>
    </p>
   </div>
   <div class='ocr_carea' id='block_1_98' title="bbox 611 5606 2130 5686">
    <p class='ocr_par' dir='ltr' id='par_1_98' title="bbox 611 5606 2130 5686">
     <span class='ocr_line' id='line_1_98' title="bbox 611 5606 2130 5686; baseline 0.006 -26"><span class='ocrx_word' id='word_1_706' title='bbox 611 5606 1047 5686; x_wconf 60' lang='lat' dir='ltr'><strong>lli.__ls‘ugeniunt.</strong></span> <span class='ocrx_word' id='word_1_707' title='bbox 1085 5610 1217 5686; x_wconf 76' lang='lat' dir='ltr'><strong>Mss.</strong></span> <span class='ocrx_word' id='word_1_708' title='bbox 1269 5612 1652 5686; x_wconf 86' lang='lat' dir='ltr'><strong>aliquot,_tum</strong></span> <span class='ocrx_word' id='word_1_709' title='bbox 1698 5614 2030 5686; x_wconf 82' lang='lat' dir='ltr'><strong>Eugenium;</strong></span> <span class='ocrx_word' id='word_1_710' title='bbox 2075 5624 2130 5671; x_wconf 89' lang='lat' dir='ltr'><strong>ct.</strong></span> 
     </span>
    </p>
   </div>
   <div class='ocr_carea' id='block_1_99' title="bbox 534 5676 1675 5757">
    <p class='ocr_par' dir='ltr' id='par_1_99' title="bbox 534 5676 1675 5757">
     <span class='ocr_line' id='line_1_99' title="bbox 534 5676 1675 5757; baseline 0.008 -27"><span class='ocrx_word' id='word_1_711' title='bbox 534 5676 655 5732; x_wconf 86' lang='lat' dir='ltr'><strong>cod.</strong></span> <span class='ocrx_word' id='word_1_712' title='bbox 691 5676 965 5752; x_wconf 64' lang='lat' dir='ltr'><strong>l’eriion.,</strong></span> <span class='ocrx_word' id='word_1_713' title='bbox 996 5680 1268 5753; x_wconf 86' lang='lat' dir='ltr'><strong>etegitque,</strong></span> <span class='ocrx_word' id='word_1_714' title='bbox 1301 5676 1401 5755; x_wconf 73' lang='lat' dir='ltr'><strong>pro</strong></span> <span class='ocrx_word' id='word_1_715' title='bbox 1431 5676 1675 5757; x_wconf 59' lang='lat' dir='ltr'><strong>legitque.</strong></span> 
     </span>
    </p>
   </div>
   <div class='ocr_carea' id='block_1_100' title="bbox 2308 3911 3843 3983">
    <p class='ocr_par' dir='ltr' id='par_1_100' title="bbox 2308 3911 3843 3983">
     <span class='ocr_line' id='line_1_100' title="bbox 2308 3911 3843 3983; baseline -0.003 -11"><span class='ocrx_word' id='word_1_716' title='bbox 2308 3917 2397 3972; x_wconf 83' lang='grc'><strong>17.</strong></span> <span class='ocrx_word' id='word_1_717' title='bbox 2427 3914 2693 3970; x_wconf 78' lang='lat' dir='ltr'><strong>Minimus.</strong></span> <span class='ocrx_word' id='word_1_718' title='bbox 2713 3913 2850 3969; x_wconf 86' lang='lat' dir='ltr'><strong>Edd.</strong></span> <span class='ocrx_word' id='word_1_719' title='bbox 2883 3913 3128 3983; x_wconf 75' lang='lat' dir='ltr'><strong>qumdam</strong></span> <span class='ocrx_word' id='word_1_720' title='bbox 3151 3922 3310 3979; x_wconf 85' lang='lat' dir='ltr'><strong>vett.,</strong></span> <span class='ocrx_word' id='word_1_721' title='bbox 3345 3912 3596 3979; x_wconf 83' lang='lat' dir='ltr'><strong>minimis;</strong></span> <span class='ocrx_word' id='word_1_722' title='bbox 3624 3911 3724 3968; x_wconf 89' lang='lat' dir='ltr'><strong>sed</strong></span> <span class='ocrx_word' id='word_1_723' title='bbox 3757 3922 3843 3969; x_wconf 72' lang='lat' dir='ltr'><strong>est</strong></span> 
     </span>
    </p>
   </div>
   <div class='ocr_carea' id='block_1_101' title="bbox 2235 3985 3526 4055">
    <p class='ocr_par' dir='ltr' id='par_1_101' title="bbox 2235 3985 3526 4055">
     <span class='ocr_line' id='line_1_101' title="bbox 2235 3985 3526 4055; baseline -0.001 -14"><span class='ocrx_word' id='word_1_724' title='bbox 2235 3987 2435 4041; x_wconf 90' lang='lat' dir='ltr'><strong>allusio</strong></span> <span class='ocrx_word' id='word_1_725' title='bbox 2456 3987 2522 4040; x_wconf 89' lang='lat' dir='ltr'><strong>ad</strong></span> <span class='ocrx_word' id='word_1_726' title='bbox 2553 4001 2740 4041; x_wconf 90' lang='lat' dir='ltr'><strong>vocem</strong></span> <span class='ocrx_word' id='word_1_727' title='bbox 2763 3985 3045 4050; x_wconf 78' lang='lat' dir='ltr'><strong>Maximus,</strong></span> <span class='ocrx_word' id='word_1_728' title='bbox 3079 4001 3200 4055; x_wconf 69' lang='lat' dir='ltr'><strong>qua:</strong></span> <span class='ocrx_word' id='word_1_729' title='bbox 3221 3985 3526 4055; x_wconf 64' lang='lat' dir='ltr'><strong>praecessit.</strong></span> 
     </span>
    </p>
   </div>
   <div class='ocr_carea' id='block_1_102' title="bbox 2311 4056 3369 4125">
    <p class='ocr_par' dir='ltr' id='par_1_102' title="bbox 2311 4056 3369 4125">
     <span class='ocr_line' id='line_1_102' title="bbox 2311 4056 3369 4125; baseline -0.003 -13"><span class='ocrx_word' id='word_1_730' title='bbox 2311 4059 2397 4112; x_wconf 83' lang='grc'><strong>18.</strong></span> <span class='ocrx_word' id='word_1_731' title='bbox 2436 4057 2629 4111; x_wconf 78' lang='lat' dir='ltr'><strong>Nixus.</strong></span> <span class='ocrx_word' id='word_1_732' title='bbox 2665 4056 2833 4125; x_wconf 85' lang='lat' dir='ltr'><strong>Lugd.</strong></span> <span class='ocrx_word' id='word_1_733' title='bbox 2867 4056 2985 4110; x_wconf 87' lang='lat' dir='ltr'><strong>Bat.</strong></span> <span class='ocrx_word' id='word_1_734' title='bbox 3024 4066 3172 4117; x_wconf 89' lang='lat' dir='ltr'><strong>tert.,</strong></span> <span class='ocrx_word' id='word_1_735' title='bbox 3205 4058 3369 4109; x_wconf 80' lang='lat' dir='ltr'><strong>nisus.</strong></span> 
     </span>
    </p>
   </div>
   <div class='ocr_carea' id='block_1_103' title="bbox 2310 4125 3837 4197">
    <p class='ocr_par' dir='ltr' id='par_1_103' title="bbox 2310 4125 3837 4197">
     <span class='ocr_line' id='line_1_103' title="bbox 2310 4125 3837 4197; baseline 0 -15"><span class='ocrx_word' id='word_1_736' title='bbox 2310 4127 2397 4184; x_wconf 85' lang='grc'><strong>19.</strong></span> <span class='ocrx_word' id='word_1_737' title='bbox 2434 4126 2737 4183; x_wconf 80' lang='lat' dir='ltr'><strong>Facilitate.</strong></span> <span class='ocrx_word' id='word_1_738' title='bbox 2766 4127 2939 4182; x_wconf 91' lang='lat' dir='ltr'><strong>Minus</strong></span> <span class='ocrx_word' id='word_1_739' title='bbox 2976 4138 3204 4193; x_wconf 87' lang='lat' dir='ltr'><strong>reetum,</strong></span> <span class='ocrx_word' id='word_1_740' title='bbox 3234 4127 3376 4197; x_wconf 86' lang='lat' dir='ltr'><strong>quod</strong></span> <span class='ocrx_word' id='word_1_741' title='bbox 3409 4127 3459 4181; x_wconf 90' lang='lat' dir='ltr'><strong>in</strong></span> <span class='ocrx_word' id='word_1_742' title='bbox 3494 4125 3837 4196; x_wconf 87' lang='lat' dir='ltr'><strong>quibusdam</strong></span> 
     </span>
    </p>
   </div>
   <div class='ocr_carea' id='block_1_104' title="bbox 2236 4199 2920 4267">
    <p class='ocr_par' dir='ltr' id='par_1_104' title="bbox 2236 4199 2920 4267">
     <span class='ocr_line' id='line_1_104' title="bbox 2236 4199 2920 4267; baseline -0.004 -14"><span class='ocrx_word' id='word_1_743' title='bbox 2236 4213 2367 4253; x_wconf 91' lang='lat' dir='ltr'><strong>mss.</strong></span> <span class='ocrx_word' id='word_1_744' title='bbox 2403 4201 2620 4267; x_wconf 85' lang='lat' dir='ltr'><strong>legitur,</strong></span> <span class='ocrx_word' id='word_1_745' title='bbox 2658 4199 2920 4266; x_wconf 81' lang='lat' dir='ltr'><strong>felicitate.</strong></span> 
     </span>
    </p>
   </div>
   <div class='ocr_carea' id='block_1_105' title="bbox 2307 4269 3840 4340">
    <p class='ocr_par' dir='ltr' id='par_1_105' title="bbox 2307 4269 3840 4340">
     <span class='ocr_line' id='line_1_105' title="bbox 2307 4269 3840 4340; baseline -0.001 -15"><span class='ocrx_word' id='word_1_746' title='bbox 2307 4269 2398 4326; x_wconf 69' lang='lat'><strong>‘20.</strong></span> <span class='ocrx_word' id='word_1_747' title='bbox 2433 4271 2560 4325; x_wconf 81' lang='lat' dir='ltr'><strong>Arta</strong></span> <span class='ocrx_word' id='word_1_748' title='bbox 2606 4270 2814 4340; x_wconf 80' lang='lat' dir='ltr'><strong>Alpium</strong></span> <span class='ocrx_word' id='word_1_749' title='bbox 2843 4271 3044 4340; x_wconf 17' lang='lat' dir='ltr'><strong>ilatera.</strong></span> <span class='ocrx_word' id='word_1_750' title='bbox 3090 4270 3217 4325; x_wconf 84' lang='lat' dir='ltr'><strong>Mss.</strong></span> <span class='ocrx_word' id='word_1_751' title='bbox 3263 4269 3432 4338; x_wconf 83' lang='lat' dir='ltr'><strong>Lugd.</strong></span> <span class='ocrx_word' id='word_1_752' title='bbox 3492 4270 3667 4335; x_wconf 84' lang='lat' dir='ltr'><strong>Batt.,</strong></span> <span class='ocrx_word' id='word_1_753' title='bbox 3705 4284 3840 4324; x_wconf 82' lang='lat' dir='ltr'><strong>cum</strong></span> 
     </span>
    </p>
   </div>
   <div class='ocr_carea' id='block_1_106' title="bbox 2234 4339 3839 4410">
    <p class='ocr_par' dir='ltr' id='par_1_106' title="bbox 2234 4339 3839 4410">
     <span class='ocr_line' id='line_1_106' title="bbox 2234 4339 3839 4410; baseline -0.001 -15"><span class='ocrx_word' id='word_1_754' title='bbox 2234 4340 2487 4396; x_wconf 81' lang='lat' dir='ltr'><strong>PerizOn.</strong></span> <span class='ocrx_word' id='word_1_755' title='bbox 2523 4339 2681 4397; x_wconf 75' lang='lat' dir='ltr'><strong>Ultr.</strong></span> <span class='ocrx_word' id='word_1_756' title='bbox 2712 4349 2767 4394; x_wconf 89' lang='lat' dir='ltr'><strong>et</strong></span> <span class='ocrx_word' id='word_1_757' title='bbox 2820 4339 2960 4394; x_wconf 88' lang='lat' dir='ltr'><strong>Cnll.</strong></span> <span class='ocrx_word' id='word_1_758' title='bbox 2993 4341 3256 4405; x_wconf 86' lang='lat' dir='ltr'><strong>Gronov.,</strong></span> <span class='ocrx_word' id='word_1_759' title='bbox 3312 4341 3442 4406; x_wconf 84' lang='lat' dir='ltr'><strong>atta,</strong></span> <span class='ocrx_word' id='word_1_760' title='bbox 3488 4341 3637 4410; x_wconf 88' lang='lat' dir='ltr'><strong>quod</strong></span> <span class='ocrx_word' id='word_1_761' title='bbox 3687 4341 3839 4394; x_wconf 86' lang='lat' dir='ltr'><strong>haud</strong></span> 
     </span>
    </p>
   </div>
   <div class='ocr_carea' id='block_1_107' title="bbox 2236 4411 3840 4482">
    <p class='ocr_par' dir='ltr' id='par_1_107' title="bbox 2236 4411 3840 4482">
     <span class='ocr_line' id='line_1_107' title="bbox 2236 4411 3840 4482; baseline 0.001 -16"><span class='ocrx_word' id='word_1_762' title='bbox 2236 4412 2470 4481; x_wconf 81' lang='lat' dir='ltr'><strong>praefero</strong></span> <span class='ocrx_word' id='word_1_763' title='bbox 2499 4412 2729 4482; x_wconf 72' lang='lat' dir='ltr'><strong>vulgata:</strong></span> <span class='ocrx_word' id='word_1_764' title='bbox 2763 4411 3002 4479; x_wconf 88' lang='lat' dir='ltr'><strong>lectioni,</strong></span> <span class='ocrx_word' id='word_1_765' title='bbox 3031 4412 3156 4482; x_wconf 86' lang='lat' dir='ltr'><strong>quia</strong></span> <span class='ocrx_word' id='word_1_766' title='bbox 3194 4412 3473 4478; x_wconf 86' lang='lat' dir='ltr'><strong>transitus,</strong></span> <span class='ocrx_word' id='word_1_767' title='bbox 3526 4412 3618 4466; x_wconf 91' lang='lat' dir='ltr'><strong>ubi</strong></span> <span class='ocrx_word' id='word_1_768' title='bbox 3673 4422 3840 4467; x_wconf 79' lang='lat' dir='ltr'><strong>erant</strong></span> 
     </span>
    </p>
   </div>
   <div class='ocr_carea' id='block_1_108' title="bbox 2233 4482 2810 4546">
    <p class='ocr_par' dir='ltr' id='par_1_108' title="bbox 2233 4482 2810 4546">
     <span class='ocr_line' id='line_1_108' title="bbox 2233 4482 2810 4546; baseline -0.002 -9"><span class='ocrx_word' id='word_1_769' title='bbox 2233 4485 2389 4546; x_wconf 84' lang='lat' dir='ltr'><strong>arcti,</strong></span> <span class='ocrx_word' id='word_1_770' title='bbox 2415 4482 2738 4536; x_wconf 82' lang='lat' dir='ltr'><strong>occluserat.</strong></span> <span class='ocrx_word' id='word_1_771' title='bbox 2805 4523 2810 4530; x_wconf 84' lang='lat'><strong>.</strong></span> 
     </span>
    </p>
   </div>
   <div class='ocr_carea' id='block_1_109' title="bbox 2307 4553 3574 4620">
    <p class='ocr_par' dir='ltr' id='par_1_109' title="bbox 2307 4553 3574 4620">
     <span class='ocr_line' id='line_1_109' title="bbox 2307 4553 3574 4620; baseline 0.002 -14"><span class='ocrx_word' id='word_1_772' title='bbox 2307 4553 2397 4607; x_wconf 75' lang='lat'><strong>2|.</strong></span> <span class='ocrx_word' id='word_1_773' title='bbox 2437 4553 2527 4617; x_wconf 90' lang='lat' dir='ltr'><strong>Ut,</strong></span> <span class='ocrx_word' id='word_1_774' title='bbox 2556 4553 2774 4608; x_wconf 86' lang='lat' dir='ltr'><strong>etiamsi.</strong></span> <span class='ocrx_word' id='word_1_775' title='bbox 2802 4553 2970 4620; x_wconf 79' lang='lat' dir='ltr'><strong>Lugd.</strong></span> <span class='ocrx_word' id='word_1_776' title='bbox 3000 4554 3138 4608; x_wconf 56' lang='grc' dir='ltr'>[ιλιι.</span> <span class='ocrx_word' id='word_1_777' title='bbox 3175 4563 3305 4617; x_wconf 87' lang='lat' dir='ltr'><strong>tres,</strong></span> <span class='ocrx_word' id='word_1_778' title='bbox 3329 4555 3483 4610; x_wconf 88' lang='lat' dir='ltr'><strong>etiam</strong></span> <span class='ocrx_word' id='word_1_779' title='bbox 3509 4554 3574 4608; x_wconf 85' lang='lat' dir='ltr'><strong>si.</strong></span> 
     </span>
    </p>
   </div>
   <div class='ocr_carea' id='block_1_110' title="bbox 2301 4623 3839 4696">
    <p class='ocr_par' dir='ltr' id='par_1_110' title="bbox 2301 4623 3839 4696">
     <span class='ocr_line' id='line_1_110' title="bbox 2301 4623 3839 4696; baseline 0.003 -19"><span class='ocrx_word' id='word_1_780' title='bbox 2301 4623 2394 4679; x_wconf 69' lang='lat'><strong>&#39;22.</strong></span> <span class='ocrx_word' id='word_1_781' title='bbox 2423 4626 2587 4696; x_wconf 75' lang='lat' dir='ltr'><strong>Signo</strong></span> <span class='ocrx_word' id='word_1_782' title='bbox 2618 4625 2803 4696; x_wconf 73' lang='lat' dir='ltr'><strong>erucis</strong></span> <span class='ocrx_word' id='word_1_783' title='bbox 2844 4625 3062 4696; x_wconf 86' lang='lat' dir='ltr'><strong>signum</strong></span> <span class='ocrx_word' id='word_1_784' title='bbox 3093 4625 3274 4695; x_wconf 77' lang='lat' dir='ltr'><strong>prwlt&#39;o</strong></span> <span class='ocrx_word' id='word_1_785' title='bbox 3325 4626 3482 4680; x_wconf 80' lang='lat' dir='ltr'><strong>dedit.</strong></span> <span class='ocrx_word' id='word_1_786' title='bbox 3520 4625 3672 4694; x_wconf 86' lang='lat' dir='ltr'><strong>Ejeci</strong></span> <span class='ocrx_word' id='word_1_787' title='bbox 3727 4626 3839 4681; x_wconf 78' lang='lat' dir='ltr'><strong>hoc</strong></span> 
     </span>
    </p>
   </div>
   <div class='ocr_carea' id='block_1_111' title="bbox 2231 4694 3839 4767">
    <p class='ocr_par' dir='ltr' id='par_1_111' title="bbox 2231 4694 3839 4767">
     <span class='ocr_line' id='line_1_111' title="bbox 2231 4694 3839 4767; baseline 0.001 -18"><span class='ocrx_word' id='word_1_788' title='bbox 2231 4694 2352 4750; x_wconf 86' lang='lat' dir='ltr'><strong>loco</strong></span> <span class='ocrx_word' id='word_1_789' title='bbox 2384 4694 2772 4767; x_wconf 83' lang='lat' dir='ltr'><strong>ineptissimam</strong></span> <span class='ocrx_word' id='word_1_790' title='bbox 2802 4695 3062 4763; x_wconf 78' lang='lat' dir='ltr'><strong>glossam.</strong></span> <span class='ocrx_word' id='word_1_791' title='bbox 3093 4694 3230 4751; x_wconf 85' lang='lat' dir='ltr'><strong>bene</strong></span> <span class='ocrx_word' id='word_1_792' title='bbox 3291 4697 3524 4766; x_wconf 84' lang='lat' dir='ltr'><strong>longam,</strong></span> <span class='ocrx_word' id='word_1_793' title='bbox 3557 4712 3683 4767; x_wconf 68' lang='lat' dir='ltr'><strong>qua:</strong></span> <span class='ocrx_word' id='word_1_794' title='bbox 3711 4713 3839 4751; x_wconf 84' lang='lat' dir='ltr'><strong>om-</strong></span> 
     </span>
    </p>
   </div>
   <div class='ocr_carea' id='block_1_112' title="bbox 2155 4766 3844 4836">
    <p class='ocr_par' dir='ltr' id='par_1_112' title="bbox 2155 4766 3844 4836">
     <span class='ocr_line' id='line_1_112' title="bbox 2155 4766 3844 4836; baseline 0.001 -16"><span class='ocrx_word' id='word_1_795' title='bbox 2155 4769 2210 4828; x_wconf 90' lang='lat' dir='ltr'><strong>D</strong></span> <span class='ocrx_word' id='word_1_796' title='bbox 2236 4781 2333 4821; x_wconf 91' lang='lat' dir='ltr'><strong>nes</strong></span> <span class='ocrx_word' id='word_1_797' title='bbox 2351 4766 2474 4820; x_wconf 89' lang='lat' dir='ltr'><strong>edd.</strong></span> <span class='ocrx_word' id='word_1_798' title='bbox 2503 4778 2724 4835; x_wconf 83' lang='lat' dir='ltr'><strong>excepta</strong></span> <span class='ocrx_word' id='word_1_799' title='bbox 2743 4766 3080 4834; x_wconf 83' lang='lat' dir='ltr'><strong>Augustana,</strong></span> <span class='ocrx_word' id='word_1_800' title='bbox 3105 4766 3631 4836; x_wconf 85' lang='lat' dir='ltr'><strong>dctttrpahat,atque</strong></span> <span class='ocrx_word' id='word_1_801' title='bbox 3659 4769 3844 4822; x_wconf 85' lang='lat' dir='ltr'><strong>inter-</strong></span> 
     </span>
    </p>
   </div>
   <div class='ocr_carea' id='block_1_113' title="bbox 2235 4837 3840 4908">
    <p class='ocr_par' dir='ltr' id='par_1_113' title="bbox 2235 4837 3840 4908">
     <span class='ocr_line' id='line_1_113' title="bbox 2235 4837 3840 4908; baseline 0 -19"><span class='ocrx_word' id='word_1_802' title='bbox 2235 4843 2638 4908; x_wconf 69' lang='lat' dir='ltr'><strong>punctat&#39;onctn</strong></span> <span class='ocrx_word' id='word_1_803' title='bbox 2673 4840 2724 4889; x_wconf 89' lang='lat' dir='ltr'><strong>in</strong></span> <span class='ocrx_word' id='word_1_804' title='bbox 2760 4838 3192 4901; x_wconf 74' lang='lat' dir='ltr'><strong>pra-cedentibus</strong></span> <span class='ocrx_word' id='word_1_805' title='bbox 3237 4840 3458 4892; x_wconf 85' lang='lat' dir='ltr'><strong>mutavi.</strong></span> <span class='ocrx_word' id='word_1_806' title='bbox 3508 4837 3600 4892; x_wconf 88' lang='lat' dir='ltr'><strong>Sic</strong></span> <span class='ocrx_word' id='word_1_807' title='bbox 3663 4841 3840 4908; x_wconf 80' lang='lat' dir='ltr'><strong>vulgo</strong></span> 
     </span>
    </p>
   </div>
   <div class='ocr_carea' id='block_1_114' title="bbox 2237 4905 3842 4976">
    <p class='ocr_par' dir='ltr' id='par_1_114' title="bbox 2237 4905 3842 4976">
     <span class='ocr_line' id='line_1_114' title="bbox 2237 4905 3842 4976; baseline 0 -13"><span class='ocrx_word' id='word_1_808' title='bbox 2237 4905 2922 4974; x_wconf 76' lang='lat' dir='ltr'><strong>legebatur:Fiduciatiter</strong></span> <span class='ocrx_word' id='word_1_809' title='bbox 2951 4925 3096 4962; x_wconf 88' lang='lat' dir='ltr'><strong>arma</strong></span> <span class='ocrx_word' id='word_1_810' title='bbox 3142 4909 3397 4976; x_wconf 85' lang='lat' dir='ltr'><strong>corripuit</strong></span> <span class='ocrx_word' id='word_1_811' title='bbox 3441 4911 3610 4974; x_wconf 83' lang='lat' dir='ltr'><strong>solus,</strong></span> <span class='ocrx_word' id='word_1_812' title='bbox 3663 4905 3842 4963; x_wconf 47' lang='lat' dir='ltr'><strong>stic—ns</strong></span> 
     </span>
    </p>
   </div>
   <div class='ocr_carea' id='block_1_115' title="bbox 2233 4977 3840 5049">
    <p class='ocr_par' dir='ltr' id='par_1_115' title="bbox 2233 4977 3840 5049">
     <span class='ocr_line' id='line_1_115' title="bbox 2233 4977 3840 5049; baseline -0.001 -16"><span class='ocrx_word' id='word_1_813' title='bbox 2233 4995 2288 5033; x_wconf 91' lang='lat' dir='ltr'><strong>se</strong></span> <span class='ocrx_word' id='word_1_814' title='bbox 2309 4994 2418 5032; x_wconf 85' lang='lat' dir='ltr'><strong>esse</strong></span> <span class='ocrx_word' id='word_1_815' title='bbox 2441 4994 2542 5032; x_wconf 87' lang='lat' dir='ltr'><strong>non</strong></span> <span class='ocrx_word' id='word_1_816' title='bbox 2568 4977 2737 5032; x_wconf 82' lang='lat' dir='ltr'><strong>solum</strong></span> <span class='ocrx_word' id='word_1_817' title='bbox 2763 4979 2914 5049; x_wconf 85' lang='lat' dir='ltr'><strong>signo</strong></span> <span class='ocrx_word' id='word_1_818' title='bbox 2946 4981 3112 5032; x_wconf 75' lang='lat' dir='ltr'><strong>cruris</strong></span> <span class='ocrx_word' id='word_1_819' title='bbox 3139 4980 3404 5046; x_wconf 82' lang='lat' dir='ltr'><strong>tuendum,</strong></span> <span class='ocrx_word' id='word_1_820' title='bbox 3443 4979 3534 5033; x_wconf 82' lang='lat' dir='ltr'><strong>sed</strong></span> <span class='ocrx_word' id='word_1_821' title='bbox 3574 4989 3626 5033; x_wconf 82' lang='lat' dir='ltr'><strong>et</strong></span> <span class='ocrx_word' id='word_1_822' title='bbox 3664 4982 3840 5033; x_wconf 67' lang='lat' dir='ltr'><strong>ricta-</strong></span> 
     </span>
    </p>
   </div>
   <div class='ocr_carea' id='block_1_116' title="bbox 2235 5050 3838 5120">
    <p class='ocr_par' dir='ltr' id='par_1_116' title="bbox 2235 5050 3838 5120">
     <span class='ocr_line' id='line_1_116' title="bbox 2235 5050 3838 5120; baseline -0.001 -16"><span class='ocrx_word' id='word_1_823' title='bbox 2235 5050 2370 5104; x_wconf 84' lang='lat' dir='ltr'><strong>riam</strong></span> <span class='ocrx_word' id='word_1_824' title='bbox 2417 5050 2744 5120; x_wconf 86' lang='lat' dir='ltr'><strong>adepturum,</strong></span> <span class='ocrx_word' id='word_1_825' title='bbox 2792 5052 2943 5120; x_wconf 83' lang='lat' dir='ltr'><strong>signo</strong></span> <span class='ocrx_word' id='word_1_826' title='bbox 2991 5050 3161 5102; x_wconf 79' lang='lat' dir='ltr'><strong>crucis</strong></span> <span class='ocrx_word' id='word_1_827' title='bbox 3211 5067 3267 5104; x_wconf 88' lang='lat' dir='ltr'><strong>se</strong></span> <span class='ocrx_word' id='word_1_828' title='bbox 3309 5051 3561 5115; x_wconf 75' lang='lat' dir='ltr'><strong>amnicus,</strong></span> <span class='ocrx_word' id='word_1_829' title='bbox 3613 5052 3838 5118; x_wconf 75' lang='lat' dir='ltr'><strong>signum</strong></span> 
     </span>
    </p>
   </div>
   <div class='ocr_carea' id='block_1_117' title="bbox 2235 5119 3843 5193">
    <p class='ocr_par' dir='ltr' id='par_1_117' title="bbox 2235 5119 3843 5193">
     <span class='ocr_line' id='line_1_117' title="bbox 2235 5119 3843 5193; baseline 0.001 -19"><span class='ocrx_word' id='word_1_830' title='bbox 2235 5121 2465 5174; x_wconf 74' lang='lat' dir='ltr'><strong>victoria:</strong></span> <span class='ocrx_word' id='word_1_831' title='bbox 2525 5119 2668 5193; x_wconf 75' lang='lat' dir='ltr'><strong>dedit</strong></span> <span class='ocrx_word' id='word_1_832' title='bbox 2702 5163 2748 5193; x_wconf 85' lang='lat'><strong>,_</strong></span> <span class='ocrx_word' id='word_1_833' title='bbox 2787 5119 2853 5172; x_wconf 82' lang='lat' dir='ltr'><strong>ac</strong></span> <span class='ocrx_word' id='word_1_834' title='bbox 2921 5122 3079 5193; x_wconf 71' lang='lat' dir='ltr'><strong>signa</strong></span> <span class='ocrx_word' id='word_1_835' title='bbox 3131 5122 3299 5193; x_wconf 75' lang='lat' dir='ltr'><strong>crucis</strong></span> <span class='ocrx_word' id='word_1_836' title='bbox 3355 5123 3559 5193; x_wconf 79' lang='lat' dir='ltr'><strong>signum</strong></span> <span class='ocrx_word' id='word_1_837' title='bbox 3645 5123 3843 5190; x_wconf 74' lang='lat' dir='ltr'><strong>pra-lio</strong></span> 
     </span>
    </p>
   </div>
   <div class='ocr_carea' id='block_1_118' title="bbox 2235 5189 3841 5257">
    <p class='ocr_par' dir='ltr' id='par_1_118' title="bbox 2235 5189 3841 5257">
     <span class='ocr_line' id='line_1_118' title="bbox 2235 5189 3841 5257; baseline 0 -12"><span class='ocrx_word' id='word_1_838' title='bbox 2235 5193 2396 5255; x_wconf 75' lang='lat' dir='ltr'><strong>dedit,</strong></span> <span class='ocrx_word' id='word_1_839' title='bbox 2459 5199 2565 5245; x_wconf 87' lang='lat' dir='ltr'><strong>etc.</strong></span> <span class='ocrx_word' id='word_1_840' title='bbox 2618 5191 2681 5243; x_wconf 81' lang='lat' dir='ltr'><strong>Et</strong></span> <span class='ocrx_word' id='word_1_841' title='bbox 2737 5189 2872 5257; x_wconf 76' lang='lat' dir='ltr'><strong>hznc,</strong></span> <span class='ocrx_word' id='word_1_842' title='bbox 2926 5189 3113 5246; x_wconf 78' lang='lat' dir='ltr'><strong>invitis</strong></span> <span class='ocrx_word' id='word_1_843' title='bbox 3154 5191 3307 5244; x_wconf 83' lang='lat' dir='ltr'><strong>libris</strong></span> <span class='ocrx_word' id='word_1_844' title='bbox 3359 5189 3613 5244; x_wconf 81' lang='lat' dir='ltr'><strong>omnibus</strong></span> <span class='ocrx_word' id='word_1_845' title='bbox 3648 5189 3841 5254; x_wconf 46' lang='lat' dir='ltr'><strong>mss“</strong></span> 
     </span>
    </p>
   </div>
   <div class='ocr_carea' id='block_1_119' title="bbox 2235 5260 3842 5329">
    <p class='ocr_par' dir='ltr' id='par_1_119' title="bbox 2235 5260 3842 5329">
     <span class='ocr_line' id='line_1_119' title="bbox 2235 5260 3842 5329; baseline 0.001 -15"><span class='ocrx_word' id='word_1_846' title='bbox 2235 5260 2378 5329; x_wconf 85' lang='lat' dir='ltr'><strong>quod</strong></span> <span class='ocrx_word' id='word_1_847' title='bbox 2409 5277 2436 5314; x_wconf 88' lang='lat' dir='ltr'><strong>a</strong></span> <span class='ocrx_word' id='word_1_848' title='bbox 2481 5260 2726 5315; x_wconf 85' lang='lat' dir='ltr'><strong>Fabricio</strong></span> <span class='ocrx_word' id='word_1_849' title='bbox 2777 5275 2882 5313; x_wconf 82' lang='lat' dir='ltr'><strong>non</strong></span> <span class='ocrx_word' id='word_1_850' title='bbox 2915 5261 3081 5316; x_wconf 75' lang='lat' dir='ltr'><strong>fuisse</strong></span> <span class='ocrx_word' id='word_1_851' title='bbox 3142 5261 3577 5316; x_wconf 82' lang='lat' dir='ltr'><strong>animatlversnm</strong></span> <span class='ocrx_word' id='word_1_852' title='bbox 3633 5262 3842 5316; x_wconf 85' lang='lat' dir='ltr'><strong>miror.</strong></span> 
     </span>
    </p>
   </div>
   <div class='ocr_carea' id='block_1_120' title="bbox 2233 5331 3842 5400">
    <p class='ocr_par' dir='ltr' id='par_1_120' title="bbox 2233 5331 3842 5400">
     <span class='ocr_line' id='line_1_120' title="bbox 2233 5331 3842 5400; baseline 0 -14"><span class='ocrx_word' id='word_1_853' title='bbox 2233 5333 2418 5400; x_wconf 80' lang='lat' dir='ltr'><strong>Neque</strong></span> <span class='ocrx_word' id='word_1_854' title='bbox 2444 5331 2694 5386; x_wconf 81' lang='lat' dir='ltr'><strong>Fabricio</strong></span> <span class='ocrx_word' id='word_1_855' title='bbox 2727 5332 2843 5400; x_wconf 89' lang='lat' dir='ltr'><strong>plus</strong></span> <span class='ocrx_word' id='word_1_856' title='bbox 2860 5333 2992 5387; x_wconf 87' lang='lat' dir='ltr'><strong>vidit</strong></span> <span class='ocrx_word' id='word_1_857' title='bbox 3019 5331 3265 5398; x_wconf 78' lang='lat' dir='ltr'><strong>Lantius,</strong></span> <span class='ocrx_word' id='word_1_858' title='bbox 3293 5333 3422 5386; x_wconf 92' lang='lat' dir='ltr'><strong>dum</strong></span> <span class='ocrx_word' id='word_1_859' title='bbox 3452 5331 3519 5383; x_wconf 88' lang='lat' dir='ltr'><strong>ad</strong></span> <span class='ocrx_word' id='word_1_860' title='bbox 3567 5331 3720 5384; x_wconf 82' lang='lat' dir='ltr'><strong>hunc</strong></span> <span class='ocrx_word' id='word_1_861' title='bbox 3756 5332 3842 5386; x_wconf 82' lang='lat' dir='ltr'><strong>lo-</strong></span> 
     </span>
    </p>
   </div>
   <div class='ocr_carea' id='block_1_121' title="bbox 2231 5401 3845 5472">
    <p class='ocr_par' dir='ltr' id='par_1_121' title="bbox 2231 5401 3845 5472">
     <span class='ocr_line' id='line_1_121' title="bbox 2231 5401 3845 5472; baseline -0.001 -16"><span class='ocrx_word' id='word_1_862' title='bbox 2231 5417 2356 5457; x_wconf 89' lang='lat' dir='ltr'><strong>cum</strong></span> <span class='ocrx_word' id='word_1_863' title='bbox 2391 5403 2460 5456; x_wconf 86' lang='lat' dir='ltr'><strong>ita</strong></span> <span class='ocrx_word' id='word_1_864' title='bbox 2489 5401 2712 5456; x_wconf 89' lang='lat' dir='ltr'><strong>scribit:</strong></span> <span class='ocrx_word' id='word_1_865' title='bbox 2753 5417 2775 5472; x_wconf 15' lang='grc' dir='ltr'><strong>«ν</strong></span> <span class='ocrx_word' id='word_1_866' title='bbox 2809 5403 3030 5456; x_wconf 81' lang='lat' dir='ltr'><strong>Addidit</strong></span> <span class='ocrx_word' id='word_1_867' title='bbox 3081 5402 3510 5472; x_wconf 77' lang='lat' dir='ltr'><strong>Marcodutanus</strong></span> <span class='ocrx_word' id='word_1_868' title='bbox 3540 5419 3550 5450; x_wconf 92' lang='lat'>:</span> <span class='ocrx_word' id='word_1_869' title='bbox 3584 5418 3650 5452; x_wconf 87' lang='lat' dir='ltr'><strong>ac</strong></span> <span class='ocrx_word' id='word_1_870' title='bbox 3675 5404 3845 5472; x_wconf 77' lang='lat' dir='ltr'><strong>signa</strong></span> 
     </span>
    </p>
   </div>
   <div class='ocr_carea' id='block_1_122' title="bbox 2233 5471 3844 5543">
    <p class='ocr_par' dir='ltr' id='par_1_122' title="bbox 2233 5471 3844 5543">
     <span class='ocr_line' id='line_1_122' title="bbox 2233 5471 3844 5543; baseline 0.001 -17"><span class='ocrx_word' id='word_1_871' title='bbox 2233 5473 2400 5526; x_wconf 82' lang='lat' dir='ltr'><strong>crucis</strong></span> <span class='ocrx_word' id='word_1_872' title='bbox 2426 5473 2628 5542; x_wconf 82' lang='lat' dir='ltr'><strong>signant</strong></span> <span class='ocrx_word' id='word_1_873' title='bbox 2653 5471 2830 5543; x_wconf 70' lang='lat' dir='ltr'><strong>prndio</strong></span> <span class='ocrx_word' id='word_1_874' title='bbox 2858 5473 3020 5541; x_wconf 75' lang='lat' dir='ltr'><strong>dedit,</strong></span> <span class='ocrx_word' id='word_1_875' title='bbox 3053 5473 3198 5543; x_wconf 81' lang='lat' dir='ltr'><strong>quod</strong></span> <span class='ocrx_word' id='word_1_876' title='bbox 3230 5488 3332 5528; x_wconf 88' lang='lat' dir='ltr'><strong>nec</strong></span> <span class='ocrx_word' id='word_1_877' title='bbox 3373 5474 3430 5526; x_wconf 88' lang='lat' dir='ltr'><strong>in</strong></span> <span class='ocrx_word' id='word_1_878' title='bbox 3455 5471 3652 5527; x_wconf 86' lang='lat' dir='ltr'><strong>Colon.</strong></span> <span class='ocrx_word' id='word_1_879' title='bbox 3685 5471 3844 5536; x_wconf 64' lang='lat' dir='ltr'><strong>erat,</strong></span> 
     </span>
    </p>
   </div>
   <div class='ocr_carea' id='block_1_123' title="bbox 2233 5540 3048 5598">
    <p class='ocr_par' dir='ltr' id='par_1_123' title="bbox 2233 5540 3048 5598">
     <span class='ocr_line' id='line_1_123' title="bbox 2233 5540 3048 5598; baseline -0.004 -1"><span class='ocrx_word' id='word_1_880' title='bbox 2233 5558 2334 5597; x_wconf 87' lang='lat' dir='ltr'><strong>nec</strong></span> <span class='ocrx_word' id='word_1_881' title='bbox 2363 5544 2412 5596; x_wconf 89' lang='lat' dir='ltr'><strong>in</strong></span> <span class='ocrx_word' id='word_1_882' title='bbox 2437 5540 2662 5597; x_wconf 82' lang='lat' dir='ltr'><strong>Materni</strong></span> <span class='ocrx_word' id='word_1_883' title='bbox 2694 5540 2988 5598; x_wconf 89' lang='lat' dir='ltr'><strong>codicibus.</strong></span> <span class='ocrx_word' id='word_1_884' title='bbox 3011 5540 3048 5594; x_wconf 54' lang='grc'><strong>⁷»</strong></span> 
     </span>
    </p>
   </div>
   <div class='ocr_carea' id='block_1_124' title="bbox 2302 5611 3845 5684">
    <p class='ocr_par' dir='ltr' id='par_1_124' title="bbox 2302 5611 3845 5684">
     <span class='ocr_line' id='line_1_124' title="bbox 2302 5611 3845 5684; baseline 0.001 -18"><span class='ocrx_word' id='word_1_885' title='bbox 2302 5615 2392 5667; x_wconf 77' lang='grc'><strong>25.</strong></span> <span class='ocrx_word' id='word_1_886' title='bbox 2418 5613 2662 5684; x_wconf 77' lang='lat' dir='ltr'><strong>Arbitrio.</strong></span> <span class='ocrx_word' id='word_1_887' title='bbox 2726 5611 2865 5669; x_wconf 82' lang='lat' dir='ltr'><strong>Edd.</strong></span> <span class='ocrx_word' id='word_1_888' title='bbox 2925 5621 3062 5684; x_wconf 85' lang='lat' dir='ltr'><strong>Aug.</strong></span> <span class='ocrx_word' id='word_1_889' title='bbox 3120 5623 3175 5668; x_wconf 88' lang='lat' dir='ltr'><strong>et</strong></span> <span class='ocrx_word' id='word_1_890' title='bbox 3217 5614 3340 5669; x_wconf 75' lang='lat' dir='ltr'><strong>alia:</strong></span> <span class='ocrx_word' id='word_1_891' title='bbox 3388 5612 3845 5684; x_wconf 63' lang='lat' dir='ltr'><strong>qttaedatirvctt.</strong></span> 
     </span>
    </p>
   </div>
   <div class='ocr_carea' id='block_1_125' title="bbox 2232 5683 3844 5758">
    <p class='ocr_par' dir='ltr' id='par_1_125' title="bbox 2232 5683 3844 5758">
     <span class='ocr_line' id='line_1_125' title="bbox 2232 5683 3844 5758; baseline 0.002 -22"><span class='ocrx_word' id='word_1_892' title='bbox 2232 5697 2354 5758; x_wconf 72' lang='lat' dir='ltr'><strong>cum</strong></span> <span class='ocrx_word' id='word_1_893' title='bbox 2375 5698 2509 5738; x_wconf 88' lang='lat' dir='ltr'><strong>mss.</strong></span> <span class='ocrx_word' id='word_1_894' title='bbox 2538 5683 2814 5758; x_wconf 53' lang='lat' dir='ltr'><strong>Paridem,</strong></span> <span class='ocrx_word' id='word_1_895' title='bbox 2847 5683 3031 5754; x_wconf 70' lang='lat' dir='ltr'><strong>Lugd.</strong></span> <span class='ocrx_word' id='word_1_896' title='bbox 3057 5685 3176 5740; x_wconf 78' lang='lat' dir='ltr'><strong>But.</strong></span> <span class='ocrx_word' id='word_1_897' title='bbox 3211 5696 3362 5755; x_wconf 85' lang='lat' dir='ltr'><strong>tert.,</strong></span> <span class='ocrx_word' id='word_1_898' title='bbox 3390 5685 3618 5750; x_wconf 81' lang='lat' dir='ltr'><strong>Arbitio;</strong></span> <span class='ocrx_word' id='word_1_899' title='bbox 3653 5683 3844 5758; x_wconf 77' lang='lat' dir='ltr'><strong>Lugd.</strong></span> 
     </span>
    </p>
   </div>
   <div class='ocr_carea' id='block_1_126' title="bbox 2233 5751 2771 5826">
    <p class='ocr_par' dir='ltr' id='par_1_126' title="bbox 2233 5751 2771 5826">
     <span class='ocr_line' id='line_1_126' title="bbox 2233 5751 2771 5826; baseline -0.002 -17"><span class='ocrx_word' id='word_1_900' title='bbox 2233 5753 2350 5811; x_wconf 78' lang='lat' dir='ltr'><strong>Bal.</strong></span> <span class='ocrx_word' id='word_1_901' title='bbox 2374 5769 2482 5811; x_wconf 88' lang='lat' dir='ltr'><strong>sec.</strong></span> <span class='ocrx_word' id='word_1_902' title='bbox 2495 5798 2510 5826; x_wconf 88' lang='lat'><strong>,</strong></span> <span class='ocrx_word' id='word_1_903' title='bbox 2543 5751 2771 5808; x_wconf 73' lang='lat' dir='ltr'><strong>Arbitio.</strong></span> 
     </span>
    </p>
   </div>
  </div>
