2038 3087
103 143 173 172 1155

101 201 218 235 partium
234 207 342 228 comes:
359 199 404 235 qui
420 207 481 228 cum
505 200 627 236 ignarum
644 202 835 237 imperatorem
849 201 902 229 cir-

101 248 259 282 cumpositis
273 248 429 282 excepis:ct
453 247 572 280 insidiis,
597 256 748 275 conversus
763 248 796 275 ad
822 255 899 275 reve-

103 294 219 322 rentiam
233 295 376 329 pra-sentis
389 293 513 329 Augusd,
526 301 580 321 non
595 294 683 321 solum
699 294 820 329 periculo
832 294 900 321 libe-

103 341 184 376 ravit,
200 348 294 369 verum
308 341 389 368 etiam
412 340 542 368 instruxit
559 341 671 369 auxilio.
697 343 732 368 At
757 341 801 368 ubi
818 340 840 356 ³⁵
866 340 899 368 ad

102 388 228 423 contigua
255 387 406 415 miscenda:
432 395 528 422 pugnae
551 387 636 421 spatia
654 392 817 422 perventum
846 391 899 420 est,

102 434 233 463 continuo
244 441 357 469 magnus
368 433 412 461 ille
427 437 455 461 et
468 432 612 461 inell‘abilis
624 434 704 461 turbo
715 439 857 461 ventorum
872 433 899 461 iu

102 489 151 510 ora
162 480 282 509 hostium
291 480 355 508 ruit.
367 479 535 507 Ferebantur
546 480 569 495 ’⁵
578 487 625 514 per
634 487 695 507 aera
707 479 809 514 spicula
817 480 899 506 missa

102 528 125 543 ’θ
138 532 294 555 nostrorum
311 534 402 559 manu,
426 530 507 561 atque
528 526 598 553 ultra
620 533 772 553 mensuram
789 525 899 552 humani

102 573 219 609 "jactus
229 573 251 589 ’³
261 581 308 608 per
323 580 449 608 magnum
465 572 544 599 inane
557 576 673 607 portata,
689 579 821 606 nusquam
838 578 900 605 pro-

101 620 248 656 pemodum
262 619 371 653 cadere,
393 619 549 654 priusquam
567 618 759 654 impingerent,
775 618 900 646 sineban-

100 672 155 695 tur.
172 667 260 694 Porro
281 671 370 694 autem
396 666 475 694 turbo
494 667 637 693 continuus
664 673 712 692 ora
736 669 900 700 pectoraque

101 712 250 740 hostium"9
265 720 336 740 nunc
350 712 428 739 illisis
443 711 561 745 graviter
576 711 662 738 scutis
675 710 698 726 ³⁰
709 710 898 742 everberabal,

102 758 180 794 561
196 765 267 786 nunc
278 757 418 793 impressis
432 757 607 792 pertinaciter
618 756 782 784 “obstructa
792 756 900 783 claude-

101 804 183 837 bat,”
197 803 515 832 nuncavulsisvioienter
522 803 650 830 destituta
658 801 788 834 nudabat,
799 801 899 830 33nunc

100 849 344 885 oppositisjugiter
358 849 385 876 ill
402 853 478 884 terga
492 848 619 876 trudebat
635 857 641 874 :
658 848 710 875 tela
722 848 822 881 etiam,
840 856 900 882 quae

100 895 153 931 ipsi
165 895 342 924 vehementer
352 895 528 927 intorserant,
541 899 653 929 excepta
665 894 753 922 ventis
763 894 785 909 ³⁸
798 894 899 929 impetu

100 944 240 978 supinata,
256 951 288 971 ac
302 947 451 971 retrorsum
467 947 560 970 coacta
575 942 649 977 ipsos
665 941 810 969 infeliciter
829 949 897 969 con-

101 989 233 1024 ﬁgebant.
251 989 395 1024 Prospein
408 988 460 1016 sibi
474 988 599 1015 humana:
610 987 785 1015 conscientiae
798 995 896 1022 pavor:

99 1044 163 1065 nam
175 1037 306 1064 continuo
317 1044 394 1070 sese,
407 1043 488 1071 parva
502 1043 612 1063 suorum
626 1043 707 1062 manu
720 1034 789 1067 fusa,
800 1034 898 1063 victori

100 1082 256 1111 Theodosio
282 1082 390 1110 hostilis
413 1081 560 1116 prostravit
587 1081 737 1109 exercitus.
763 1081 898 1116 Eugenius

101 1134 196 1164 captus
218 1134 300 1164 atque
325 1129 486 1157 interfectus
504 1132 556 1157 est.
582 1128 746 1163 Arbogastes
761 1128 784 1144 3"
796 1136 844 1156 sua
869 1137 898 1157 se

101 1184 183 1203 manu
200 1175 325 1211 perculit.
347 1175 384 1202 lla
405 1179 432 1202 et
451 1175 495 1202 hic
508 1175 623 1202 duorum
645 1175 777 1210 sanguine
797 1175 899 1202 bellum

101 1222 182 1251 civile
196 1222 219 1238 ³⁵
235 1223 396 1250 restinctum
410 1225 467 1257 cst,
484 1222 587 1258 absque
605 1221 658 1250 illis
670 1221 764 1250 decem
781 1223 900 1251 millibus

587 142 824 173 lllSTORlAllUM
846 142 949 171 LIBER
970 142 1027 171 Vll.
1047 142 1124 171 CAP.
1147 143 1259 171 XXXV.

1682 143 1751 173 1154

915 207 941 237 Α
954 199 1108 227 Gothorum
1122 219 1130 232 ,
1151 206 1235 234 quos,
1255 196 1410 233 praemissos
1438 204 1454 224 a
1480 197 1644 232 Theodosio,
1662 199 1752 227 Arbo—

953 252 1044 282 gastcs
1058 247 1166 274 delesse
1190 245 1310 274 funditus
1335 246 1430 280 fertur,
1457 253 1525 281 quos
1551 245 1643 282 utique
1663 246 1754 281 perdi-

955 292 1029 320 disse.
1043 293 1148 320 lucrum
1164 296 1192 320 et
1208 291 1279 319 vinci
1296 290 1407 319 vincere
1424 290 1486 318 fuit.
1502 290 1560 318 Non
1585 291 1686 318 insulto
1701 292 1753 319 ob-

952 339 1144 367 trectatoribus
1162 338 1271 366 nostris.
1285 337 1374 366 Unum
1390 337 1500 373 aliquod
1523 337 1557 365 ab
1580 337 1658 365 initio
1674 337 1753 366 Urbis

951 386 1069 413 condita:
1088 385 1191 413 bellum
1208 384 1365 420 proferant,
1382 388 1435 411 tam
1450 384 1492 419 pia
1507 384 1670 413 necessitate
1688 392 1751 412 sus-

952 436 1077 466 ceptum,
1100 436 1153 459 tant
1174 432 1265 459 divina
1282 431 1410 459 felicitate
1425 431 1597 464 confectum,
1620 436 1675 458 tam
1695 432 1751 460 cle-

952 477 1037 505 menti
1051 478 1218 512 benignitate
1239 477 1373 513 sopitum,
1399 477 1443 504 ubi
1465 484 1515 504 nec
1540 484 1626 512 pugna
1642 484 1751 512 gravem

952 524 1070 557 caedent,
1091 531 1140 552 nec
1163 524 1279 552 victoria
1297 527 1438 552 cruentam
1462 523 1582 558 exegerit
1596 523 1727 551 ultionem
1744 533 1751 552 :

953 575 981 599 ct
994 571 1110 599 fortasse
1134 571 1283 599 concedam
1297 591 1305 604 ,
1319 575 1349 598 ut
1371 579 1424 599 non
1449 571 1508 599 hmc
1525 570 1587 598 lidci
1600 571 1751 599 Christiani

952 617 1030 645 ducis
1044 625 1174 645 concessa
1200 617 1355 650 videantur,
1379 617 1502 652 quamvis
1522 624 1574 652 ego
1596 616 1649 645 hoc
1674 617 1752 645 testi-

954 663 1045 691 monio
1068 671 1122 690 non
1146 663 1280 697 laborem,
1295 663 1404 698 quando
1427 670 1496 690 unus
1510 670 1543 690 ex
1567 662 1634 697 ipsis
1648 684 1655 696 ,
1673 667 1752 698 poeta

952 709 1062 743 quidem
1080 709 1213 742 eximius,
1239 709 1287 737 sed
1317 716 1437 744 paganus
1457 708 1692 743 pervicacissimus
1706 730 1713 742 ,
1729 709 1751 724 ³⁷

953 754 1108 790 huiusmodi
1135 755 1258 783 versibus
1275 760 1303 783 et
1321 756 1378 783 Deo
1392 758 1421 783 et
1441 754 1546 783 homini
1566 755 1753 783 testimonium

955 800 1030 836 tulit,
1048 801 1145 837 quibus
1159 801 1217 829 ait:
1579 815 1604 837 ιε

1016 891 1036 922 9
1048 891 1146 922 nimium
1159 890 1251 916 dilecte
1264 890 1332 916 Deo!
1347 891 1369 907 ³⁸
1382 891 1427 916 tibi
1440 891 1529 916 militat
1540 890 1630 922 aether,

1015 920 1047 946 Et
1058 921 1176 952 conjurati
1188 923 1290 947 veniunt
1302 922 1331 946 ad
1343 922 1445 947 classica
1457 923 1533 949 venti.

916 906 939 936 B

954 994 1035 1031 562
1050 995 1089 1023 Ita
1100 995 1207 1024 ccelitus
1219 995 1368 1031 judicatum
1384 1000 1426 1024 est
1446 996 1517 1025 inter
1533 1000 1636 1032 partem
1647 1017 1654 1028 .
1670 996 1751 1025 etiam

954 1043 1014 1069 sine
1030 1042 1158 1077 praesidio
1175 1041 1316 1070 hominum
1333 1042 1367 1070 de
1384 1043 1443 1070 solo
1459 1043 1514 1071 Deo
1529 1043 1667 1071 humiliter
1688 1050 1751 1078 spe-

953 1093 1057 1116 rantem
1070 1109 1077 1122 ,
1093 1093 1121 1116 et
1138 1093 1242 1124 partem
1265 1090 1488 1125 arrogantissime
1512 1090 1546 1117 de
1561 1090 1666 1117 viribus
1685 1089 1753 1122 suis,

954 1139 983 1162 et
1006 1135 1042 1162 de
1064 1134 1145 1162 idolis
1171 1139 1393 1170 prtesumentem.
1408 1135 1429 1152 ³³
1444 1135 1614 1163 Theodosius
1638 1140 1727 1162 autern
1742 1155 1751 1168 ,

951 1181 1102 1215 composita
1117 1181 1346 1217 lranquillalaque
1366 1181 1517 1216 republica,
1531 1181 1601 1216 apud
1622 1181 1751 1209 Mediola-

952 1235 1016 1255 num
1030 1228 1214 1263 conslitutus,
1233 1229 1306 1257 diem
1322 1228 1401 1257 obiit.

743 1314 969 1345 HAVERCAMPI
988 1317 1106 1347 NOTJE.

136 1396 182 1423 Ἡ.
200 1394 240 1422 Ad
267 1395 388 1430 contigua
413 1394 552 1421 miscenth
566 1401 665 1430 pugna},
686 1394 781 1429 spatia.
797 1394 834 1422 lla
851 1395 900 1423 Pe-

101 1432 188 1459 rizon.
204 1436 231 1459 et
244 1429 405 1467 Lllgdﬁliat.
419 1434 482 1457 tert.
492 1437 553 1467 cum
565 1430 635 1467 Coll.
649 1429 770 1467 Gronov.
788 1430 897 1467 Vulgg.,

100 1467 277 1498 imuiscendw;
295 1466 416 1493 Florenl.
428 1472 497 1499 sec.,
515 1466 541 1492 in
552 1466 673 1492 continua
689 1466 861 1493 inmiscenda.

135 1502 181 1529 25.
197 1502 250 1528 Per
263 1510 337 1529 aera.
354 1502 400 1528 Sic
415 1501 518 1528 malunt
532 1508 598 1528 mss.
614 1508 693 1535 quam
710 1509 805 1528 aerem.

136 1538 182 1565 26.
200 1538 356 1564 Nostrorum
383 1545 471 1563 manu.
509 1536 585 1563 llaud
611 1536 741 1564 inutiliter
760 1541 897 1571 postrema

100 1581 168 1602 voce
180 1581 292 1601 sensum
308 1577 389 1607 auget
403 1571 462 1599 cod.
482 1571 619 1605 Pcrizon.,
635 1578 650 1598 a
663 1572 754 1607 vulgg.
772 1572 859 1600 abest.

137 1609 182 1636 27.
194 1609 297 1636 lactus.
312 1608 426 1641 Quidam
441 1614 521 1639 mss.,
533 1607 609 1635 ictus.

136 1645 183 1672 28.
200 1644 251 1671 Per
262 1652 385 1680 magnum
410 1643 489 1670 inane
504 1648 616 1680 portata.
631 1642 728 1680 Colon.
753 1648 785 1680 let
811 1643 894 1671 editi:

101 1688 181 1706 manu
201 1680 228 1706 in
244 1678 455 1713 aere‘reportata,
470 1679 617 1712 exquibus
641 1678 732 1714 verbis
753 1678 896 1714 legendum

103 1715 170 1744 illud
186 1716 280 1749 collegi
297 1724 303 1741 :
321 1715 343 1742 si
355 1714 434 1748 male,
452 1713 568 1741 aliorum
581 1718 641 1741 esto
651 1713 794 1749 judicium.
810 1715 897 1742 Laur.

101 1766 139 1772 —
149 1751 219 1778 Editi
237 1755 301 1779 vett.
316 1757 581 1785 omnes,omnesque
588 1757 656 1784 quos
668 1749 803 1785 consului,
819 1759 897 1785 mss.,

102 1794 292 1823 permagnum
317 1787 395 1823 inane
416 1788 519 1823 portato
541 1786 681 1823 exhibent.
704 1784 780 1823 unde
801 1788 897 1820 miror,

103 1820 175 1850 unde
187 1820 324 1849 Fabricius
337 1827 366 1849 et
377 1820 489 1857 Scottus
510 1821 627 1848 habeant
638 1828 716 1847 manu
731 1820 757 1847 in
770 1828 828 1849 aere
843 1823 900 1857 (sic

101 1858 175 1886 enim
190 1857 259 1892 apud
274 1857 334 1884 illos
349 1856 458 1891 legitur)
476 1861 589 1891 portata.

138 1893 183 1921 29.
197 1892 274 1920 Nunc
298 1892 372 1919 illisis
397 1892 508 1927 graviter
533 1893 620 1920 scutis.
638 1892 678 1920 lta
701 1899 809 1927 omnes,
832 1901 900 1927 quos

102 1927 238 1959 consului,
254 1935 319 1955 mss.
329 1948 336 1960 ,
354 1932 383 1954 ut
396 1931 423 1955 et
438 1927 482 1955 ed.
496 1928 582 1963 Aug.;
597 1933 624 1956 at
635 1928 738 1963 vulggu
754 1937 821 1955 nunc
834 1929 898 1963 illis,

101 1964 174 2000 quod
188 1963 417 2000 valdedisplicet.

138 2000 183 2027 30.
200 1998 385 2026 Evcrberalml.
402 1998 466 2025 Mss.
480 1998 601 2034 quidam,
614 2000 773 2027 verberabat.

139 2036 183 2063 51.
201 2034 340 2062 Obstructa
355 2034 499 2061 claudebat.
522 2035 626 2063 Sensus
640 2041 700 2069 est,
719 2034 825 2063 turbine
847 2035 900 2063 isto

100 2071 242 2099 nonnullis
257 2079 290 2098 ex
315 2070 433 2097 hostium
450 2077 564 2098 numero
587 2075 663 2099 scuta
688 2076 742 2098 tam
764 2071 901 2098 violenter

100 2107 134 2134 ad
149 2111 255 2141 pectora
271 2111 352 2141 atque
375 2113 421 2132 ora
444 2106 577 2139 impressa
593 2107 686 2141 fuisse,
705 2110 735 2134 ut
747 2106 791 2133 vix
807 2106 898 2141 respi-

100 2142 181 2171 randi
195 2142 323 2169 dederint
339 2141 506 2169 facultatem.

139 2178 184 2205 5'2.
207 2177 285 2205 Nunc
309 2177 414 2204 avulsis.
430 2177 497 2204 Cum
525 2177 630 2205 scilicet
652 2177 758 2205 turbine
784 2185 857 2205 stcvo
884 2184 900 2205 e

100 2213 231 2241 manibus
243 2213 424 2247 eriperentur,
439 2212 481 2239 vel
497 2212 534 2239 ita
550 2213 770 2246 reﬂecterentur,
785 2218 814 2240 ut
828 2212 899 2240 nuda

100 2249 195 2277 hOslcs
209 2248 364 2276 vulneribus
379 2255 426 2275 ora
442 2249 607 2282 praeberent.

953 1397 987 1437 Et
1003 1397 1038 1425 ita
1052 1398 1163 1437 quidem
1178 1399 1305 1437 leguntur
1318 1400 1353 1437 illi
1368 1408 1464 1429 versus
1486 1400 1557 1437 apud
1570 1400 1749 1430 Claudianuln

952 1432 1042 1473 de_l_rl_
1054 1432 1196 1473 consulatu
1205 1432 1334 1473 'llonorii
1357 1444 1397 1473 vs.
1414 1436 1467 1470 96,
1484 1432 1537 1464 nisi
1552 1437 1625 1473 quod
1645 1437 1680 1466 ibi
1700 1445 1750 1473 pro

952 1469 1020 1504 fudit
1035 1470 1063 1498 in
1078 1471 1132 1498 line
1145 1478 1240 1499 versus
1254 1472 1333 1506 primi
1347 1493 1354 1506 ,
1371 1472 1426 1500 sit:

1279 1561 1322 1588 Cui
1334 1561 1413 1587 fundit
1426 1562 1456 1587 ab
1467 1563 1552 1592 antris.
1566 1565 1615 1588 etc.

913 1608 935 1640 C

950 1645 1063 1674 Orosius
1080 1650 1170 1674 tamen
1186 1646 1252 1674 mihi
1267 1647 1374 1675 videtur
1393 1647 1515 1676 noluisse
1532 1647 1676 1675 admittere
1690 1655 1751 1682 pro-

950 1687 1020 1719 pler_
1031 1683 1197 1710 mentionem
1226 1682 1320 1717 Eoli,
1343 1683 1387 1711 dei
1412 1684 1524 1719 pagani,
1545 1684 1670 1718 adeoque
1686 1691 1752 1711 con-

951 1717 1068 1754 traxisse
1083 1725 1190 1745 versus.
1207 1718 1276 1745 Sunt
1291 1726 1359 1746 mss.
1374 1717 1519 1754 inquibus
1536 1717 1636 1753 legitur
1655 1719 1688 1746 ad
1703 1720 1753 1746 Itu-

951 1753 1060 1790 millima
1073 1753 1182 1780 classica
1196 1754 1263 1781 venti
1272 1775 1279 1788 ,
1297 1761 1329 1782 ex
1351 1753 1448 1790 quibus
1464 1762 1516 1782 vox
1532 1755 1610 1790 prior
1625 1762 1659 1783 ex
1676 1755 1750 1782 varia

951 1788 1069 1815 lectione
1087 1795 1150 1816 nata
1166 1793 1218 1817 est.

987 1824 1040 1860 59L
1060 1824 1218 1852 Theodosius
1238 1829 1336 1852 autem.
1369 1825 1593 1853 Victoriosissimi
1620 1825 1701 1860 hujus
1724 1830 1753 1854 ct

951 1858 1247 1888 vercCllrislianissimi
1257 1860 1431 1895 imperatoris
1443 1861 1578 1895 subjicere
1588 1858 1663 1888 lubet
1673 1869 1752 1888 num-

952 1902 1025 1931 mum
1041 1902 1154 1931 aureum
1167 1915 1174 1928 ,
1191 1896 1235 1930 qlli
1251 1896 1387 1931 quondam
1402 1896 1506 1931 exstitit
1519 1896 1546 1923 in
1558 1903 1652 1923 mllseo
1664 1897 1750 1924 Marc-

952 1929 1043 1969 hiailo.
1058 1930 1084 1957 In
1100 1934 1176 1965 parte
1188 1931 1248 1965 ejus
1260 1929 1398 1969 anteriore
1416 1930 1537 1959 cernitur
1554 1931 1645 1969 imago
1660 1931 1749 1969 Theo-

951 1966 1022 1993 dosii
1038 1970 1150 2000 pectore
1173 1970 1264 2000 tenus,
1282 1966 1377 1994 destra
1402 1974 1500 1994 manus
1520 1967 1666 2001 spiculum,
1683 1967 1749 1995 laeva

952 2001 1077 2037 clypeum
1088 2022 1095 2034 ,
1110 2002 1244 2036 equestris
1265 2002 1449 2036 expeditionis
1464 2007 1527 2037 typo
1544 2003 1690 2038 signatum,
1708 2008 1750 2030 tc-

952 2042 1014 2069 net;
1031 2042 1126 2071 pectus
1141 2038 1271 2070 thorace,
1297 2042 1379 2072 caput
1400 2042 1536 2073 gemmata
1557 2038 1664 2065 casside
1684 2039 1751 2073 tegi-

953 2077 1006 2104 tur,
1033 2072 1162 2100 scribitur
1181 2073 1207 2100 in
1228 2073 1362 2101 circuitu:
1381 2072 1507 2100 Dominus
1531 2073 1623 2101 Noster
1643 2072 1751 2101 THEO-

952 2107 1075 2135 DUSIUS
1088 2108 1149 2135 l’ius
1164 2108 1239 2135 Felix
1251 2108 1409 2136 AVGustlts.
1423 2109 1464 2136 Ab
1478 2109 1564 2137 altera
1579 2113 1656 2143 parte
1674 2110 1752 2137 sedet

951 2143 1025 2179 l\'ova
1041 2143 1127 2171 Roma
1142 2153 1147 2169 :
1160 2144 1194 2170 ad
1211 2145 1303 2178 pedes,
1327 2145 1472 2172 maritiuue
1496 2145 1625 2179 potentia:
1640 2145 1751 2179 symbo-

952 2178 1019 2211 hun,
1036 2186 1115 2213 prora
1128 2179 1196 2206 ratis
1210 2187 1271 2206 cum
1287 2180 1474 2213 gubernaculo
1486 2178 1670 2214 conspicitur;
1686 2180 1752 2207 dex-

952 2218 992 2240 lra
1018 2214 1140 2250 haslam,
1161 2214 1228 2250 Leva
1248 2214 1440 2250 lvictoriolatn,
1466 2215 1547 2250 globo
1572 2215 1746 2250 impositam,

952 2254 1037 2276 tenet.
1063 2248 1215 2277 Concordia
1231 2249 1377 2277 Theodosii
1392 2255 1421 2277 et
1444 2248 1552 2278 Arcadii
1576 2248 1628 2277 hac
1650 2250 1749 2277 inscri-

138 2286 182 2326 βδε
192 2283 898 2329 :‘i'fl'E9PP9’EQ§:,9}'29‘¥{_‘PFF°'P_‘£‘!P_“?FP‘Pili“?
914 2299 938 2329 ι)
952 2284 1207 2329 ριξῖξηεξὲθμάιιιιετι
1221 2285 1418 2329 (ξρξλςοιιυμιᾼ
1440 2285 1642 2329 www-
1666 2285 1751 2329 ltuit-

100 2328 117 2348 a
131 2320 202 2348 [acie
214 2320 331 2353 vellent,
345 2319 509 2354 opponendo
523 2324 600 2346 scuta
610 2339 617 2351 ,
632 2319 726 2347 eadem
742 2321 767 2346 vi
784 2320 899 2347 turbinis

100 2357 130 2420 in
148 2361 224 2391 terga
239 2356 482 2391 prosternebantur
497 2354 594 2382 iisdem
611 2355 711 2382 milites
722 2375 730 2388 ,
747 2356 793 2390 qui
808 2360 900 2390 gesta-

122 2396 178 2419 ant.

138 2428 182 2455 54.
204 2427 310 2463 lmpt-lu
330 2427 462 2462 supinata.
479 2426 602 2454 Florent.
625 2425 695 2459 duo,
711 2426 809 2460 impetu
829 2426 903 2461 supi-

101 2468 172 2491 nato.

137 2499 182 2527 55.
200 2499 257 2527 Sua
279 2507 306 2526 se
325 2506 413 2526 manu.
436 2497 502 2526 Mss.
517 2498 636 2533 aliquot,
659 2506 708 2525 sua
734 2505 788 2525 sese
801 2505 881 2524 manu
894 2517 902 2532 ,

98 2534 143 2563 vel
156 2543 210 2562 sese
222 2543 269 2561 sua
282 2542 371 2561 manu.

136 2571 182 2599 56.
196 2570 357 2598 Restiuctum
369 2574 415 2596 est.
430 2569 515 2605 Lugd.
528 2569 588 2598 Bat.
601 2576 656 2604 pr.,
669 2569 824 2605 exstinctum
838 2568 899 2604 (sed

99 2606 313 2641 superscribitur
326 2605 493 2637 restiuetum)
514 2609 561 2633 est.
585 2605 653 2633 Edd.
679 2604 804 2640 quietiam
817 2609 898 2637 vett.,

99 2643 251 2669 restrictum
265 2646 312 2668 est.

199 2677 361 2713 Ilujusntodi
385 2677 510 2705 versibus.
536 2676 601 2705 Mss.
624 2676 743 2712 aliquot,
770 2676 898 2712 ejusmodi

136 2722 144 2738 Γ
164 2722 195 2740 τε.

98 2721 195 2741 verbis.

137 2749 181 2777 38.
199 2748 258 2776 Tibi
273 2748 367 2776 militat
381 2749 471 2776 tet/ter.
488 2748 517 2776 In
532 2749 598 2777 edit.
613 2749 771 2784 Allgustana
786 2747 846 2776 haec
859 2747 898 2776 le-

97 2790 214 2821 guntur:

163 2842 184 2868 Ο
194 2843 306 2867 nimirum
315 2842 406 2867 dilecte
418 2841 481 2872 Deo,
495 2843 535 2867 cui
545 2842 606 2868 ludit
616 2842 647 2868 ab
659 2841 732 2867 astris

163 2874 247 2899 lEolus
258 2876 363 2898 armatas
375 2874 481 2903 hiemes,
494 2874 538 2898 tibi
550 2874 637 2899 militat
649 2873 739 2905 aether,

162 2905 194 2931 Et
204 2905 321 2937 coniurati
332 2906 436 2931 veniunt
447 2905 477 2930 ad
488 2904 587 2931 classica
600 2905 677 2931 venti.

952 2327 1028 2354 ntus,
1040 2325 1068 2347 ιιι
1082 2328 1115 2348 ex
1130 2321 1330 2356 subscriptione
1344 2327 1437 2357 patet,
1453 2320 1694 2357 Constantinopoli
1712 2321 1748 2349 si-

953 2361 1050 2392 gnatus
1064 2361 1116 2384 est.

1458 2619 1529 2631 _/"

1165 2655 1250 2693 ,δέ
1399 2656 1436 2698 (/6
1446 2656 1466 2682 ὦ
1478 2644 1516 2681 FQ

1182 2724 1190 2733 ι
1456 2751 1457 2758 γ
1487 2727 1610 2762 vw‘Jé/“l

1127 2750 1196 2790 ἓν
1293 2762 1333 2783 ea
1392 2749 1538 2788 t‘é'l‘lr,»

1133 2781 1199 2814 ι-ιι
1252 2790 1261 2804 ἢ
1406 2779 1589 2821 ἓλιςέμῃέεηςμλξί

1152 2797 1255 2869 λςεί-
1256 2816 1260 2821 ·
1425 2813 1562 2845 κτημξςῑμεθ
