4110 6168
522 236 662 294 1159

1893 228 2100 291 PAULI
2137 227 2365 290 OROSII

3687 223 3833 284 “60

522 359 692 406 totam
749 350 770 381 ³
815 344 1099 402 inundavit
1146 345 1376 402 ltaliam.
1434 344 1566 402 Nam
1613 346 1779 402 fuisse
1824 346 1874 400 in
1921 346 2120 415 papqu
2147 348 2193 405 A
2227 345 2474 400 ﬁciorum
2506 341 3175 413 obscquiisinvitarct;et
3203 343 3244 375 ³²
3277 339 3694 399 immoderatior
3721 359 3834 398 car-

520 441 639 512 ejns
657 441 777 511 plus
801 454 960 509 quam
990 439 1223 496 ducenta
1253 439 1420 492 millia
1451 438 1753 494 Gothorum
1784 437 1986 491 ferunt.
2019 438 2118 492 llic

422 557 425 562 λ
521 547 684 603 supra
706 531 847 586 hanc
871 530 1246 586 incredibilem
1272 531 1669 586 multitudinem
1692 530 2118 600 indomitamque

515 624 772 678 virtutem
797 637 1038 693 paganus
1056 633 1110 677 et
1134 621 1338 692 Scytha
1356 628 1474 676 erat
1491 639 1502 675 :
1528 622 1647 692 qui,
1675 630 1731 676 ut
1751 635 1867 676 mos
1884 630 1971 677 est
1998 622 2120 676 bar-

521 717 668 773 baris
693 720 713 749 ⁹
743 715 1049 787 huiusmodi
1073 717 1358 786 gentibus,
1384 731 1601 771 omnem
1634 716 1864 771 Romani
1903 716 2120 787 generis

519 809 836 880 sanguinem
868 807 972 863 diis
998 808 1112 863 suis
1139 807 1427 878 pr0pinare
1457 807 1775 863 devoverat.
1812 808 1924 863 llcc
1955 806 2119 879 igitur

522 902 780 958 Romanis
805 901 1022 957 arcibus
1059 902 1399 969 imminente,
1433 902 1752 957 ﬁtomnium
1787 917 2117 974 paganorum

526 995 567 1027 ¹⁰
599 995 654 1049 in
687 993 829 1050 Urbe
859 1009 1190 1062 concursus,
1222 996 1261 1026 “
1295 995 1515 1050 ll05tetn
1545 997 1740 1052 adesse
1766 1011 1889 1051 eum
1937 995 2120 1064 utique

522 1087 717 1142 virium
739 1087 926 1156 copia,
971 1095 1078 1142 tum
1114 1088 1349 1144 maxime
1377 1089 1633 1159 praesidio
1665 1089 1890 1145 deorum
1924 1097 2122 1158 poten-

524 1188 632 1234 tem
661 1194 673 1232 :
707 1179 909 1236 Urbem
940 1189 1120 1235 autem
1153 1180 1275 1235 ideo
1319 1181 1629 1236 destitutam
1655 1192 1707 1238 ct
1741 1192 1951 1236 mature
1979 1183 2122 1252 peri-

523 1277 725 1338 turam,
758 1270 883 1341 quia
911 1270 1044 1327 deos
1073 1283 1127 1326 et
1156 1287 1307 1327 sacra
1342 1274 1383 1304 ι’
1412 1273 1730 1343 perdiderit.
1759 1273 1963 1344 Magnis
1987 1291 2121 1346 qne-

520 1366 651 1422 relis
671 1367 868 1437 ubique
889 1367 1089 1437 agitur,
1112 1375 1167 1422 et
1192 1366 1452 1439 continuo
1470 1365 1595 1424 “de
1615 1368 1926 1436 repetendis
1949 1368 2119 1424 sacris

523 1457 972 1529 celebrandisque
997 1467 1284 1514 tractatur.
1312 1458 1548 1515 Fervent
1572 1469 1682 1515 t0ta
1710 1461 1851 1516 Urbe
1874 1461 2121 1532 blasphe-

522 1551 671 1620 mize,
699 1552 861 1624 vulgo
885 1567 1082 1608 nomen
1104 1551 1304 1607 Christi
1338 1562 1608 1624 tamquam
1639 1554 1758 1610 lues
1779 1553 1956 1625 aliqua
1981 1571 2120 1624 prae-

521 1646 762 1700 sentium
821 1652 1125 1714 temporum
1159 1642 1204 1674 ¹³
1234 1644 1542 1713 opprobriis
1594 1653 1876 1714 gravatur.
1934 1646 2118 1717 Itaque

2224 438 2320 492 des
2347 439 2466 492 sine
2491 437 2666 491 fructu
2686 435 3089 490 emendationis
3111 437 3360 502 arsisset,
3387 445 3440 490 et
3461 451 3616 490 error
3637 436 3840 489 novis-

2223 532 2400 588 simus
2450 530 2604 600 pejor
2661 529 2845 600 priore
2895 529 3159 584 crevisset
3213 547 3225 582 :
3282 528 3724 600 quandoquidem
3776 528 3832 582 in

2225 624 2416 694 pagani
2444 632 2498 680 et
2527 622 2834 678 idololatrae
2865 637 3056 677 manus
3087 622 3132 653 ’³
3175 620 3435 678 incidisse
3456 665 3471 687 ,
3508 636 3618 676 non
3648 621 3832 676 solum

2224 716 2449 787 paganis
2475 713 2711 771 residuis
2733 715 2802 770 de
2833 713 3186 769 instaurando
3207 714 3355 769 cultu
3385 713 3651 768 idolorum
3677 723 3834 768 esset

2226 810 2524 866 indubitata
2557 809 2873 882 persuasio,
2906 807 3004 864 sed
3042 809 3208 864 etiam
3250 805 3578 862 Christianis
3610 805 3834 876 pericu-

2225 904 2337 960 losa
2368 903 2616 958 conlusio
2637 943 2653 970 ,
2683 918 2802 958 cum
2833 909 2890 958 et
2919 901 2972 956 hi
3019 911 3358 958 terrerentur
3383 899 3744 972 prtejudicio,
3780 907 3837 954 ct

2226 995 2303 1052 illi
2350 995 2810 1052 conﬁrmarentur
2850 995 3124 1065 exemplo.
3172 993 3544 1062 Quamobrem
3577 992 3622 1024 "‘
3649 993 3833 1062 justus

2226 1088 2580 1158 diSpensator
2616 1087 2844 1143 humani
2877 1087 3100 1158 generis
3135 1088 3280 1144 Deus
3329 1087 3511 1158 perire
3556 1102 3831 1158 paganum

2226 1180 2436 1236 hostem
2469 1181 2672 1246 voluit,
2704 1191 2761 1237 et
2782 1179 3156 1236 Christianum
3201 1182 3498 1250 prmvalere
3531 1181 3829 1250 permisit,

2226 1283 2283 1328 ut
2307 1274 2498 1344 pagani
2524 1272 3075 1344 blasphemantesque
3105 1271 3364 1341 Romani,
3386 1281 3443 1327 et
3469 1271 3566 1328 illo
3594 1272 3834 1328 confun-

2223 1365 2484 1421 derentur
2517 1365 2730 1436 perdito
2756 1407 2770 1432 ,
2805 1374 2858 1420 et
2896 1365 3000 1420 hoc
3031 1365 3350 1434 punirentur
3379 1364 3625 1419 immisso
3657 1384 3669 1416 :
3705 1379 3832 1419 ma-

2224 1459 2374 1513 xime
2415 1473 2540 1511 cum
2583 1456 2930 1528 imperatoris
2975 1456 3200 1512 Honorii
3240 1454 3566 1511 admiranda
3614 1457 3669 1510 in
3701 1471 3833 1526 rege

2223 1549 2559 1626 continentia
2584 1591 2599 1614 ,
2632 1557 2688 1605 et
2715 1549 3228 1609 sanctissimaJides
3267 1550 3313 1582 ’⁸
3361 1563 3469 1605 non
3499 1564 3696 1619 parum
3739 1550 3831 1605 di-

2221 1645 2363 1699 vinae
2396 1635 3147 1701 misericordim‘mereretur.
3179 1641 3573 1699 Coneeduntur
3601 1643 3827 1715 quidem

522 1734 783 1792 ineliabili
827 1736 1033 1804 judicio
1079 1734 1170 1792 Dei
1203 1735 1401 1791 factum
1449 1746 1558 1802 est,
1604 1739 1676 1793 uti
1701 1780 1716 1805 ,
1766 1739 2022 1808 quoniam
2060 1741 2111 1795 in
2143 1733 2191 1794 B
2218 1737 3124 1794 adversusimmanissimumillum
3149 1736 3360 1792 hostem
3387 1736 3831 1808 Rhadagaisum,

523 1828 803 1896 permixto
835 1828 1038 1899 populo
1065 1828 1165 1898 piis
1189 1830 1383 1898 gratia,
1413 1830 1595 1900 impiis
1618 1845 1778 1900 pinna
1797 1830 2116 1898 debebatur,

526 1921 571 1953 ⁸⁵
598 1918 995 1990 oportebatque
1021 1917 1258 1988 permitti
1292 1921 1499 1988 hostes,
1528 1921 1617 1991 qui
1653 1921 2034 1978 insuadibilem
2066 1923 2118 1979 in

525 2011 811 2083 plurimis,
851 2020 906 2068 et
940 2012 1398 2069 contradicentem
1441 2015 1711 2072 civitatem
1751 2018 2119 2074 severioribus

525 2105 688 2160 solito
703 2103 884 2175 ﬂagris
904 2115 1285 2176 coarguerent,
1314 2106 1479 2162 16non
1511 2119 1687 2163 tamen
1713 2124 1808 2164 eos
1829 2111 1922 2180 qui
1947 2110 2117 2166 indis-

524 2205 675 2253 crete
702 2207 923 2252 evccws
965 2196 1323 2268 intemperata
1357 2199 1504 2254 cmdc
1546 2199 1826 2267 delerent,
1855 2201 1962 2257 duo
1992 2209 2120 2259 tunc

523 2288 825 2345 Gothorum
858 2289 1042 2360 populi
1069 2305 1188 2345 cum
1224 2290 1437 2348 duobus
1471 2293 1863 2362 potentissimis
1904 2295 2120 2364 regibus

523 2383 637 2439 suis
662 2398 759 2454 per
774 2382 1049 2438 Romanas
1066 2385 1375 2453 provincias
1391 2386 1432 2416 ”
1447 2385 1868 2442 baccharentur:
1887 2401 2116 2457 quorum

521 2489 663 2530 unus
687 2474 1026 2531 Christianus
1056 2476 1099 2507 ¹⁸
1122 2477 1451 2547 propiorque
1480 2477 1727 2534 Romano
1747 2520 1761 2545 ,
1810 2489 1866 2534 et
1897 2479 1915 2551 (
1941 2487 2001 2534 ut
2032 2494 2120 2535 res

522 2564 690 2637 569
716 2564 937 2638 docuit)
966 2566 1161 2623 timore
1194 2566 1290 2622 Dei
1321 2567 1470 2623 mitis
1503 2570 1542 2602 ιθ
1574 2570 1627 2624 in
1657 2570 1828 2637 cattle,
1861 2571 2001 2627 alius
2027 2588 2123 2643 pa-

522 2670 714 2725 ganus,
747 2655 792 2687 ²⁰
817 2657 1110 2724 barbarus,
1134 2666 1188 2713 ct
1215 2673 1346 2713 vere
1370 2658 1597 2730 Scytha,
1630 2661 1721 2729 qui
1755 2676 1863 2716 non
1911 2671 2118 2718 tantum

521 2747 751 2818 gloriam
777 2757 871 2804 aut
901 2747 1144 2818 praedam
1185 2759 1449 2819 quantum
1487 2751 1903 2809 inexsaturabili
1928 2755 2112 2812 crude-

519 2839 676 2895 litate
699 2839 874 2910 ipsam
900 2839 1106 2896 caadem
1133 2851 1344 2898 amaret
1373 2842 1426 2897 in
1456 2843 1606 2900 caede
1637 2861 1650 2898 :
1679 2854 1732 2900 et
1762 2844 1974 2916 hicjam
1999 2848 2119 2905 sinu

521 2945 773 3004 receptus
805 2933 974 2990 Italiae
1001 2976 1015 3000 ,
1062 2936 1106 2967 ’ί
1150 2935 1379 2992 Romam
1424 2953 1456 2994 e
1495 2938 1753 3008 proximo
1788 2950 2119 2999 trementem

521 3033 734 3082 terrore
781 3026 1096 3098 quassabat.
1132 3026 1319 3098 Itaque
1351 3029 1397 3085 si
1439 3029 1565 3085 huic
1607 3031 1834 3088 ultionis
1873 3044 2118 3106 potestas

2222 1830 2452 1885 aliorum
2487 1828 2725 1886 hosﬁum
2766 1844 2888 1884 cum
2928 1829 3103 1901 copiis
3140 1830 3255 1886 suis
3291 1830 3539 1886 inclinati
3567 1830 3637 1886 ad
3671 1831 3833 1885 auxi-

2223 1923 2351 1979 lium
2385 1922 2573 1978 animi.
2606 1924 2822 1979 Adsunt
2847 1926 2894 1955 ²⁶
2923 1923 3084 1980 Uldin
3117 1934 3172 1981 et
3201 1925 3246 1956 ²⁷
3274 1925 3467 1991 Sarus,
3503 1925 3833 1981 Hunnorum

2223 2027 2279 2075 et
2306 2018 2607 2075 Gothorum
2642 2017 2833 2085 duces,
2865 2018 3122 2089 praesidio
3152 2017 3526 2074 Romanorum
3559 2018 3699 2074 :sed
3722 2034 3832 2073 non

2225 2117 2354 2173 sinit
2382 2117 2526 2173 Deus
2555 2132 2668 2172 rem
2700 2117 2960 2188 potentiae
2985 2131 3130 2184 sum,
3162 2117 3418 2173 virtutem
3465 2115 3748 2172 hominum
3782 2127 3838 2174 et

2227 2208 2728 2264 maximehostium
2753 2209 2947 2264 videri.
2982 2207 3356 2265 Conterritum
3389 2208 3656 2265 divinitus
3682 2209 3838 2264 Rha-

2222 2305 2506 2375 dagaisum
2536 2305 2581 2336 ’⁸
2604 2303 2656 2359 in
2706 2303 3026 2360 Faesulanos
3071 2312 3288 2360 montes
3332 2305 3479 2374 cogit
3528 2321 3540 2357 :
3595 2303 3838 2375 ejusque

2223 2397 2564 2470 (secundum
2593 2411 2688 2452 eos
2723 2396 2813 2466 qui
2849 2396 3169 2465 parcissime
3196 2393 3481 2468 referunt)
3522 2398 3566 2429 ¹⁹
3592 2396 3838 2453 ducenta

2223 2489 2390 2544 millia
2419 2488 2726 2556 hominum,
2753 2488 2972 2559 inOpum
3006 2488 3227 2544 consilii
3256 2497 3311 2544 et
3338 2488 3482 2554 cibi,
3511 2489 3566 2544 in
3593 2489 3755 2544 arido
3779 2499 3842 2545 et

2222 2597 2418 2654 aspero
2449 2583 2650 2638 montis
2687 2583 2842 2652 jugo,
2873 2591 3106 2653 urgente
3135 2581 3375 2653 undique
3419 2583 3581 2654 57o
3619 2583 3834 2641 timore

2224 2675 2500 2731 concludit
2530 2692 2544 2729 :
2578 2675 2926 2755 agminaque,
2955 2675 3156 2746 quibus
3177 2675 3381 2731 dudum
3410 2684 3641 2747 angusta
3675 2677 3841 2734 vide-

2223 2768 2387 2823 batur
2416 2767 2567 2824 Italia
2587 2808 2602 2836 ,
2637 2767 2839 2824 latendi
2874 2784 2973 2838 spe
3004 2769 3049 2800 ³ο
3078 2769 3132 2824 in
3155 2784 3323 2824 unum
3351 2783 3415 2825 ac
3445 2783 3682 2840 parvum
3705 2787 3843 2827 ver-

2225 2861 2384 2917 ticem
2432 2860 2619 2918 trudit.
2662 2860 2800 2928 Quid
2849 2861 3034 2915 multis
3074 2862 3289 2917 morer?
3316 2861 3434 2916 Non
3474 2860 3742 2932 disposita
3778 2863 3837 2917 in

2222 2952 2428 3009 bellum
2454 2953 2600 3008 acies
2624 2951 2745 3020 fuit,
2765 2968 2875 3008 non
2903 2951 3075 3018 furor,
3099 2952 3369 3024 timorque
3392 2952 3599 3008 incerta
3631 2967 3838 3024 pugnat

2223 3046 2493 3117 praztulit,
2525 3063 2637 3102 non
2668 3046 2844 3104 exedes
2867 3056 2986 3103 acta
3014 3093 3028 3117 ,
3058 3062 3165 3103 non
3196 3047 3425 3119 sanguis
3452 3047 3664 3104 ell'usus
3699 3057 3791 3105 est
3817 3091 3835 3115 ,

519 3121 949 3212 Ρετιηίιιθτθιυν»
986 3135 1146 3193 quem
1197 3121 1429 3178 Romani
1476 3124 1546 3179 οῖ)
1586 3123 1688 3181 hoc
1731 3128 2005 3199 Ρτεθεῖρυο
2055 3132 2120 3186 ιί·
2145 3116 2192 3180 C
2227 3116 2269 3171 5‘
2299 3155 2407 3196 non
2436 3149 2715 3211 postremo
2738 3139 2905 3211 (quod
2931 3116 3208 3196 felicitatis
3238 3116 3362 3196 loco
3388 3139 3640 3212 deputari
3663 3139 3837 3209 solet)

521 3211 778 3269 tuendum
811 3212 1239 3284 arbitrabantur,
1263 3214 1389 3286 quia
1414 3215 1642 3273 deorum
1677 3218 1921 3279 favorem
1951 3227 2121 3282 sacri-

2227 3232 2425 3288 damna
2452 3247 2645 3304 pugna:
2671 3232 2716 3266 ³³
2741 3240 2938 3289 eventu
2965 3239 3316 3304 eompensata
3346 3231 3622 3297 victoriae;
3652 3232 3836 3290 eden-

1806 3338 1993 3398 HAVE
2003 3341 2132 3400 RGA
2142 3345 2186 3402 Μ
2195 3344 2256 3402 ΡΙ
2293 3344 2503 3404 NOTIE
2515 3387 2527 3400 .

591 3423 670 3504 8._
689 3420 997 3504 InundavEt.
1016 3424 1206 3504 _0ros_i_i
1235 3436 1319 3482 est
1344 3427 1604 3499 verbum,
1636 3429 1790 3502 cujus
1818 3433 2000 3504 glossa
2031 3444 2116 3494 est

519 3493 576 3551 in
606 3493 976 3565 ed.7August.,
1009 3497 1230 3551 invadit.

593 3566 646 3649 tl.
691 3564 1312 3649 littjnsnto’di.._Pg'izon.
1333 3610 1348 3636 ,
1381 3571 1608 3649 eisdem;
1641 3571 1811 3649 Lugd.
1847 3576 1990 3631 Batt.
2019 3591 2109 3649 pr.

519 3646 575 3694 et
599 3637 920 3717 tert._.'et_1.m‘
943 3638 1089 3717 Coll.
1111 3637 1375 3717 Gronov.,
1406 3637 1638 3717 ejusdem
1657 3637 1817 3717 genti.

557 3709 682 3791 .10.
725 3707 794 3764 In
823 3707 982 3766 Urbe.
1011 3710 1112 3766 Ed.
1151 3714 1286 3784 Aug.
1306 3754 1321 3782 ,
1353 3715 1406 3768 in
1427 3707 1680 3786 Urbem;
1712 3719 1856 3788 quod
1883 3735 1990 3778 non
2022 3737 2114 3778 re-

521 3795 688 3852 etpto.

593 3851 941 3931 il._Hostem
992 3854 1189 3912 adesse.
1247 3856 1528 3931 Blanditur
1575 3859 1746 3931 magis
1795 3861 1911 3919 hzee
1949 3864 2113 3920 lectio

521 3922 645 4004 cod.
680 3923 930 4004 Perizon.
963 3941 1123 3997 quam
1151 3943 1272 4004 qua:
1303 3926 1382 4004 in_
1403 3931 1631 4004 reliquis
1664 3922 1798 4004 foss.
1827 3935 1953 3990 etin
1981 3935 2109 3991 edd.

520 3994 819 4076 invenitur,
851 3994 1046 4076 hostem
1073 3994 1289 4076 essé._ln
1319 4001 1442 4076 edd.
1475 3994 1796 4076 quibusdam
1811 4013 1944 4060 vett.
1975 4022 2116 4076 prte-

521 4064 666 4120 cedit
690 4065 1046 4141 clamantium,
1073 4068 1228 4141 quasi
1260 4083 1366 4141 non
1395 4064 1785 4141 signiﬁcantior
1816 4064 2114 4133 esset'sen-

521 4149 638 4202 sus,
678 4135 797 4190 sine
820 4136 1050 4192 ﬁculneo
1081 4135 1176 4192 illo
1198 4137 1390 4195 fulcro.

597 4207 687 4282 ῃ.
728 4205 1330 4282 Perdiderit._[’erizon.
1375 4214 1692 4282 perdiderat.

589 4277 680 4364 i5.
725 4278 802 4364 pe
829 4280 1138 4364 repetendis.
1169 4281 1228 4336 In
1268 4277 1422 4364 textu
1453 4301 1555 4364 ms.
1585 4285 1756 4364 Lugd.
1793 4287 1913 4364 Bai.
1954 4294 2110 4364 primi

2296 3440 2384 3496 t9.
2429 3438 2495 3493 In
2526 3438 2689 3493 crede.
2722 3438 2856 3512 Tres
2879 3453 2947 3495 ex
2977 3438 3150 3512 Lugd.
3181 3439 3347 3506 Batt.,
3381 3454 3503 3496 cum
3527 3440 3666 3497 Coll.
3687 3441 3840 3500 Gro-

2217 3526 2368 3576 nov.,
2415 3512 2469 3564 in
2502 3512 2684 3565 cazdes.
2732 3511 2837 3583 Sed
2888 3513 3024 3583 nihil
3057 3511 3373 3568 mutandum
3403 3520 3487 3567 est
3514 3553 3529 3575 ,
3565 3513 3697 3583 quia
3725 3514 3837 3569 ali-

2216 3591 2418 3707 quant:
2452 3590 2574 3652 post
2598 3581 2846 3653 sequitur
2876 3581 2945 3638 de
2967 3583 3166 3652 altero,
3193 3585 3366 3655 ipsam
3395 3581 3596 3639 credent
3615 3597 3833 3641 amaret

2216 3671 2276 3707 τη
2301 3670 2374 3707 ca:
2415 3670 2460 3707 e.

2215 3671 2276 3708 τη
2301 3670 2460 3708 cwae.

2285 3724 2379 3781 20.
2421 3723 2982 3799 Barbarus._Excidit
3025 3725 3130 3784 hoc
3171 3740 3237 3783 ex
3266 3723 3438 3798 Lugd.
3469 3725 3611 3783 Batt.
3645 3743 3735 3799 pr.
3767 3739 3830 3786 et

2217 3804 2346 3852 tert.
2377 3811 2498 3853 cum
2531 3795 2674 3852 Coll.
2707 3794 2949 3853 Gronov.

2286 3868 2378 3923 ‘21.
2426 3867 2643 3942 Romam
2667 3883 2693 3922 ε
2727 3869 2965 3938 proximo
2996 3909 3011 3934 ,
3035 3877 3144 3926 etc.
3174 3869 3301 3925 Mss.
3344 3867 3556 3939 aliquot
3579 3869 3783 3941 legunt
3809 3917 3827 3942 ,

2216 3939 2451 4010 Romam
2466 3940 2704 4010 proximo
2735 3948 3032 3994 trementem
3053 3951 3246 3997 terrore
3265 3941 3537 4010 quassabat
3549 3981 3561 3996 .

2284 4011 2379 4083 22.
2424 4007 2826 4083 Immoderatior
2857 4011 3044 4066 cwdcs.
3079 4012 3217 4069 Male
3247 4007 3380 4067 editi
3410 4012 3628 4083 quidam
3651 4057 3670 4079 ,
3703 4014 3730 4068 1
3742 4032 3829 4070 mo

2218 4081 2535 4136 moderatior
2564 4082 2725 4136 ccede.

2286 4153 2376 4208 23.
2417 4151 2698 4208 Incidisse.
2731 4152 2983 4209 Perizon.
3027 4164 3083 4211 et
3124 4155 3264 4212 Coll.
3308 4154 3554 4212 Gronov.
3597 4156 3832 4212 incidis-

2215 4232 2329 4278 sent
2349 4265 2364 4289 ,
2399 4223 2551 4278 nullo
2578 4238 2713 4279 sano
2737 4239 2925 4280 sensu.

2285 4295 2376 4368 ει.
2404 4293 2624 4368 Justus.
2659 4294 2832 4368 Lugd.
2865 4296 3006 4353 Batt.
3039 4307 3151 4355 tres
3176 4340 3189 4366 ,
3220 4313 3343 4355 cum
3371 4299 3510 4356 Coll.
3539 4299 3829 4368 Gronov.,

521 4349 768 4438 eratlde
811 4353 1093 4423 repentinis
1141 4353 1325 4425 sacris,
1374 4356 1608 4428 ascripta
1636 4349 1695 4413 ἱιῖ
1721 4349 1968 4431 margine.
1986 4349 2110 4422 vera
2202 4349 2549 4438 justissimus.

522 4420 778 4478 lectione.

592 4494 681 4548 Μ.
727 4493 1034 4566 Opprobriis
1057 4505 1323 4566 gravatur.
1357 4498 1450 4555 Sic
1482 4501 1623 4556 malo
1645 4516 1766 4557 cum
1795 4518 1930 4560 mss.
1959 4507 2111 4564 Peri-

521 4579 641 4649 zonl.
673 4575 727 4646 et
758 4569 926 4646 tribus
947 4566 1114 4649 Lugd.
1149 4568 1290 4649 Batt.
1314 4579 1476 4649 atque
1503 4571 1643 4649 Coll.
1673 4572 1917 4649 Gronov.
1947 4595 2107 4649 quam

515 4635 1096 4764 ﬁ;%lgr;i;:.ingrat'atu'r,
1130 4639 1276 4710 quod
1323 4635 1483 4697 codd.
1535 4642 1767 4716 reliqui,
1813 4658 1871 4703 ut
1897 4635 2103 4706 et'edd.

537 4715 741 4764 tabent.

590 4779 680 4855 ςξ.
725 4778 1115 4855 onrtebatque.
1142 4781 1253 4855 Cod
1273 4781 1561 4855 APerizon.,
1585 4789 1868 4855 Oportebat.

590 4797 680 4835 ID.
722 4797 1115 4904 xporteoatque.
1142 4797 1253 4838 uoa
1286 4797 1561 4853 Perizon.,
1585 4797 1868 4855 Oportebat.

727 4920 761 4926 η
780 4868 846 4905 on
868 4860 1041 4926 tamen
1069 4853 1307 4926 eos._Ed.
1331 4853 1558 4926 August.
1590 4857 1743 4914 addit
1763 4861 1956 4918 hostes.

590 4920 678 4974 17.
718 4920 1129 4995 Baccharentar.
1157 4923 1286 4980 Mss.
1327 4920 1537 4993 omnes,
1571 4943 1707 4995 quos
1733 4932 1798 4987 ad
1847 4933 1991 4989 hunc
2017 4934 2099 4990 lo-

517 5002 640 5062 cum
669 5005 862 5048 novem
887 4994 1158 5062 consului,
1189 5011 1290 5051 una
1318 5012 1442 5053 cum
1464 4994 1602 5052 Coll.
1630 4998 1870 5060 Gronov.
1894 5015 1948 5061 et
1975 5007 2098 5061 cod.

518 5060 658 5147 f’tug.
717 5062 916 5147 habent
955 5060 1351 5147 bace/tabantur.
1383 5069 1511 5125 llaec
1557 5071 1716 5147 lectio
1741 5119 1754 5139 ,
1791 5077 1836 5130 si
1892 5060 2097 5147 placet,

511 5133 668 5202 juxta
697 5132 830 5219 cod...
852 5134 1103 5219 Perizou.
1137 5137 1424 5219 lectionem
1450 5181 1466 5208 ,
1498 5132 1864 5219 oportebatque
1956 5132 2102 5219 quod

518 5219 680 5282 supra
700 5203 926 5282 legitur,
959 5207 1154 5264 mutari
1177 5209 1365 5282 debet,
1395 5203 1903 5282 itt'oportebat,'eta'
1916 5203 2102 5274 verbis

516 5275 646 5357 illis,
675 5276 780 5330 duo
807 5283 930 5357 tunc
957 5291 1143 5357 novus
1173 5275 1430 5357 inchoare
1457 5275 1672 5357 sensus,
1701 5275 1875 5357 posita
1904 5289 2101 5346 distiu-

518 5348 700 5419 ctione
722 5347 913 5419 majori
938 5358 1061 5419 post
1088 5349 1198 5419 illa,
1229 5356 1368 5407 ccede
1395 5353 1642 5409 delerent.

591 5418 689 5491 i8.
721 5417 1053 5491 PrOpiorque
1084 5418 1341 5478 Romano.
1374 5423 1571 5481 Nescio
1601 5427 1744 5485 unde
1772 5428 1824 5484 in
1853 5429 2016 5488 Fabr.
2053 5441 2109 5489 et

517 5490 840 5573 Scotti-edd.
866 5490 1228 5573 propriorque,
1245 5497 1386 5573 quod
1419 5499 1719 5573 nonmagis
1736 5501 1911 5569 placet
1937 5516 2100 5573 quam

517 5563 868 5688 rropitiorqtte
893 5563 1147 5648 Romano,
1168 5564 1319 5645 quod
1349 5566 1400 5620 in
1419 5563 1668 5624 Perizon'.
1689 5563 1750 5626 et
1762 5573 1900 5641 Aug.
1935 5563 2097 5630 c'odd.

538 5643 735 5688 cantur.
784 5636 1064 5688 Signiﬁcat
1109 5649 1289 5688 minus
1341 5635 1663 5688 barbarum-
1696 5650 1753 5688 at
1782 5642 2002 5688 nmnin:
2033 5647 2097 5688 ml

538 5633 735 5716 agitur.
784 5634 1064 5705 Signilicat
1109 5634 1289 5716 minus
1341 5635 1664 5712 barbarum,
1696 5650 1753 5698 et
1781 5633 2002 5716 propius
2033 5647 2102 5702 ad

519 5702 794 5763 Remanos
819 5702 1002 5765 mores
1031 5706 1400 5766 accedentem.

2284 4438 2374 4492 25.
2409 4436 2531 4492 Non
2574 4455 2761 4514 parum
2803 4438 2990 4514 divina:
3030 4441 3398 4514 misericordia
3424 4483 3439 4506 ,
3484 4450 3594 4498 etc.
3633 4443 3820 4514 Lugd.

2213 4507 2334 4582 Dat.
2366 4523 2465 4582 pr._
2482 4509 2692 4582 scribit,
2726 4519 2774 4564 et
2797 4513 3125 4566 sanctissima
3148 4513 3280 4582 ﬁdes
3307 4513 3498 4568 divina:
3519 4507 3826 4569 miseric'or-

2211 4580 2314 4634 dia:
2341 4579 2601 4634 auxilium
2628 4596 2930 4637 mereretur.

2629 4618 3151 4728 Eptvidmliiaeonum
3201 4655 3397 4728 legitur
3434 4654 3724 4724 Virdinus,
3767 4657 3822 4713 in

2132 4743 2187 4804 D
2210 4720 2349 4804 ρας.
2374 4719 2598 4804 Vgnetis
2617 4719 2883 4804 gldium:

2211 4791 2594 4916 P31;.Sarus.
2617 4793 2733 4850 Duo
2763 4810 2833 4850 ex
2866 4795 3196 4867 l.ugd.Batt.
3228 4813 3353 4854 cum
3380 4797 3820 4866 Coll.Gronov.,

2262 4880 2406 4920 arus.

2280 4935 2375 4991 28.
2417 4933 2483 5010 In
2507 4934 2814 5010 Etesulanos
2846 4949 3066 4995 montes.
3096 4939 3155 4995 In
3180 4938 3427 4996 Floreat.
3453 4955 3537 5010 pr.
3563 4951 3826 4998 extrema

2212 5005 2392 5081 littera
2424 5007 2479 5081 i_n
2505 5007 2718 5064 duabus
2751 5010 2901 5065 hisee
2931 5011 3152 5066 vocibus
3189 5026 3346 5066 erasa
3377 5005 3624 5081 apparet.

2279 5078 2372 5134 29.
2417 5077 2649 5152 Ducentis
2680 5081 2868 5136 millia.
2902 5081 3072 5152 Lugd.
3103 5081 3223 5137 Bal.
3257 5091 3384 5138 tert.
3412 5077 3477 5138 et.
3500 5083 3644 5139 Coll.
3667 5085 3823 5142 Gro-

2211 5165 2336 5204 nov.
2363 5165 2460 5205 DCC
2485 5149 2672 5206 millia.

2280 5220 2371 5297 '5_0.
2406 5219 2471 5297 in
2499 5237 2659 5275 unum
2702 5239 2762 5276 ac
2793 5241 3007 5296 parvum
3042 5224 3302 5280 verticem.
3353 5223 3453 5279 Ed.
3491 5223 3824 5297 Augustam

2213 5291 2375 5366 legit,
2407 5293 2676 5366 inimum,
2707 5310 2770 5348 ac
2793 5291 3008 5366 parvum
3037 5297 3092 5351 in
3116 5299 3378 5351 verticem.

2287 5360 2375 5438 51;.
2419 5360 2888 5438 Nongpostremol
2909 5367 3049 5438 quod
3082 5367 3346 5436 felicitatis
3372 5367 3485 5423 loco
3508 5366 3530 5438 )
3555 5366 3822 5428 Periznn.

2214 5441 2323 5490 tres
2344 5434 2524 5510 Lugd.
2557 5435 2694 5510 Uatt.
2724 5434 3258 5510 _etGoll.#Gr‘onov.
3287 5477 3303 5502 ,
3352 5454 3457 5492 non
3506 5434 3776 5510 postremo
3801 5483 3818 5510 ,

2209 5505 2354 5576 quod
2396 5505 2450 5578 in
2497 5504 2759 5576 felicitatis
2799 5509 2935 5564 loco.
2973 5508 3163 5565 Veneti
3203 5519 3259 5562 et
3304 5510 3445 5578 Aug.
3494 5504 3582 5565 ed.
3628 5504 3822 5568 deleta

2212 5593 2348 5702 uolut,
2395 5576 2616 5649 legunt,
2644 5579 2782 5649 quod
2812 5580 3080 5650 felicitatis
3107 5590 3365 5653 postremo
3395 5576 3526 5636 'loco
3561 5581 3822 5654 deputari

2212 5664 2267 5702 so
2291 5664 2318 5701 e
2347 5691 2360 5702 .

2211 5657 2360 5704 solet.

2282 5719 2372 5777 52.
2417 5717 2620 5777 Eventu
2657 5732 2990 5794 compensate
3030 5723 3278 5782 victoriw.
3321 5721 3494 5796 Lugd.
3529 5724 3676 5782 Batt.
3723 5741 3815 5800 pr.
