4110 6168
296 303 431 363 IIGI

1234 301 1704 364 IIISTORIARUSI
1747 302 1948 362 LIBER
1992 306 2101 363 VII.
2145 301 2300 365 CAP.
2346 309 2635 367 XXXVIII.

3459 313 3600 372 H62

297 418 444 474 tibus
471 460 485 483 ,
518 416 832 476 bibentibus
859 460 874 486 ,
916 417 1343 492 ludentibusque
1373 424 1576 478 nostris
1602 466 1616 489 ,
1652 425 1786 479 tanti
1820 425 1895 479 illi
1925 438 1976 496 Α
2004 427 2249 498 pendens
2289 428 2433 498 quod
2492 429 2594 484 sub
2639 427 2970 498 imperatore
3001 428 3338 498 imperabat;
3387 431 3604 489 Euche-

297 523 520 584 tamque
551 514 820 568 immanes
850 513 1068 582 hostes,
1098 514 1402 571 esurientes
1430 525 1487 573 et
1507 517 1756 574 sitientes
1779 517 1896 574 lan-

296 614 635 679 guentesque
663 605 897 662 conlecti
926 615 1071 661 sunt.
1108 607 1302 663 Parum
1344 607 1446 665 hoc
1488 619 1608 679 est,
1648 611 1752 666 nisi
1802 627 1895 668 ca-

295 712 447 774 ptum
479 702 524 733 ³³
549 711 604 758 et
633 709 945 758 catenatum
983 716 1050 758 ac
1084 702 1430 774 subjugatum
1473 703 1652 760 sciant
1686 726 1697 758 :
1731 721 1894 776 quem

296 797 529 854 timuere
561 797 794 853 Romani
825 816 836 850 :
872 797 1136 870 illumque
1167 798 1513 855 idololatram
1562 815 1720 856 suum
1748 844 1763 870 ,
1795 817 1894 857 cu-

295 891 384 964 ius
408 892 678 949 sacriﬁcia
709 908 770 948 se
795 893 967 964 magis
1007 893 1396 963 pertimescere
1425 911 1588 967 quam
1613 912 1765 951 arma
1798 897 1896 950 lin-

297 986 516 1059 gebant,
550 987 671 1044 sine
697 986 884 1057 prmlio
911 985 1113 1042 victum
1144 1002 1208 1042 ac
1235 989 1481 1043 vinctum
1514 990 1617 1045 sub
1643 989 1776 1061 jugo
1807 1004 1897 1044 ca-

299 1080 546 1149 tenisque
577 1078 903 1150 despiciant.
946 1077 1117 1150 Igitur
1160 1095 1257 1135 rex
1300 1079 1676 1150 Rhadagaisus
1700 1124 1714 1149 ,
1751 1079 1898 1135 solus

297 1188 451 1246 spem
483 1173 626 1244 fugae
654 1187 880 1230 sumens
904 1217 918 1242 ,
970 1173 1109 1228 clam
1143 1188 1274 1230 suos
1306 1173 1591 1242 deseruit,
1645 1185 1809 1246 atque
1843 1177 1896 1238 in

298 1275 522 1322 nostros
550 1265 744 1322 incidit
771 1307 785 1332 ,
818 1281 846 1319 a
878 1266 1074 1337 quibus
1105 1265 1152 1297 ”
1177 1275 1394 1337 captus,
1422 1283 1486 1323 ac
1515 1267 1789 1338 paulisper
1814 1282 1900 1323 re-

303 1368 504 1426 tentus,
536 1358 734 1414 deinde
764 1359 1086 1415 interfectus
1111 1368 1215 1415 est.
1242 1359 1416 1415 Tanta
1445 1375 1576 1416 vero
1609 1359 1900 1415 multitudo

297 1452 640 1524 captivorum
669 1451 974 1508 Gothorum
1003 1451 1168 1507 fuisse
1199 1451 1392 1522 fertur,
1412 1451 1900 1520 nt,vilissimarum

297 1546 565 1619 pecudum
598 1545 760 1602 modo
785 1587 799 1611 ,
833 1546 1064 1624 singulis
1106 1544 1291 1600 aureis
1333 1545 1536 1615 passim
1565 1560 1760 1617 greges
1801 1543 1900 1600 ho—

298 1640 508 1696 minutn
539 1639 928 1696 venderentur.
983 1637 1092 1694 Sed
1127 1638 1262 1692 nihil
1307 1652 1596 1707 superesse
1638 1637 1782 1692 Deus
1831 1636 1900 1693 de

297 1733 489 1792 eodem
518 1732 718 1805 popqu
746 1731 900 1788 sinit.
930 1730 1062 1786 Nam
1111 1730 1262 1786 illico
1291 1730 1503 1785 cunctis
1526 1728 1614 1800 qui
1642 1728 1901 1785 emeban-

2003 520 2170 588 rium,
2215 520 2382 577 lilium
2424 536 2615 589 sumn,
2646 521 2790 576 sicut
2820 537 2848 576 a
2878 523 3154 592 plerisque
3191 515 3458 592 traditur,
3488 526 3600 595 jam

1998 613 2127 670 inde
2145 614 2583 670 Christianorum
2615 616 3050 686 persecutionem
3075 632 3103 670 a
3136 633 3307 686 puero
3351 619 3598 688 privato-

1998 722 2104 778 que
2129 707 2504 774 meditantem,
2525 711 2541 739 ¹
2566 709 2618 764 in
2645 710 2930 779 imperium
2951 727 3169 781 quoquo
3192 713 3353 768 modo
3373 715 3611 770 sustine-

1997 812 2059 853 re
2091 798 2387 854 nitebatur.
2430 801 2807 868 Quamobrem
2854 801 3130 858 Alarieum
3170 846 3183 869 ,
3240 815 3603 876 cunctamque

2000 889 2306 946 Gothorum
2331 901 2575 963 gentem,
2598 909 2696 964 pro
2724 909 2853 965 pace
2872 896 3076 964 optima
3103 904 3157 951 et
3175 897 3604 970 quibuscumque

2001 981 2224 1039 sedibus
2251 984 2572 1054 suppliciter
2601 1000 2663 1040 ac
2685 985 3010 1056 simpliciter
3054 997 3302 1043 orantem
3331 1031 3346 1054 ,
3385 991 3602 1044 occulto

2001 1073 2212 1130 fmdere
2240 1075 2455 1141 fovens,
2482 1076 2698 1147 publice
2729 1088 2911 1133 autem
2944 1089 2998 1134 et
3031 1079 3156 1135 belli
3179 1089 3234 1136 et
3267 1085 3418 1150 pacis
3446 1083 3604 1152 copia

2001 1177 2228 1239 negata,
2281 1169 2348 1223 ad
2401 1170 2682 1224 terendam
2743 1171 3165 1243 terrendamque
3215 1175 3608 1244 rempublicam

2003 1261 2330 1317 reservavit.
2359 1261 2630 1318 Praeterea
2661 1272 2853 1333 gentes
2895 1264 3031 1318 alias
3077 1265 3251 1334 copiis
3295 1267 3608 1338 viribusque

2003 1353 2402 1422 intolerabiles,
2428 1355 2630 1426 quibus
2668 1372 2808 1411 nunc
2855 1356 3156 1412 Galliarum
3202 1358 3616 1428 Hispaniarum-

2005 1462 2111 1518 que
2141 1448 2436 1517 provincim
2467 1458 2811 1520 premuntur,
2845 1449 2946 1504 hoc
2977 1459 3095 1519 est,
3122 1449 3448 1520 Alanorum,
3480 1453 3612 1510 Sue-

2005 1552 2220 1606 vorutn,
2253 1540 2649 1608 Vandalorum,
2677 1544 2697 1572 ²
2721 1543 2952 1612 ipsoque
2983 1543 3144 1598 simul
3168 1553 3317 1600 motu
3348 1545 3608 1616 impulso-

2006 1649 2128 1689 rum
2160 1634 2635 1706 Burgundionum,
2665 1637 2808 1692 ultro
2840 1637 2894 1692 in
2918 1652 3069 1693 arma
3101 1638 3428 1708 sollicitans,
3456 1641 3476 1670 ³
3507 1642 3604 1696 de—

2007 1737 2157 1785 terso
2182 1729 2349 1786 semel
2379 1729 2610 1786 Romani
2641 1732 2804 1804 572
2830 1731 3066 1787 nominis
3096 1741 3264 1801 metu,
3294 1735 3604 1790 suscitavit.

297 1835 383 1881 tur
409 1823 801 1892 morientibus,
834 1822 978 1894 quod
1006 1820 1238 1890 improbi
1266 1830 1539 1891 emptores
1570 1837 1761 1876 eorum
1789 1836 1896 1877 non
1929 1821 1978 1882 B
2004 1821 2026 1854 δ
2056 1821 2162 1877 Eas
2187 1823 2403 1877 interim
2423 1823 2571 1893 ripas
2596 1824 2770 1878 Itheni
2796 1833 3044 1894 quatere,
3071 1834 3124 1879 et
3150 1826 3374 1894 pulsare
3400 1827 3610 1882 Gallias

296 1917 687 1989 impenderunt
725 1915 964 1988 turpiter
996 1913 1186 1984 pretiis
1215 1955 1229 1979 ,
1261 1915 1643 1984 expenderunt
1681 1915 1896 1970 miseri-

296 2010 538 2068 corditer
565 2010 884 2083 sepulturis.
909 2007 1080 2080 Igitur
1102 2008 1310 2079 ingrata
1338 2007 1530 2075 Roma,
1549 2008 1595 2039 ³³
1614 2025 1735 2080 qua:
1756 2009 1898 2064 sicut

297 2122 442 2163 nunc
473 2106 682 2173 sensit,
713 2119 821 2161 non
851 2101 921 2158 ad
945 2101 1352 2166 remittendam,
1375 2101 1471 2157 sed
1503 2101 1570 2156 ad
1599 2103 1900 2172 reprimen-

295 2196 422 2253 dam
452 2195 776 2252 idololatria:
819 2194 1302 2266 praesumptionem
1333 2237 1347 2262 ,
1395 2193 1598 2263 judieis
1640 2193 1734 2249 Dei
1761 2193 1899 2248 obli-

296 2303 459 2361 quam
534 2285 968 2345 miserieordiam
1013 2327 1029 2352 ,
1105 2285 1151 2317 ³⁸
1217 2285 1288 2340 ita
1352 2285 1612 2341 continuo
1675 2292 1901 2357 propter

300 2381 553 2438 virorum
612 2389 1065 2450 mortuorumque
1135 2377 1178 2410 ³⁷
1231 2385 1548 2434 sanctorqu
1609 2377 1755 2449 piam
1814 2393 1902 2434 re-

300 2474 677 2537 cordationem
710 2513 726 2538 ,
798 2471 896 2528 Dei
972 2471 1108 2526 iram
1172 2484 1399 2541 passura
1459 2486 1566 2526 non
1629 2470 1846 2540 plenam
1882 2510 1898 2534 ,

302 2566 463 2639 571
515 2567 560 2622 si
624 2566 766 2622 forte
825 2563 1050 2621 confusa
1103 2562 1412 2635 pteniteat,
1479 2573 1534 2620 et
1587 2579 1684 2633 per
1739 2578 1904 2634 expc-

305 2661 564 2718 rientiam
595 2660 755 2716 tidem
801 2659 1002 2724 discat,
1051 2657 1120 2714 ab
1147 2657 1370 2713 incursu
1420 2656 1626 2713 Alarici
1671 2657 1815 2728 regis
1852 2667 1907 2713 et

305 2753 512 2820 hostis,
537 2752 634 2810 sed
661 2751 976 2822 Christiani,
1001 2750 1047 2784 ³⁸
1069 2749 1411 2824 aliquantulo
1435 2750 1502 2807 ad
1542 2759 1758 2824 tempus
1778 2765 1904 2822 spa-

307 2847 406 2917 tio,
431 2847 473 2880 ³⁸
514 2847 786 2905 differtur.

821 2936 1052 2996 CAPUT
1087 2935 1386 2993 XXXVIII.

307 3032 386 3092 De
411 3031 760 3090 molitionibus
785 3030 1306 3157 Sliliconis‘co'milis,
1339 3032 1552 3102 ejusque
1586 3035 1634 3083 et
1659 3025 1909 3082 Eucherii

993 3120 1048 3157 tu
1074 3112 1228 3157 erttu.

993 3112 1228 3157 interitu.

2003 1913 2197 1979 voluit,
2228 1926 2457 1984 Sperans
2495 1917 2663 1970 miser
2695 1916 2800 1971 sub
2842 1915 2944 1970 hac
2988 1917 3336 1974 necessitatis
3377 1918 3610 1974 circum-

2000 2008 2226 2078 stantia,
2259 2010 2279 2039 ⁵
2307 2010 2450 2079 quod
2481 2020 2532 2066 et
2556 2019 2884 2082 extorquere
2911 2013 3198 2082 imperium
3220 2015 3240 2044 ⁵
3263 2029 3469 2085 genere
3491 2031 3610 2086 pos-

2002 2111 2086 2157 set
2115 2101 2169 2156 in
2199 2101 2394 2170 lilium,
2421 2111 2478 2158 et
2509 2103 2763 2158 barbara:
2793 2115 2983 2175 gentes
3017 2117 3122 2162 tam
3149 2108 3307 2163 facile
3327 2111 3611 2180 comprimi

2003 2210 2166 2264 quam
2201 2197 2537 2251 commoveri
2590 2197 2858 2252 valerent.
2905 2196 3096 2269 Itaque
3141 2199 3233 2254 ubi
3290 2201 3605 2272 imperatori

2004 2285 2250 2344 Honorio
2275 2288 2652 2359 exercituique
2684 2289 2931 2344 Romano
2970 2289 3090 2346 haec
3121 2300 3397 2348 tantorum
3433 2295 3609 2351 scele-

2007 2398 2128 2438 rum
2159 2397 2326 2438 scena
2357 2382 2626 2453 patefacta
2663 2394 2748 2438 est
2770 2424 2783 2450 ,
2817 2395 3094 2440 commoto
3115 2385 3420 2456 justissime
3451 2403 3612 2444 exer-

2006 2478 2138 2543 citu,
2171 2476 2387 2532 occisus
2413 2485 2499 2532 est
2526 2476 2753 2542 Stilico;
2787 2477 2901 2547 qui,
2925 2485 2983 2532 ut
3007 2493 3171 2533 unum
3197 2483 3463 2549 puerum"
3486 2496 3615 2551 pur-

2005 2586 2140 2642 pura
2183 2570 2468 2637 indueret,
2518 2570 2682 2626 totius
2735 2570 2957 2641 generis
3014 2570 3236 2627 humani
3292 2576 3614 2646 sanguinem

2008 2664 2030 2696 ⁸
2053 2663 2280 2718 dedidit.
2312 2663 2540 2720 Occisus
2567 2672 2726 2719 estet
2760 2663 3065 2720 Eucherius
3093 2707 3106 2731 ,
3154 2667 3269 2736 qui,
3299 2667 3367 2724 ad
3417 2673 3612 2726 conci-

2007 2755 2253 2811 liandum
2281 2755 2385 2811 sibi
2417 2756 2654 2818 favorem
2680 2771 3022 2828 paganorum
3045 2798 3062 2825 ,
3090 2757 3441 2818 resdtutione
3482 2771 3617 2819 tem-

2009 2850 2223 2922 plorum
2249 2861 2298 2906 et
2333 2851 2626 2907 eversione
2652 2851 3010 2907 ecclesiarum
3058 2853 3396 2912 imbuturum
3431 2875 3491 2914 se
3519 2875 3614 2915 re-

2009 2944 2099 3014 gni
2135 2942 2434 3013 primordia
2465 2943 2797 3010 minabatur,
2829 2946 3098 3016 paucique
3129 2963 3253 3003 cum
3296 2949 3489 3006 iisdem
3522 2968 3614 3008 sa-

2012 3035 2216 3092 tellites
2245 3043 2520 3090 tantarum
2547 3034 2896 3090 molitionum
2917 3038 3096 3108 pttuiti
3121 3040 3363 3096 sunt.Ita
3393 3043 3617 3099 minimo

2013 3126 2240 3198 negotio
2270 3128 2291 3158 ⁹
2320 3141 2720 3196 paucorumque
2754 3141 2937 3196 paena,
2961 3129 3216 3186 ecclesia:
3255 3132 3462 3188 Christi
3490 3150 3616 3191 cum

378 3224 586 3283 Interea
611 3239 797 3282 comes
823 3207 1038 3293 Stilico,
1075 3220 1447 3280 Vandalorum
1479 3222 1744 3290 imbellis,
1777 3237 1906 3279 ava-
1930 3205 1978 3269 Ο
2013 3221 2346 3291 imperatore
2370 3218 2628 3291 religioso
2659 3227 2714 3274 et
2741 3219 2992 3277 liberata:
3025 3235 3153 3279 sunt
3194 3233 3249 3280 et
3300 3227 3613 3284 vindicattr.

303 3329 402 3388 rte,
438 3318 658 3390 perfidae
685 3325 742 3375 et
781 3317 986 3374 dolosa:
1013 3316 1194 3389 gentis
1219 3332 1424 3390 genere
1460 3316 1642 3375 editus
1667 3358 1683 3386 ,
1711 3315 1901 3388 parvi-

2009 3313 2194 3386 Itaque
2225 3322 2347 3384 post
2371 3311 2490 3369 hzec
2521 3312 2562 3344 ¹⁰
2593 3321 2749 3369 tanta
2775 3327 3072 3387 augmenta
3102 3317 3566 3392 blasphemiarum
3587 3365 3602 3391 ,

1606 3470 2062 3530 HAVERCAMPI
2099 3470 2333 3528 NOTAE.

307 3628 366 3675 et
389 3631 502 3674 sec.
534 3630 659 3672 cum
686 3614 828 3672 Coll.
873 3615 1116 3674 Gronov.
1138 3655 1154 3682 ,
1191 3615 1403 3687 [uerunt
1439 3623 1622 3670 eventu
1661 3631 1905 3688 compen-

308 3699 425 3748 sata
448 3689 696 3743 uictoriw.

308 3767 334 3823 ι
381 3761 474 3817 35.
521 3759 589 3815 Et
620 3768 936 3814 catenatum.
978 3758 1036 3815 In
1069 3758 1232 3815 nullis
1254 3797 1270 3827 ,
1299 3773 1438 3831 quos
1465 3758 1713 3816 consului
1745 3773 1904 3823 mss.,

313 3841 376 3888 ut
400 3846 501 3888 nec
530 3832 586 3888 in
615 3831 705 3888 ed.
728 3834 867 3903 Aug.
893 3841 1136 3903 apparet.
1157 3831 1512 3900 Respondent
1540 3839 1722 3903 tamen
1755 3832 1910 3886 hisce

312 3903 402 3959 illa
428 3918 552 3974 qua:
578 3919 704 3958 mox
729 3902 1048 3974 sequentur,
1081 3903 1192 3957 sine
1221 3903 1402 3974 praelia
1432 3903 1616 3956 rictum
1643 3902 1818 3971 (sive,
1850 3909 1912 3956 ut

312 3974 570 4098 Serigon.
596 3974 747 4046 legit)
774 3985 986 4046 captum
1011 3990 1074 4029 ac
1098 3976 1327 4030 uinctum
1347 3975 1440 4029 sub
1453 3975 1588 4045 jugo
1613 3974 1912 4044 catenisque

349 4060 624 4098 esmctam.

349 4060 624 4101 εδιηοιωιι.

384 4063 731 4191 ﬁnalibus,
763 4135 824 4174 ac
850 4118 1114 4191 paulisper
1145 4125 1392 4191 retentus,
1423 4116 1628 4191 deinde,
1669 4126 1776 4191 etc.
1812 4115 1912 4172 Pe-

313 4188 489 4245 rizon.
539 4187 712 4246 cudex
759 4187 884 4246 cum
942 4187 1158 4260 duobus
1207 4189 1449 4246 tribusve
1484 4187 1620 4260 Lug.
1667 4187 1809 4245 Batt.
1859 4195 1914 4260 et

313 4260 469 4334 Goll.
485 4260 749 4329 Gronov.,
775 4271 956 4334 captus
976 4303 992 4330 ,
1015 4259 1284 4333 paulisper
1309 4260 1546 4316 detentus
1574 4259 1589 4328 ,
1632 4269 1680 4314 et
1723 4259 1914 4314 deinde

316 4332 620 4400 interfectus
657 4342 754 4389 est.

387 4404 478 4461 55.
522 4404 651 4471 Quae
669 4405 801 4459 sicut
826 4419 961 4459 nunc
990 4403 1172 4459 sensit.
1202 4402 1310 4458 Pro
1337 4420 1472 4458 nunc
1502 4417 1632 4459 mss.
1663 4402 1914 4459 Perizon.

314 4490 442 4533 cum
469 4474 634 4548 duob.
672 4475 844 4548 Lugd.
872 4475 1013 4530 Batt.
1043 4475 1387 4548 non_legunt;
1416 4473 1912 4548 atColl._Gronov.,

317 4562 517 4618 quoque
537 4547 670 4601 sicut
697 4544 801 4601 uo'n
829 4548 1011 4600 sensit.
1049 4545 1108 4601 In
1142 4545 1327 4618 Lugd.
1343 4561 1430 4615 pr.
1466 4544 1647 4601 inveni
1681 4547 1751 4601 ita
1782 4544 1918 4618 scri-

319 4615 498 4688 ptum,
521 4634 725 4688 quoque
746 4620 820 4672 sic
845 4634 951 4672 non
972 4618 1154 4672 sensit.
1188 4615 1333 4672 Nihil
1361 4624 1542 4672 tamen
1571 4625 1724 4672 muto
1746 4661 1762 4683 ,
1791 4617 1919 4672 licet

317 4687 516 4745 Sensus
534 4687 882 4760 aliquantum
913 4691 1184 4760 obscurus
1210 4687 1304 4742 sit.

391 4763 482 4816 56.
527 4758 612 4814 Ita
630 4758 898 4815 continuo.
926 4758 1065 4815 Coll.
1093 4759 1336 4816 Gronov.
1360 4802 1377 4830 ,
1412 4758 1485 4813 ita
1510 4760 1756 4815 continuo
1783 4758 1918 4813 sicut

319 4833 782 4906 prtmtet'riuorum
802 4874 817 4898 ,
848 4839 955 4906 εις.

433 4905 486 4959 7.
531 4904 865 4959 Sanctorum.
897 4900 998 4956 Ed.
1031 4902 1289 4970 August,
1321 4917 1558 4957 avorum.

393 4917 486 4960 δῖ.
531 4917 865 4959 δαηειοηιηι.
899 4917 998 4956 riu.
1031 4917 1112 4957 All
1151 4917 1289 4970 usn,
1321 4917 1558 4957 avorum.

529 4974 892 5056 Aliquantum.
921 4917 1250 5056 ιρις-ᾳηῗω.
1280 4989 1364 5056 pr.
1384 5017 1398 5040 ,
1434 4974 1726 5056 aliquanto.

394 5046 486 5103 39.
522 5042 798 5114 Diﬂ'ertur.
827 5042 1146 5115 Lugdeat.
1203 5042 1408 5114 quart.,
1440 5045 1760 5112 di/ferretur.
1809 5042 1918 5100 Sed

326 5118 380 5174 in
404 5117 577 5188 Lugd.
612 5118 729 5172 Bat.
755 5117 932 5187 primo
953 5117 1006 5171 in
1040 5123 1190 5188 textu
1217 5115 1432 5186 quidem
1469 5117 1663 5187 legitur
1689 5116 1920 5188 defertur

324 5187 508 5260 queat,
535 5188 630 5260 sed
658 5188 954 5260 corrigitur
977 5187 1192 5260 cli/ferri,
1225 5197 1406 5260 queat,
1448 5187 1724 5260 quomodo
1761 5197 1816 5242 et
1863 5187 1918 5241 in

329 5257 495 5317 tertio
519 5259 738 5330 legitur.
769 5257 965 5314 verum
993 5259 1143 5328 vulg.
1182 5257 1502 5330 lectioisana
1534 5267 1634 5314 est.
1685 5258 1918 5313 Romam

328 5331 507 5388 innuit
537 5329 791 5398 Orosius,
819 5331 1070 5400 quamvis
1091 5337 1310 5384 mternaa
1347 5329 1510 5388 Urbis
1547 5329 1827 5400 superbiat
1854 5330 1924 5400 ti:-

329 5402 471 5468 tulu,
503 5411 682 5458 tamen
710 5416 804 5472 per
836 5399 971 5458 iram
1003 5400 1102 5456 Dei
1133 5400 1426 5471 aliquando
1449 5399 1781 5472 perituram,
1824 5399 1921 5456 sed

329 5472 554 5531 diﬂ‘erre
585 5474 756 5529 Deum
789 5473 924 5528 iram
957 5487 1144 5538 suam,
1179 5472 1227 5526 si
1269 5471 1463 5538 forte,
1493 5487 1602 5527 non
1644 5471 1853 5541 perdita
1892 5485 1923 5526 a

330 5545 701 5616 Rhadagaiso,
726 5545 819 5616 chi
849 5543 900 5598 id
933 5558 1037 5616 non
1069 5543 1344 5616 concessit
1364 5545 1488 5612 quia
1515 5557 1757 5616 paganus
1779 5551 1922 5616 erat.

331 5611 628 5688 paenitens,
650 5615 848 5688 mitius
876 5615 1134 5688 puniatur
1161 5614 1230 5670 ab
1258 5611 1498 5688 Alarico,
1517 5611 1748 5688 homine
1769 5611 1927 5688 Chri-

330 5684 534 5756 itiano,
564 5684 625 5743 ut
645 5687 715 5743 ita
744 5684 910 5756 lldem
932 5687 1130 5754 discat,
1159 5694 1216 5742 et
1233 5700 1330 5756 per
1352 5684 1516 5742 fidem
1543 5685 1742 5741 divinis
1762 5685 1924 5740 casti-

333 5755 646 5844 gati_o_nibus
659 5755 981 5844 cumOfructu
995 5771 1054 5813 se
1073 5755 1379 5814 submittat.
1393 5756 1598 5815 Confer
1616 5767 1919 5816 extremum

333 5840 528 5906 capitis
554 5840 846 5903 sequentis.

661 5948 938 6013 ΡΑτιιοι..
987 5943 1234 6013 XXXI.

2088 3612 2220 3697 (ΣΑιζ.
2252 3609 2548 3666 XXXVIII.
2581 3641 2652 3652 -—
2677 3613 2728 3668 1.
2749 3611 2831 3696 ⁹Ιιι
2860 3615 3156 3697 imperium.
3363 3625 3502 3697 Aug.
3561 3638 3616 3685 et

2011 3699 2142 3762 mss.
2178 3684 2290 3762 fere
2317 3699 2532 3762 omnes,
2567 3699 2706 3750 quos
2747 3684 2984 3756 inspexi,
3018 3688 3094 3744 ita
3117 3691 3397 3762 exhibent,
3426 3684 3533 3753 non
3565 3684 3621 3755 in

2011 3757 2250 3826 imperio,
2277 3763 2338 3809 ut
2365 3756 2547 3826 vulgg.

2081 3824 2138 3882 2.
2172 3824 2422 3911 Ipsoque.
2595 3827 2854 3900 August.,
2891 3830 3227 3903 ipsorumque
3265 3838 3421 3894 simul
3450 3851 3620 3911 metu,

2013 3907 2146 3965 etc.,
2172 3897 2314 3964 quod
2349 3913 2456 3954 non
2486 3897 2709 3954 damno:

2087 3972 2142 4027 5.
2171 3969 2387 4045 Deterso
2413 3970 2592 4036 semel,
2608 3979 2714 4026 etc.
2743 3971 2881 4029 Male
2899 3973 3106 4030 excidit
3126 3991 3194 4033 ex
3221 3981 3343 4037 cod.
3367 3982 3618 4045 Perizon.

2014 4041 2325 4129 insemel,
2351 4052 2672 4129 nam_attget
2709 4045 3190 4129 significationem,
3216 4057 3423 4129 _prouti
3473 4041 3618 4129 apud

2014 4113 2414 4188 Tertullianum
2441 4123 2491 4169 et
2521 4113 3077 4188 optitnos'scriptores
3112 4113 3337 4182 Latinos
3366 4143 3433 4184 eo
3451 4113 3620 4186 seinsu

2015 4201 2310 4244 occurrere
2336 4185 2498 4240 solet.

2091 4259 2146 4312 4.
2173 4255 2667 4340 Easinterint,_etc.
2699 4257 2855 4340 Nulla
2882 4271 3007 4340 ante
3039 4260 3346 4340 ha'everba
3374 4269 3428 4324 in
3461 4273 3613 4340 prio-

2019 4328 2172 4384 ribus
2201 4328 2357 4382 editt.
2393 4329 2698 4399 ponebatur
2727 4331 3040 4398 distinctio,
3073 4337 3218 4392 unde
3250 4328 3497 4398 turbatu's
3523 4359 3618 4399 θο-

2021 4399 2270 4480 rtttndetn
2303 4399 2613 4480 intellectus
2643 4398 2762 4480 fuit.
2792 4402 2898 4458 Pro
2926 4405 3070 4473 ripas
3108 4407 3197 4480 ed.
3246 4411 3474 4480 August.
3523 4398 3619 4470 ha-

2020 4472 2279 4549 bct_ipsas
2307 4470 2472 4549 ripas,
2505 4479 2560 4549 ut
2587 4480 2642 4526 et
2671 4470 3002 4549 ipsorumque
3026 4492 3125 4549 pro
3154 4470 3402 4549 ipsorum.

2091 4541 2412 4624 5:_Qtl0d.£l
2443 4541 2779 4624 extorquere,
2815 4541 3232 4624 Safpissitne_'iti
3275 4568 3409 4607 mss.
3443 4553 3621 4612 Orosii

2024 4613 2243 4684 ponitur
2269 4613 2392 4680 quia
2420 4627 2520 4682 pro
2539 4613 2698 4684 quod,
2734 4613 3104 4673 sicuti'etiam
3146 4619 3250 4676 hoc
3294 4624 3347 4677 in
3402 4625 3524 4681 loco
3563 4628 3637 4683 in!

2022 4685 2305 4764 plerisque
2332 4684 2493 4764 codd.
2524 4695 2938 4764 permutantur;
2963 4689 3060 4764 sed
3091 4705 3202 4764 _nos
3247 4696 3529 4764 sequimur
3555 4699 3621 4754 η-

2025 4755 2128 4833 los,
2160 4757 2252 4833 qui
2278 4755 2420 4825 quod
2445 4755 2709 4833 scribunt.
2735 4758 2994 4833 ξξςενίῑοηἐ
3016 4759 3184 4816 habet
3203 4755 3330 4833 qua.‘

2098 4828 2152 4884 6.
2185 4825 2382 4900 Genera
2413 4838 2582 4900 posset
2613 4828 2665 4881 in
2714 4828 2908 4898 ﬁlium.
2957 4831 3143 4887 Gener
3187 4825 3464 4894 Stiliconis
3497 4851 3621 4897 erat

1947 4929 2005 4992 ι)
2032 4897 2612 4992 llusrfsuﬂi'cjtu
2642 4897 2866 4992 uersae
2893 4901 3153 4992 εἱειξίέςεπη
3180 4906 3283 4992 ﬁlia
3313 4925 3326 4972 ς
3365 4911 3461 4965 sed
3485 4912 3621 4992 ,ιιμιερ

2028 4969 2299 5048 Eucherio
2326 4969 2618 5048 lilio_p:irat
2639 4986 2871 5048 regnum
2893 4969 3107 5042 S'tilico,
3131 4969 3458 5048 extorquere
3485 4984 3620 5040 illud

2029 5057 2230 5126 genere
2256 5041 2498 5126 limior-io
2522 5042 2964 5126 .studet.._Nova.m
2997 5041 3128 5102 vero
3171 5041 3461 5107 lectionem
3491 5070 3621 5126 sup.

2031 5111 2236 5194 pedita}
2264 5111 2387 5194 cod.
2415 5111 2687 5180 Perizon.,
2714 5115 3087 5194 itauscribens,
3122 5135 3228 5194 qua
3249 5130 3296 5194 et
3318 5111 3622 5194 extorquere

2031 5184 2305 5263 imperium
2335 5193 2509 5263 tenero
2535 5194 2704 5263 posset
2733 5186 2867 5263 ριξο,
2898 5196 3008 5263 etc.
3035 5184 3144 5244 Sed
3174 5191 3329 5263 Vulg.
3361 5184 3490 5250 sana
3515 5208 3621 5252 est.

2106 5253 2158 5310 7.
2192 5253 2440 5332 Purpura
2461 5253 2838 5332 induereta’Sic
2868 5257 2958 5313 ed.
2980 5257 3118 5332 Aug.
3161 5272 3217 5318 et
3255 5253 3388 5321 mss.
3431 5267 3622 5324 meliu-

2034 5343 2154 5393 res;
2188 5326 2304 5396 alii,
2328 5341 2617 5396 purpuram
2643 5327 2897 5383 indueret.

2105 5401 2161 5456 8.
2193 5395 2534 5467 DedidiLIta
2563 5398 2775 5454 restitui
2821 5414 2886 5455 ex
2932 5417 3067 5458 mss.
3121 5404 3390 5464 Florentt.
3428 5419 3484 5465 et
3525 5411 3613 5467 ed.

2032 5471 2343 5541 Aug.._natn
2375 5466 2519 5522 dedit
2552 5468 2750 5541 legitur
2772 5469 2826 5525 in
2855 5471 2997 5528 aliis.

2103 5538 2162 5598 9.
2186 5538 2586 5612 Paucorumque
2605 5538 2776 5612 pinna.
2812 5542 3003 5602 Plures
3033 5561 3098 5601 ex
3133 5562 3266 5604 mss.
3289 5590 3303 5616 ,
3336 5567 3617 5620 paucorum

2065 5630 2204 5670 aena.

2029 5633 2386 5759 ῂωίηίῗίΤαηια
2417 5693 2693 5756 augmenta
2717 5685 3178 5759 blasphemiarum.
3209 5687 3343 5746 God.
3369 5693 3622 5756 Perizon.

2029 5757 2181 5831 legit,
2209 5766 2356 5813 tanta
2385 5766 2662 5830 augmenta
2693 5767 2742 5812 et
2772 5757 2984 5832 piacula
3010 5760 3470 5832 blasphemiarum.

2997 5947 3157 6036 ὲ3-1
