4110 6168
483 291 510 346 1
529 286 626 344 Ιϐἶ

1880 265 2088 325 PAULI
2123 265 2347 351 oaosu

3646 252 3799 310 “6L

482 402 790 469 nullamque
825 390 1227 465 pmnitentiam,
1256 388 1451 443 ultima
1482 385 1571 440 illa
1599 383 1801 454 diuque
1818 396 2081 452 suspensi
2111 383 2159 442 A
2190 397 2286 453 per
2315 363 2556 451 singulos
2582 378 2816 449 singula,
2848 388 2904 433 et
2922 390 3089 447 super
3109 374 3290 444 capita
3317 371 3459 428 elata
3485 370 3662 441 palam
3692 386 3789 423 au-

486 495 688 553 Urbem
722 503 881 562 paena
911 483 1288 554 consequitur.

928 577 1089 654 573
1127 572 1357 631 CAPUT
1387 571 1630 628 χχχιχ.

489 678 765 748 Quomodo
798 675 962 730 Roma
989 670 1295 748 perﬂatum
1324 672 1530 748 irrupta
1569 664 2084 748 fueritmdeprwdata

625 760 673 806 et
699 750 948 813 incensa,
989 736 1121 799 solis
1157 739 1469 797 Christianis
1500 736 1626 794 tutis
1663 750 1712 793 et
1743 736 1938 791 liberis.

565 839 733 897 Adest
759 836 1008 895 Alaricus
1033 876 1047 900 ,
1079 830 1345 902 trepidam
1370 832 1605 887 Romam
1656 827 1890 894 obsidet,
1925 829 1941 859 ¹
1973 839 2085 882 tur-

492 936 609 1000 bat,
635 931 909 1002 irrumpit.
934 929 1074 984 Dato
1098 936 1275 982 tatnen
1302 933 1577 1006 praecepto
1602 925 1623 956 '
1646 923 1820 997 prius,
1846 930 1905 977 ut
1926 921 1970 977 si
1991 918 2086 993 qui

486 1030 541 1086 in
572 1036 758 1084 sancta
802 1025 920 1081 loca
952 1024 1332 1094 pnecipueque
1361 1021 1383 1053 ³
1416 1021 1469 1076 in
1512 1029 1824 1076 sanctorum
1865 1025 2085 1087 aposto-

489 1122 665 1177 lorum
698 1117 845 1175 Petri
886 1125 940 1172 et
981 1114 1135 1169 Pauli
1189 1114 1447 1169 basilicas
1490 1112 1510 1143 ’⁸
1537 1110 1911 1183 confugissem
1937 1150 1951 1176 ,
1987 1108 2087 1162 hos

487 1211 757 1285 imprimis
798 1208 1089 1264 inviolatos
1116 1221 1448 1277 securosque
1491 1220 1612 1261 esse
1641 1204 1907 1262 sinerent.
1947 1199 2086 1256 Tum

489 1303 708 1374 deinde,
737 1306 790 1359 in
820 1310 1083 1377 quantum
1113 1309 1335 1372 possent
1355 1297 1557 1371 prtedte
1584 1298 1877 1364 inhiantes,
1902 1311 1932 1350 a
1964 1309 2089 1350 san-

487 1402 651 1474 guine
682 1409 1071 1471 temperarent.
1119 1393 1329 1451 Accidit
1356 1407 1592 1465 quoque,
1640 1400 1751 1462 quo
1785 1388 1953 1460 magis
1995 1387 2088 1445 illa

491 1492 656 1551 Urbis
688 1491 917 1562 irruptio
969 1486 1345 1559 indignatione
1394 1483 1486 1539 Dei
1509 1492 1627 1538 acta
1653 1522 1669 1548 ,
1703 1496 1865 1554 quam
1917 1479 2091 1535 hostis

492 1585 811 1643 fortitudine
835 1583 1182 1656 probaretur,
1213 1589 1273 1636 ut
1301 1579 1494 1637 beatus
1524 1574 1899 1641 Innocentius,
1933 1573 1954 1605 ⁸
1977 1570 2087 1627 Ro-

490 1697 668 1737 manae
689 1679 950 1737 Ecclesiae
971 1676 1280 1748 episcopus,
1313 1682 1591 1746 tamquam
1608 1669 1790 1742 justus
1812 1664 1933 1734 Lot,
1963 1666 2091 1722 sub-

2188 489 2278 528 rca
2310 480 2475 543 atque
2497 480 2754 542 argentea
2790 482 2918 523 vasa
2944 476 3255 538 portantur,
3287 464 3521 520 exsertis
3545 462 3795 532 undique

2185 566 2252 619 ad
2279 564 2655 621 defensionem
2678 562 2877 635 gladiis
2907 562 2992 632 pia
3026 574 3221 630 pornpa
3248 559 3513 614 munitur.
3542 557 3588 589 “
3617 558 3795 629 [lym-

2188 656 2272 712 nis
2300 700 2315 724 ,
2353 657 2463 711 Deo
2495 655 2759 710 Romanis
2791 652 3157 722 BarbariSque
3194 649 3633 714 concinentibus,
3689 663 3793 718 pu-

2188 750 2325 805 blice
2354 748 2586 804 canitur.
2619 748 2880 803 Personat
2923 745 3031 800 late
3059 745 3114 800 in
3154 744 3369 800 excidio
3399 741 3562 800 Urbis
3592 741 3797 798 salutis

2188 844 2346 911 tuba,
2386 858 2685 914 omnesque
2727 842 2890 898 etiam
2938 841 2990 894 in
3038 839 3234 893 abditis
3294 838 3546 903 latentes,
3596 835 3800 890 invitat

2187 953 2253 993 ac
2293 937 2492 1006 pulsat.
2536 936 2878 992 Concurrunt
2918 933 3159 1003 undique
3195 930 3262 986 ad
3300 945 3426 986 vasa
3465 929 3609 986 Petri
3660 944 3799 984 vasa

2187 1027 2391 1085 Christi
2411 1045 2426 1095 ;
2447 1027 2843 1099 plurimietiam
2870 1025 3060 1095 pagani
3078 1022 3403 1080 Chri$tianis
3420 1014 3802 1094 professione,

2192 1123 2236 1154 ¹⁸
2260 1116 2502 1177 etsinon
2535 1120 2641 1176 fide
2662 1162 2677 1186 ,
2722 1118 3090 1175 admiscentur
3122 1134 3136 1181 ;
3170 1128 3220 1170 et
3255 1131 3349 1186 per
3378 1118 3481 1170 hoc
3512 1126 3701 1169 taznen
3728 1113 3803 1168 ad

2191 1222 2409 1283 tempus
2433 1254 2447 1279 ,
2473 1227 2580 1283 quo
2608 1211 2781 1283 magis
2802 1209 3233 1273 confundantur;
3266 1207 3525 1262 eradunt.
3576 1206 3802 1273 Quanto

2189 1303 2466 1375 copiosius
2495 1303 2539 1334 ¹⁶
2568 1308 2929 1375 aggregantor
2949 1300 3181 1356 Romani
3209 1298 3610 1369 confugientes,
3639 1306 3803 1352 tanto

2192 1397 2405 1453 avidius
2446 1396 2953 1454 circumfunduntur
2978 1392 3201 1450 Barbari
3253 1390 3592 1447 defensores.
3640 1394 3798 1445 Usa—

2193 1508 2282 1549 cra
2309 1502 2363 1547 et
2393 1489 2683 1549 ineﬂ‘abilis
2706 1489 2879 1545 divini
2910 1486 3101 1559 judicii
3121 1484 3378 1542 discretio
3405 1486 3419 1539 !
3461 1484 3505 1538 0
3542 1495 3801 1539 sanctum

2195 1583 2338 1640 istud
2363 1592 2423 1640 et
2450 1585 2687 1638 salutare
2715 1581 2941 1649 flumen,
2968 1578 3110 1651 quod
3132 1594 3299 1650 parva
3320 1586 3574 1635 exortum
3599 1576 3732 1632 dom
3745 1594 3804 1645 ο,

2195 1675 2322 1730 dum
2389 1675 2549 1731 beato
2613 1676 2772 1731 alveo
2837 1674 2891 1729 in
2955 1681 3269 1729 sanctorum
3335 1670 3494 1727 sedes
3563 1670 3792 1736 tendit,

494 1783 699 1857 tractos
725 1790 753 1827 ει
782 1770 1056 1836 Sodomis,
1089 1766 1298 1825 occulta
1322 1763 1664 1837 providentia
1690 1762 1785 1818 Dei
1817 1761 1959 1833 apud
1984 1757 2091 1816 Ρω-
2121 1774 2170 1836 Β
2195 1767 2511 1825 oberrantes
2574 1767 3052 1839 periclitantesque
3098 1764 3309 1820 animas
3362 1764 3415 1818 in
3467 1762 3668 1819 salutis
3731 1764 3809 1817 si-

502 1854 726 1922 vcnnam
763 1875 890 1920 tunc
921 1864 1129 1933 positus
1153 1902 1168 1927 ,
1202 1859 1503 1931 peccatoris
1529 1855 1710 1929 populi
1748 1870 1854 1910 non
1884 1854 2093 1909 videret

493 1957 784 2014 excidium.
817 1953 1258 2012 Discurrentibus
1288 1951 1471 2021 itaque
1501 1965 1595 2019 per
1638 1947 1837 2006 Urbem
1881 1945 2090 2001 Barba-

496 2052 571 2107 ris
596 2091 611 2117 ,
644 2048 785 2105 forte
818 2063 956 2102 unus
984 2045 1312 2110 Gothorum,
1349 2029 1603 2112 idemque
1632 2050 1825 2113 potens
1855 2048 1908 2094 et
1935 2036 2088 2093 Clu-io

489 2147 701 2203 stianus
728 2187 741 2211 ,
770 2158 979 2200 sacram
1026 2142 1135 2196 Deo
1166 2139 1430 2211 virginem
1481 2138 1502 2167 θ
1545 2136 1658 2207 jam
1693 2145 1853 2191 aetate
1899 2148 2093 2205 prove-

491 2234 659 2305 ctam,
677 2238 728 2293 in
754 2236 991 2309 quadam
1013 2230 1386 2294 ecclesiastica
1410 2228 1572 2286 domo
1600 2229 1835 2299 reperit:
1864 2240 2095 2297 cumque

490 2333 560 2388 ab
604 2345 668 2387 ea
715 2344 906 2386 aurum
948 2333 1351 2397 argentumque
1389 2320 1620 2378 honeste
1664 2328 2030 2392 exposceret,
2072 2317 2092 2348 ⁷

491 2426 581 2481 illa
612 2422 761 2481 fideli
789 2420 1099 2478 constantia
1127 2433 1247 2474 esse
1268 2416 1411 2487 apud
1452 2431 1512 2472 se
1543 2415 1860 2487 plurimum,
1891 2422 1943 2468 et
1970 2427 2095 2466 mox

488 2516 876 2590 proferendum
936 2510 1233 2586 Spopondit
1267 2552 1283 2576 ,
1339 2524 1404 2565 ac
1464 2506 1709 2580 protulit.
1765 2508 1787 2539 ⁸
1829 2505 2092 2575 Dumque,

491 2608 761 2682 expositis
788 2608 1007 2677 opibus,
1050 2603 1342 2659 attonitum
1374 2600 1677 2656 Barbarum
1723 2595 2099 2670 magnitudine

490 2712 548 2759 et
573 2702 814 2771 pondere
844 2715 907 2755 ac
937 2697 1102 2773 574
1132 2693 1561 2767 pulchritudine,
1591 2695 1773 2765 ignota
1804 2693 1968 2749 etiam
1998 2706 2095 2744 va-

488 2811 674 2852 sorum
706 2793 970 2864 qualitate
994 2795 1014 2824 °
1043 2788 1376 2860 intelligeret
1403 2829 1419 2854 ,
1453 2786 1603 2858 virgo
1634 2784 1834 2841 Christi
1864 2782 1931 2840 ad
1963 2782 2097 2839 Bar-

490 2890 686 2944 barum
719 2888 797 2941 ait
828 2904 840 2937 :
870 2883 1002 2941 Hau:
1029 2881 1181 2938 Petri
1202 2880 1431 2955 apostoli
1458 2896 1611 2935 sacra
1636 2878 1928 2933 ministeria
1954 2888 2094 2932 sunt.

490 2977 781 3045 Praesume,
802 2978 847 3033 si
871 2978 1058 3045 audes,
1080 2975 1144 3031 de
1171 2976 1315 3048 [acto
1340 2982 1396 3028 tu
1417 2971 1629 3028 videris.
1664 2972 1706 3003 ¹⁰
1722 2968 1838 3043 Ego
1860 2970 1981 3039 quia
2008 2969 2098 3024 deo

498 3071 710 3142 {enitere
739 3086 841 3125 non
870 3068 1038 3136 valeo,
1070 3082 1235 3137 neque
1257 3076 1427 3120 tenere
1450 3062 1643 3119 audeo.
1668 3062 1938 3119 Barbarus
1965 3056 2099 3116 vero

2196 1874 2323 1914 num
2390 1860 2473 1931 pia
2524 1859 2822 1929 rapacitate
2887 1855 3131 1927 pervexit
3201 1858 3214 1911 l
3284 1853 3329 1911 Ο
3386 1854 3652 1926 praeclara
3707 1856 3800 1909 illa

2195 1954 2519 2012 Christianae
2574 1952 2781 2007 militia:
2849 1949 3026 2017 tuba,
3092 1963 3213 2018 quae
3265 1948 3599 2019 generaliter
3667 1963 3802 2001 cun-

2194 2059 2314 2107 etos
2368 2047 2682 2106 dulcissimo
2743 2043 2809 2099 at!
2869 2043 3032 2100 vitam
3076 2040 3445 2098 modulamine
3512 2038 3757 2096 invitatis
3790 2082 3808 2106 ,

2197 2156 2335 2211 quos
2400 2137 2442 2169 ¹⁷
2483 2136 2550 2191 ad
2600 2135 2833 2192 salutem
2885 2132 3262 2190 inobedientes
3312 2147 3417 2189 non
3476 2134 3800 2191 suscitavit,

2199 2232 2360 2306 575
2389 2233 2431 2264 ¹⁸
2462 2228 2859 2287 ἰιιῡχουθειὺὶιοε
2885 2210 3107 2298 reliquit
3135 2226 3202 2282 ad
3248 2237 3501 2282 mortem.
3544 2226 3584 2258 ι’
3613 2226 3813 2297 Myste-

2199 2328 2338 2382 riutn
2371 2326 2503 2394 hoc,
2551 2324 2697 2394 quod
2742 2324 2794 2378 in
2830 2319 3233 2378 transferendis
3268 2318 3446 2385 vasis,
3480 2320 3525 2350 ³ο
3558 2319 3815 2375 dicendis

2200 2418 2452 2491 hymnis,
2497 2415 2763 2473 ducendis
2807 2413 3021 2487 populis
3059 2413 3196 2477 fuit,
3228 2420 3505 2483 tamquam
3548 2428 3815 2484 magnoin

2200 2510 2446 2568 cribrum
2483 2510 2648 2564 fuisse
2676 2507 2912 2563 arbitror
2931 2549 2948 2576 ,
2990 2523 3090 2579 per
3119 2508 3262 2578 quod
3292 2523 3359 2563 ex
3384 2508 3823 2579 congregatione

2202 2604 2385 2675 populi
2411 2602 2666 2667 Romani,
2697 2608 2970 2671 tamquam
3003 2616 3068 2657 ex
3095 2615 3283 2671 magna
3317 2615 3493 2656 massa
3524 2600 3820 2669 frumenti,

2202 2714 2300 2770 per
2339 2697 2519 2753 omnia
2566 2713 2630 2751 ex
2672 2695 2930 2753 universo
2971 2695 3178 2751 ambitu
3210 2696 3446 2751 cititatis
3476 2696 3823 2753 latebrarum

2204 2792 2468 2847 foramina
2495 2833 2507 2856 ,
2541 2788 2806 2844 elfluxcre
2834 2803 3001 2859 grana
3029 2790 3147 2843 viva
3172 2829 3189 2856 ,
3216 2790 3334 2844 sive
3356 2789 3673 2856 occasione,
3694 2790 3822 2845 sive

2205 2884 2432 2937 veritate
2457 2890 2727 2937 commota
2757 2921 2771 2947 ,
2804 2882 2987 2937 omnia
3022 2890 3203 2936 tamen
3235 2882 3304 2937 de
3336 2893 3605 2951 prmsente
3637 2882 3821 2937 salute

2201 2976 2478 3032 credentia
2507 3015 2522 3041 ,
2551 2976 2594 3005 ²¹
2625 2990 2695 3030 ex
2725 2974 2923 3030 horreo
2943 2973 3241 3030 Dominiere
3274 2974 3691 3046 pra-parationis
3720 2990 3818 3030 ac-

2204 3080 2363 3140 cepta
2396 3078 2522 3124 sunt
2551 3089 2562 3123 ;
2592 3068 2803 3139 reliqua
2831 3084 2984 3133 vero.
3015 3069 3062 3102 ²¹
3092 3069 3229 3125 sicut
3260 3082 3503 3124 Stercora
3530 3111 3545 3135 ,
3580 3077 3634 3123 t-t
3665 3070 3824 3124 velut

493 3164 561 3222 ad
607 3164 972 3222 reverentiam
1002 3158 1290 3233 religionis
1316 3203 1332 3230 ,
1364 3161 1559 3215 timore
1593 3157 1686 3215 Dei
1716 3165 1771 3213 et
1800 3155 1907 3211 fide
1931 3154 2092 3225 virgi-

2208 3164 2375 3233 paletu
2401 3206 2413 3227 ,
2444 3165 2559 3233 ipsa
2595 3162 2680 3218 vel
2712 3161 3094 3218 incredulitate
3131 3161 3220 3217 vel
3259 3162 3625 3218 inobrdiezitia
3670 3177 3816 3231 prac-

495 3261 579 3315 nis
604 3267 808 3325 motus,
832 3256 901 3313 ad
928 3254 1206 3312 Alaricum
1232 3270 1328 3325 per
1346 3250 1726 3309 nuntiumth
1752 3250 1942 3306 retulit
1967 3268 1978 3302 :
2005 3246 2098 3320 qui

494 3355 760 3409 continuo
782 3351 1053 3422 reportari
1086 3348 1153 3404 ad
1181 3346 1413 3419 apostoli
1440 3347 1717 3402 basilicam
1743 3343 1784 3376 ¹¹
1818 3343 2092 3413 universa,

495 3455 555 3501 ut
584 3455 767 3510 erant,
798 3458 926 3497 vasa
949 3441 1240 3512 imperavit
1270 3458 1285 3507 ;
1312 3439 1581 3510 virginem
1611 3439 1795 3503 etiam,
1826 3435 2098 3507 simulque

490 3553 683 3593 omnes
707 3535 799 3606 qui
845 3550 904 3590 se
932 3534 1295 3602 adiungerent
1339 3530 1707 3597 Chrisﬁanos,
1735 3530 1928 3586 eodem
1971 3542 2095 3586 eum

495 3631 814 3688 defensione
853 3626 1073 3685 deduci.
1150 3625 1228 3681 Ea
1292 3625 1561 3693 domus"
1604 3638 1633 3677 a
1693 3623 1895 3678 sanctis
1954 3623 2097 3679 sedi-

496 3723 597 3780 bus
622 3721 666 3755 "
696 3722 857 3793 lenge
882 3763 898 3791 ,
949 3729 1009 3775 ut
1038 3716 1224 3776 ferunt
1249 3758 1266 3787 ,
1296 3728 1350 3773 et
1381 3716 1560 3773 medio
1606 3715 1897 3787 interjectu
1932 3715 2097 3773 Urbis

496 3818 710 3876 aberat.
758 3815 945 3887 Itaque
984 3828 1182 3885 magno
1211 3811 1526 3884 spectaculo
1555 3812 1803 3868 omnium
1831 3810 2094 3882 disposita

2199 3256 2438 3327 jndieata
2465 3298 2480 3322 ,
2526 3254 2593 3310 ad
2624 3253 3008 3310 exterminium
3052 3264 3217 3325 atque
3247 3252 3558 3309 incendium
3588 3270 3815 3310 remun-

2201 3360 2415 3408 Serunt.
2449 3349 2583 3419 Quis
2608 3349 2724 3405 lucc
2748 3350 2794 3381 ”
2818 3347 3157 3420 perpendere
3182 3347 3353 3419 plenis
3385 3347 3665 3403 miraculis
3687 3348 3818 3418 quis

2200 3444 2503 3514 praedicare
2530 3442 2707 3513 dignis
2735 3441 2984 3497 laudibus
3009 3442 3215 3513 queat?
3244 3441 3424 3497 Tertia
3446 3441 3535 3501 die
3559 3441 3815 3509 Barbari,

2201 3551 2363 3605 quam
2413 3535 2648 3607 ingressi
2702 3534 2918 3590 fuerant
2963 3533 3198 3601 Urbem,
3250 3542 3445 3604 sponte
3481 3533 3810 3599 discedunt,

2203 3627 2250 3659 “
2282 3627 2422 3682 facto
2449 3626 2665 3699 quidem
2713 3626 3115 3697 aliquantarum
3151 3625 3345 3682 mdium
3377 3626 3663 3694 incendio,
3705 3626 3815 3683 sed

2205 3736 2272 3777 ne
2302 3730 2449 3776 tanto
2475 3719 2738 3792 quidem,
2766 3719 2815 3751 "
2846 3730 3115 3791 quantum
3144 3719 3633 3791 septingentesimo
3675 3735 3816 3777 con-

2205 3813 2427 3870 ditionis
2455 3815 2576 3883 ejus
2604 3827 2751 3871 anuo
2773 3827 2937 3871 casus
2961 3814 3239 3872 effecerat.
3273 3814 3407 3871 Nam
3433 3816 3478 3870 si
3507 3815 3818 3872 exhibitatn

1795 3946 2249 4005 HAVERCAMPI
2287 3948 2513 4007 ΝΟΤᾸΞ.

573 4093 702 4149 (ΖΜ).
749 4086 996 4146 XXXIX.
1027 4116 1097 4128 --
1133 4087 1180 4141 l.
1229 4084 1454 4151 Turbat,
1503 4086 1761 4154 irrumpit.
1810 4086 2088 4152 Perizon.,

503 4181 625 4221 cum
662 4160 806 4218 Ultr.
840 4170 895 4216 et
923 4158 1137 4215 duobus
1165 4157 1337 4228 Lugd.
1376 4157 1540 4225 Batt.,
1577 4157 1837 4211 turbatam
1868 4158 1952 4213 vel
1984 4166 2094 4212 tur.

505 4240 773 4300 batamque
802 4231 1067 4303 irrumpit.

574 4308 630 4362 ἓ.
666 4306 846 4360 Prius.
881 4300 1049 4358 Abest
1076 4302 1145 4358 ab
1170 4300 1260 4357 ed.
1295 4303 1518 4370 August.

575 4380 630 4435 5.
666 4375 734 4432 In
758 4386 1077 4430 sanctorum.
1099 4372 1235 4430 Cod.
1265 4371 1519 4428 Perizon.
1555 4386 1662 4426 non
1685 4371 1849 4430 habet
1872 4374 1952 4429 in.

575 4449 631 4505 4.
664 4447 1063 4520 Confugiueut.
1090 4444 1338 4520 l‘erizgtt.
1372 4444 1537 4520 idem,
1562 4445 1917 4520 conﬂigerent.

582 4523 637 4578 5.
668 4516 918 4576 Bouiania
943 4517 1210 4589 Ecclesia.
1237 4516 1339 4570 Ed.
1364 4517 1624 4585 August.,
1646 4516 1897 4589 Romana
1933 4519 2097 4574 urbis.

511 4595 568 4649 lu
595 4594 783 4650 eadem
810 4589 945 4644 Loth
971 4588 1338 4655 desideratur,
1386 4596 1442 4642 et
1471 4602 1597 4643 mox
1636 4588 1842 4644 mavult
1864 4599 2102 4659 peccato—

507 4666 579 4720 ris
620 4675 740 4719 tunc
771 4661 977 4732 populi;
1008 4670 1115 4716 etc.

582 4737 636 4790 6.
686 4728 811 4789 ,Ιαήι
842 4728 1007 4789 relate
1060 4740 1376 4803 provectam.
1427 4728 1569 4785 Edit.
1625 4730 2103 4800 Angust.,-etiant

510 4816 663 4861 relate
690 4814 1010 4861 provectam.
1777 4831 1786 4841 -

580 4877 633 4930 7.
666 4873 794 4931 Illa.
817 4875 1091 4939 Perizon.,
1124 4873 1224 4927 illi.

580 4949 634 5003 8.
667 4946 907 5017 Dumque
928 4987 945 5011 ,
969 4946 1216 5015 expositis
1242 4942 1447 5017 opilms,
1478 4952 1585 4999 etc.
1618 4943 1845 5015 Aliquot
1864 4959 1929 5000 ex
1962 4959 2092 5000 mss.

505 5027 561 5075 et
588 5015 1063 5087 quidem-numero
1094 5017 1303 5089 plures,
1339 5015 1543 5084 legunt,
1567 5031 1816 5089 euntque,
1849 5018 2097 5089 expositis

508 5089 690 5159 apibus
715 5131 730 5147 .
774 5089 1049 5143 attonitum
1095 5086 1373 5142 barbarum
1400 5086 1758 5158 magnitudine
1781 5128 1797 5155 ,
1848 5086 2091 5156 pondere,

513 5159 919 5232 pulchritudine,
950 5171 1059 5232 etc2

578 5232 629 5289 9.
663 5228 1006 5300 Intelligeret.
1040 5227 1179 5285 Edd.
1212 5229 1490 5300 qutedam,
1522 5229 1731 5286 videret.

578 5304 667 5359 10.
697 5302 814 5376 Ego
840 5300 963 5373 quia
988 5300 1393 5376 defenderenon
1414 5302 1588 5376 galea,
1621 5318 1780 5373 neque
1801 5312 1969 5357 tenere
1995 5319 2092 5358 au-

505 5377 623 5432 deo.
649 5376 724 5432 Ita
748 5371 819 5430 ex
851 5371 985 5428 mss.
1013 5371 1129 5427 suis
1154 5373 1390 5428 restituit
1414 5371 1736 5441 Fabricius,
1777 5389 1901 5429 cum
1932 5384 2088 5431 antea

2125 4483 2180 4543 D

2274 4091 2359 4145 l2.
2379 4091 2630 4163 Asanctis
2644 4092 2877 4148 sedibus.
2903 4093 3040 4150 Edd.
3056 4094 3331 4163 quaedam,
3354 4095 3548 4150 sanctis
3570 4098 3807 4155 “dibu.

2280 4163 2369 4218 15.
2399 4161 2578 4234 Longe
2602 4205 2621 4230 ,
2651 4175 2708 4219 ut
2732 4165 2923 4236 ferum.
2957 4165 3033 4219 Ita
3062 4161 3527 4235 Seriliere'jubent
3565 4167 3660 4223 rd.
3694 4174 3815 4226 Αιο

2205 4244 2350 4309 goat.
2379 4245 2593 4309 et_mss.
2624 4238 2906 4292 meliores.
2938 4236 3155 4309 Vulgo:
3186 4238 3345 4307 longo
3372 4247 3428 4291 ut
3457 4239 3654 4309 ferant.

2279 4304 2368 4384 μ.
2404 4304 2647 4384 Hymnis.
2684 4308 2780 4364 Ed.
2818 4304 3388 4381 Augttstnymnum,
3421 4304 3552 4365 sitat
3579 4322 3639 4367 et
3677 4326 3815 4384 qua

2206 4374 2407 4432 habent
2429 4374 2695 4448 Hymnus.

2281 4448 2375 4526 {5.
2403 4448 2790 4526 Etrinonﬁde.
2813 4450 2907 4508 Sic
2934 4452 3053 4522 lege
3079 4466 3145 4506 ex
3172 4464 3306 4507 mss.
3342 4462 3399 4507 et
3419 4451 3510 4507 ed.
3539 4455 3680 4526 Aug.
3710 4495 3729 4520 ,
3760 4459 3815 4511 si

2204 4533 2308 4594 non
2338 4520 2441 4594 [ide
2469 4521 2594 4594 cdd.
2625 4521 2818 4594 Vulgg.

2278 4593 2367 4666 lli.
2401 4591 2796 4666 Adgregantur.
2819 4594 3097 4662 Pet'imm,
3128 4604 3530 4666 congregantur.

2240 4663 2382 4786 “1;;
2399 4663 2479 4716 Ad
2517 4666 2756 4720 salutem.
2784 4665 3034 4721 Perizon.
3065 4674 3124 4721 et
3146 4663 3463 4738 Lu'gdrBat.
3490 4677 3696 4736 quan,
3726 4671 3808 4723 ad

2202 4749 2359 4787 ruam
2368 4773 2382 4787 .

2274 4804 2362 4879 18.
2404 4803 2816 4879 _l_nea:cusabilea.
2849 4808 3020 4878 Lugd.
3050 4807 3167 4864 Bat.
3194 4818 3408 4879 quart.,
3448 4809 3805 4867 iuriam.

2392 4875 2701 4960 Μειδία-ἰείη
2721 4881 2840 4960 hoc,
2864 4875 3030 4960 quod,
3052 4889 3160 4936 etc.
3184 4875 3242 4935 li
3600 4896 3806 4960 quarto

2200 4947 2418 5015 legitur,
2438 4952 2736 5019 mysterium
2762 4947 3077 5017 miserabile,
3103 4961 3235 5018 etc.;
3263 4947 3410 5019 quod
3434 4952 3575 5007 vim
3598 4947 3806 5010 sternit

2200 5020 2589 5145 :gofctgpcuem
2613 5023 2735 5077 cod.
2765 5022 3017 5079 Perizon.
3036 5069 3050 5093 ,
3078 5021 3391 5095 Mysterious
3410 5024 3510 5107 Irae
3534 5025 3800 5093 mirabile.

2198 5101 2365 5161 quod,
2393 5101 2500 5146 etc.
3464 5102 3467 5107 ·

2198 5161 2658 5289 Μὲἓὲὺρίερηάίσ
2686 5166 2911 5238 hymnis.
2948 5163 3084 5223 Cod.
3133 5165 3415 5234 Perillam,
3457 5166 3805 5240 dicendique

2231 5250 2478 5391 ygl‘iéx
2507 5305 2714 5391 horreo.
2745 5307 2989 5391 Floreat.
3019 5308 3153 5391 duo,
3178 5320 3230 5365 et
3259 5310 3466 5391 horreo.

2264 5377 2353 5432 9-2.
2387 5378 2534 5433 Sicut
2553 5387 2801 5437 stercora.
2826 5380 2928 5435 Ed.
2947 5383 3085 5451 Aug.
3104 5389 3161 5436 et
3179 5396 3312 5438 mss.
3360 5380 3625 5450 Harena,
3653 5384 3806 5439 rem

505 5450 779 5519 legeretur
830 5460 928 5519 pro
957 5454 1147 5519 _ten_ere
1202 5446 1588 5519 (prtuterqttatn
1636 5445 1690 5519 iu
1737 5445 1870 5519 edit.
1924 5444 2089 5518 Aug.)
2192 5456 2445 5505 stercora.

498 5514 915 5589 contendereJVIu
954 5516 1206 5589 Petjzon.
1238 5524 1418 5589 autem
1448 5524 1504 5571 et
1529 5514 1708 5589 Lugd.
1742 5517 1863 5572 Bat.
1893 5514 2090 5589 quarto

498 5601 551 5646 et
578 5589 718 5661 Ultr.
754 5588 949 5660 legitur
973 5631 987 5654 ,
1024 5584 1137 5657 Ego
1162 5628 1177 5653 ,
1199 5587 1329 5661 quia
1373 5584 1649 5658 defendere
1685 5604 1787 5642 non
1818 5584 1948 5658 queo
1976 5588 2087 5661 (vel

499 5660 738 5733 nequeo),
770 5657 943 5733 tenere
971 5674 1073 5733 non
1102 5657 1294 5733 audeo.

2263 5522 2355 5600 g2}.
2389 5520 2734 5600 Eerpendere.
2767 5521 2915 5600 Edjt.
2944 5523 3169 5600 eadem,
3198 5525 3504 5600 perpendet.

2262 5591 2356 5667 gf.
2386 5590 2437 5667 1‘:
2438 5602 2555 5647 acto
2577 5594 2811 5665 quidem.
2830 5594 2973 5667 In.
3004 5590 3212 5667 aliquoi
3229 5637 3250 5663 ,
3278 5590 3419 5667 facta
3444 5606 3642 5652 tamen.

2396 5663 2665 5746 Quantum
2704 5663 3187 5742 septingentesimo.
3226 5663 3416 5736 Hell,
3444 5680 3699 5740 quantum
3738 5671 3801 5726 in

566 5728 650 5807 il.
691 5728 965 5807 Universa.
994 5729 1169 5807 Abest
1328 5742 1361 5784 a
1388 5728 1515 5788 cod.
1541 5728 1821 5798 Peritum,
1845 5730 1937 5801 qui
1958 5744 2086 5789 mox

493 5799 643 5871 legit,
661 5800 842 5857 eadem
868 5816 985 5857 cum
1005 5797 1328 5871 defensione.
