4110 6168
282 287 429 346 1165

1314 291 1786 354 HISTORIARUM
1823 289 2028 374 LIBER
2072 292 2184 351 VII.
2226 293 2379 352 CAP.
2422 296 2534 352 XL.

3446 306 3586 362 1168

276 409 507 467 Neronis
536 410 881 481 imperatoris
919 411 1003 466 sui
1034 412 1360 481 spectaculis
1390 413 1874 470 inﬂammationem
1906 428 1959 485 Α
1983 427 2106 468 cum
2131 412 2216 468 his
2237 413 2378 481 alim,
2407 412 2646 469 Francos
2670 419 2973 484 proterunt,
3002 414 3252 471 Rhenum
3279 426 3581 486 transeunt,

278 516 595 558 recenseam
623 543 638 568 ,
673 502 1029 573 proculdubio
1073 505 1220 559 nulla
1263 507 1673 575 comparatione
1713 506 1877 577 tequi—

280 596 560 667 parahitur
602 596 901 653 secundum
950 598 1041 664 id,
1085 598 1229 668 quod
1279 598 1609 654 excitaverat
1657 598 1877 654 lascivia

279 689 563 761 principis,
591 689 693 744 hoc
713 689 855 761 quod
886 705 1031 745 nunc
1061 691 1304 747 intulerit
1335 692 1411 746 ira
1438 692 1682 748 victoris.
1707 691 1755 723 "
1777 690 1877 746 Ne-

278 799 381 852 que.
405 797 535 838 vero
551 781 828 839 Gallorum
853 782 1163 838 meminisse
1187 782 1239 835 iu
1262 782 1569 854 hujusmodi
1591 784 1880 839 collatione

278 876 474 940 debeo,
496 876 587 946 qui
610 875 655 906 "’
677 876 934 930 continuo
958 890 1095 945 pene
1119 876 1246 930 anni
1270 875 1448 945 spatio
1470 876 1705 931 incensa:
1726 889 1879 930 ever-

281 984 466 1040 saeque
511 968 675 1026 Urbis
727 970 942 1025 attritos
994 970 1209 1026 cineres
1262 968 1642 1040 possederunt.
1705 968 1766 1022 Et
1812 983 1880 1022 ne

281 1065 564 1132 quisquam
608 1063 749 1119 forte
777 1062 1046 1118 dubitaret
1085 1063 1155 1116 ad
1182 1063 1585 1133 correptioqem
1616 1064 1662 1095 ’⁸
1692 1076 1879 1132 super-

280 1157 363 1211 bae
404 1156 643 1212 lasciviae
662 1197 678 1223 ,
718 1164 775 1212 et
806 1156 1137 1227 blasphemm
1164 1157 1400 1212 civitatis
1431 1156 1684 1213 hostibus
1713 1156 1883 1213 fuisse

280 1251 611 1322 permissum
639 1294 654 1318 ,
698 1253 892 1309 eodem
934 1260 1179 1323 tempore
1217 1252 1520 1309 clarissima
1562 1251 1726 1309 Urbis
1766 1252 1881 1308 loca

281 1345 595 1400 fulminibus
625 1346 670 1379 ”
700 1344 881 1401 diruta
912 1354 1040 1401 sunt
1063 1388 1077 1411 ,
1113 1361 1236 1418 quae
1260 1345 1584 1402 inflammari
1616 1347 1686 1403 ab
1715 1347 1883 1402 hosti.

282 1438 384 1496 bus
415 1440 795 1512 nequiverunt.

799 1555 963 1628 57s
999 1554 1229 1613 CAPUT
1264 1555 1381 1612 XL.

280 1647 362 1705 De
396 1649 705 1719 irruptione,
744 1651 1125 1719 vastationeque
1161 1651 1484 1715 Alanorum,
1519 1650 1811 1707 Sueuorum
1835 1661 1883 1705 ct

363 1721 736 1777 Vandalorutn.
766 1720 901 1776 Item
920 1722 996 1776 de
1015 1720 1271 1794 Gratiano
1299 1732 1524 1794 tyranno
1555 1733 1601 1777 et
1628 1720 1883 1777 Constan-

1982 506 2187 562 Gallias
2218 507 2513 577 invadunt,
2548 506 2869 578 directoque
2899 508 3100 579 impetu
3132 509 3452 582 Pyrenaeum
3496 530 3584 569 us-

1981 613 2088 669 que
2119 598 2483 669 pcrveniunt:
2516 599 2670 671 cujus
2695 600 2851 656 obice
2878 602 2944 656 ad
2973 611 3185 673 tempus
3209 606 3459 675 repulsae,
3489 621 3584 677 per

1981 692 2440 762 circumiacentes
2472 693 2782 762 provincias
2814 693 3196 752 refunduntttr.
3227 698 3320 753 llis
3344 714 3438 768 per
3461 700 3585 754 Gal-

1982 787 2082 841 lias
2116 789 2545 848 bacchantibus.
2589 790 2729 861 apud
2760 790 3075 847 Britannias
3101 791 3423 858 Gratianus,
3471 811 3587 848 tnu-

1984 878 2171 951 uiceps
2210 882 2453 949 ejusdem
2498 882 2722 953 insulae,
2766 893 3028 954 tyrannus
3054 897 3273 941 creatur
3301 897 3355 942 et
3384 887 3585 943 occidi-

1986 978 2094 1026 tur.
2147 972 2317 1043 Hujus
2364 975 2485 1030 loco
2532 973 2960 1043 Constantinus,
2992 992 3060 1033 ex
3116 977 3296 1034 intima
3355 981 3580 1042 militia,

1985 1080 2208 1141 propter
2228 1074 2400 1129 solam
2423 1088 2575 1144 spem
2604 1074 2857 1138 nominis,
2884 1075 3006 1130 sine
3029 1077 3224 1131 merito
3249 1076 3466 1132 virtutis
3490 1078 3585 1132 cli-

1983 1161 2147 1232 gitur,
2183 1163 2345 1238 577
2376 1166 2465 1236 qui
2514 1166 2778 1220 continuo
2815 1175 2875 1221 ut
2925 1166 3118 1222 invasit
3173 1169 3482 1238 imperium,
3531 1170 3583 1222 iu

1985 1253 2191 1311 Gallias
2221 1259 2460 1313 transiit.
2487 1268 2509 1299 ⁸
2535 1258 2609 1315 lbi
2645 1274 2793 1329 saspe
2818 1275 2847 1313 a
2879 1259 3139 1315 Barbaris
3165 1260 3389 1317 incertis
3414 1261 3584 1318 foede-

1986 1347 2138 1404 ribus
2161 1350 2732 1415 illusus,detrituento
2760 1351 2934 1422 magis
2964 1353 3280 1421 reipublica:
3308 1353 3431 1410 fuit.
3450 1357 3585 1410 ’Μία

1986 1447 2056 1501 sit
2110 1445 2163 1499 itt
2219 1444 2507 1514 Hispanias
2532 1445 2767 1516 judices,
2796 1461 2935 1517 quos
2964 1460 3090 1502 cum
3124 1449 3421 1517 provinciae
3450 1450 3582 1505 obe-

1987 1536 2203 1594 dientes
2221 1539 2268 1578 ὀ
2290 1538 2658 1608 accepissent,
2681 1537 2790 1594 duo
2822 1539 3018 1595 fratres
3034 1540 3269 1610 juvenes
3293 1542 3506 1598 nobiles
3530 1551 3587 1598 et.

1988 1630 2314 1700 locupletes,
2349 1630 2613 1701 Didymus
2634 1639 2692 1687 et
2718 1630 3039 1687 Veriuianus
3063 1633 3105 1665 ί*
3138 1649 3247 1689 non
3274 1652 3589 1703 assumpse-

1988 1731 2145 1787 runt;
2198 1736 2266 1777 ne
2323 1721 2584 1776 adversus
2639 1730 2935 1793 tyrannum
2965 1723 3184 1793 quidem
3218 1727 3585 1797 tyrannidem,

351 1795 801 1888 tIt'lnojmperatore
840 1792 1340 1888 apudBritannos,‘
1379 1795 1540 1865 deque
1583 1794 1795 1865 Didymi
1832 1803 1881 1849 et

1989 1813 2085 1869 sed
2117 1813 2431 1883 impetatori
2457 1813 2609 1884 justo
2635 1813 2899 1870 adversus
2933 1818 3587 1888 tyrannumetBarbarus

366 1865 633 1920 Veriniani
663 1865 818 1937 gestis
846 1875 894 1919 et
926 1867 1159 1920 interitu.

355 2002 371 2032 ¹
397 2001 559 2057 Anno
578 2002 760 2071 itaque
780 2001 848 2055 ab
868 2000 1016 2056 Urbe
1037 1999 1254 2057 condita
1279 2014 1498 2066 ICLXIV,
1528 1999 1761 2072 irruptio
1781 2000 1882 2057 Ur-

276 2095 364 2152 bis
394 2112 490 2165 per
515 2095 786 2151 Alaricum
819 2095 958 2150 facta
988 2103 1112 2150 est:
1145 2094 1299 2164 cujus
1320 2094 1399 2149 rei
1422 2094 1671 2164 quamvis
1693 2108 1885 2150 recens

280 2192 540 2248 memoria
575 2192 597 2223 ²
624 2191 695 2246 sit
721 2236 736 2259 ,
782 2198 894 2245 tum
926 2189 973 2244 si
1004 2188 1125 2261 quis
1156 2189 1328 2260 ipsius
1361 2189 1540 2258 populi
1572 2188 1798 2243 Romani
1830 2197 1886 2244 et

282 2283 679 2339 multitudinem
710 2282 888 2337 videat
910 2325 922 2343 .
953 2293 1010 2337 et
1028 2298 1216 2337 vocem
1240 2282 1463 2347 audiat,
1496 2280 1629 2337 nihil
1659 2282 1882 2349 factum,

281 2376 422 2431 sicut
445 2376 611 2430 etiam
643 2375 745 2444 ipsi
778 2375 1046 2441 fatentur,
1078 2374 1469 2443 arbitrabitur,
1504 2375 1608 2431 nisi
1641 2375 1886 2447 aliquan-

282 2467 351 2523 tis
379 2467 556 2524 adhuc
578 2467 600 2499 ³
620 2467 1011 2524 exsistentibus
1041 2481 1110 2522 ex
1141 2466 1394 2523 incendio
1424 2466 1600 2522 ruinis
1626 2465 1765 2523 forte
1789 2466 1887 2522 do-

280 2570 487 2616 ceatur.
527 2560 580 2615 In
612 2575 675 2615 ert
708 2561 1011 2631 irruptione
1037 2558 1274 2615 Placidia
1299 2599 1317 2627 ,
1349 2557 1646 2614 Theodosii
1677 2558 1887 2628 princiv

281 2653 366 2724 pis
396 2653 528 2719 ﬁlia,
562 2652 774 2708 Arcadii
805 2661 859 2707 et
891 2652 1114 2707 lienorii
1144 2652 1163 2683 ⁵
1191 2652 1581 2722 imperatorum
1609 2667 1788 2719 soror,
1817 2652 1889 2721 ab

280 2746 554 2817 Ataulpltu
576 2788 590 2811 ,
625 2745 826 2800 Alariei
863 2746 1213 2815 propinquo,
1245 2745 1267 2776 ⁸
1294 2754 1448 2815 capta
1483 2754 1568 2800 est
1595 2790 1609 2815 ,
1642 2754 1804 2814 atque
1831 2743 1887 2798 in

281 2855 506 2896 uxorem
543 2848 824 2907 assumpta
848 2881 862 2905 ,
897 2836 1052 2907 quasi
1083 2837 1105 2868 ⁶
1133 2851 1254 2893 eam
1280 2837 1469 2893 divino
1498 2836 1888 2905 judicio,velut

281 2932 517 3003 speciale
550 2931 740 3002 pignus
766 2927 1011 2984 obsidem
1041 2926 1211 2982 Roma
1244 2928 1566 2995 tradiderit,
1601 2928 1672 2983 ita
1698 2928 1889 2998 juncta

281 3025 303 3057 ⁷
335 3024 714 3094 potentissimo
744 3021 970 3077 Barbari
1003 3021 1145 3091 regis
1177 3020 1465 3091 conjugio,
1503 3019 1673 3074 multo
1704 3021 1887 3091 reipu.

280 3116 435 3173 blica:
466 3116 754 3172 commodo
787 3116 903 3170 luit.
934 3114 1145 3169 Interea
1177 3123 1305 3170 ante
1330 3112 1604 3168 biennium
1631 3112 1888 3168 Romanae

1992 1903 2131 1959 tueri
2162 1918 2287 1959 sese
2317 1903 2658 1975 patriamque
2685 1918 2839 1960 suam
2898 1906 3070 1962 utoliti
3109 1919 3256 1962 sunt.
3287 1908 3441 1977 Quud
3474 1912 3591 1980 ipso

1990 1995 2068 2050 rei
2096 2004 2268 2067 gesta:
2292 1996 2486 2052 ordsnc
2515 1995 2708 2068 patuit.
2739 1996 2873 2052 Nam
2921 2001 3265 2070 tyrannidem
3293 2019 3453 2058 nemo
3484 2003 3589 2057 nisi

1988 2089 2246 2145 celeriter
2268 2098 2595 2145 maturatam
2621 2090 2665 2121 ¹²
2695 2098 2913 2147 secreto
2936 2093 3161 2160 invadit,
3179 2102 3233 2150 et
3258 2095 3473 2162 publice
3506 2112 3590 2148 ar-

1991 2192 2123 2251 mat,
2181 2182 2338 2251 cujus
2394 2197 2602 2236 summa
2644 2192 2751 2245 esr,
2802 2194 3085 2253 assumpto
3118 2185 3428 2242 diademate
3462 2187 3589 2243 "ac

1991 2293 2256 2349 purpura,
2298 2277 2466 2332 videri
2512 2288 2804 2349 antequam
2857 2279 3004 2334 sciri.
3036 2279 3100 2334 Hi
3130 2296 3261 2337 vero
3282 2282 3325 2313 “‘
3351 2284 3587 2354 plurimo

1992 2382 2245 2442 tempore
2272 2372 2526 2426 servulos
2554 2379 2764 2427 tantum
2792 2373 2984 2427 suos"
3006 2390 3074 2428 ex
3106 2375 3340 2445 propriis
3373 2377 3587 2446 μηνιΙίίέ

1991 2466 2320 2536 colligentes
2351 2478 2414 2521 ac
2440 2465 2751 2520 vernaculis
2777 2467 2987 2521 alentes
3017 2468 3342 2536 sumptibus,
3364 2470 3593 2524 necdis-

1987 2562 2243 2616 simulato
2276 2559 2806 2631 proposito,absque
2849 2560 3170 2631 cujusquam
3201 2563 3587 2634 inquietudine

1989 2657 2056 2712 ad
2085 2655 2332 2729 Pyrcnzri
2361 2656 2600 2712 claustra
2631 2654 2947 2711 tendebaut.
2967 2655 3301 2713 “Adversus
3325 2658 3427 2714 hos
3447 2657 3591 2713 Con—

1990 2755 2269 2807 stantiutts
2296 2749 2652 2806 Constantem
2696 2747 2868 2803 filium
2900 2763 3083 2814 suum,
3114 2751 3252 2820 proh
3278 2751 3470 2809 dolor!
3523 2770 3586 2810 ex

1988 2845 2260 2899 monacho
2284 2842 2562 2899 Ctesarem
2593 2841 2816 2910 (aetum,
2849 2858 2973 2897 cum
3005 2844 3260 2901 Barbaris
3288 2847 3331 2878 "’
3361 2847 3583 2918 quibus-

1988 2935 2135 3002 dam,
2170 2934 2260 3005 qui
2291 2934 2561 3005 quondam
2596 2934 2649 2988 in
2683 2932 2860 2989 tmdus
2893 2935 3101 3005 recepti
3152 2946 3315 3008 atque
3367 2940 3417 2993 iu
3450 2940 3589 2993 mili-

1992 3027 2120 3081 tiam
2151 3024 2360 3093 allecti,
2414 3026 2459 3058 ’⁸
2492 3023 2782 3080 Honoriaci
2809 3025 3164 3095 vocabantur,
3202 3029 3252 3082 in
3297 3029 3585 3100 Hispanias

1991 3119 2163 3175 misit.
2185 3120 2319 3175 Hinc
2345 3119 2485 3190 apud
2512 3118 2804 3190 Hispanias
2826 3122 3002 3190 prima
3028 3121 3155 3175 mali
3188 3123 3229 3156 ὀ
3249 3122 3427 3189 labes;
3463 3141 3583 3179 nam

283 3209 629 3282 irruptionis,
673 3210 922 3264 excitatae
966 3224 1060 3279 per
1101 3207 1418 3264 Stiliconem
1461 3214 1652 3279 gentes
1687 3206 1882 3261 Alano-
1910 3187 1959 3252 Ο
1990 3210 2289 3268 interfectis
2309 3187 2414 3266 illis
2447 3187 2733 3280 fratribus,
2757 3187 2850 3283 qui
2887 3213 3046 3267 tutari
3079 3214 3292 3283 privato
3325 3187 3580 3283 praesttlio

282 3319 406 3361 rum
432 3348 446 3373 ,
492 3314 549 3360 ut
575 3304 685 3360 disi
714 3349 729 3373 ,
768 3304 1070 3359 Suevorum
1095 3343 1111 3369 ,
1141 3302 1508 3358 Vandalorum
1536 3345 1551 3370 ,
1586 3300 1883 3374 multaeque

1989 3303 2241 3377 Pyrenaei
2262 3303 2432 3376 Alpes
2455 3303 2846 3372 moliebantur,
2865 3302 2951 3359 his
2972 3302 3226 3363 Barbaris
3247 3307 3412 3382 578
3432 3313 3587 3381 quasi

1540 3438 1993 3497 HAVERCAMPI
2031 3440 2264 3498 NOTAE.

354 3563 445 3620 26.
488 3560 669 3630 Neque
705 3576 825 3614 vero
865 3558 1155 3615 Gallorum.
1203 3558 1454 3615 Perizon.
1484 3566 1542 3614 et
1568 3568 1678 3614 tres
1710 3559 1882 3628 Lugd.

287 3634 428 3691 Batt.
453 3679 468 3702 ,
504 3631 588 3686 Ne
613 3631 916 3702 Gallorum,
951 3643 1058 3702 etc.

356 3707 446 3761 27.
478 3702 759 3758 Continuo.
782 3701 920 3757 Tres
946 3701 1117 3773 Lugd.
1147 3701 1286 3756 Batt.
1308 3742 1324 3767 ,
1352 3702 1588 3773 continui
1610 3718 1738 3773 pene
1760 3703 1886 3757 anni

288 3777 460 3845 spatio
497 3776 705 3830 attritos
745 3774 943 3828 cineres
977 3770 1317 3845 possederunt
1346 3814 1360 3837 ,
1405 3770 1884 3845 deletis'reliquis.

342 3865 396 3903 er
444 3847 672 3901 continui
686 3860 841 3917 'pene
886 3842 1015 3899 anni
1055 3845 1286 3914 spatium
1326 3843 1575 3914 quadam
1616 3842 1704 3898 ed.
1752 3852 1883 3899 vett.

289 3920 512 3976 habent.

358 3991 450 4047 28.
484 3987 749 4061 Superbia.
780 3986 879 4042 Ed.
906 3986 1077 4061 _A_ug.,
1100 3985 1372 4061 superbiae.
1394 3983 1566 4061 Lugd.
1590 3984 1727 4041 Bait.
1752 3994 1885 4061 tres,

289 4064 526 4129 superba:
553 4056 603 4116 et
634 4061 835 4114 misera:
868 4056 1109 4113 civitatis.
1141 4056 1277 4112 Cod.
1307 4056 1555 4112 Perizon.
1578 4098 1593 4123 ,
1625 4056 1883 4129 superbae,

291 4128 526 4197 lasciue,
559 4131 907 4200 blaspltenue,
947 4140 995 4183 et
1032 4131 1239 4185 misera:
1277 4129 1521 4182 civitatis.
1564 4129 1696 4194 Quae
1726 4128 1887 4183 lectio

289 4219 400 4259 non
428 4204 699 4269 displicet.
942 4215 959 4230 ·

358 4275 451 4337 29.
498 4274 690 4329 Diruta
717 4271 1063 4344 sunt.-Lugd.
1092 4271 1211 4327 Bat.
1254 4286 1338 4342 pr.
1373 4279 1428 4326 ct
1456 4279 1581 4326 tcrt.
1605 4314 1619 4337 ,
1667 4270 1888 4341 dirupta

291 4356 411 4400 sunt
433 4389 446 4410 ,
479 4346 620 4417 quod
654 4360 763 4400 non
780 4344 1296 4417 Aest‘spernendum;

361 4411 639 4475 Cara-XL.
669 4446 741 4457 —
770 4415 822 4469 1.
854 4411 1002 4470 Anno
1028 4415 1221 4484 itaque.
1256 4412 1391 4469 Tres
1417 4429 1481 4468 ex
1511 4412 1685 4483 Lugd.
1717 4411 1885 4482 Batt.,

292 4490 490 4560 quibus
531 4488 811 4552 Perizon.,
852 4486 992 4544 Ultr.
1027 4494 1084 4541 et
1118 4485 1254 4541 Coll.
1295 4484 1536 4541 Gronov.
1585 4485 1883 4553 accedunt,

291 4561 585 4618 secundam
617 4574 807 4615 vocem
837 4573 947 4613 non
976 4566 1296 4628 agnoscunt.

360 4632 418 4687 2.
452 4632 555 4688 Sit.
586 4629 689 4685 Ed.
719 4630 947 4700 August.
967 4671 980 4693 ,
1014 4635 1108 4700 est.

362 4706 416 4761 5.
454 4695 1015 4758 Επὶειεηιὶὁιιίνιιὶηἱε.
1038 4698 1211 4770 Lugd.
1239 4697 1379 4753 Batt.
1416 4709 1555 4765 tres,
1586 4712 1708 4753 cum
1743 4695 1882 4752 Coll.

292 4774 531 4832 Gronov.
553 4820 568 4841 ,
599 4772 915 4828 exstantibus
945 4772 1133 4826 ruinis.

364 4851 416 4901 4.
453 4838 839 4930 Imperatorunt
867 4859 1036 4930 soror.
1069 4842 1239 4925 Lugd.
1275 4841 1426 4930 Batti
1448 4850 1559 4930 tres
1584 4855 1706 4896 cum
1734 4838 1874 4895 Coll.
1908 4869 1959 4930 ο

293 4910 1128 4988 Gronovflegunt[imperatoris
1154 4910 1301 4988 soror
1324 4910 1515 4988 ablata.

365 4992 420 5045 5.
440 4981 742 5059 ,Cupta'est.
771 4981 1007 5041 Verbum
1044 4985 1335 5059 estactum
1372 4992 1479 5037 tres
1510 4981 1683 5053 Lugd.
1710 4982 1875 5051 Batt.,

294 5060 403 5116 duo
426 5055 714 5123 Florentt.,
745 5058 1000 5114 Perizou.
1029 5067 1084 5113 et
1114 5056 1252 5111 Coll.
1278 5055 1519 5110 Gronov.

366 5132 422 5187 6.
454 5130 610 5185 Eam.
640 5130 892 5199 Quinque
915 5144 983 5184 ex
1006 5128 1197 5183 iisdem
1224 5128 1430 5199 legunt,
1457 5125 1709 5199 eamdem.

368 5205 420 5258 7.
455 5197 825 5256 Potentissimo
850 5199 1073 5271 Barbari
1100 5200 1258 5271 regis.
1304 5197 1377 5271 lla
1408 5197 1497 5251 ed.
1531 5201 1881 5271 Attgustana;

293 5274 550 5342 reliquae,
598 5273 945 5341 potentissimi
985 5267 1203 5325 Barbari
1236 5268 1412 5342 regis,
1453 5267 1595 5342 quod
1635 5267 1887 5342 displicet

294 5337 543 5403 auribus.»
581 5337 752 5413 Lugd.
797 5344 907 5399 Bat.
943 5358 1026 5414 pr.
1057 5343 1192 5416 regis
1216 5337 1390 5407 delet,
1424 5339 1567 5410 quod
1598 5348 1657 5395 et
1682 5337 1886 5394 faciunt

293 5418 403 5475 duo
430 5416 696 5473 Florentt.

365 5492 421 5547 8.
474 5486 556 5543 Ibi
612 5501 765 5559 stupe.
816 5485 985 5556 Lugd.
1022 5484 1162 5540 Ball.
1195 5484 1400 5554 primus
1446 5492 1498 5536 et
1555 5482 1774 5547 tertius,
1804 5481 1889 5535 ubi

402 5579 449 5618 e.

294 5578 601 5691 mngisit
628 5633 681 5701 in
713 5626 1017 5701 Hispanias.
1042 5627 1221 5701 Multae
1244 5626 1512 5701 editiones
1547 5625 1752 5692 legunt,
1782 5621 1885 5676 Mi-

295 5706 363 5761 sit
391 5720 507 5760 vero
536 5704 593 5757 in
616 5698 932 5774 Hispaniam
950 5700 1178 5774 judifes,
1211 5698 1306 5752 sed
1339 5706 1561 5774 contra“
1574 5710 1703 5774 mss;

372 5777 459 5833 10.
487 5764 835 5847 Accepissent.
863 5764 1033 5842 Lugd.
1061 5764 1199 5825 Batt.
1234 5778 1347 5824 tres
1371 5784 1492 5824 cum
1521 5766 1660 5823 Coll.
1686 5764 1880 5832 Gron.,

1991 3562 2283 3616 audissent.
2312 3559 2429 3615 Non
2475 3560 2805 3631 Verinianus,
2837 3560 2933 3617 sed
2964 3560 3293 3631 Virirlianus,
3318 3567 3457 3623 alter
3486 3570 3583 3625 lto-

1993 3647 2115 3688 rum
2147 3641 2373 3687 vocatur
2401 3631 2542 3700 apud
2572 3630 2797 3686 Paulum
2833 3632 3152 3688 Diaconum.

2062 3704 2152 3758 11.
2188 3703 2311 3757 Non
2340 3717 2689 3773 assumpsere.
2718 3705 2922 3773 Omnes
2950 3702 3067 3759 fere
3100 3720 3232 3761 mss.
3258 3706 3457 3763 habent
3479 3729 3585 3766 non

1946 3802 1969 3814 κ
1989 3789 2276 3846 assumere,
2301 3772 2449 3846 quod
2469 3772 2607 3846 bene
2630 3784 2695 3846 et
2713 3772 2904 3846 Latine
2934 3774 3137 3829 dictum
3164 3787 3267 3846 est,
3293 3781 3389 3833 sed
3420 3798 3486 3836 an
3512 3785 3583 3838 ita

1989 3845 2276 3921 scripserit
2295 3842 2525 3899 Orosius
2553 3842 2714 3921 haud
2732 3845 2921 3910 liquet.
2944 3845 3085 3921 Quae
3097 3862 3231 3902 vero
3254 3842 3577 3921 sequuntur,

1989 3931 2018 3988 a
2052 3916 2259 3984 paucis,
2284 3924 2549 3988 ξιιμ-βίης»,-
2590 3914 2772 3982 facile,
2805 3926 2966 3984 prout
2995 3918 3214 3988 vulgata
3243 3914 3389 3985 sum,
3425 3914 3579 3980 intel-

1990 3986 2248 4057 ligentur.
2282 3985 2428 4041 Editi
2463 3984 2669 4057 habent
2718 4003 2820 4041 non
2848 3984 3195 4055 assumpsére,
3237 4008 3300 4046 ne
3334 3995 3581 4051 adversus

1989 4056 2293 4136 tyrannum,
2351 4065 2458 4112 etc.
2490 4056 2677 4136 Μειρθτί
2706 4058 3058 4136 distinctione
3089 4071 3212 4126 post
3253 4080 3579 4136 assumpsere

1993 4128 2190 4197 posita,
2222 4142 2417 4183 sensus
2448 4128 2755 4207 mag_is__eri_t
2776 4130 3033 4207 liquidus,
3076 4137 3381 4207 praesertim
3406 4128 3449 4191 si
3482 4155 3580 4207 pro

1990 4216 2056 4254 ne
2087 4214 2328 4277 reponas
2358 4198 2579 4264 nec,vet
2606 4200 2737 4277 illud
2767 4198 3042 4277 necapias
3066 4198 3125 4257 ut
3150 4205 3289 4260 idem
3314 4198 3582 4277 signiticet

1989 4271 2132 4396 ξιιοά
2156 4287 2266 4325 nec.
2293 4273 2497 4326 Sensus
2526 4279 2640 4324 est:
2667 4270 2831 4325 immo
2851 4271 2905 4325 hi
2932 4273 3165 4341 juvenes
3191 4292 3258 4331 ne
3280 4270 3427 4331 arma
3459 4283 3578 4347 qui-

2030 4358 2113 4396 em
2146 4356 2244 4396 nro
2260 4339 2686 4396 tvrannidelsua
2719 4342 3062 4396 videlicet.id
3087 4346 3232 4396 enim
3264 4346 3318 4396 in
3341 4363 3573 4396 senilan-

2030 4358 2113 4397 ent
2146 4356 2244 4411 pro
2260 4340 2550 4421 tyrannide
2569 4339 2686 4475 ﬁsus
2719 4339 3062 4410 videlicét,id
3087 4346 3232 4400 enim
3264 4346 3318 4401 in
3341 4339 3573 4420 sequen-

2036 4413 2137 4466 bus
2164 4412 2323 4466 diluit
2350 4411 2575 4467 Orostus
2627 4422 2816 4467 contra
2871 4421 3164 4475 tyrannum
3201 4432 3573 4475 sumpserunt.

1989 4413 2137 4495 tibus
2164 4411 2323 4495 diluit
2350 4411 2598 4495 Orosius)
2627 4422 2816 4495 contra
2842 4494 2845 4495 ν
2871 4421 3164 4495 tyrannum
3201 4411 3573 4489 sumpserunt,

1989 4483 2110 4560 sed
2143 4497 2240 4552 pro
2295 4486 2630 4560 imperatore
2681 4492 2740 4538 et
2766 4483 3182 4560 patria._cuntra
3210 4483 3494 4560 tyrannum
3526 4483 3576 4547 et

1989 4554 2278 4626 Barbaros.
2310 4553 2439 4607 Mss.
2475 4552 2567 4621 qui
2595 4568 2859 4626 assumere
2890 4556 3115 4623 habent,
3154 4552 3341 4614 defeat,
3362 4578 3445 4626 ηρ,
3480 4566 3574 4619 δρα

1990 4624 2288 4700 immerito,
2340 4631 2502 4700 prout
2541 4624 2761 4693 quidam
2806 4641 2872 4700 ex
2905 4626 3013 4682 illis
3039 4627 3177 4683 intra
3214 4624 3497 4700 tyrannum
3525 4647 3579 4689 et

1987 4697 2195 4767 quidem
2224 4690 2803 4773 ἰηιθῆίεἰιιῃῐίιιιοίιιιθ
2816 4697 2836 4749 1
2840 4709 3016 4752 rustra
3040 4715 3171 4769 sese,
3195 4690 3359 4773 atque
3380 4705 3578 4761 deinde

1988 4765 2304 4838 expungunt
2329 4776 2378 4821 et
2404 4765 2689 4820 Barbaros.

2062 4839 2150 4894 12.
2185 4838 2419 4893 Secreto.
2448 4838 2618 4893 Abest
2644 4853 2673 4891 a
2694 4838 2817 4895 cod.
2836 4842 2971 4911 Aug.
3005 4850 3062 4897 et
3090 4841 3593 4907 Florentt.duobus‘

1983 4920 2195 4966 secrete.

2189 4983 2265 5062 ﬁt:
2290 4997 2541 5062 purpura.
2577 4980 2694 5035 Duo
2719 4998 2787 5062 ex
2811 4981 2981 5062 Lugd.
3006 4981 3151 5062 Batt.
3174 4996 3265 5041 aut
3283 5005 3535 5062 purpura.

2186 5052 2424 5129 l_’lurimo
2447 5064 2695 5129 tempore.
2708 5053 3004 5129 _Pe_rizon.,
3019 5056 3200 5129 primo
3227 5052 3474 5129 tempore.

2062 5123 2264 5203 15.__E:r
2285 5124 2509 5203 propriis
2534 5124 2764 5195 praediis.
2797 5124 2967 5195 Lugd.
3017 5126 3159 5183 Batt.
3216 5145 3296 5199 pr.
3330 5123 3395 5187 ὀι
3425 5143 3574 5203 tert.,

1992 5197 2217 5267 prapriis
2239 5193 2523 5267 prasidiis.

2068 5265 2154 5341 115.
2183 5267 2438 5341 aduersus
2471 5265 2589 5341 hos.
2608 5265 2811 5341 Periz.,
2834 5269 3081 5341 adversus
3106 5287 3257 5341 quos.

1996 5408 2043 5466 α
2068 5339 2156 5393 17.
2186 5336 2530 5406 Quibusdam.
2565 5336 2733 5391 Abest
2755 5354 2781 5389 a
2807 5355 2937 5395 mss.
2970 5336 3141 5413 Lugd.
3175 5344 3314 5399 Batt.
3343 5354 3396 5398 et
3438 5348 3600 5404 Gott;-

2047 5425 2169 5464 ron.
3020 5424 3027 5430 ο

2047 5425 2169 5464 1⁵011.
3020 5424 3027 5430 ’

2069 5478 2499 5552 18._Honoriaei.
2533 5478 2592 5533 In
2626 5492 2760 5535 mss.
2816 5483 3135 5548 quihusdam
3181 5484 3499 5552 Honoriani,
3531 5492 3583 5544 in

1994 5551 2115 5634 aliis
2140 5550 2448 5634 llonoriaeti
2487 5560 2749 5606 vocantur
2780 5568 2794 5608 :
2830 5554 2883 5608 in
2921 5553 3097 5610 Peril.
3128 5554 3382 5612 dicuntur
3413 5550 3587 5615 lfonoo

1994 5640 2205 5678 racmcr.

2065 5695 2152 5751 19.
2170 5692 2371 5766 γιιαὺεε.
2398 5691 2573 5765 Lugd.
2596 5691 2715 5747 But.
2739 5708 2861 5751 cum
2892 5696 3145 5766 Periz._et
3171 5696 3313 5754 Coll.
3338 5700 3583 5759 Gronov.

1994 5767 2095 5838 fuit
2115 5765 2320 5821 addunt
2332 5805 2345 5817 .
