4074 6170
261 281 395 339 “69

1259 284 1736 345 HISTORIARUM
1774 287 1977 347 LIBER
2022 288 2131 349 VII.
2171 292 2327 351 CAP.
2367 294 2530 353 XLII.

3414 303 3557 362 “70

257 399 457 455 diutius
487 397 629 455 diem
660 398 943 471 protrahat
966 441 981 466 ,
1012 400 1055 432 ¹¹
1094 401 1537 472 quandoquidem
1579 405 1846 462 morituro
1874 410 1924 470 A
1951 409 2109 466 \‘tinus
2132 422 2340 482 postea,
2373 414 2456 469 vir
2476 414 2773 472 Galliarum
2805 415 3201 483 nobilissimus,
3227 417 3279 473 in
3315 421 3562 492 tyranni-

256 495 535 564 deSperata
584 493 873 551 conversio
917 493 1037 551 est?
1084 494 1151 550 Et
1194 496 1318 566 quia
1371 496 1665 554 imitabilia
1719 510 1845 557 sunt

248 586 451 659 judicia
483 587 603 654 Dei,
634 602 758 659 qute
787 602 888 645 nec
923 588 1069 646 scire
1108 590 1313 652 omnia,
1354 605 1455 646 nec
1484 592 1529 622 ’³
1569 593 1848 663 explicare

253 696 366 754 quae
393 682 623 749 scimus,
653 697 970 754 possumus,
1000 683 1247 739 breviter
1269 684 1635 754 expresserim
1656 685 1703 717 ’³
1723 700 1847 742 cor—

254 774 550 846 rcptiouem
589 773 797 845 judicis
827 774 958 844 Dei,
993 790 1210 847 quoquo
1238 786 1398 848 pacto
1427 776 1670 845 accidat,
1699 777 1848 849 juste

217 892 221 896 >
254 867 526 925 sustinere
554 869 645 940 qui
669 868 871 938 sciunt,
896 867 945 900 ’δ
963 867 1114 939 juste
1139 869 1414 925 sustinere
1443 868 1536 941 qui
1568 871 1840 930 nesciunt.

730 1002 890 1077 εει
930 1003 1167 1061 CAPUT
1199 993 1360 1061 XLII.

252 1117 446 1174 Recitat
472 1117 794 1191 catalogum
820 1117 1099 1189 quemdam
1126 1127 1488 1191 tyrannorum,
1519 1120 1611 1191 qui
1641 1120 1847 1176 tondent

367 1206 545 1245 omnes
569 1206 728 1260 opera
754 1189 1049 1246 Constantii
1076 1189 1281 1246 comitis
1310 1191 1467 1247 deleti
1494 1189 1714 1264 fuerint.

314 1325 474 1381 Anno
502 1324 572 1381 ab
604 1323 748 1382 Urbe
776 1326 996 1381 condita
1046 1341 1246 1391 ncuv,
1293 1326 1565 1384 Honorius
1606 1327 1843 1399 impera-

246 1428 329 1477 tor
357 1420 572 1487 videns,
626 1431 705 1478 tot
754 1424 1024 1494 oppositis
1071 1425 1340 1498 tyrannis,
1376 1426 1510 1483 nihil
1557 1426 1847 1485 adversum

245 1515 516 1572 Barbaros
561 1516 646 1588 agi
677 1531 864 1587 posse,
916 1519 1062 1589 ipsos
1115 1521 1269 1591 prius
1319 1530 1581 1594 tyrannos
1612 1524 1629 1553 ³
1673 1522 1847 1580 deleri

235 1606 411 1676 jubet.
444 1607 766 1665 Constantio
809 1610 998 1667 comiti
1041 1611 1203 1683 hujus
1254 1613 1385 1670 belli
1438 1629 1653 1671 summa
1697 1630 1848 1672 com-

242 1701 407 1756 missa
432 1709 534 1757 est.
576 1702 760 1759 Sensit
807 1712 935 1760 tunc
965 1704 1186 1761 demum
1233 1706 1542 1778 respublica
1588 1717 1643 1764 et
1684 1724 1846 1780 quam

1951 501 2075 558 dem
2109 504 2130 534 °
2162 520 2284 560 mox
2316 515 2373 561 ut
2395 500 2720 575 aSsnrrexit,
2745 508 2964 565 cecidit.
3002 509 3366 566 Sebastianus
3393 511 3564 571 frater

1950 596 2219 668 ejusdem,
2253 600 2358 657 hoc
2388 602 2586 670 solum,
2631 611 2689 658 ut
2719 613 2983 675 tyrannus
3013 614 3339 675 moreretur,
3371 605 3557 678 elegit.

1951 692 2118 766 582
2141 693 2276 751 Nam
2309 696 2591 765 continuo,
2626 698 2646 729 ⁷
2678 703 2738 752 ut
2765 706 3001 765 creatus,
3034 698 3252 753 occisus
3281 706 3386 755 cst.
3417 698 3560 767 Quid

1951 786 2020 843 de
2051 786 2431 846 infelicissimo
2470 789 2654 847 Attalo
2700 790 2911 863 loquar,
2964 790 3058 848 cui
3087 791 3262 848 occidi
3294 792 3441 849 inter
3471 801 3556 865 ty-

1950 895 2154 937 rannos
2178 882 2357 939 honor
2386 892 2442 941 et
2471 885 2607 941 mori
2636 885 2847 942 lucrum
2875 885 3009 942 fuit?
3039 887 3060 920 ⁸
3093 885 3150 943 1η
3177 887 3279 942 hoc
3304 886 3558 944 Alaricns

1951 972 2285 1044 imperatore
2313 975 2488 1047 facto,
2532 977 2759 1051 iniecto,
2786 980 2991 1035 relecto
3026 993 3091 1034 ac
3126 978 3364 1048 delecto,
3395 980 3561 1037 citius

1952 1067 2037 1123 his
2066 1068 2318 1125 omnibus
2339 1072 2474 1127 actis
2502 1086 2640 1143 pene
2669 1086 2829 1142 quam
2860 1072 3042 1137 dictis,
3074 1072 3298 1128 mimum
3325 1073 3476 1139 risit,
3504 1082 3562 1129 et

1953 1160 2140 1217 ludum
2178 1164 2446 1234 spectavit
2490 1165 2725 1236 imperii,
2778 1180 2881 1223 nec
2928 1166 3149 1232 mirum,
3179 1169 3200 1200 θ
3231 1167 3276 1222 si
3301 1167 3424 1237 jure
3455 1166 3561 1225 hac

1953 1270 2148 1326 pompa
2173 1257 2340 1313 miser
2372 1257 2529 1315 lusus
2555 1268 2662 1328 est,
2695 1259 2851 1329 cujus
2893 1259 2986 1315 ille
3026 1259 3336 1316 umbratilis
3364 1261 3562 1317 consul

1950 1347 2228 1405 Tertullus
2271 1363 2437 1406 ausus
2467 1360 2553 1408 est
2590 1350 2643 1407 iu
2671 1352 2822 1407 curia
2858 1351 3085 1408 dicere:
3132 1350 3342 1422 Loquar
3380 1353 3556 1421 vobis,

1953 1440 2142 1499 Patres
2173 1445 2479 1515 conscripti,
2511 1447 2691 1501 consul
2719 1455 2767 1501 et
2806 1446 3061 1518 pontifex,
3090 1462 3309 1518 quorum
3338 1447 3441 1502 alte
3470 1464 3560 1502 um

1953 1543 2118 1604 teneo,
2146 1536 2188 1567 ²⁰
2211 1536 2431 1591 alterum
2468 1554 2643 1607 spera,
2677 1552 2905 1608 sperans
2936 1540 3102 1595 abeo
3129 1538 3219 1610 qui
3247 1554 3401 1611 spem
3445 1553 3559 1595 non

1953 1626 2205 1698 habebat,
2243 1636 2299 1685 et
2326 1629 2648 1686 maledictus
2697 1631 2884 1702 utique
2938 1632 2976 1662 ¹¹
3022 1631 3147 1699 quia
3197 1646 3351 1701 spem
3398 1647 3557 1688 suam

1951 1729 2214 1791 posuerat
2253 1722 2305 1775 in
2337 1721 2580 1777 homine.
2625 1721 2839 1778 Attalus
2873 1723 3059 1794 itaque
3089 1706 3361 1794 tamquam
3395 1724 3559 1779 inane

242 1796 529 1853 utilitatem
584 1796 637 1853 iu
692 1798 944 1855 Romano
993 1801 1215 1857 tandem
1267 1802 1406 1858 duce
1449 1803 1737 1875 receperit,
1792 1813 1836 1860 el

1951 1814 2164 1886 imperii
2194 1815 2544 1872 simulacrum
2575 1831 2700 1873 cum
2741 1816 2935 1873 GOthis
2971 1832 3146 1888 usque
3170 1819 3235 1872 ad
3267 1817 3558 1888 Hispanias

237 1906 396 1962 quam
426 1901 654 1949 eatenus
676 1894 975 1963 perniciem
1001 1911 1097 1964 per
1127 1895 1286 1967 longa
1315 1905 1562 1968 tempora
1592 1896 1846 1953 Barbaris

235 1984 524 2041 comitibus
554 1985 804 2056 subjecta
843 1986 1114 2042 tolerarit.
1149 1987 1321 2060 Igitur
1361 1987 1715 2045 Constantius
1744 2004 1841 2045 co-

236 2092 356 2133 mes
378 2077 432 2132 in
458 2076 690 2133 Galliam
739 2093 862 2134 cum
908 2080 1152 2136 exercitu
1198 2080 1501 2152 proiectus,
1533 2080 1839 2138 Constanti-

236 2189 362 2229 num
395 2175 785 2246 imperatorem
808 2175 949 2246 apud
982 2178 1002 2208 ²
1030 2176 1303 2238 Arelatem
1328 2177 1607 2233 civitatem
1628 2177 1845 2245 clausit,

234 2266 377 2337 cepit
421 2276 477 2322 et
506 2266 727 2323 occidit.
767 2267 887 2323 .lam
931 2268 1080 2335 hinc,
1116 2281 1175 2324 ut
1205 2269 1274 2325 de
1307 2269 1558 2341 catalogo
1589 2280 1847 2343 tyranno-

233 2374 352 2414 rum
381 2373 539 2429 quam
572 2357 899 2415 brevissime
927 2358 1141 2431 loquar,
1175 2359 1535 2417 Constantem
1572 2359 1843 2418 Constan-

233 2452 331 2509 tini
361 2451 551 2520 tilium,
597 2451 893 2509 Gerontius
923 2467 1110 2510 comes
1139 2469 1291 2521 suns,
1319 2455 1340 2485 ³
1382 2455 1466 2510 vir
1511 2470 1742 2527 nequam
1777 2470 1841 2511 ac

231 2545 535 2617 improbus,
560 2546 703 2617 apud
732 2545 996 2603 Viennam
1024 2546 1318 2619 interfecit,
1344 2559 1505 2621 atque
1535 2549 1586 2604 in
1616 2550 1737 2620 ejus
1765 2549 1843 2607 lo.

230 2654 355 2694 eum
400 2637 691 2695 Maximum
726 2640 1015 2712 quemdam
1046 2640 1067 2671 ‘*
1090 2641 1391 2698 substituit.
1427 2642 1545 2713 ipse
1576 2657 1704 2699 vero
1731 2641 1837 2700 Ge-

229 2733 446 2789 rontius
476 2747 505 2788 a
533 2734 650 2789 suis
677 2733 935 2790 militibus
973 2737 1190 2792 occisus
1230 2747 1334 2792 est
1374 2737 1659 2808 Maximus,
1693 2755 1831 2797 exu-

229 2835 318 2881 tus
346 2841 608 2897 purpura,
637 2826 1044 2900 destitutusque
1067 2845 1095 2884 a
1127 2830 1386 2888 militibus
1403 2831 1721 2903 Gallicanis,
1745 2834 1838 2904 qui

230 2920 284 2975 in
319 2919 559 2978 Africam
591 2924 830 2994 trajecti,
853 2924 1052 2982 deinde
1091 2926 1142 2981 in
1176 2926 1383 2983 Italiam
1414 2929 1654 2984 revocati
1683 2940 1836 3000 sunt,

228 3030 377 3074 nuoc
402 3016 543 3074 inter
563 3016 835 3077 Barbaros
863 3020 883 3051 ⁵
911 3020 964 3077 in
989 3019 1246 3094 llispania
1285 3037 1451 3095 egens
1477 3022 1711 3080 exsulat.
1745 3025 1839 3081 Jo-

1949 1915 2202 1978 portatus
2226 1917 2332 1975 est;
2354 1910 2396 1940 “
2421 1908 2564 1965 unde
2592 1909 2882 1966 discedens
2906 1910 3051 1976 navi,
3071 1910 3279 1968 incerta
3301 1911 3553 1978 moliens,

1946 2002 2000 2058 in
2025 2002 2159 2059 mari
2191 2012 2385 2074 captus
2407 2014 2459 2061 et
2476 2004 2543 2060 ad
2571 2005 2954 2062 Constantium
2978 2005 3234 2061 comitem
3264 2004 3556 2073 deductus,

1946 2096 2145 2153 deinde
2187 2096 2505 2169 imperatori
2549 2096 2794 2154 Honorio
2824 2097 3122 2167 cshibitus,
3163 2107 3411 2155 truncata
3440 2112 3558 2154 ma-

1948 2207 2043 2262 nu,
2065 2191 2192 2248 vita:
2219 2192 2445 2249 relictus
2469 2200 2573 2249 est.
2600 2191 2958 2249 Heracliauus
2994 2193 3202 2250 interea
3239 2192 3436 2249 Africa:
3463 2208 3558 2250 co-

1947 2299 2064 2341 mes
2089 2284 2311 2350 missus,
2337 2298 2461 2341 cum
2493 2283 2637 2340 idem
2663 2283 2879 2340 Attalus
2906 2284 3154 2342 umbram
3179 2292 3417 2356 gestaret
3446 2285 3551 2341 im-

1946 2379 2105 2450 perii,
2134 2364 2374 2435 Africam
2401 2388 2626 2435 strenue
2656 2378 2947 2435 adversum
2975 2378 3193 2448 judices
3216 2378 3287 2433 ab
3319 2392 3390 2435 eo
3425 2379 3559 2434 mis-

1944 2485 2038 2528 sos
2070 2479 2297 2538 tutatus,
2323 2470 2669 2528 consulatum
2702 2469 2747 2503 “
2773 2479 3061 2526 assecutus
3089 2477 3211 2535 est;
3241 2484 3348 2540 quo
3374 2468 3555 2524 elatus

1942 2563 2257 2635 supercilio,
2278 2560 2539 2620 Sabinum
2565 2562 2608 2594 ν’
2629 2561 2987 2619 domesticum
3007 2576 3188 2628 suum,
3208 2561 3382 2616 virum
3405 2561 3558 2632 inge-

1942 2658 2034 2715 nio
2062 2658 2342 2728 callidum,
2379 2657 2754 2730 industriaque
2777 2658 3035 2714 solertem
3058 2666 3113 2713 et
3132 2658 3431 2727 sapientem
3453 2672 3555 2713 no-

1942 2751 2284 2822 minandum,
2317 2752 2364 2808 si
2400 2752 2568 2808 animi
2592 2752 2740 2809 vires
2776 2751 3080 2824 tranquillis
3108 2750 3306 2808 studiis
3340 2765 3558 2807 accom-

1941 2841 2295 2909 modavisset,
2325 2857 2590 2913 generum
2620 2842 2810 2915 allegit
2843 2863 2854 2897 :
2898 2859 3023 2900 cum
3060 2859 3171 2915 quo
3195 2845 3553 2915 quorumdam

1939 2935 2307 3006 periculorum
2337 2937 2676 3008 suspiciones
2704 2937 2833 2993 dirui
2869 2939 3091 3009 patitur,
3108 2937 3261 3007 fecit,
3281 2938 3559 3010 atqueali-

1941 3028 2205 3099 quamdiu
2244 3029 2503 3087 Atricana
2530 3042 2746 3089 annona
2775 3038 2930 3087 extra
2953 3030 3205 3092 ordinem
3231 3032 3274 3065 ¹³
3304 3032 3551 3106 detenta,

1492 3258 1946 3321 llAVEBCAMPl
1984 3262 2217 3322 NOTAE.

298 3448 393 3521 2|.
422 3444 852 3521 Quandoquidem
874 3446 1126 3502 morituro
1145 3447 1433 3521 desperata
1439 3447 1704 3521 conversio
1725 3449 1838 3502 est?
1862 3446 1908 3511 C
1944 3455 2050 3521 tus,
2081 3448 2137 3521 in
2148 3447 2421 3521 Hispania
2448 3449 2717 3518 exsulans,
2749 3464 2902 3521 egens
2928 3448 3078 3521 obiit.

224 3518 405 3589 Lugd.
434 3519 578 3574 Batt.
606 3515 719 3588 pia,
752 3526 878 3574 tert.
913 3528 970 3574 et
1006 3527 1209 3589 quart.,
1244 3534 1368 3573 cum
1393 3515 1538 3573 Coll.
1564 3516 1831 3584 Gronov.,

223 3591 547 3665 quandoque
563 3592 847 3665 titorituro;
875 3589 970 3646 sed
1000 3605 1136 3654 sec.,
1167 3589 1588 3665 quandoquidem
1612 3590 1833 3665 moritu-f

221 3660 340 3718 rus.
375 3660 586 3717 Deinde
628 3661 791 3717 iidem
831 3676 1046 3728 omnes,
1095 3660 1397 3717 acoedente
1440 3660 1715 3727 Perizon.,
1748 3663 1835 3716 cui

225 3736 506 3804 desperata
552 3734 814 3790 conversio
854 3742 948 3788 est.
1000 3732 1108 3790 Sed
1154 3732 1305 3803 vulg.
1338 3745 1465 3787 sese
1503 3731 1638 3786 satis
1688 3734 1831 3787 tueri

309 3812 439 3861 test.

224 3819 725 3949 Ροὲέῗιέπριὶεανε.
761 3875 936 3949 Lugd.
972 3876 1115 3931 Batt.
1140 3891 1224 3947 pr.
1255 3884 1312 3930 et
1341 3882 1492 3946 tert.,
1524 3888 1646 3929 cum
1679 3872 1828 3932 Coll.

222 3947 692 4012 Gronov.,habet
716 3947 943 4017 explere.

298 4021 395 4075 25.
439 4017 850 4090 Correptionem.
885 4018 1023 4075 Edd.
1070 4017 1321 4091 quaedam
1366 4026 1527 4084 vett.,
1554 4017 1833 4073 correctio-

220 4108 367 4149 nem.

294 4165 391 4219 24.
424 4161 572 4218 Juste
598 4164 880 4228 sustinere,
901 4169 1007 4218 etc.
1031 4161 1387 4232 Respondent
1411 4160 1531 4217 hmc
1556 4160 1686 4229 illis,
1710 4175 1832 4232 qua:

216 4250 393 4308 Supra
440 4244 880 4303 praecesserunt:
923 4233 1312 4308 Verumtamen,
1342 4235 1458 4308 quis
1497 4249 1707 4308 n_on_se,
1742 4233 1833 4304 qui

215 4304 312 4363 sui
324 4322 650 4379 suorumque
669 4318 902 4379 actuum,
928 4304 1257 4379 etcslnepte
1286 4306 1450 4375 igitur
1480 4305 1569 4361 ed.
1587 4304 1829 4379 August.

218 4378 393 4451 legit,
415 4375 571 4451 juste'
586 4378 833 4433 sustineri
869 4378 956 4449 qui
984 4378 1178 4442 sciunt,
1224 4376 1421 4449 injuste
1467 4377 1721 4432 sustinere
1744 4375 1833 4447 qui

215 4450 486 4504 nesciunt.

294 4520 432 4575 CAP.
466 4519 714 4577 XLll.——
746 4520 799 4576 1.
841 4518 1017 4592 Deleri
1037 4517 1207 4592 jubet.
1250 4517 1644 4592 l‘lawFlorentt.
1678 4517 1832 4592 duo,

214 4590 503 4658 Perizon.,
531 4592 669 4649 Ultr.
697 4603 751 4648 et
770 4591 943 4665 Lugd.
969 4589 1087 4647 Ba't.
1106 4598 1232 4647 tert.
1257 4589 1493 4662 Reliqui,
1521 4600 1579 4647 ut
1598 4600 1652 4647 et
1678 4589 1830 4656 edd.,

216 4663 404 4717 delere
431 4664 591 4717 iubet.

258 4673 404 4719 etere
431 4673 591 4719 iubet.

295 4733 355 4788 2.
399 4732 683 4791 Arelatem.
715 4735 857 4792 Εόίιί
886 4744 942 4792 et
971 4750 1105 4791 mss.
1137 4734 1354 4802 quidam
1387 4732 1677 4800 Arelatum,
1708 4748 1833 4789 nam

214 4814 459 4874 utroque
497 4806 659 4862 modo
686 4806 851 4862 scribi
881 4807 1040 4867 solet,
1087 4807 1182 4862 sed
1214 4805 1473 4860 Arelatem
1503 4803 1667 4859 habet
1694 4821 1832 4875 quo-

154 4914 167 4917 -
211 4892 335 4949 que
368 4876 654 4943 Diaeouus,
692 4878 884 4934 deluns
924 4878 1201 4943 ciuitatem,
1232 4892 1353 4949 qua:
1382 4893 1485 4932 vox
1518 4877 1570 4931 in
1596 4891 1726 4932 mss.
1751 4875 1827 4932 O-

207 4946 360 5005 fosii
390 4963 607 5074 quoque
637 4949 914 5005 nonnullis
942 4946 1287 5019 expungitur.

292 5020 353 5074 5.
451 5020 496 5073 ir
521 5036 746 5074 neauam
773 5036 835 5074 ac
864 5020 1154 5074 imnrobus.
1199 5022 1287 5074 Lut

292 5020 353 5074 5.
382 5018 496 5091 _Vir
521 5036 746 5091 nequam
773 5036 835 5074 ac
864 5018 1154 5091 improbus.
1199 5019 1369 5090 Lugd.
1420 5018 1562 5074 Batt.
1613 5033 1830 5087 omnes,

199 5104 348 5146 cum
380 5089 623 5147 Perizon.
657 5100 715 5147 et
748 5090 884 5150 Coll.

196 5163 439 5235 probus:

292 5234 353 5287 4.
397 5231 702 5290 Substituit.
746 5235 1023 5302 Pcrizon.,
1070 5234 1359 5289 constituit.

290 5304 352 5378 5.
393 5301 461 5378 In
506 5304 767 5378 Hispania
792 5321 945 5378 egens
982 5303 1419 5378 exsulat._Lug_d.
1454 5303 1581 5378 But.
1602 5319 1717 5378 sec.
1750 5306 1834 5360 in-

186 5385 298 5432 ter
322 5374 572 5432 barbaros
599 5374 653 5431 Η
658 5374 893 5448 ispa_nite_
906 5392 1060 5448 egens
1086 5375 1312 5448 egsulat.
1339 5375 1826 5448 PaulusDiaconus

978 5106 1192 5157 ronov.,
1235 5107 1455 5162 nequam
1484 5090 1648 5162 magis
1674 5106 1831 5160 quam

2009 3519 2064 3575 6.
2107 3519 2238 3574 Mea:
2261 3519 2321 3576 ut
2346 3524 2657 3588 assurrexit,
2688 3519 2895 3576 cecidit.
2931 3519 3036 3575 Ed.
3065 3520 3233 3590 Aug.,
3264 3529 3312 3573 et
3341 3520 3548 3576 cecidit.

1938 3589 2113 3662 Lugd.
2144 3606 2230 3662 pr.
2264 3600 2318 3646 et
2350 3602 2504 3659 tert.,
2553 3608 2675 3647 cum
2725 3590 2865 3647 Coll.
2917 3589 3183 3658 Gronov.,
3239 3599 3290 3645 et
3334 3591 3547 3645 occidit.

1935 3660 2044 3717 Pro
2070 3660 2355 3717 assurretrit
2385 3662 2663 3729 Pernam,
2688 3664 2939 3718 surrexit.

1932 3732 2178 3804 ﬁtﬁt
2226 3741 2453 3797 creatus,
2505 3733 2705 3789 occisus
2756 3743 2853 3789 est.
2907 3732 3078 3804 Lugd.
3125 3730 3270 3787 Batt.
3328 3745 3542 3804 onlnes,

1933 3802 2057 3860 cum
2087 3803 2253 3872 Ultr.,
2305 3804 2582 3872 Perizou.,
2618 3804 2754 3872 Meo,
2802 3803 2945 3860 Coll.
2997 3802 3264 3869 Gronov.,
3296 3802 3547 3873 adeoque

1934 3889 2071 3931 mss.
2100 3875 2378 3940 omnibus,
2428 3875 2616 3931 delent
2660 3886 2755 3939 est,
2809 3875 2954 3946 quod
3006 3875 3259 3946 inserunt
3315 3874 3546 3944 (praeter

1933 3946 2190 4018 August.)
2218 3946 2374 4016 editi,
2406 3948 2670 4018 legentes,
2698 3956 2756 4002 ut
2784 3943 2860 4002 est
2889 3955 3118 4018 creatus,
3149 3943 3349 4018 occisus
3370 3954 3471 4018 est.

2007 4018 2061 4074 8.
2105 4016 2171 4072 In
2201 4019 2300 4073 hoc
2352 4016 2614 4083 Alaricus,
2677 4030 2787 4075 etc.
2834 4019 2888 4074 ld
2919 4027 3023 4082 est,
3077 4016 3208 4071 dum
3262 4016 3535 4083 Alaricus,

1934 4089 2240 4147 Gothorum
2269 4106 2387 4155 rex,
2432 4090 2578 4147 hunc
2617 4091 2857 4146 Attalum
2905 4091 3290 4158 imperatorem
3330 4087 3543 4143 consti-

1934 4163 2039 4218 tuit
2076 4161 2400 4227 Romanum,
2434 4162 2629 4218 iterum
2663 4161 2932 4233 privatum
2968 4158 3298 4233 glacitLdein
3350 4172 3542 4233 rursus

1937 4234 2554 4304 imperatoretu,atque
2583 4228 2708 4288 mox
2741 4232 3017 4304 rursusin
3041 4229 3294 4304 ordinent
3322 4228 3540 4304 redigit,

1937 4298 2101 4373 idque
2151 4298 2479 4359 brevissimd
2510 4305 2774 4375 temporis
2813 4303 3011 4375 spatio,
3057 4299 3200 4375 quid
3224 4298 3372 4353 aliud
3405 4298 3538 4375 agit,

1935 4369 2096 4444 quam
2132 4385 2188 4430 ut
2215 4376 2266 4429 in
2292 4389 2455 4430 scena
2486 4369 2653 4431 vilem
2686 4369 2910 4430 inducat
2949 4369 3398 4444 homuncionem,
3420 4369 3536 4438 qui,

1936 4439 2186 4521 deposita
2214 4461 2469 4521 persona,
2497 4445 2805 4521 futurussit
2834 4445 3095 4521 privatus,
3122 4451 3285 4508 atque
3318 4439 3539 4521 lubente

1937 4514 2158 4574 Alarico
2189 4514 2382 4574 rursus
2404 4516 2759 4587 imperatorio
2786 4514 2972 4587 habitu
3000 4514 3054 4587 in
3080 4525 3302 4568 scenam
3324 4514 3395 4565 sit
3415 4525 3542 4581 pro-

1936 4591 2175 4673 diturus,
2190 4600 2252 4714 7et
2272 4582 2525 4660 deposito
2555 4587 2748 4645 eodem
2775 4586 2992 4643 iuturus
3016 4582 3239 4651 iterum,
3262 4591 3324 4637 ut
3352 4591 3535 4646 antea,

1936 4671 2178 4714 privatus

1976 4661 2178 4717 rivatus

1935 4675 2440 4806 ιἶᾞῗῃὲῗῖἱιιωΙιιιο
2464 4747 2675 4803 pompa.
2716 4729 2890 4801 Lugd.
2913 4728 3057 4785 Batt.
3086 4736 3219 4794 tres,
3243 4736 3367 4781 cum
3394 4721 3542 4779 Coll.

1940 4803 2208 4882 Gronovf',
2236 4805 2280 4858 si
2310 4804 2407 4859 hoc
2419 4806 2544 4876 jure
2570 4819 2865 4882 ac_pom_pa.
3068 4870 3117 4882 η.
3197 4878 3207 4882 _
3473 4867 3509 4882 ﬁ

2013 4876 2119 4951 10._
2144 4875 2379 4951 Alterum
2413 4871 2585 4951 spero.
2626 4871 2896 4951 Videlicet
2933 4871 3345 4951 pontiﬁcatum,_
3375 4871 3547 4951 resti-

1940 4954 2057 5003 tuto
2107 4947 2378 5002 idolorum
2432 4940 2603 5015 cultu,
2657 4947 2701 4999 si
2778 4940 3186 5015 perseverasset
3238 4940 3545 5015 umbratilis

1937 5034 2154 5090 quoque
2185 5019 2480 5090 imperator
2508 5011 2642 5072 suus
2671 5017 2722 5071 in
2756 5011 2947 5090 regno.
2982 5014 3119 5090 Male
3148 5011 3343 5090 prosii
3358 5011 3539 5065 locum

1938 5082 2154 5159 excepit
2179 5082 2381 5145 Paulus
2404 5088 2701 5159 Diaconus,
2730 5082 2979 5141 scribens
3018 5085 3071 5159 in
3100 5082 3257 5159 initio
3280 5083 3385 5159 lib.
3416 5096 3537 5136 xw:

1937 5154 2206 5216 Tertullus
2231 5157 2438 5225 consul,
2468 5160 2557 5229 qui
2584 5163 2823 5229 futurum
2862 5172 2916 5210 se
2942 5156 3241 5229 principem
3274 5154 3328 5207 in
3356 5160 3539 5208 senatu

1938 5231 2195 5305 gloriatus
2220 5240 2317 5305 est,
2350 5231 2463 5305 pari
2481 5226 2841 5305 :nibilominus
2869 5228 3010 5281 exitu
3041 5226 3213 5305 periit.

2016 5303 2101 5357 11.
2150 5294 2311 5370 Quia.
2349 5294 2521 5371 Lugd.
2552 5300 2695 5355 Batt.
2728 5312 2861 5370 tres,
2892 5312 3018 5354 cum
3040 5294 3183 5355 Coll.
3212 5294 3453 5353 Gronov.
3484 5304 3542 5349 et

1939 5375 2063 5430 cotl.
2098 5372 2301 5443 Periz.,
2333 5373 2519 5443 legunt
2543 5371 2655 5441 qui.

2008 5445 2096 5501 12.
2141 5434 2298 5501 Unde
2320 5434 2586 5500 dis'ceden's
2615 5443 2752 5498 navi.
2778 5440 2909 5498 Mss.
2934 5441 3159 5512 aliquot,
3189 5434 3528 5501 descendens,

1930 5525 2071 5574 utet
2096 5517 2185 5573 ed.
2211 5518 2353 5587 Aug.

2006 5589 2097 5644 15.
2140 5586 2420 5655 Assecutus
2458 5596 2551 5644 est.
2596 5586 2697 5644 Ed.
2730 5586 2893 5655 Aug.,
2934 5590 3234 5655 consecutus
3260 5586 3356 5655 est.

2008 5661 2100 5733 14.
2140 5649 2496 5733 Domesticum
2525 5674 2700 5713 suum.
2744 5649 2986 5712 Florent.
3010 5665 3148 5720 sec.,
3174 5649 3430 5708 Sabinum
3447 5652 3542 5721 ju-

1935 5732 2124 5797 dicem,
2152 5732 2391 5801 comitem
2415 5747 2589 5801 suum.

2008 5793 2119 5860 13."
2141 5793 2385 5859 Detenta.
2422 5799 2504 5859 ita
2534 5813 2706 5867 mss.;
2737 5805 2941 5853 retenta
2971 5794 3153 5866 vulgg.

186 5448 381 5505 initio
418 5447 543 5503 libri
585 5462 675 5503 διν
708 5445 722 5503 ἐ
755 5445 814 5521 Is
839 5445 1231 5521 (Cojrsmntius)
1259 5462 1383 5502 mox
1407 5454 1464 5501 ut
1503 5445 1710 5502 Gallias
1744 5448 1827 5521 inf

177 5535 435 5592 gressus
478 5528 576 5584 est,
628 5516 877 5592 continuo
916 5516 1646 5592 Constantinum“tyrannum
1686 5520 1827 5592 ap_ud

181 5586 485 5647 hrelatem
511 5591 781 5646 exstinxit.
816 5588 1093 5662 Constans
1133 5605 1273 5657 vero,
1307 5586 1451 5659 [ilius
1480 5592 1611 5662 ejus,
1656 5606 1690 5644 a
1720 5586 1830 5645 ’ϐε-

177 5662 421 5729 rontio,
453 5677 546 5717 suo
569 5664 775 5728 comite,
804 5660 1020 5717 Vienna:
1062 5658 1401 5731 interemptus
1443 5658 1538 5716 est.
1567 5658 1637 5714 In
1674 5663 1828 5731 cujus

178 5733 399 5789 locum
417 5732 695 5787 Gerontius
728 5732 1020 5790 Maximum
1042 5733 1380 5801 substituens,
1402 5733 1515 5803 ipse
1540 5748 1573 5786 a
1599 5732 1711 5786 suis
1724 5733 1827 5786 mi-

172 5803 402 5864 litibus
423 5805 708 5877 jugulatus
739 5814 834 5863 est.
890 5803 1157 5862 Maximus
1196 5804 1382 5862 deinde
1421 5820 1660 5878 purpura
1700 5820 1828 5859 exu-
