4110 6168
524 248 657 305 11ῗ1

1924 241 2128 299 PAULI
2168 240 2394 297 URUall

3703 241 3839 295 ΗΕ

525 366 818 439 583ipse
844 363 1060 418 tandem
1091 378 1212 416 cum
1239 362 1588 426 immensa,‘8
1605 369 1757 416 certe
1790 358 2128 426 temporibus
2163 361 2204 418 Α
2238 355 2532 426 praecipue,
2553 363 2716 426 atque
2741 354 3040 409 intercluso
3069 355 3218 410 omni
3249 363 3559 409 commeatu
3582 356 3832 419 navium,

527 459 730 514 nostris
760 455 803 486 ¹⁷
847 456 980 510 satis
1029 453 1335 509 incredibili
1384 454 1562 509 classe
1611 453 1848 516 navium,
1897 450 2124 506 Romam

527 549 835 606 contendit.
864 548 998 603 Nam
1024 547 1284 601 habuisse
1318 554 1449 601 tunc
1483 547 1581 600 tria
1607 546 1776 600 millia
1810 545 2124 614 septingen-

526 656 610 698 tas
643 657 807 697 naves
829 641 1030 696 dicitur
1059 659 1072 695 :
1100 654 1262 709 quem
1291 654 1580 694 numerum
1613 655 1682 694 ne
1706 637 1848 708 apttd
1884 636 2124 692 Xerxem

526 735 773 806 quidem,
824 733 1142 803 praeclarum
1202 732 1354 786 illum
1408 732 1696 787 Persarum
1751 745 1971 799 regem.
2028 742 2129 781 nec

530 827 901 884 Alexandrum
950 826 1221 896 Magnum,
1250 823 1336 880 vel
1375 839 1703 896 quemquam
1735 823 1903 878 alium
1956 820 2129 876 fuisse

530 937 739 993 regum,
777 919 1022 976 historia:
1068 918 1272 974 ferunt.
1314 917 1366 974 ls
1415 917 1579 972 simul
1628 926 1688 971 ut
1733 933 1857 971 cum
1913 913 2131 983 agmine

527 1013 763 1067 militum
796 1010 864 1065 ad
897 1010 1102 1066 Urbem
1140 1024 1372 1080 pergens
1403 1009 1589 1064 littore
1619 1021 1876 1078 egressus
1909 1015 2012 1071 est,
2039 1021 2131 1059 oc.

527 1120 688 1158 cursu
721 1102 937 1157 Comitis
985 1101 1177 1156 Marini
1213 1102 1438 1157 territus
1469 1111 1524 1156 et
1570 1101 1624 1156 in
1675 1101 1856 1171 fugam
1909 1114 2128 1167 versus,

523 1207 742 1266 arrepta
798 1195 948 1259 navi,
980 1193 1371 1265 Carthaginem
1425 1194 1580 1250 solus
1635 1194 1818 1258 rediit,
1859 1201 2024 1263 atque
2055 1191 2131 1246 ibi

527 1292 789 1346 continuo
835 1290 1060 1344 militari
1126 1303 1287 1342 manu
1353 1287 1676 1344 interfectus
1724 1296 1828 1343 est.
1873 1287 2130 1352 Sabinus,

529 1400 697 1454 gener
727 1384 866 1453 ejus,
892 1381 1421 1451 Constantinopolim
1450 1382 1605 1452 fugit,
1639 1381 1781 1435 unde
1812 1382 1856 1412 “‘
1882 1392 2003 1450 post
2036 1379 2137 1434 ali-

532 1489 794 1550 quantum
839 1477 1103 1548 temporis
1145 1486 1452 1541 retractus,
1485 1475 1797 1545 exsilioque
1845 1474 2138 1528 damnatus

537 1583 643 1626 est.
713 1571 870 1626 llune
912 1585 1127 1624 omnem
1167 1569 1498 1640 catalogum,
1535 1579 1593 1623 ut
1624 1568 1762 1635 dixi,
1791 1569 1877 1622 vel
1915 1566 2144 1621 manife-

538 1676 748 1720 storum
776 1678 1154 1735 tyrannorum.
1185 1663 1269 1718 vel
1293 1661 1725 1717 inobedientium
1756 1660 1955 1716 ducum
1992 1661 2138 1730 cpti-

2231 461 2282 504 ct
2305 451 2716 521 peregrinorum
2739 465 2840 504 usu
2868 449 3350 504 commerciorum.
3375 448 3682 504 Gothorum
3709 458 3834 503 tunc

2229 542 2450 614 pupulis
2471 542 2775 610 Ataulphus
2795 557 2887 596 rex
2907 550 3166 611 praeerat:
3189 541 3302 609 qui,
3322 548 3445 611 post
3463 541 3833 610 irruptiouem

2234 633 2403 690 Urbis
2433 649 2495 688 ac
2523 645 2753 688 mortem
2784 631 3011 700 Alarici,
3042 631 3307 696 Placidia,
3338 641 3395 686 ut
3426 632 3560 698 dixi,
3589 633 3829 702 captiva,

2233 742 2424 782 sorore
2457 727 2826 796 imperatoris,
2861 727 2911 780 in
2943 741 3167 780 uxorem
3196 733 3498 796 assumpta,
3527 725 3748 780 Alarico
3781 724 3830 780 in

2234 835 2464 888 regnum
2518 827 2881 874 successerat.
2921 820 2994 882 ls,
3041 827 3100 872 ut
3151 833 3297 888 sarpe
3350 817 3632 884 auditum,
3677 827 3832 887 atque

2239 913 2253 942 ¹
2275 911 2466 965 ultimo
2489 913 2639 966 exitu
2659 909 2777 980 ejus
2801 909 3086 979 probatum
3109 921 3217 979 eSt,
3239 911 3370 964 satis
3393 911 3639 964 studiose
3662 919 3833 965 secta-

2239 1014 2321 1058 tor
2375 1005 2561 1074 pacis,
2609 1004 2843 1059 militare
2900 1003 3132 1059 lideliter
3180 1004 3419 1059 Honorio
3473 1005 3832 1076 imperatori,

2236 1113 2300 1151 ac
2359 1112 2458 1168 pro
2509 1097 2850 1153 defendenda
2908 1097 3150 1152 Romana
3207 1099 3485 1169 republica
3556 1101 3836 1170 impende-

2239 1206 2297 1244 re
2328 1191 2473 1245 vires
2527 1189 2831 1246 Gothorum
2889 1191 3236 1260 praeoptavit.
3294 1190 3428 1245 Nam
3462 1207 3566 1262 ego
3617 1208 3836 1264 quoque

2241 1281 2356 1349 ipse
2406 1281 2583 1334 virum
2634 1281 2924 1352 quemdam
2975 1281 3414 1351 Narbonensem,
3449 1283 3686 1340 illustris
3737 1287 3835 1340 sub

2241 1373 2552 1430 Theodosio
2586 1375 2816 1443 militiae,
2862 1376 3024 1431 etiam
3080 1376 3402 1447 religiosum
3433 1380 3453 1408 ¹
3483 1378 3835 1447 prudentem-

2241 1483 2345 1537 que
2396 1480 2444 1522 et
2501 1470 2919 1540 gravem,apud
2976 1468 3294 1526 Bethlehem
3361 1472 3620 1542 oppidum
3676 1474 3844 1530 Pala-

2242 1561 2430 1627 SIinae,
2487 1559 2807 1616 beatissimo
2871 1561 3204 1634 llieronymo
3256 1564 3572 1638 presbytero
3627 1565 3649 1595 ³
3707 1565 3846 1621 refe-

2245 1661 2457 1708 rentem
2505 1655 2709 1718 audivi,
2741 1671 2800 1710 se
2850 1655 3345 1710 familiarissimum
3396 1657 3674 1728 Ataulpho
3705 1659 3846 1728 apud

534 1773 618 1811 ma
653 1756 922 1811 Honorius
955 1756 1256 1825 imperator
1288 1753 1558 1822 religione
1589 1762 1644 1808 et
1669 1751 1932 1808 felicitate
1962 1751 2142 1806 occidi
2174 1757 2220 1818 Β
2250 1744 2560 1800 Narbouatn
2593 1746 2764 1803 fuisse
2797 1766 2807 1799 :
2840 1761 2904 1802 ac
2936 1747 3003 1802 de
3031 1762 3099 1802 eo
3131 1762 3280 1818 saepe
3319 1748 3420 1802 sub
3466 1749 3850 1806 testiﬁcatione

537 1854 578 1886 ¹⁹
611 1852 837 1916 meruit,
873 1864 1066 1917 magna
1119 1849 1472 1904 Constantius
1531 1862 1718 1902 comes
1766 1846 2028 1900 industria
2085 1853 2138 1899 et

534 1944 821 1998 celeritate
854 1943 1095 1998 confecit
1127 1960 1140 1996 :
1176 1943 1380 1998 merito
1411 1956 1565 2008 sane,
1599 1941 1722 2011 quia
1750 1940 1796 1970 ²⁰
1823 1940 1876 1993 in
1911 1938 1996 1992 his
2023 1938 2137 1993 die-

542 2037 642 2089 bus
667 2035 1018 2104 proicipiente
1054 2034 1326 2099 Honorio,
1359 2042 1414 2089 et
1457 2031 1753 2102 adiuvante
1783 2029 2135 2094 Constantio,

540 2143 643 2196 pax
693 2138 748 2183 et
797 2129 974 2181 unitas
1001 2141 1096 2196 per
1117 2126 1434 2181 universam
1465 2123 1707 2179 Africam
1748 2122 2012 2178 Ecclesia:
2040 2137 2138 2176 ca—

540 2221 759 2276 tholicae
808 2219 1025 2275 reddita
1069 2228 1192 2276 est:
1225 2227 1282 2272 et
1328 2233 1529 2286 corpus
1579 2214 1820 2280 Christi,
1865 2213 2010 2285 quod
2043 2227 2141 2268 nos

542 2329 756 2378 sumus,
817 2313 1186 2382 redintegrata
1229 2311 1274 2342 ²¹
1326 2309 1657 2366 discissione
1709 2316 1961 2362 sanatum
2015 2317 2137 2365 est:

542 2405 796 2475 imposita
847 2405 1202 2458 exsecutione
1262 2402 1436 2456 sancti
1500 2399 1762 2471 precepti
1823 2397 2143 2453 Marcellino

542 2498 786 2561 tribuno,
821 2499 864 2528 “
901 2498 1017 2550 viro
1044 2496 1097 2550 in
1123 2494 1314 2565 primis
1336 2493 1593 2563 prudenti
1623 2501 1679 2548 et
1708 2490 2002 2558 industrio,
2027 2505 2146 2543 oru-

545 2594 808 2661 niumque
833 2591 1102 2645 bonorum
1135 2588 1444 2643 studiorum
1472 2584 1952 2657 appetentissimo,
1978 2599 2140 2654 quem

545 2688 591 2718 ²³
625 2687 863 2742 Marinus
892 2698 1078 2739 comes
1107 2683 1253 2753 apud
1280 2682 1669 2753 Carthaginem
1701 2679 2000 2751 (incertum
2023 2680 2145 2733 zelo

543 2780 880 2844 stimulatus,
905 2792 973 2831 an
1001 2792 1135 2830 auro
1160 2773 1476 2847 corruptus)
1495 2773 1698 2829 occidit
1723 2792 1734 2825 :
1766 2773 1857 2843 qui
1886 2773 2147 2827 continuo

550 2882 841 2927 revocatus
873 2887 938 2926 ex
966 2871 1170 2939 Africa,
1208 2870 1488 2940 factusque
1520 2870 1783 2939 privatus,
1817 2867 1902 2923 vel
1933 2867 1998 2921 ad
2031 2882 2146 2936 pte-

543 2983 605 3019 nu
617 2964 781 3028 m,ve|
798 2964 861 3018 ad
884 2964 1254 3031 paenitentiam
1267 2961 1622 3018 conscientia:
1644 2976 1756 3014 sua:
1771 2960 2029 3015 dimissus
2042 2971 2142 3014 est.

1007 3098 1172 3171 53:.
1214 3097 1443 3156 CAPUT
1495 3099 1681 3154 xuu.

547 3194 819 3258 Quomodo
872 3193 1030 3247 Gothi
1059 3192 1266 3263 expulsi
1290 3211 1309 3258 ;
1333 3193 1458 3264 quid
1488 3191 1786 3264 Ataulphus
1830 3208 1924 3245 rex.
1963 3208 2142 3264 eorum

617 3267 920 3318 instituerit.
976 3264 1048 3317 De
1083 3261 1422 3334 Segerico’et
1483 3263 1658 3317 Vallia
1705 3266 1912 3334 regibus
1949 3261 2144 3318 Gotho-

616 3354 750 3388 ντηη.

620 3431 780 3479 Auno
829 3428 895 3478 ab
941 3425 1087 3482 Urbe
1137 3426 1356 3486 condita
1387 3441 1651 3495 ucnxvnt,
1681 3425 2032 3482 Constantius
2057 3442 2143 3479 eo.

550 3531 666 3571 mcs
695 3519 835 3586 apud
867 3516 1168 3583 Arelatem,
1204 3518 1396 3572 Gallia:
1422 3517 1638 3581 urbem,
1670 3516 2004 3582 Consistens,
2033 3535 2145 3572 ma-

548 3625 651 3677 gna
682 3625 865 3664 rerum
897 3609 1265 3679 gerendarum
1314 3610 1600 3674 industria,
1633 3608 1846 3663 Gothos
1893 3609 2142 3662 Narhom

548 3701 777 3772 expulit,
810 3713 973 3774 atque
1005 3701 1159 3757 abire
1187 3701 1240 3757 in
1273 3701 1591 3773 Hispaniam
1615 3701 1820 3772 coegit,
1852 3702 2145 3756 interdicto

2245 1837 2407 1910 585
2437 1838 2726 1902 didicisse.
2767 1840 2911 1909 quod
2945 1839 3179 1894 illecum
3215 1839 3236 1869 ⁸
3283 1849 3431 1896 esset
3469 1842 3690 1908 animo,
3723 1843 3852 1898 viri-

2245 1932 2380 1997 bus,
2437 1933 2766 2003 ingenioque
2797 1933 3028 1998 nimius,
3062 1935 3270 1990 referre
3323 1935 3516 1991 solitus
3543 1947 3738 2002 esset,
3793 1954 3850 1995 se

2246 2029 2298 2082 iu
2335 2027 2521 2097 primis
2555 2027 2814 2083 ardenter
2840 2029 3119 2084 inhiasse:
3153 2040 3243 2097 ut,
3274 2030 3572 2085 obliterato
3605 2030 3855 2086 Romano

2247 2121 2471 2198 nomine
2493 2161 2507 2182 ,
2550 2119 2852 2175 Romanum
2907 2136 3069 2176 omne
3100 2121 3302 2186 solum,
3336 2121 3641 2177 Gothorum
3673 2123 3854 2193 impe-

2245 2215 2391 2268 rium
2419 2221 2475 2268 et
2499 2213 2710 2269 faceret
2741 2222 2797 2268 et
2826 2223 3047 2268 vocaret
3077 2232 3090 2266 :
3139 2223 3425 2284 essetque,
3471 2226 3530 2268 ut
3557 2215 3860 2286 vulgariter

2247 2309 2474 2379 loquar,
2527 2307 2757 2375 Gothia,
2789 2310 2808 2338 ⁵
2837 2306 2980 2379 quod
3012 2308 3275 2379 liomania
3310 2307 3536 2373 fuisset;
3587 2308 3858 2378 fieretque

2249 2417 2394 2456 nunc
2440 2400 2776 2471 Alaulphus,
2811 2402 2952 2471 quod
2986 2389 3256 2470 quondam
3311 2401 3498 2456 Caesar
3547 2403 3858 2471 Augustus.

2248 2493 2312 2546 At
2348 2493 2440 2546 ubi
2473 2493 2638 2546 multa
2664 2493 2996 2564 experientia
3034 2492 3404 2563 probavisset,
3435 2509 3615 2565 neque
3645 2495 3862 2551 Getbos

2250 2585 2362 2640 ullo
2398 2586 2558 2640 modo
2589 2601 2780 2656 parere
2811 2585 3021 2655 legibus
3057 2600 3219 2656 posse
3259 2595 3479 2656 propter
3531 2587 3862 2642 ell'renatam

2253 2678 2594 2743 barbariem,
2628 2693 2805 2748 neque
2837 2680 3157 2746 reipublica:
3200 2678 3453 2734 interdici
3501 2679 3650 2750 leges
3695 2697 3864 2752 opor-

2253 2779 2368 2826 tere
2391 2813 2405 2836 ,
2438 2772 2560 2826 sine
2604 2771 2802 2842 quibus
2829 2773 3134 2844 respublica
3165 2772 3185 2802 ⁸
3228 2787 3332 2828 non
3363 2784 3443 2827 est
3500 2774 3818 2846 respublica
3845 2792 3862 2839 ;

2252 2865 2270 2894 ⁷
2301 2864 2534 2934 elegis~e
2564 2878 2622 2918 se
2645 2863 2834 2918 saltem
2867 2909 2880 2930 ,
2917 2873 2977 2918 ut
3005 2865 3236 2934 gloriam
3284 2864 3385 2920 sibi
3418 2864 3485 2918 de
3515 2866 3866 2920 restituendo

2251 2953 2305 3008 iu
2337 2955 2606 3025 integrum
2625 2997 2640 3020 ,
2665 2955 3020 3025 augendoqne
3046 2956 3290 3010 Romano
3313 2956 3532 3011 nomine
3552 2957 3864 3012 Gothorum

2256 3048 2466 3102 viribus
2496 3057 2797 3115 qumreret,
2833 3047 3236 3118 habereturque
3280 3048 3418 3116 apud
3467 3057 3727 3117 pnslerns
3757 3048 3863 3101 Ro-

2175 3148 2220 3210 C
2257 3158 2428 3196 mante
2456 3143 2814 3196 restitutionis
2847 3155 3066 3209 auctor,
3105 3154 3384 3214 postquam
3416 3157 3538 3198 esse
3570 3159 3680 3197 non
3715 3147 3738 3175 ⁸
3773 3160 3868 3210 po-

2253 3244 2431 3290 tuerat
2486 3237 2819 3290 immutator.
2875 3236 2957 3292 Ob
3008 3239 3111 3292 hoc
3158 3237 3432 3292 abstinere
3493 3253 3521 3289 a
3569 3237 3718 3290 bello
3750 3281 3764 3302 ,
3797 3240 3866 3290 ob

2260 3331 2361 3383 hoc
2401 3334 2420 3361 9
2473 3328 2680 3382 inhiare
2732 3330 2848 3398 paci
2908 3329 3206 3394 nitebatur,
3270 3330 3543 3397 prmi-illuc
3602 3329 3865 3383 Placidi:

2256 3423 2446 3476 uxoris
2475 3435 2586 3474 sua:
2605 3458 2619 3482 ,
2656 3420 2876 3475 femina:
2904 3435 3039 3475 sane
3069 3420 3288 3491 ingenio
3314 3420 3599 3476 acerrimae
3626 3431 3679 3474 et
3739 3423 3863 3476 reli-

2254 3514 2430 3583 giunis
2463 3511 2504 3543 ¹⁰
2536 3512 2672 3567 Salis
2704 3513 2920 3582 probae,
2974 3513 3040 3567 ad
3095 3515 3276 3568 omnia
3315 3514 3571 3568 bonarum
3638 3515 3864 3568 ordina-

2257 3609 2461 3662 tionum
2523 3619 2690 3675 opera
2749 3620 3015 3674 persuasu
3092 3617 3145 3660 et
3213 3605 3442 3660 consilio
3499 3614 3862 3675 temperatus.

2253 3698 2496 3770 Cumque
2523 3699 2698 3754 eidem
2730 3698 2846 3766 paci
2872 3696 3116 3768 petenda)
3143 3709 3304 3767 atque
3326 3695 3622 3753 offerenda:
3652 3698 3866 3752 studio-

1807 3834 2262 3891 HAVERCAMPI
2302 3835 2531 3891 ΝυΤιΕ.

618 3977 707 4031 16.
731 3976 894 4030 Certe.
925 3975 1200 4040 Perizon.,
1225 3976 1376 4030 satis.

623 4049 712 4102 17.
749 4047 890 4099 Satis
911 4046 1231 4100 incredibili.
1255 4045 1400 4100 Editi
1434 4048 1659 4115 (prieter
1678 4042 1960 4115 August.),
1985 4053 2031 4098 et
2054 4061 2142 4098 sa-

549 4121 611 4172 tis
656 4115 989 4181 incredibili;
1024 4131 1215 4171 verum
1258 4131 1392 4171 mss.
1426 4116 1558 4171 illud
1592 4125 1637 4169 et
1667 4129 1774 4170 non
1817 4127 2140 4182 agnoscunt,

546 4199 709 4259 atque
741 4189 901 4259 etiam
924 4187 1112 4242 sensui
1142 4187 1335 4242 oflicit.

621 4256 710 4315 18.
749 4256 876 4312 Post
923 4260 1253 4329 aliquantum
1307 4261 1577 4328 temporis.
1633 4257 1884 4313 Florent.
1921 4272 2035 4310 sec.
2092 4265 2148 4312 et

548 4331 720 4400 Lugd.
772 4330 887 4383 Bat.
949 4338 1100 4395 tert.,
1149 4346 1272 4384 cum
1322 4332 1466 4386 Coll.
1494 4331 1764 4392 Grouov.,
1813 4339 2011 4400 tempus
2043 4343 2146 4398 pro

549 4402 794 4473 temporis
825 4400 1024 4483 habent
1046 4401 1181 4483 {sed
1213 4401 1532 4483 Lugd-put.
1566 4415 1706 4469 sec.,
1741 4408 1854 4470 post
1897 4400 2143 4481 aliquan-

546 4472 658 4526 tum
689 4473 956 4538 temporis.
983 4473 1039 4526 lu
1073 4474 1176 4526 line
1206 4472 1413 4541 periodi
1436 4482 1506 4528 est
1533 4488 1599 4528 ex
1630 4486 1760 4525 mss.
1791 4473 2035 4540 apposui.

625 4546 710 4599 li).
755 4541 932 4596 Occidi
972 4545 1179 4598 meruit.
1217 4545 1421 4613 Supina
1460 4543 1752 4598 admodum
1794 4542 2144 4612 negligentia,

546 4631 654 4669 non
711 4615 872 4667 modo
915 4615 967 4667 in
1015 4615 1227 4668 cunctis
1279 4615 1432 4679 edd.,
1464 4615 1559 4670 sed
1612 4623 1666 4668 et
1693 4614 1950 4667 omnibus
1986 4627 2143 4675 mss.,

549 4695 914 4754 praeterquam
967 4685 1146 4756 Lugd.
1171 4685 1314 4756 Batt.
1354 4687 1530 4756 primo
1561 4695 1615 4738 et
1649 4693 1775 4756 tert.
1810 4696 1975 4752 atque
1998 4681 2141 4756 Coll.

549 4753 820 4819 Gr0nov.,
845 4753 1105 4810 omissum
1133 4754 1233 4809 fuit
1265 4753 1490 4812 verbum
1512 4755 1842 4819 occidi,sine
1871 4771 1977 4824 quo
2008 4753 2143 4808 ridi-

550 4829 706 4880 culus
736 4827 1029 4880 admodum
1055 4836 1138 4880 est
1167 4841 1387 4881 sensus.

621 4897 712 4951 2t).
739 4895 805 4950 In
831 4896 934 4950 his.
970 4898 1069 4951 Ed.
1095 4900 1261 4967 Aug.,
1290 4897 1372 4952 his
1411 4897 1622 4963 diebus;
1647 4896 1774 4953 cod.
1807 4897 2011 4964 Periz.,
2035 4896 2144 4951 illis

554 4969 769 5032 diebus;
799 4977 1030 5036 uterque
1052 4968 1236 5022 deleto
1264 4970 1340 5022 in.

622 5037 713 5092 2t.
745 5037 1083 5110 Discissique.
1114 5038 1290 5108 Lugd.
1324 5040 1463 5094 Batt.
1521 5049 1778 5110 quatuor,
1807 5038 1950 5094 Coll.
2005 5039 2146 5095 Gro-

553 5123 678 5164 nov.
710 5117 765 5162 et
788 5109 913 5162 edd.
945 5109 1186 5175 Venetae,
1219 5109 1546 5165 discessione.

765 5177 806 5257 1⁷
815 5180 892 5230 iro
921 5181 976 5232 in
1003 5181 1186 5250 primis
1225 5183 1494 5251 prudenti.
1523 5183 1621 5239 Ed.
1655 5184 1817 5253 Aug.,
1849 5182 1980 5235 bona
2010 5181 2141 5248 viro,

552 5266 606 5318 ξη
632 5254 832 5327 primis,
861 5259 968 5327 etc.

622 5320 717 5388 525.
754 5320 996 5375 Marinus
1037 5337 1228 5377 comes.
1257 5323 1306 5377 ls
1334 5323 1427 5393 qui
1476 5324 1855 5379 lleracliauum
1901 5325 1954 5379 iu
1993 5324 2144 5379 Italia

557 5405 727 5471 copiis
756 5394 890 5471 suis.
913 5404 1164 5471 exue‘rat,
1197 5403 1360 5465 atque
1389 5395 1589 5451 deinde
1633 5411 1757 5450 cum
1808 5397 2035 5466 imperio
2089 5396 2143 5449 in

554 5461 788 5528 Africam
822 5463 1021 5518 missus
1041 5461 1242 5518 fuerat.

624 5540 754 5613 cie.
781 5533 964 5613 XLlll.
991 5536 1142 5613 —-_l.
1167 5533 1366 5613 Ultimo
1425 5538 1565 5591 exitu
1611 5540 1747 5609 ejus.
1794 5537 1967 5607 Lugd.
2001 5538 2142 5591 Batt.

558 5626 690 5675 tres,
716 5604 770 5680 [η
797 5604 977 5680 ultimo
1001 5607 1148 5661 exitu
1174 5609 1321 5680 ejus.

623 5673 685 5736 ἓξ
711 5673 1144 5747 Prudentemque.
1173 5673 1338 5733 [idem
1371 5681 1865 5747 mss.,prudentem.

621 5755 672 5806 ὅ.
711 5741 1053 5811 Κείου-εηιιηιζ
1089 5749 1165 5804 Ita
1215 5759 1327 5808 tres
1375 5741 1554 5808 codd.
1582 5751 1752 5824 Lugd.
1794 5751 1958 5821 Batt.,
1987 5751 2128 5810 Coll.

2169 4791 2224 4855 D

2248 3974 2584 4048 Gronov.__el_
2609 3973 2699 4028 ed.
2727 3976 2957 4045 August.
2991 3975 3262 4048 scribunt,
3289 3990 3463 4048 neque
3493 3975 3658 4048 aliter
3693 3980 3864 4033 scribi

2249 4045 2432 4118 debet.
2491 4044 2716 4114 Vulgata
2737 4044 2900 4118 certe
2947 4045 3084 4101 nihil
3120 4044 3510 4117 ineptiusIlila
3540 4047 3625 4102 sic
3667 4047 3863 4118 habet,

2251 4114 2574 4186 Hieronymo
2607 4116 2903 4189 presbytero
2927 4123 3195 4189 referente,
3214 4114 3391 4172 audiui
3409 4136 3486 4187 se,
3517 4131 3652 4181 etc.,
3679 4114 3866 4188 quasi,

2253 4192 2526 4262 referente
2568 4188 2914 4262 -lliero_nym_o
2964 4188 3304 4262 presbytero,
3338 4189 3766 4245 Narbonensem
3803 4195 3865 4247 ilo

2253 4257 2362 4310 lum
2391 4258 2696 4313 audivisset
2719 4257 2977 4325 Orosius,
3004 4257 3145 4314 curn
3168 4261 3381 4326 innuat,
3416 4278 3474 4314 se
3529 4263 3867 4318 interfuisse

2254 4329 2330 4401 illi
2357 4329 2650 4401 colloquio.
2675 4329 2905 4397 Quidam
2925 4329 3049 4384 dein
3081 4346 3212 4385 mss.
3237 4347 3302 4386 ex
3333 4332 3502 4401 Lugd.
3522 4332 3694 4398 Batt.,
3728 4347 3788 4388 ut
3815 4345 3868 4390 et

2251 4399 2390 4472 Coll.
2423 4399 2664 4455 Gronov.
2703 4401 2926 4468 habent,
2962 4401 3228 4457 audivisse
3251 4419 3330 4455 me
3350 4399 3546 4472 fateor,
3573 4405 3662 4457 vel
3708 4409 3870 4458 audi—

2253 4471 2383 4542 visse
2407 4474 2599 4542 fateor,
2624 4483 2681 4542 et
2709 4471 2834 4527 dein
2867 4489 2921 4525 se
2947 4472 3132 4542 fuisse.

2323 4539 2380 4596 4.
2408 4539 2584 4594 Esset.
2620 4541 2793 4610 Lugd.
2831 4539 2956 4596 Bal.
2986 4561 3064 4609 pr.
3095 4557 3228 4600 erat.

2325 4612 2378 4666 5.
2412 4611 2564 4686 Quod
2594 4611 2865 4686 Romaniur
2905 4618 3108 4684 fuisset.
3167 4617 3240 4671 De
3296 4617 3397 4671 hac
3447 4617 3870 4686 appellatione,

2251 4697 2372 4758 quae
2402 4683 2687 4758 sollicitari
2709 4701 2812 4738 non
2838 4683 3030 4755 debet,
3062 4686 3186 4742 vide
3211 4683 3605 4758 Spanhemium
3638 4691 3692 4744 in
3719 4683 3872 4746 Orbe

2253 4753 2502 4824 Romano
2535 4771 2588 4824 p.
2626 4754 2749 4809 166.

2321 4823 2546 4949 ῗὶθΝοηί
2566 4835 2640 4879 est
2667 4826 2980 4896 respublica.
3010 4827 3109 4884 Ed.
3159 4831 3386 4900 August.
3410 4871 3425 4894 ,
3454 4845 3559 4883 non
3585 4842 3727 4885 esset
3765 4851 3877 4886 re:-

2379 4911 2478 4949 ica.

2252 4911 2478 4964 puDllca.

2325 4969 2376 5020 7.
2437 4965 2667 5042 Elegisse
2715 4985 2770 5023 se
2847 4971 3050 5024 saltent.
3109 4969 3247 5025 Edd.
3309 4972 3527 5042 vulgg.,
3589 4974 3875 5041 salutem,

2253 5052 2453 5112 prtBlCl‘
2486 5039 2719 5112 Venetas
2759 5051 2813 5094 et
2847 5044 3073 5110 August.
3116 5053 3279 5109 atque
3310 5039 3539 5112 primum
3576 5039 3876 5112 omnium,

2252 5111 2303 5164 in
2333 5126 2435 5178 qua
2491 5122 2642 5164 certe
2673 5111 2906 5167 leCIione
2955 5112 3098 5166 nulla
3128 5115 3275 5168 salus
3305 5111 3446 5169 bono
3474 5117 3692 5168 sensui.
3740 5111 3878 5174 Mss.

2251 5195 2385 5250 quo.-
2433 5179 2645 5248 inSpexi
2671 5199 2862 5237 omnes
2907 5185 3108 5238 habent
3163 5185 3365 5239 saltem.
3425 5184 3679 5241 Floreat.
3745 5201 3878 5246 tert.

2253 5252 2461 5325 scribit,
2496 5253 2710 5325 elegisse
2737 5255 2945 5308 saltem.

2325 5321 2378 5404 _8.
2410 5321 2682 5377 Potuerat.
2721 5325 2798 5379 Ex
2824 5327 2916 5380 ed.
2946 5325 3256 5397 Augustana
3284 5337 3555 5398 sumptum
3581 5370 3596 5395 ,
3635 5332 3884 5404 reliqua:

2250 5393 2723 5466 habenupoterat.

2320 5466 2374 5519 9.
2402 5462 2617 5542 [priuare
2645 5468 2781 5536 paci.
2814 5469 2928 5524 Hoc
2957 5484 3172 5542 quoque
3203 5485 3268 5525 ex
3313 5484 3443 5524 mss.
3479 5478 3532 5524 et
3561 5469 3705 5525 edd.
3738 5487 3883 5531 vett.

2247 5551 2371 5605 pro,
2395 5536 2598 5607 initiare
2622 5554 2766 5607 pace.

2322 5608 2408 5662 ll).
2441 5606 2584 5682 Satis
2616 5606 2806 5677 probas.
2843 5610 3122 5668 Conseusu
3162 5629 3260 5669 suo
3292 5615 3361 5668 ita
3391 5628 3617 5682 quoque
3665 5619 3886 5674 eadem

2249 5681 2585 5749 exemplaria
2623 5684 2700 5734 sic
2732 5682 2894 5734 scribi
2922 5687 3142 5754 voiuut,
3176 5681 3426 5740 nonsatis
3457 5681 3737 5755 prebatry.
