4074 6170
348 220 488 277 H73

1450 214 1656 274 LIBER
1698 215 1788 270 DE
1827 212 2131 275 ARBITRII
2168 212 2584 273 LIBERTATE.

3508 216 3651 277 1174

340 335 556 397 sissime
608 333 924 403 insisteret,
976 332 1122 405 apud
1202 332 1597 399 Barcinouem,
1668 329 1943 401 Hispania:
1970 336 2019 394 Α
2047 329 2131 401 agi
2183 335 2397 400 strages
2434 344 2506 387 ex
2565 330 2833 391 alterutro
2872 333 3239 413 Barbarorum
3295 330 3506 388 crebris
3531 345 3651 387 cer-

342 427 565 492 nrhem,
601 424 728 482 dolo
776 439 1002 481 suorum
1027 465 1045 494 ,
1076 433 1134 481 ut
1170 424 1372 493 fertur,
1423 423 1639 481 occisus
1668 431 1773 478 est.
1816 421 1944 476 Post

339 523 487 579 hunc
514 520 804 592 Segericus
854 534 954 575 rex
993 534 1022 574 a
1054 518 1245 579 Gothis
1290 527 1543 587 creatus,
1595 530 1718 571 cum
1756 513 1940 571 itidem

333 613 545 686 judicio
577 612 671 667 Dei
703 610 772 666 ad
818 625 1008 682 pacem
1040 625 1249 682 pronus
1278 618 1455 674 esset,
1488 606 1839 665 nihilominus
1888 612 1945 661 et

334 725 366 764 a
389 705 504 764 suis
536 702 860 763 interfectus
883 714 991 760 est.
1020 702 1230 759 Deinde
1276 700 1449 757 Vallia
1480 699 1743 759 successit
1772 698 1825 754 in
1856 711 1944 754 re-

333 818 536 875 gnum,
558 800 625 856 ad
660 800 766 856 hoc
788 800 827 831 “
862 798 1070 855 electus
1108 812 1139 853 a
1164 796 1393 864 Gothis,
1425 804 1486 851 ut
1529 809 1717 866 pacem
1749 790 1942 847 infrin-

332 902 525 969 geret;
557 893 622 949 ad
654 893 757 951 hoc
782 890 1067 949 ordinatus
1093 907 1122 947 a
1155 890 1298 957 Deo,
1346 897 1405 944 ut
1433 902 1619 959 pacem
1649 886 1943 942 confirma-

335 1001 441 1047 ret.
482 989 579 1049 llic
618 988 783 1060 igitur
814 986 1038 1043 territus
1086 983 1323 1040 maxime
1371 981 1579 1052 judicio
1630 979 1756 1047 Dei,
1811 977 1939 1048 quia

334 1097 457 1138 cum
481 1095 672 1152 magna
692 1079 977 1151 superiore
998 1076 1198 1135 abhinc
1229 1090 1372 1131 anno
1396 1072 1705 1131 Gothorum
1723 1083 1937 1137 manus,

334 1174 599 1229 instructa
650 1171 823 1227 armis
871 1169 1241 1241 navigiisque,
1301 1167 1537 1223 transire
1586 1165 1644 1220 in
1700 1163 1937 1225 Africam

334 1262 657 1331 moliretur,
688 1261 744 1316 in
776 1259 1065 1318 duodecim
1115 1258 1355 1314 millibus
1395 1271 1652 1328 passuum
1684 1254 1936 1311 Gaditani

332 1356 456 1413 freti
498 1353 664 1430 586
709 1362 1040 1426 tempestate
1093 1358 1378 1422 correpta,
1436 1346 1735 1406 miserabili
1787 1348 1937 1403 exitu

333 1452 379 1481 “
413 1450 650 1521 perierat
677 1465 691 1502 :
720 1461 932 1503 memor
960 1445 1125 1503 etiam
1152 1444 1299 1500 illius
1318 1452 1557 1515 acceptae
1579 1441 1682 1497 sub
1720 1441 1938 1498 Alarico

330 1542 537 1609 cladis,
567 1557 689 1597 cum
745 1538 801 1596 in
846 1538 1090 1595 Siciliam
1119 1537 1283 1593 G0thi
1313 1535 1549 1592 transire
1603 1534 1819 1600 conati,
1881 1532 1934 1588 in

328 1645 624 1715 conspectu
670 1643 895 1689 suarum
926 1629 1311 1687 miserabiliter
1339 1626 1543 1715 arrepti
1603 1636 1659 1683 et
1698 1621 1934 1682 demersi

2050 426 2225 497 tisque
2251 424 2456 482 nuntiis
2502 426 2796 493 discimus,
2854 428 3126 499 praecipue
3156 425 3386 483 Valliam
3437 424 3646 481 Gotho-

2048 530 2167 571 rum
2207 529 2393 587 regem
2424 516 2678 573 insistere
2708 518 2987 589 patrandaa
3017 519 3140 591 paci
3179 516 3383 574 ferunt.
3416 515 3508 571 Εἰ
3535 529 3645 587 quo

2048 611 2093 641 ”
2136 620 2427 682 utcumque
2460 613 2860 681 concesserim,
2904 612 2950 644 ³³
2975 622 3033 669 ιιι
3072 613 3301 670 licenter
3337 610 3647 666 Christiana

2047 710 2295 772 tempora
2322 701 2817 772 reprehendantur,
2848 703 2894 760 si
2929 702 3060 775 quid
3091 718 3122 759 a
3150 701 3460 760 conditione
3487 716 3648 757 mun-

2045 794 2100 851 di
2158 810 2328 866 usque
2380 795 2446 850 ad
2503 811 2646 852 nunc
2690 797 2855 853 simili
2905 796 3106 854 factum
3169 795 3435 853 felicitate
3484 795 3646 871 587

2044 888 2327 945 doceatur.
2359 889 2845 959 Manifestavimus,
2878 902 2934 947 ut
2975 892 3236 960 arbitror,
3268 899 3431 964 atque
3457 900 3649 950 osten-
3694 944 3697 947 .

2044 982 2264 1051 dimus,
2323 998 2431 1039 non
2492 985 2663 1057 magis
2700 986 2867 1041 verbo
2922 1002 3063 1056 pene
3119 1002 3281 1058 quam
3331 986 3500 1058 digito
3556 986 3640 1042 iu-

2046 1089 2272 1131 numera
2304 1075 2445 1132 bella
2487 1078 2690 1147 sepita,
2725 1078 2989 1148 plurimos
3016 1080 3324 1139 exstinctos
3358 1090 3639 1151 tyrannos,

2044 1181 2414 1239 compressos,
2459 1178 2879 1241 coangustatas,
2920 1172 3189 1239 atldictas,
3228 1171 3648 1242 calamitasque

2044 1260 2473 1317 immanissimas
2500 1271 2694 1334 gentes
2722 1264 2949 1319 minimo
2978 1265 3267 1336 sanguine,
3296 1264 3449 1320 nullo
3473 1271 3650 1321 certa-

2044 1354 2212 1426 mine,
2246 1369 2309 1409 ac
2349 1370 2488 1427 pene
2528 1357 2646 1412 sine
2672 1356 2843 1413 caede.
2867 1357 3133 1430 Superest
3162 1371 3220 1415 ut
3245 1358 3648 1425 obtrectatores

2044 1456 2263 1507 nostros
2311 1450 2652 1506 molitionum
2697 1465 2921 1507 suarum
2970 1451 3272 1522 pmniteat,
3321 1451 3648 1523 veritatique

2041 1542 2404 1609 erubescant;
2449 1542 2730 1614 Deumque
2772 1559 2962 1599 verum
3007 1554 3062 1599 et
3105 1543 3308 1612 solum,
3342 1543 3434 1614 qui
3465 1552 3645 1614 potest

2038 1634 2253 1707 Omnia,
2288 1635 2546 1704 credant,
2595 1637 2843 1704 timeant,
2889 1636 3150 1708 diligant.
3196 1645 3253 1694 et
3289 1643 3637 1707 sequantur:

326 1742 483 1798 sunt.
524 1745 713 1800 ρίιεθιιι
763 1728 1026 1799 optimam
1083 1740 1211 1782 cum
1265 1723 1505 1779 Honorio
1560 1721 1927 1791 imperatore.
1964 1730 2011 1791 B
2035 1730 2191 1801 cujus
2220 1731 2425 1797 omnia,
2454 1740 2513 1787 et
2538 1747 2665 1802 quae
2692 1731 2832 1787 mala
2865 1742 3074 1802 putant,
3109 1730 3250 1787 bona
3279 1745 3405 1787 esse
3435 1729 3641 1787 didice-

324 1824 468 1879 datis
517 1821 833 1878 lectissimis
864 1816 1149 1875 obsidibus
1178 1815 1401 1890 pepigit.
1446 1813 1779 1881 Placidiam,
1820 1812 1922 1867 im-

323 1914 594 1986 peratoris
642 1926 921 1978 sororem,
956 1907 1261 1965 honorifice
1308 1906 1450 1977 apud
1481 1919 1540 1961 se
1590 1904 1926 1973 honesteque

322 2007 596 2074 habitam,
632 2004 787 2061 fratri
818 2002 1076 2060 reddidit.
1111 2001 1155 2034 ¹³
1194 2000 1454 2056 Romamn
1480 2000 1757 2057 securitati
1782 1998 1923 2070 peri-

318 2104 501 2158 culurn
528 2116 687 2157 suum
718 2098 957 2165 obtulit,
998 2108 1058 2153 ιιι
1110 2095 1401 2152 adversum
1444 2105 1673 2150 caeteras
1700 2104 1921 2165 gentes,

318 2211 442 2267 quae
460 2210 571 2266 per
599 2194 888 2264 Hispanias
918 2190 1320 2259 consedissent,
1345 2188 1446 2244 sibi
1473 2197 1773 2260 pugnaret,
1805 2187 1848 2218 ”
1869 2198 1926 2243 et

318 2291 581 2346 Roumnis
612 2289 899 2344 vinceret:
943 2284 1194 2358 quamvis
1246 2291 1303 2340 et
1349 2283 1534 2339 caeteri
1587 2281 1919 2351 Alanorum,

322 2383 692 2438 Vandalorum
721 2381 1138 2450 Suevorumque
1186 2391 1376 2447 reges,
1418 2375 1608 2432 eodem
1645 2375 1921 2433 nobiscum

315 2479 514 2549 placito
542 2476 585 2507 ”‘
614 2474 829 2547 depacti
858 2459 1075 2541 forent,
1107 2470 1429 2526 mandantes
1471 2467 1790 2540 imperatori
1816 2467 1923 2522 IIo-

314 2574 470 2627 norio
494 2584 509 2622 :
543 2567 625 2622 Tu
649 2582 771 2622 cum
795 2564 1047 2620 omnibus
1076 2577 1266 2635 pacem
1290 2560 1432 2618 habe
1454 2605 1469 2632 ,
1504 2560 1546 2591 ¹⁶
1573 2559 1922 2631 omniumque

313 2660 533 2716 obsides
558 2657 772 2730 accipe;
808 2658 848 2687 ¹⁷
879 2671 978 2712 nos
1019 2654 1177 2710 nobis
1208 2652 1587 2726 conﬂigimus,
1613 2652 1771 2708 nobis
1801 2666 1923 2723 per-

314 2754 489 2821 imus,
522 2753 565 2785 ¹⁸
621 2752 714 2807 tibi
744 2750 1051 2806 vincimus:
1082 2750 1123 2782 ¹⁹
1148 2749 1474 2803 immortalis
1511 2763 1637 2804 vero
1680 2756 1921 2817 qua-stus

312 2846 418 2903 erit
450 2845 762 2916 reipublicte
784 2855 891 2900 tuae
913 2884 929 2911 ,
958 2844 1002 2873 ὀ
1032 2842 1077 2897 si
1112 2842 1328 2913 utrique
1354 2855 1662 2912 pereamus.
1698 2841 1740 2873 ³⁸
1788 2841 1921 2909 Quis

313 2942 435 2997 lucc
493 2938 785 3007 crederet,
839 2937 946 2997 nisi
1016 2950 1105 2994 res
1168 2934 1443 2992 doceret?
1517 2932 1703 3007 Itaque
1776 2951 1921 2992 nunc

309 3032 554 3106 quotidie
624 3030 765 3103 apud
825 3029 1116 3103 Hispanias
1163 3028 1279 3102 geri
1334 3027 1480 3084 bella
1532 3030 1807 3099 gentium.
1865 3038 1920 3085 et

2031 1834 2177 1880 runt.
2221 1823 2496 1894 EXIIIICUI,
2538 1824 2833 1893 adiuvante
2872 1823 3095 1880 Christo
3136 1824 3439 1882 secundum
3486 1833 3637 1880 tuum

2031 1926 2399 1989 praeceptum,
2443 1917 2759 1974 beatissime
2802 1926 2959 1987 pater
2996 1917 3327 1988 Augustine,
3369 1918 3439 1973 ab
3483 1917 3642 1973 initio

2029 2010 2221 2066 mundi
2251 2008 2298 2039 "‘
2327 2024 2504 2079 usque
2531 2009 2585 2065 in
2610 2016 2935 2081 praesentem
2963 2008 3137 2080 diem,
3163 2008 3266 2064 hoc
3289 2018 3395 2073 est,
3422 2024 3521 2079 per
3544 2023 3641 2064 an-

2029 2118 2130 2159 nos
2160 2104 2399 2175 quinque
2440 2103 2595 2158 mille
2625 2112 2917 2160 sexcentos
2956 2112 3012 2160 et
3040 2103 3456 2174 septemdecim,
3487 2105 3641 2175 cupi-

2027 2195 2229 2255 ditates
2268 2204 2324 2250 et
2363 2196 2675 2264 punitiones
2705 2196 2985 2251 hominum
3027 2205 3405 2266 peccatorum,
3436 2196 3635 2255 confli-

2026 2292 2299 2349 ctatioues
2323 2291 2534 2358 saeculi,
2565 2300 2621 2347 et
2644 2290 2846 2361 judicia
2880 2292 2998 2357 Dei,
3031 2306 3195 2363 quam
3227 2293 3550 2351 brevissime
3578 2303 3636 2355 et

2026 2397 2185 2454 quam
2220 2380 2627 2453 simplicissime
2657 2383 2704 2413 ’⁵
2737 2383 2909 2452 potui,
2933 2381 3261 2449 Christianis
3288 2390 3468 2443 tamen
3495 2396 3634 2443 tem-

2026 2475 2281 2548 poribus,
2313 2484 2538 2547 propter
2580 2484 2908 2549 prmsentem
2948 2477 3118 2548 magis
3143 2476 3350 2535 Christi
3376 2480 3627 2549 gratiam,

2025 2573 2094 2628 ab
2123 2572 2216 2627 illa
2257 2570 2651 2627 incredulitatis
2679 2570 3001 2627 confusione
3025 2570 3303 2629 discretis.
3337 2573 3385 2605 "
3412 2574 3488 2645 Ita
3512 2575 3627 2644 jam

2024 2681 2123 2737 ego
2156 2676 2307 2721 certo
2337 2673 2394 2720 et
2419 2664 2540 2723 solo
2559 2680 2722 2736 quem
2746 2666 3137 2737 concupiscere
3156 2668 3345 2737 debui,
3368 2669 3627 2726 obedien-

2024 2760 2111 2815 tia:
2142 2774 2277 2819 mete
2307 2760 2483 2814 fructu
2516 2756 2686 2814 fruor.
2720 2757 2799 2815 De
2828 2760 3086 2829 qualitate
3114 2770 3301 2817 autem
3332 2764 3631 2831 opusculo-

2024 2867 2146 2905 rum
2180 2858 2236 2907 ιιι
2282 2850 2507 2920 videris,
2550 2852 2642 2921 qui
2683 2852 3008 2921 praecepisti,
3045 2852 3137 2907 tibi
3171 2854 3213 2883 ’⁷
3243 2852 3623 2923 adjudicanda,

2022 2941 2070 2997 si
2095 2942 2226 3000 edas
2258 2962 2269 2995 :
2305 2957 2404 3013 per
2433 2952 2487 2999 te
2519 2943 2782 3011 iudicata,
2812 2942 2858 2998 si
2889 2942 3093 3000 deleas.

1592 3147 2049 3211 HAVERCAMPI
2087 3150 2318 3208 NOTAE.

386 3291 472 3343 ll.
506 3285 739 3343 Electus.
779 3285 905 3342 Mss.
932 3286 1211 3357 plerique,
1238 3283 1536 3357 ordinatus.

384 3362 450 3415 η
503 3359 755 3413 Perierat.
788 3356 1209 3413 Misericorditer
1237 3356 1397 3411 nimis
1421 3356 1592 3427 Lugd.
1620 3358 1738 3413 Bat.
1771 3374 1908 3429 sec.,

308 3449 445 3505 penei
468 3433 713 3505 perierat.

384 3498 753 3573 l5.’Bomame
797 3500 1082 3573 securitati.
1131 3498 1306 3569 Lugd.
1338 3498 1660 3573 B.tt.quart.
1705 3512 1760 3558 et
1815 3502 1915 3560 Pe-

307 3578 484 3631 rizon.
506 3616 519 3636 .
549 3571 797 3628 Romana:
823 3572 1075 3627 societati.

390 3646 474 3701 14.
509 3643 575 3698 Ει
600 3642 852 3698 Romanis
872 3645 1114 3697 vinceret.
1138 3642 1303 3713 Lugd.
1338 3642 1480 3698 Batt.
1512 3659 1594 3713 pr.
1622 3651 1679 3698 et
1710 3654 1910 3716 quart.,

314 3718 565 3772 Romanis
596 3718 837 3770 vinceret.
954 3759 959 3763 .

387 3790 474 3844 lii.
511 3788 725 3861 Depatjti
756 3787 947 3858 forent.
992 3784 1138 3861 Edd._
1162 3784 1431 3857 quaedam,
1468 3786 1735 3858 despecti;
1779 3800 1912 3845 mss.

314 3874 426 3917 tres
456 3860 627 3927 Lugd.
662 3860 801 3913 Batt.
832 3899 846 3922 ,
880 3858 1158 3927 compecti.

390 3934 476 3986 Ili.
512 3926 756 3984 Omnium
797 3926 1005 3982 obsides
1043 3927 1242 3995 accipe.
1276 3926 1405 3982 Mss.
1454 3928 1639 3994 iidem,
1687 3928 1917 3985 obsides-

312 4021 412 4074 que
432 4004 609 4074 acc_i_pe
632 4018 759 4074 nos,
790 4000 975 4074 deleto
1002 4001 1251 4074 omnium.

390 4076 477 4129 ΓΙ.
498 4069 612 4128 Nos
640 4071 789 4126 nobis
814 4073 1164 4141 con/ligimus,
1187 4069 1333 4124 nobis
1361 4070 1606 4137 perimus.
1639 4073 1713 4127 Ita
1736 4073 1917 4129 scribo

312 4163 436 4203 cum
461 4154 691 4216 quatuor
715 4142 889 4216 Lugd.
924 4142 1101 4216 B.ttt_._,
1133 4141 1276 4195 Flor.
1307 4156 1451 4216 sec.,
1484 4142 1735 4216 Perizon.
1768 4144 1918 4201 aliis-

312 4234 422 4288 que
475 4213 608 4271 inss.
649 4227 702 4269 et
732 4215 826 4288 ed.
869 4215 1006 4288 Aug.
1039 4213 1177 4267 Male
1231 4214 1447 4283 vulgg.,
1506 4230 1600 4269 nos
1647 4215 1917 4269 nobiscum

313 4285 676 4358 conﬂigirnus,
706 4285 855 4358 nobis
884 4286 1133 4358 perimus.

392 4354 492 4415 l8.
512 4356 627 4412 Tibi
668 4357 934 4412 vincimus.
996 4355 1166 4427 Lugd.
1199 4354 1316 4410 Bat.
1366 4366 1544 4427 quart.
1578 4398 1593 4423 ,
1623 4356 1713 4411 tibi
1750 4359 1919 4412 vince-

250 4438 263 4447 ⁸
313 4449 453 4487 mus.

391 4503 477 4558 t9.
511 4500 828 4556 Immortalis
872 4515 989 4555 vero
1036 4506 1268 4568 quwstus
1297 4499 1395 4553 erit
1449 4499 1746 4571 reipublicae
1792 4509 1915 4556 tute.

318 4572 376 4627 In
427 4588 560 4629 mss.
606 4572 858 4627 omnibus
903 4573 1087 4625 inveni
1134 4571 1427 4639 scriptum,
1472 4570 1749 4625 immortali
1796 4584 1918 4623 vero

326 4699 509 4709 ——_

1936 3263 1983 3325 Ο
2015 3300 2214 3360 qutestu
2259 3290 2388 3358 erit,
2438 3299 2545 3345 etc.
2580 3308 2591 3341 :
2628 3289 2768 3344 unde
2822 3297 2970 3358 patet
3003 3287 3508 3360 jubererecsdem,
3562 3298 3614 3344 ul

2017 3358 2259 3427 legamus
2282 3404 2295 3428 ,
2329 3359 2615 3414 immortali
2636 3376 2753 3414 vero
2783 3361 3002 3427 quazstui
3022 3360 3118 3413 erit
3152 3358 3451 3429 reipublicae
3493 3358 3611 3416 tua'.

2016 3434 2072 3488 In
2121 3433 2281 3515 codd.
2327 3447 2458 3488 vero
2488 3432 2738 3488 Periz-m.
2772 3442 2827 3487 et
2856 3431 3029 3503 Lugd.
3085 3431 3204 3485 Dat.
3239 3441 3365 3486 tert.
3398 3430 3611 3487 deside.
3713 3488 3723 3495 ,

2015 3515 2166 3560 ratur
2194 3515 2311 3560 erit.

2194 3521 2503 3645 egi‘utrique
2526 3591 2818 3646 pereamus.
2844 3574 3019 3644 Supra
3048 3588 3167 3643 cap.
3197 3574 3268 3629 55
3297 3588 3312 3627 :
3346 3571 3432 3627 Ita
3456 3581 3503 3646 et
3530 3572 3615 3626 Itic

2014 3649 2241 3702 duorum
2263 3643 2725 3716 sanguine'bellum
2755 3646 2901 3699 civile
2927 3643 3240 3699 reuinctum
3288 3651 3395 3710 est,
3414 3643 3616 3716 absque

2014 3718 2125 3773 illis
2169 3714 2630 3771 decem'millibus
2681 3714 3004 3779 Gothorum,
3061 3731 3188 3781 quos
3243 3714 3540 3781 prmissus
3583 3733 3615 3769 α

2015 3788 2312 3845 Theodosio
2358 3788 2668 3858 Arbogastes
2713 3785 2912 3841 delesse
2953 3784 3195 3857 funditus
3238 3784 3438 3858 [crtum
3489 3800 3616 3855 quos

2017 3861 2194 3932 utique
2253 3854 2729 3913 erdidisse‘lucrum
2749 3898 2762 3924 ,
2785 3867 2831 3912 et
2862 3854 2999 3911 vinci
3020 3861 3222 3910 vincere
3242 3854 3362 3926 fuit.

2088 3931 2179 3986 21.
2206 3877 2335 3997 auis
2372 3933 2479 3983 lucc
2501 3929 2750 3983 crederet.
2785 3927 2885 3982 Ed.
2911 3934 3141 3997 August.
3160 3967 3174 3990 ,
3225 3927 3312 3995 qui
3342 3926 3566 3981 crederet

2168 3977 2179 3986 .
2206 3941 2335 3995 Quis
2372 3941 2479 3983 lucc
2501 3941 2750 3983 crederet.
2785 3941 2885 3982 Eu.
2911 3941 3174 3995 Augu5t.,
3225 3942 3311 3995 qut
3342 3941 3566 3981 crederet
3598 3944 3615 3992 ;

2088 3943 2179 3986 21.
2206 3943 2335 3997 Quis
2372 3943 2479 3983 tunc
2501 3943 2750 3983 creaeret.
2785 3943 2885 3982 nu.
2911 3943 3174 3999 angu5t.,
3225 3943 3311 3995 qui
3342 3943 3495 3980 credet

2018 4002 2141 4059 cod.
2177 4001 2427 4056 Perizou.
2448 4042 2462 4065 ,
2493 4000 2621 4067 Quis
2649 4002 2759 4054 lucc
2785 4000 2936 4053 sciret
2963 4000 3067 4053 nisi
3095 4014 3177 4052 res
3202 3998 3444 4052 docerent
3471 4000 3495 4052 .9

2088 4072 2181 4127 2‘2.
2220 4070 2529 4139 Utcumque.
2555 4070 2804 4127 Perizon.
2828 4110 2844 4137 ,
2878 4080 3168 4141 utrumque.

2090 4145 2180 4200 2'5.
2218 4141 2284 4199 Ut
2313 4144 2544 4199 licenter.
2580 4143 2635 4197 In
2665 4158 2796 4198 mss.
2827 4159 2908 4210 pr.
2943 4140 3112 4211 Lugd.
3146 4142 3265 4197 Bal.
3298 4149 3355 4194 ut
3382 4140 3616 4208 libenter,

2021 4216 2116 4271 sed
2147 4213 2581 4283 superscribitur
2606 4213 2838 4267 licenter.
2872 4213 2973 4266 Ed.
3006 4214 3178 4284 Aug.,
3208 4221 3265 4284 ut
3286 4212 3545 4284 decenter.

2091 4287 2184 4341 24.
2220 4281 2393 4350 Usque
2425 4285 2478 4337 in
2536 4295 2837 4353 prtesentem
2876 4285 3030 4337 diem.
3081 4281 3218 4337 Tres
3246 4281 3418 4352 Lugd.
3450 4281 3618 4346 Batt.,

2022 4372 2184 4424 usque
2205 4356 2296 4424 ad,
2327 4365 2433 4410 etc.

2092 4428 2183 4481 9-5.
2221 4426 2407 4481 Potui.
2456 4424 2625 4495 Lugd.
2660 4424 2801 4480 Batt.
2838 4433 2969 4489 tres,
3005 4433 3059 4478 ut
3088 4425 3252 4492 potui.

2095 4501 2198 4554 26.
2229 4495 2316 4570 Ita
2337 4500 2476 4570 jam.
2510 4495 2854 4570 Mssjiderp,
2887 4496 2977 4549 sed
3002 4498 3139 4570 join.

2093 4571 2184 4624 27.
2215 4563 2608 4641 Adjudicanda.
2646 4564 2747 4620 Ed.
2777 4563 3035 4634 Augusti,
3069 4563 3438 4639 diiudicanda.

1297 4772 1864 4887 penu
1940 4768 2615 4918 ortos“,

1536 4940 1858 5006 HISPANI
1898 4939 2392 5003 PRESBYTERI

809 5090 1417 5239 LIBER
1519 5082 3137 5274 APOLOGETICUS,

1383 5304 1865 5390 CONTRA
1939 5304 2586 5389 PELAGIUM.

1244 5463 1384 5534 DE
1461 5458 1993 5532 ARBITRI!
2065 5458 2724 5535 LIBEBTATE.

404 5641 643 5715 5881.
676 5638 1062 5695 Possibilitatis
1082 5653 1187 5694 non
1215 5648 1319 5707 est,
1353 5654 1532 5708 neque
1553 5640 1938 5710 praesumptio-
1963 5639 2016 5701 Ι)
2042 5655 2181 5711 pene
2222 5649 2509 5705 extremae,
2551 5649 2609 5695 ut
2647 5639 2752 5711 ipsi
2790 5641 3107 5711 agnoscitis,
3154 5642 3506 5699 necessitatis
3536 5659 3556 5701 :
3590 5652 3654 5698 ιιι

337 5733 421 5789 nis
457 5748 617 5800 mete,
664 5731 965 5789 beatissimi
1016 5731 1359 5797 sacerdotes,
1401 5732 1497 5788 sed
1539 5733 1860 5790 arctissima:
1888 5750 1952 5791 ac
2058 5748 2162 5804 ego
2204 5749 2347 5790 nunc
2383 5732 2591 5790 videar.
2620 5733 2774 5802 Quod
2816 5732 3039 5803 quidem
3079 5744 3137 5792 ut
3166 5735 3427 5806 facerem,
3461 5738 3661 5807 injuria
