4110 6168
454 224 599 282 1175

1855 222 2062 285 PAULI
2100 225 2330 283 OROSII

3621 228 3773 288 ΗἸῦ

450 345 671 394 coactus
710 349 828 393 sum
872 354 885 390 :
931 351 1040 393 non
1078 336 1256 394 solum
1301 336 1554 396 defensor
1595 338 1719 397 ﬁdei
1767 356 1927 412 mem,
1955 341 2051 399 sed
2080 343 2127 405 A
2158 342 2350 414 (Eccli.
2378 344 2851 419 xxxiv,28)?Stat
2869 347 3036 405 etiam
3060 347 3486 407 immanissimus
3504 349 3772 421 superbia

451 432 616 488 etiam
644 431 889 502 perﬁdiae
919 432 1299 491 manifestator
1325 433 1541 491 alienae.
1575 435 1729 494 Sicut
1755 437 1898 494 enim
1925 434 2055 510 pu'r-

450 525 655 597 gationi
679 524 919 597 propriae
940 526 1169 584 studere
1189 527 1384 597 debeo,
1410 539 1637 603 propter
1657 532 2053 589 conscientiam

461 629 485 657 ιι
516 628 698 677 autem
728 618 853 676 dico
880 634 989 676 non
1021 635 1215 688 meam,
1247 621 1342 677 sed
1373 621 1599 679 alterius
1635 642 1647 677 :
1678 624 1750 680 ita
1777 634 1833 680 et
1861 623 2055 695 depre-

456 714 657 770 hensos
680 713 732 769 in
754 702 922 786 grege
943 715 1126 770 ovium
1149 716 1311 788 lupos
1332 724 1608 774 ostentare
1628 717 1696 775 ad
1720 718 1943 789 digitum
1964 733 2057 775 co-

453 823 575 881 gor,
595 818 818 880 propter
839 809 1000 865 ﬁdem
1024 819 1079 867 et
1097 811 1275 868 zelum
1303 829 1315 864 :
1342 811 1520 869 zelum
1541 821 1720 869 autem
1743 826 1852 870 non
1874 827 2053 869 meum

452 901 608 969 dico,
641 902 735 957 sed
765 899 971 958 Christi
1002 919 1016 956 :
1049 902 1146 959 sed
1174 918 1351 975 neque
1380 919 1483 976 ego
1511 920 1635 962 cum
1664 906 1765 960 sim
1793 904 2057 961 minimus

450 992 719 1061 omnium,
749 992 956 1065 aliquid
989 993 1299 1051 temeritate
1330 1010 1623 1066 prmsumo.
1657 996 1785 1051 Mihi
1817 995 2059 1052 necessi-

455 1095 537 1140 tas
559 1092 642 1141 est
667 1084 931 1157 iniuriam
958 1086 1310 1143 manifestare
1332 1102 1494 1158 quam
1522 1102 1716 1158 passus
1736 1102 1856 1143 sum
1887 1101 2059 1144 :cun-

454 1178 557 1234 etis
591 1186 774 1248 pateat
797 1178 890 1249 qui
924 1177 1193 1235 fecerunt.
1226 1179 1322 1235 Dei
1349 1180 1496 1236 enim
1524 1188 1580 1235 et
1607 1179 1856 1236 voluntas
1884 1187 1942 1235 et
1968 1194 2060 1235 or-

453 1269 659 1327 dinatio
688 1279 793 1338 est,
820 1280 884 1327 ut
911 1271 1114 1326 malum
1140 1271 1284 1342 quod
1316 1286 1413 1343 per
1441 1271 1756 1343 patientiam
1787 1271 2057 1329 toleraba-

455 1372 578 1431 tur,
628 1363 946 1422 necessarie
993 1364 1354 1434 proderetur,
1401 1373 1458 1421 et
1507 1380 1603 1436 per
1648 1365 2057 1421 contentionem

455 1456 658 1513 furoris
695 1471 885 1513 eorum
930 1457 1065 1528 ipsis
1104 1458 1323 1528 dignam
1363 1456 1676 1514 mercedem
1700 1457 1873 1531 589
1897 1472 2057 1527 quam

455 1550 699 1619 oportuit
736 1550 940 1605 erroris
970 1549 1053 1605 sui
1086 1549 1505 1620 recipientibus,
1538 1563 1646 1605 non
1675 1550 1850 1605 solum
1880 1548 2056 1621 pessi-

454 1655 670 1698 morum
694 1640 974 1697 deuotatio
996 1640 1151 1697 ﬁeret
1178 1640 1489 1711 dogmatum
1521 1658 1533 1693 :
1559 1640 1656 1697 sed
1685 1639 2058 1712 corripienda-

2157 435 2407 505 Coliath,
2437 438 2643 495 carnali
2684 441 2928 511 potentia
2959 441 3203 497 tumidus
3225 484 3240 510 ,
3271 442 3449 499 omnia
3477 457 3539 499 se
3572 458 3678 516 per
3707 458 3772 502 se

2160 543 2323 601 posse
2351 529 2630 587 conﬁdens
2662 550 2675 585 :
2709 540 2891 604 caput,
2924 546 3141 603 manus,
3171 542 3348 591 totum
3388 534 3615 606 insuper
3643 550 3773 593 cor-

2158 637 2262 694 pus
2287 621 2524 695 plurimo
2547 633 2814 696 apparatu
2841 626 3090 695 vestitus,
3119 626 3331 684 habens
3362 629 3526 703 590
3554 637 3683 700 post
3708 644 3776 686 se

2157 714 2485 787 armigerum
2516 731 2675 773 suum
2702 736 2714 771 :
2741 718 2834 790 qui
2868 718 2973 775 etsi
3007 719 3124 792 ipse
3153 734 3262 776 nou
3290 721 3535 789 dimicat,
3565 730 3771 778 cuncta

2158 816 2337 864 tamen
2377 810 2505 864 teris
2543 818 2598 867 et
2638 808 2772 867 ferri
2814 810 3073 884 suffragia
3112 813 3516 871 subministrat.
3551 813 3621 870 Et
3652 828 3765 872 non

2158 902 2355 958 mirum
2396 912 2502 973 est,
2551 903 2598 958 si
2638 915 3022 976 competenter
3062 906 3205 965 hunc
3244 909 3423 967 locum
3464 910 3768 981 providens

2159 994 2440 1068 Scriptura
2484 999 2801 1069 pronuntiat
2830 1020 2843 1056 :
2876 1002 2967 1059 ubi
2994 1003 3107 1069 ait,
3136 1002 3421 1061 Philistiim
3445 1006 3656 1060 stabant
3679 1024 3771 1063 su-

2159 1106 2251 1162 per
2282 1098 2511 1145 montem
2537 1108 2601 1147 ea:
2625 1092 2725 1147 hac
2750 1103 2899 1165 parte
2923 1093 2970 1169 (Ι
2992 1094 3122 1168 Reg.
3149 1111 3281 1165 xvn,
3304 1097 3382 1167 5).
3409 1097 3491 1153 Ab
3515 1097 3767 1156 Ecclesia

2160 1180 2744 1252 siquidem,ha3reseos
2771 1185 3118 1258 impugnator
3147 1188 3458 1260 expellitur,
3478 1201 3538 1246 et
3565 1191 3766 1247 nutriri

2162 1277 2214 1333 in
2240 1279 2361 1333 sinu
2390 1277 2655 1335 Ecclesia:
2676 1280 2969 1337 hmreticus
2995 1281 3269 1339 invenitur
3294 1299 3308 1337 :
3332 1291 3389 1339 et
3412 1296 3641 1356 propter
3662 1285 3767 1344 hoc

2160 1383 2261 1441 per
2284 1368 2546 1441 Spiritum
2577 1379 2826 1427 sanctum
2849 1373 2974 1429 inde
3001 1371 3175 1429 Israel
3199 1383 3336 1430 stare
3362 1378 3760 1449 pronuntiatur,

2160 1460 2282 1517 hinc
2304 1463 2491 1520 hostis.
2521 1464 2587 1520 Et
2619 1464 2723 1521 hoc
2750 1481 2917 1538 sa'pe.
2943 1466 3077 1523 Nam
3105 1476 3162 1524 et
3181 1483 3277 1525 rex
3303 1468 3474 1525 David
3498 1485 3678 1543 usque
3696 1472 3762 1529 ad

2161 1557 2386 1629 impium
2420 1557 2587 1614 ﬁlium
2620 1559 2743 1630 pius
2770 1569 2928 1632 pater
2953 1561 3022 1616 ab
3041 1560 3384 1618 Hierusalem
3402 1562 3660 1634 deposito
3681 1580 3766 1621 re-

2161 1650 2245 1720 gis
2283 1649 2474 1707 habitu
2515 1651 2729 1724 fugatur
2760 1673 2772 1708 :
2808 1653 2895 1710 ubi
2939 1655 3190 1726 protinus
3216 1656 3455 1712 Absalon
3498 1668 3766 1731 tyrannus

446 1752 570 1791 rum
612 1730 986 1791 manifestatio
1022 1750 1406 1806 personarum.
1456 1735 1651 1792 Patres
1687 1736 1834 1792 enim
1866 1747 1922 1792 et
1961 1737 2053 1808 qui
2085 1728 2131 1788 B
2161 1741 2484 1812 ingreditur.
2525 1744 2646 1801 Stat
2683 1759 2816 1817 ergo
2855 1746 3108 1816 Coliath,
3152 1747 3288 1818 prob
3330 1747 3487 1804 dolor
3511 1728 3534 1803 l
3552 1765 3619 1806 ex
3666 1751 3767 1808 hac

452 1833 564 1903 jam
608 1835 938 1905 quieverunt
974 1843 1240 1906 martyres
1282 1841 1339 1889 et
1371 1834 1694 1903 concordes,
1725 1835 2052 1907 Cyprianus,

454 1925 690 1986 Hilarius
719 1934 774 1982 et
801 1926 1145 1995 Ambrosius,
1181 1937 1236 1983 et
1275 1929 1470 1999 quibus
1511 1930 1681 1984 etiam
1730 1944 1875 1985 nunc
1924 1945 2050 2000 per-

460 2034 687 2076 manere
729 2019 910 2075 adhuc
947 2021 1001 2075 in
1047 2036 1214 2077 carne
1261 2022 1631 2079 necessarium
1675 2031 1780 2091 est,
1809 2023 1900 2094 qui
1929 2033 2060 2080 sunt

456 2112 725 2167 columnae
748 2120 804 2166 et
821 2111 1165 2168 ﬁrmamenta
1189 2113 1447 2169 Ecclesiae
1467 2113 1769 2183 catholicae,
1804 2114 2059 2170 Aurelius

457 2204 794 2273 Augustinus
816 2212 873 2259 et
892 2204 1273 2278 Hieronymus,
1302 2206 1470 2262 multa
1492 2206 1604 2277 jam
1632 2206 1897 2263 adversus
1920 2207 2061 2264 hanc

456 2296 721 2353 nefariam
763 2298 1016 2355 haeresim
1043 2342 1058 2366 ,
1104 2299 1311 2371 absque
1354 2301 1729 2371 designatione
1774 2301 2057 2358 nominum

457 2390 869 2458 haereticorum,
886 2392 1102 2463 scriptis
1125 2390 1527 2462 probatissimis
1545 2393 1834 2450 ediderunt
1850 2412 1862 2447 :
1878 2409 2059 2466 quam-

455 2497 618 2555 quam
641 2493 699 2540 et
724 2483 841 2540 haec
861 2485 1414 2542 venenatisSimorum
1440 2485 1756 2558 dogmatum
1779 2487 2063 2545 abomina-

458 2580 536 2634 tio
566 2578 728 2635 habet
752 2581 915 2635 etiam
949 2595 1094 2636 nunc
1120 2580 1370 2636 viventes
1397 2589 1669 2650 mortuos,
1701 2590 2059 2654 mortuosque

458 2674 726 2729 viventes.
760 2672 893 2728 Nam
924 2673 1189 2744 Origenes
1217 2682 1273 2730 et
1304 2673 1706 2743 Priscilliauus,
1735 2684 1792 2731 et
1816 2675 2061 2732 Iovinia-

460 2780 583 2832 nus,
615 2765 746 2820 olim
776 2766 919 2836 apud
950 2780 1009 2821 se
1037 2766 1261 2835 mortui,
1291 2763 1344 2823 in
1373 2766 1457 2822 his
1489 2768 1677 2824 vivunt
1710 2788 1722 2822 :
1756 2777 1812 2826 et
1835 2785 1941 2826 non
1971 2785 2062 2827 so-

456 2858 569 2912 lum
600 2856 810 2922 vivunt,
840 2873 1028 2913 verum
1059 2858 1224 2914 etiam
1255 2860 1549 2928 loquuntur
1580 2880 1592 2914 :
1626 2877 1771 2917 nunc
1795 2877 1929 2919 vero
1955 2862 2059 2919 Pe-

458 2950 654 3022 lagius,
683 2960 740 3007 et
762 2947 1076 3020 Caelestius,
1108 2951 1157 3006 si
1180 2950 1235 3006 in
1266 2951 1350 3007 his
1376 2944 1848 3024 perseveraverint
1873 2956 2061 3012 viven-

460 3054 543 3100 tes
567 3044 788 3110 mortui,
822 3058 953 3101 ecce
984 3043 1245 3101 adversus
1270 3045 1598 3116 Ecclesium,
1624 3046 1765 3118 quod
1797 3048 2056 3105 miserum

2163 1844 2338 1907 parte,
2369 1836 2423 1891 id
2452 1846 2558 1906 est,
2591 1838 2645 1893 in
2675 1838 2937 1907 Ecclesia,
2971 1848 3027 1894 et
3064 1854 3173 1896 non
3201 1840 3381 1896 solum
3411 1850 3541 1910 stat,
3567 1857 3762 1900 verum

2161 1937 2217 1984 et
2245 1938 2502 1997 provocat
2533 1948 2545 1983 :
2575 1930 2845 2017 simulque
2867 1947 2963 2003 per
2983 1931 3102 1989 dies
3124 1932 3388 2004 plurimos
3412 1944 3666 1991 sanctum
3691 1936 3769 1991 ls-

2162 2020 2275 2076 rael
2305 2020 2574 2076 manifesti
2617 2021 2830 2078 timoris
2867 2023 3186 2095 exprobrat.

2234 2113 2289 2170 3.
2313 2111 2414 2182 Ne,
2438 2127 2649 2185 qumso,
2677 2113 2976 2170 beatissimi
3006 2116 3345 2188 sacerdotes,
3366 2118 3656 2190 quisquam
3676 2135 3766 2176 me

2161 2205 2458 2261 arbitretur
2486 2206 2590 2261 sub
2631 2217 2896 2277 prmtextu
2934 2207 3140 2279 speciei
3175 2207 3419 2277 Goliath,
3451 2208 3624 2266 David
3663 2226 3767 2267 no-

2163 2296 2312 2352 mine
2351 2297 2596 2368 gloriari,
2627 2313 2723 2354 vos
2758 2314 2854 2355 me
2892 2299 3218 2371 participem
3253 2303 3572 2358 certaminis
3599 2305 3769 2360 vestri

2161 2402 2284 2444 esse
2304 2390 2575 2458 voluistis,
2608 2400 2670 2446 nt
2711 2392 3022 2461 auxiliator,
3052 2407 3159 2449 non
3198 2403 3391 2450 auctor
3418 2394 3764 2453 accederem.

2164 2480 2423 2539 Latebam
2474 2483 2740 2556 siquidem
2789 2485 2841 2540 in
2890 2484 3505 2559 Bethlehem,ignotus,
3529 2487 3766 2558 advena,

2165 2591 2389 2646 pauper.
2416 2576 2555 2646 Quid
2596 2577 2765 2634 miser
2794 2593 2897 2650 ego
2934 2578 3017 2635 sic
3058 2579 3271 2651 loquor,
3303 2581 3502 2636 iterum
3531 2579 3769 2651 forsitan

2158 2668 2439 2738 jactantiae
2466 2669 2777 2725 notandus?
2797 2669 3066 2739 Quoniam
3096 2670 3315 2742 quidem
3340 2681 3397 2728 et
3426 2672 3543 2742 ipse
3568 2673 3767 2743 David,

2160 2772 2219 2816 et
2241 2760 2364 2818 talis
2387 2772 2443 2819 et
2463 2761 2589 2818 inde
2614 2764 2897 2834 processit.
2912 2763 3173 2821 Latebam
3188 2779 3319 2837 ergo
3338 2766 3393 2821 in
3418 2766 3765 2837 Bethlehem,

2165 2845 2399 2911 traditus
2443 2870 2475 2910 a
2514 2864 2670 2927 patre
2696 2857 3025 2928 Augustino,
3059 2866 3120 2912 ut
3149 2857 3402 2915 timorem
3431 2858 3653 2914 Domini
3682 2859 3769 2916 di-

2162 2961 2399 3017 scerem,
2426 2948 2623 3006 sedens
2651 2949 2718 3005 ad
2752 2949 2918 3021 pedes
2946 2951 3263 3024 Hieronymi
3300 2970 3311 3005 :
3346 2951 3475 3008 inde
3503 2951 3767 3007 Hierusa—

2164 3042 2269 3097 lem
2302 3043 2459 3099 vobis
2484 3044 2910 3103 accersentibus
2946 3052 3172 3100 vocatus
3208 3044 3426 3101 adveni.
3458 3045 3668 3101 Dehine
3708 3046 3765 3102 in

463 3148 566 3204 est,
602 3146 656 3194 et
698 3138 842 3209 quod
881 3138 1056 3195 multo
1095 3140 1353 3196 miserius
1383 3150 1488 3206 est,
1520 3141 1571 3196 in
1601 3141 1848 3198 Ecclesia
1881 3143 2059 3214 palam
2088 3118 2135 3184 (ἶ
2166 3147 2495 3192 conventum
2526 3147 2764 3193 vestrum
2799 3151 2907 3192 una
2936 3137 3236 3203 vobiscum,
3266 3137 3476 3195 Joanne
3503 3138 3767 3211 episcopo

463 3230 708 3298 sibilant,
744 3231 1005 3303 impiique
1033 3242 1321 3303 serpentes
1350 3233 1693 3290 vibrantibus
1715 3235 1914 3293 infecta
1946 3237 2058 3294 liu-

460 3324 583 3394 guis
610 3340 710 3380 ora
741 3324 1046 3383 lambentes
1070 3367 1087 3394 ,
1119 3326 1248 3380 dum
1277 3336 1523 3383 sanctam
1549 3340 1610 3400 et
1640 3330 2059 3389 munitissimam

457 3415 673 3486 sedem,
703 3418 792 3472 cui
822 3418 1094 3473 subtiliter
1121 3416 1419 3489 irrepsere,
1443 3420 1720 3489 obsident,
1743 3431 1969 3480 cunctos
1999 3426 2062 3480 li-

459 3509 634 3577 deles,
666 3523 734 3565 ne
759 3509 827 3565 ad
860 3509 993 3566 illud
1023 3509 1393 3567 ﬁrmissimum
1424 3513 1695 3584 quondam
1723 3514 1776 3569 in
1804 3515 1936 3573 Sion
1969 3532 2058 3573 re-

461 3603 663 3678 fugium
692 3603 1068 3671 convolemus,
1097 3615 1398 3661 exterrent.

529 3695 587 3752 2.
630 3693 834 3751 Contra
876 3695 1027 3752 hunc
1063 3707 1398 3766 serpentem,
1429 3698 1894 3772 suﬁ'ocautemque
1923 3702 2061 3757 hali-

459 3800 597 3857 tum,
632 3792 799 3847 multa
829 3791 1014 3863 utique
1043 3792 1348 3849 beatissimi
1379 3810 1515 3865 quos
1541 3809 1704 3867 supra
1736 3799 2061 3854 memoravi-

459 3900 581 3941 mus
624 3885 758 3952 viri,
816 3895 870 3941 et
912 3886 1205 3942 multifaria
1249 3891 1621 3947 suaveolentia
1654 3890 2056 3963 Seripturarum

458 3988 736 4049 unguenta
777 3980 1076 4035 coniiciunt
1121 3999 1134 4035 :
1179 3989 1233 4037 et
1268 3981 1334 4038 ad
1372 3983 1664 4039 reﬁcienda
1709 3987 2056 4042 aestuantium

457 4070 621 4126 corda
663 4069 1015 4140 populorum,
1059 4070 1552 4151 fragrantissimum
1596 4074 1891 4147 thymiama
1933 4092 2056 4134 cum

458 4162 738 4217 oblatione
776 4161 1038 4217 orationis
1080 4162 1399 4219 incendunt.
1429 4164 1533 4221 Sed
1581 4165 1684 4221 hoc
1714 4182 1904 4235 parum
1949 4176 2052 4235 est,

458 4257 672 4312 incerto
701 4252 1099 4325 pr0pemodum
1123 4263 1349 4312 auctore
1379 4257 1738 4323 contendere.
1766 4267 1822 4314 ct
1841 4267 2059 4315 contra-

460 4348 540 4403 ria
570 4346 954 4404 substituendo
976 4348 1298 4419 contrariis,
1325 4349 1586 4407 infectum
1614 4351 1869 4421 pestifero
1892 4353 2057 4409 halitu

457 4456 642 4497 aerem
674 4451 980 4513 temperare
1010 4460 1021 4494 :
1055 4443 1159 4498 nisi
1191 4442 1291 4513 ipsi
1319 4443 1371 4498 in
1400 4443 1635 4500 medium
1667 4446 2058 4515 prmrahantur

2167 3228 2542 3301 praecipiente,
2572 3231 2820 3287 consedi.
2854 3230 3004 3288 Illico
3033 3245 3062 3285 a
3095 3232 3391 3303 pusillitate
3424 3247 3543 3288 mea
3574 3242 3767 3304 postu-

2163 3324 2316 3381 lastis
2356 3325 2623 3390 universi,
2655 3334 2716 3380 ut
2757 3326 2803 3381 si
2845 3325 2977 3397 quid
3023 3339 3191 3398 super
3219 3325 3320 3382 hac
3345 3324 3568 3391 hmresi,
3595 3340 3765 3397 quam

2164 3418 2415 3488 Pelagius
2452 3428 2507 3474 et
2528 3418 2821 3476 Caelestius
2850 3418 3211 3486 seminaruut,
3244 3418 3299 3473 in
3328 3416 3516 3474 Africa
3543 3429 3762 3487 gestant

2162 3527 2286 3569 esse
2311 3527 2727 3584 cognoscerem,
2754 3512 2997 3569 ﬁdeliter
3016 3527 3080 3568 ac
3100 3511 3421 3582 simpliciter
3439 3511 3763 3568 indicarem.

2163 3605 2406 3676 Exposui
2429 3619 2647 3661 corona:
2663 3615 2862 3661 vestrae
2882 3604 3146 3673 breviter,
3169 3613 3229 3659 ut
3250 3604 3422 3675 potui,
3441 3602 3766 3660 leestium

2155 3697 2270 3768 jam
2301 3696 2369 3752 ad
2397 3698 2660 3753 honorent
2693 3695 2999 3769 presbyteri
3027 3697 3435 3767 subrepentem,
3460 3696 3605 3768 apud
3631 3693 3765 3752 Car-

2163 3791 2435 3862 thaginem
2475 3791 2727 3862 plurimis
2762 3789 3032 3862 episcopis
3061 3789 3429 3861 iudicantibus
3458 3789 3763 3859 proditum,

2160 3883 2427 3950 auditmn,
2468 3882 2809 3948 convictum;
2837 3883 3164 3967 confessum,
3208 3882 3652 3953 detestatumquc
3689 3883 3767 3937 ab

2162 3976 2433 4045 Ecclesia,
2461 3992 2529 4032 ex
2566 3976 2749 4032 Africa
2791 3974 3096 4048 profugisse
3128 3992 3144 4029 :
3176 3985 3368 4030 contra
3397 3974 3594 4030 librum
3627 3990 3766 4031 vero

2161 4072 2364 4143 Pelagii
2400 4072 2617 4127 beatum
2643 4072 3027 4143 Augustinum,
3057 4069 3341 4141 discipulis
3360 4068 3533 4140 ipsius
3556 4067 3765 4137 Pelagii

2161 4164 2519 4235 prodentibus
2556 4178 2620 4219 ac
2665 4163 2992 4235 petentibus,
3036 4162 3354 4235 plenissime
3398 4163 3763 4234 respondere,

2160 4266 2384 4315 exstare
2411 4257 2573 4314 etiam
2606 4256 2658 4311 iu
2689 4255 2940 4311 manibus
2967 4256 3109 4312 meis
3129 4255 3422 4326 epistolam
3449 4270 3615 4325 supra
3647 4271 3767 4311 me-

2161 4350 2359 4406 morati
2382 4349 2645 4420 episcopi,
2676 4364 2838 4420 quam
2867 4364 3039 4419 nuper
3060 4348 3126 4403 ad
3156 4348 3400 4405 Siciliam
3427 4348 3763 4414 ordinasset,

2160 4442 2214 4498 in
2237 4441 2563 4513 quamultas
2582 4443 2915 4512 qumstiones
2944 4441 3322 4498 haereticorum
3352 4440 3555 4497 retulit.
3580 4440 3764 4508 Quam

457 4505 925 4606 proteranturque
964 4505 1269 4604 serpentes.
1314 4536 1437 4605 Qui,
1483 4551 1605 4592 cum
1656 4505 1843 4594 tuendi
1885 4540 2056 4596 solius
2087 4505 2138 4567 Β
2161 4536 2326 4591 etiam
2371 4528 2571 4590 ibidem
2604 4542 2665 4588 ut
2700 4533 2962 4604 legerem,
3000 4532 3336 4604 przcct'pistis
3371 4551 3383 4585 :
3416 4541 3472 4588 et
3499 4531 3629 4602 legi.
3672 4532 3764 4587 Ad

456 4628 651 4699 capitis
676 4642 863 4697 causa,
889 4627 1158 4699 reliquum
1181 4630 1486 4686 concisioni
1510 4640 1674 4703 atque
1703 4632 1914 4703 injuria:
1935 4648 2058 4691 cor-

456 4736 561 4793 pus
598 4731 905 4792 exponunt,
954 4722 1092 4778 nihil
1124 4722 1311 4778 damni
1351 4724 1703 4794 arbitrantes,
1738 4741 1803 4783 ea
1843 4736 2052 4785 tantum

459 4813 548 4868 sui
587 4820 743 4884 parte
787 4829 817 4869 a
858 4814 1323 4885 periculolibera,
1357 4831 1480 4886 qua:
1509 4817 1861 4874 multimodas
1893 4814 2058 4877 vene-

457 4915 723 4978 natasque
745 4907 798 4963 in
821 4922 882 4964 se
904 4907 1117 4964 obtinet
1141 4908 1371 4981 linguas,
1398 4909 1444 4965 si
1469 4912 1631 4967 etiam
1659 4913 1920 4971 membris
1939 4930 2055 4971 om-

451 4997 621 5052 nibus
663 5007 1031 5068 amputentur,
1065 4999 1224 5056 nobis
1266 4999 1531 5059 sufﬁcere
1570 5003 1804 5072 videtur,
1849 5017 2055 5078 tempe-

455 5086 632 5144 rando
675 5087 865 5143 saltem
908 5091 1092 5160 putori
1122 5090 1463 5163 satisfacere,
1495 5093 1644 5165 ipsos
1682 5106 1864 5152 autem
1901 5114 1929 5152 a
1964 5114 2056 5168 pe-

454 5181 760 5238 netralibus
791 5196 899 5237 non
931 5198 1188 5251 movere,
1219 5185 1375 5256 quasi
1412 5187 1552 5243 ullus
1583 5188 1947 5247 cxhalationis
1975 5190 2057 5249 fe-

456 5274 585 5330 tida:
628 5272 752 5330 ﬁnis
782 5274 876 5339 sit,
904 5273 1011 5329 nisi
1039 5284 1263 5332 auctore
1289 5276 1445 5333 ﬁnito
1480 5296 1493 5332 :
1527 5290 1578 5334 et
1609 5280 1752 5337 inter
1779 5281 1897 5340 hme
1923 5283 2055 5339 illud

454 5368 765 5425 Salomonis
792 5368 1163 5425 testimonium
1205 5386 1348 5427 nunc
1375 5373 1624 5429 occurrit
1656 5392 1671 5431 :
1708 5373 1855 5431 Unus
1882 5377 2052 5448 redi/i-

451 5477 611 5532 cans,
651 5462 788 5519 aliut
814 5462 1119 5530 destructis,
1148 5463 1265 5534 quis
1303 5479 1483 5523 eorum
1513 5466 1748 5537 proﬁciet
1773 5468 1878 5522 nisi
1905 5466 2053 5523 labor

2160 4629 2277 4684 haec
2305 4627 2546 4684 Joannes
2571 4628 2885 4697 episcopus,
2912 4635 2971 4681 ut
2999 4625 3250 4696 Pelagius
3270 4639 3457 4681 coram
3482 4622 3764 4680 intromit-

2160 4733 2396 4789 teretur,
2439 4720 2686 4792 expetiit.
2716 4718 2818 4775 Cui
2858 4728 2913 4776 et
2951 4728 3174 4791 propter
3212 4716 3555 4789 paternitatis
3585 4716 3763 4788 ipsius

2155 4816 2612 4879 reverentiam,et
2633 4821 2856 4883 propter
2875 4811 3106 4868 actionis
3127 4810 3434 4880 utilitatem,
3452 4809 3614 4883 591
3626 4808 3762 4866 dum

2158 4917 2485 4981 prmsentem
2518 4905 2587 4962 ab
2618 4905 2877 4977 episcopo
2903 4904 3105 4960 rectius
3128 4902 3429 4961 crederetis
3452 4900 3762 4958 confutan-

2161 5001 2315 5067 dum,
2349 4998 2743 5056 iutromittendi
2770 4998 3122 5053 conniventia
3149 4995 3394 5067 prarstita
3416 5002 3522 5051 est.

2231 5096 2286 5149 4.
2319 5093 2697 5150 lntromissum
2718 5090 2996 5161 Pelagium
3044 5088 3380 5145 unanimiter
3423 5103 3618 5145 omnes
3671 5088 3769 5145 in-

2156 5184 2482 5257 terrogastis
2516 5202 2531 5241 :
2567 5203 2587 5236 ι
2627 5185 2709 5240 An
2739 5183 2856 5238 hmc
2884 5181 3083 5253 quibus
3103 5180 3439 5253 Augustinus
3458 5179 3765 5252 episcopus

2158 5277 2535 5349 respondisset
2584 5291 2643 5332 se
2673 5275 2933 5332 docuisse
2964 5282 3341 5346 cognosceret.
3383 5291 3402 5327 ι
3457 5272 3613 5329 Illico
3661 5273 3768 5333 ille

2156 5369 2442 5443 respondit
2467 5387 2478 5423 :
2516 5388 2534 5422 ε
2573 5368 2639 5424 Et
2667 5368 2791 5440 quis
2814 5378 2901 5426 est
2931 5365 3482 5438 mihiAugustinush
3504 5364 3767 5436 Cumque

2155 5463 2404 5523 universi
2425 5462 2843 5519 acclamarent:
2885 5478 2905 5516 ι
2938 5460 3415 5534 blasphemantem
3452 5458 3506 5515 in
3540 5458 3767 5529 episco-

1744 5602 2196 5677 HAVOERCAMPI
2231 5599 2461 5659 NOTAE.

518 5726 543 5756 ⁸
564 5716 810 5775 Andraete
829 5716 1041 5776 Sehotti
1062 5717 1353 5777 lectionem
1377 5717 1695 5791 praeferens,
1719 5716 2226 5788 Gallaudiushabet,
2251 5723 2462 5787 propter
2487 5711 2895 5779 conscientiam;
2914 5709 3279 5769 conscientiam
3294 5718 3465 5767 autem
3486 5708 3748 5781 dico,ete.
