4110 6168
297 273 432 332 1177

1373 263 1579 321 LIBER
1619 261 1710 319 DE
1749 257 2053 318 ARBITRII
2097 255 2513 316 LIBERTATE.

3458 254 3597 312 H78

295 403 447 461 pum,
481 401 550 443 ex
581 385 740 454 cujus
769 397 868 441 ore
898 381 1162 438 Dominus
1187 379 1460 437 universa:
1489 379 1689 436 Africa:
1713 378 1894 434 unita-
1924 383 1971 442 Λ
2004 376 2160 442 tiant,
2191 392 2314 432 eum
2341 386 2527 446 patres
2561 375 2753 431 audias
2777 374 2907 447 quid
2934 373 3323 431 decernant?»

297 485 366 538 tis
392 481 682 536 indulserit
701 479 1016 545 sanitatem,
1043 491 1150 531 non
1175 477 1350 531 solum
1374 489 1403 528 a
1449 481 1722 530 conventu
1757 472 1855 527 illo
1879 513 1896 540 ,

298 593 491 635 verum
546 576 616 630 ab
643 573 793 630 omni
846 573 1088 628 Ecclesia
1142 569 1457 642 pellendum
1493 586 1508 636 ;
1547 588 1566 621 ι
1610 569 1900 640 episc0pus

297 673 536 731 Joannes
569 669 923 735 illieoeum,
952 667 1230 722 hominem
1267 663 1526 720 videlicet
1568 661 1762 719 laicuru
1791 703 1807 728 ,
1843 661 1899 717 in

296 780 560 824 consessu
579 760 1023 836 presbyterorum
1041 774 1196 816 reum
1227 759 1520 826 hmrcseos,
1543 755 1827 811 manifeste
1845 756 1898 812 in

297 862 478 921 medio
509 857 906 916 catholicorum
939 855 1135 912 sedere
1157 853 1517 926 praecepit;et
1544 850 1748 906 deinde
1769 851 1846 905 ait
1883 869 1894 904 :

305 975 324 1010 ι
359 952 694 1025 Augustinus
720 965 820 1021 ego
850 964 968 1004 sum
994 988 1011 1015 ,
1046 968 1064 1001 ι
1101 958 1163 1003 ιιι
1192 947 1404 1003 scilicet
1455 959 1684 1015 persona
1741 944 1898 1014 quasi

311 1045 599 1121 praesentis
623 1051 924 1113 assumpta,
956 1041 1183 1098 liberius
1206 1055 1274 1096 ex
1304 1038 1628 1095 auctoritate
1657 1044 1776 1106 ejus
1805 1038 1900 1106 qui

301 1140 601 1198 lmdebatur
628 1137 956 1208 ignosceret,
981 1143 1036 1191 et
1055 1133 1358 1190 dolentium
1391 1133 1602 1187 animos
1627 1142 1899 1200 tempera-

297 1243 400 1291 ret.
432 1232 532 1288 Cui
557 1244 684 1286 mox
717 1245 746 1283 a
776 1228 934 1284 nobis
964 1227 1171 1283 dictum
1221 1233 1305 1282 est
1349 1243 1360 1277 :
1424 1243 1442 1276 ‹
1505 1223 1560 1279 Si
1609 1220 1897 1291 Augustini

298 1339 588 1397 personam
611 1323 821 1391 sumis,
846 1320 1136 1392 Augustini
1189 1317 1522 1376 sententiam
1581 1329 1836 1386 sequere.
1871 1333 1890 1366 ι

296 1419 448 1476 Tunc
479 1417 622 1473 idem
655 1415 947 1486 episcopus
1000 1414 1158 1469 nobis
1187 1411 1445 1468 omnibus
1496 1409 1573 1462 ait
1624 1425 1638 1460 :
1698 1425 1717 1457 ι
1769 1405 1897 1462 llzcc

293 1525 415 1581 quae
444 1509 721 1579 leguntur,
756 1507 812 1562 in
840 1507 978 1562 alios
1009 1505 1156 1561 dicta
1190 1512 1316 1560 sunt
1345 1547 1359 1573 ,
1414 1510 1509 1557 aut
1552 1499 1620 1556 de
1674 1497 1896 1569 Pelagio

295 1599 700 1672 suggerendqu
726 1598 928 1670 putas?
954 1597 1010 1654 Si
1054 1597 1108 1652 in
1147 1596 1323 1666 ipsum
1377 1603 1563 1648 autem
1618 1590 1894 1661 Pelagium

293 1694 423 1766 quid
451 1694 647 1749 dicatis
677 1691 1010 1762 espromite.
1052 1707 1073 1742 ›
1107 1689 1219 1759 Ego
1246 1694 1429 1742 autem
1461 1685 1616 1740 vobis
1645 1685 1894 1738 annuen-

295 1787 440 1844 tibus
467 1785 580 1841 dixi
615 1803 627 1836 :
656 1783 906 1854 Pelagius
930 1781 1061 1838 mihi
1091 1781 1249 1847 dixit,
1281 1779 1479 1834 docere
1503 1792 1586 1842 se,
1617 1776 1891 1832 hominem
1927 1782 1973 1841 Β
2000 1776 2141 1831 rium
2173 1774 2291 1830 Dei.
2328 1775 2444 1846 Ego
2475 1785 2625 1831 certe
2657 1792 2764 1831 non
2801 1789 2939 1846 nego
2989 1791 3004 1829 :

295 1894 458 1950 posse
485 1893 609 1935 esse
633 1876 752 1933 sine
783 1885 1029 1946 peccato,
1051 1884 1103 1929 et
1125 1872 1375 1927 mandata
1402 1871 1498 1925 Dei
1527 1868 1692 1924 facile
1708 1879 1892 1923 custo-

291 1971 437 2036 dire,
469 1971 515 2025 si
541 1969 698 2026 velit.
726 1987 746 2022 ›
781 1965 1088 2037 Respondit
1118 1965 1389 2035 Pelagius,
1423 1962 1775 2017 audientibus
1799 1977 1892 2015 vo-

294 2061 378 2118 bis
412 2081 424 2114 :
463 2080 483 2114 ι
524 2061 636 2117 lloc
661 2069 716 2116 et
736 2059 939 2115 dixisse
967 2074 1056 2114 me
1077 2067 1134 2112 et
1163 2057 1368 2131 dicere,
1399 2069 1603 2125 negare
1631 2070 1738 2109 non
1769 2067 1892 2122 pos-

291 2171 435 2212 sum.
470 2173 490 2207 ›
526 2155 640 2224 Ego
665 2154 811 2209 illico
839 2160 1160 2224 prosecutus
1186 2166 1336 2206 sum:
1371 2167 1390 2201 ι
1422 2149 1535 2204 lloc
1559 2147 1891 2204 illCtBlcSIitJ

291 2249 548 2306 Africana
580 2249 822 2322 synodus
848 2249 1118 2303 detestata
1142 2254 1255 2311 est;
1289 2245 1393 2300 hoc
1416 2244 1747 2314 Augustinus
1773 2243 1891 2312 epi-

291 2356 487 2412 scopas
515 2340 736 2412 scriptis
765 2341 882 2395 suis
909 2381 924 2406 ,
957 2339 1096 2394 sicut
1124 2337 1390 2402 audistis,
1426 2337 1738 2399 exhorruit;
1789 2337 1892 2390 hoc

291 2433 346 2489 in
379 2433 546 2503 ipsius
573 2447 719 2488 nunc
742 2430 944 2502 Pelagii
964 2430 1187 2502 scriptis
1214 2443 1310 2484 sua
1353 2428 1706 2498 responsione
1756 2442 1891 2482 con-

291 2529 543 2593 demnat;
579 2530 681 2584 hoc
707 2537 763 2583 et
794 2529 984 2583 beatus
1015 2527 1402 2598 Hieronymus,
1422 2523 1577 2592 cujus
1607 2523 1888 2594 eloquium

291 2623 582 2679 universus
608 2622 898 2687 Occidens,
931 2622 1076 2676 sicut
1123 2635 1214 2677 ros
1241 2621 1294 2675 in
1332 2619 1504 2674 vellus
1532 2661 1546 2685 ,
1580 2626 1886 2688 exspectat.

291 2715 446 2771 Multi
476 2717 624 2770 enim
651 2715 765 2785 jam
795 2713 1041 2770 hmretiei
1071 2729 1195 2768 cum
1217 2713 1566 2784 dogmatibus
1606 2713 1738 2776 suis,
1771 2712 1889 2779 ipso

289 2814 660 2878 Oppugnante,
690 2806 935 2876 supplosi
963 2815 1112 2874 sunt,
1147 2816 1201 2861 et
1229 2806 1282 2859 in
1307 2805 1533 2876 cpistola
1575 2818 1697 2869 sua,
1726 2817 1885 2874 quam

291 2915 466 2970 nuper
485 2899 552 2954 ad
572 2897 983 2969 Ctesiphontem
1011 2897 1210 2963 edidit,
1254 2897 1655 2953 condemnavit.
1688 2895 1888 2952 Simili-

293 3001 375 3048 ter
394 2993 525 3048 etin
555 2992 694 3046 libro
713 3001 759 3058 ⁸,
781 3006 943 3060 quem
972 3006 1112 3046 nunc
1130 2991 1342 3057 scribit,
1365 2990 1562 3046 collata
1592 2990 1644 3043 in
1665 2987 1882 3044 modum

289 3085 485 3156 dialogi
515 3084 871 3141 altercatione
900 3083 1166 3140 confutat.
1196 3085 1308 3140 lloc
1333 3093 1417 3140 est
1441 3085 1588 3139 enim
1611 3083 1881 3138 lubricum

2075 470 2129 526 ϐ.
2163 472 2233 525 At
2259 470 2404 542 quod
2426 470 2514 524 ille
2546 470 2638 524 diu
2671 469 2978 540 diSputans,
3008 479 3063 524 et
3089 469 3326 537 nostris,
3375 476 3596 538 prOpter

2002 564 2326 635 imperitiam
2354 564 2521 635 ignoti
2553 562 2708 618 nobis
2731 562 3064 632 interpretis,
3092 576 3254 632 quem
3297 560 3600 630 saepissime

2001 659 2100 714 viri
2137 659 2380 728 primarii
2408 665 2463 714 et
2493 657 2760 730 religiosi,
2786 657 3074 712 Posserius
3096 664 3152 711 et
3171 657 3358 710 Avitus
3378 655 3605 726 presby-

2003 750 2128 817 teri,
2161 761 2217 805 et
2251 749 2512 804 Dominus
2533 765 2599 805 ex
2624 749 2793 817 Duce,
2827 748 2909 804 vel
2931 763 3096 818 prave
3119 751 3598 818 interpretantem,

2001 844 2090 901 vel
2120 845 2273 914 plura
2305 846 2760 915 supprimentem,
2795 844 2880 900 vel
2911 844 3016 899 alia
3051 860 3115 900 ex
3147 844 3273 898 aliis
3302 858 3600 914 suggeren-

2003 945 2110 990 tcm
2141 934 2562 990 confutaverunt
2594 953 2605 989 :
2638 935 2874 1000 nostris,
2910 946 2968 989 ut
3008 933 3141 1000 disi,
3173 934 3486 988 actionibus
3511 940 3596 988 vel

2002 1030 2348 1100 interpolatis
2377 1031 2704 1102 plerumque
2733 1031 2819 1086 vel
2845 1030 3025 1085 tacitis
3047 1070 3062 1095 ,
3097 1032 3386 1098 cpiscopus
3431 1027 3596 1084 Joan-

2001 1138 2100 1179 nes
2131 1124 2204 1178 ait
2238 1142 2249 1176 :
2285 1142 2303 1175 ε
2342 1122 2400 1180 Si
2426 1125 2544 1178 sine
2572 1123 2844 1194 adjutorio
2879 1124 2968 1178 Dei
2994 1123 3097 1177 hoc
3126 1123 3407 1178 hominem
3439 1135 3602 1192 posse

2001 1213 2233 1282 diceret,
2265 1214 2564 1284 pessimum
2587 1222 2644 1270 et
2672 1213 2982 1269 damnabile
3022 1223 3162 1269 erat.
3215 1211 3370 1267 Nunc
3415 1221 3596 1266 autem

1999 1321 2124 1364 cum
2152 1307 2399 1377 adjiciat,
2427 1322 2591 1378 posse
2624 1307 2901 1362 hominem
2921 1321 3043 1362 esse
3067 1307 3186 1361 sine
3213 1313 3458 1376 peccato,
3491 1320 3598 1362 non

1998 1399 2120 1455 sine
2145 1398 2418 1470 adjutorio
2445 1400 2562 1464 Dei,
2592 1413 2693 1455 vos
2731 1399 2860 1470 quid
2911 1399 3128 1454 dicitis?
3184 1399 3267 1453 An
3313 1399 3451 1453 forte
3499 1411 3597 1453 vos

2001 1494 2097 1550 Dei
2137 1493 2472 1563 adjutorium
2516 1492 2835 1564 denegatis?
2901 1511 2921 1545 ι
2981 1492 3084 1548 Cui
3139 1491 3398 1561 respondi
3448 1505 3593 1562 ego:

2005 1606 2024 1639 ι
2058 1585 2316 1643 Testibus
2337 1595 2395 1642 et
2423 1585 2836 1642 testificantibus
2874 1586 3040 1641 etiam
3069 1600 3212 1641 nunc
3243 1583 3404 1640 nobis
3430 1593 3485 1639 et
3506 1598 3597 1637 su-

1999 1694 2095 1750 pra
2126 1681 2444 1736 memoratis
2469 1680 2620 1748 viris,
2646 1679 2933 1735 anathema
2962 1679 3012 1735 ei
3039 1720 3054 1746 ,
3087 1679 3174 1750 qui
3200 1689 3361 1749 negat
3389 1677 3599 1749 adjuto-

3058 1774 3336 1846 prrccipue
3383 1787 3507 1828 cum
3563 1787 3595 1828 e

1997 1869 2272 1924 contrario
2301 1869 2352 1924 in
2385 1869 2673 1925 haireticos
2722 1868 3079 1926 confutarim.
3141 1890 3160 1923 ι
3213 1869 3422 1925 Deinde
3468 1884 3594 1924 cum

1997 1961 2500 2033 intelleclojudiee,
2536 1973 2591 2019 et
2620 1964 2924 2035 interprete
2949 1963 3186 2036 prodito,
3205 1964 3592 2031 clamaremus,

2002 2076 2021 2110 r
2052 2057 2302 2114 Latinum
2323 2073 2448 2116 esse
2481 2059 2826 2126 luercticum,
2860 2073 2959 2114 nos
2999 2059 3226 2115 Latinos
3251 2102 3267 2127 ,
3301 2059 3552 2114 limresim
3581 2102 3595 2125 ,

1997 2149 2202 2206 Latinis
2233 2152 2404 2222 magis
2435 2153 2682 2222 partibus
2708 2163 2914 2218 notam,
2949 2151 3160 2208 Latinis
3184 2153 3456 2224 iudicibus
3480 2153 3594 2210 dis-
3687 2200 3697 2206 .

1995 2245 2309 2312 serendam,
2343 2262 2372 2300 a
2398 2262 2456 2303 se
2498 2262 2636 2318 pene
2683 2246 3031 2316 impudenter
3063 2245 3486 2316 adjudicandum
3513 2289 3528 2313 ,
3568 2265 3588 2298 ›

1995 2355 2119 2396 cum
2151 2340 2371 2411 quidem
2405 2356 2504 2396 nos
2528 2348 2882 2399 accusatores
2909 2355 3020 2395 non
3049 2354 3314 2408 essemus,
3337 2349 3395 2395 et
3423 2355 3587 2411 unus,

1994 2440 2050 2487 et
2077 2432 2238 2504 593
2273 2442 2560 2503 suSpcctus
2590 2434 2890 2503 ingererer,
2922 2432 3029 2488 dici
3060 2450 3089 2488 a
3123 2433 3370 2504 pluribus
3401 2448 3592 2489 neces-

1993 2527 2199 2580 sarium
2221 2525 2319 2580 fuit
2354 2544 2365 2577 :
2401 2543 2420 2576 ‹
2460 2525 2577 2580 Νοη
2614 2535 2794 2596 potest
2823 2529 3106 2598 quisquam
3133 2527 3271 2581 idem
3297 2535 3352 2582 et
3379 2525 3597 2581 lucreti-

1993 2635 2091 2675 cus
2117 2635 2238 2676 esse
2267 2632 2323 2676 et
2351 2621 2648 2677 advocatus
2677 2633 2730 2678 et
2753 2622 2940 2692 judex.
2979 2641 2997 2675 ι
3025 2623 3323 2694 Multisque
3352 2621 3474 2677 aliis
3503 2637 3594 2675 ac-

1993 2712 2185 2778 titatis,
2238 2711 2478 2769 Joannes
2508 2715 2799 2785 episcopus
2854 2715 3210 2769 novissimam
3259 2714 3591 2769 sententiam

1994 2805 2238 2876 protulit,
2272 2805 2605 2861 confirmans
2636 2807 2853 2862 tandem
2888 2805 3306 2878 postulationem
3340 2807 3597 2861 intentio-

1991 2913 2225 2969 nemquc
2257 2907 2518 2966 nostram,
2543 2909 2601 2954 ut
2630 2900 2698 2954 ad
2729 2900 2949 2955 beatum
2982 2901 3588 2971 lnnoccntium.papam

1991 2992 2321 3056 Romanum,
2350 2993 2549 3048 fratres
2581 3004 2635 3048 et
2664 2995 2914 3065 epistola:
2944 2996 3318 3062 mitterentur,
3344 2994 3591 3050 universi

1989 3086 2133 3156 quod
2159 3086 2250 3140 ille
2281 3087 2909 3153 decerneretsecuturi;
2938 3088 3032 3143 sed
3068 3099 3122 3142 ut
3155 3087 3447 3142 lizcreticcs
3492 3087 3592 3142 Pc-

293 3175 346 3231 in
368 3176 699 3232 Antichristo
730 3177 1025 3233 draconem
1052 3187 1257 3242 tenere,
1281 3193 1347 3232 ne
1372 3178 1542 3247 possit
1561 3175 1819 3247 effugere.
1862 3196 1878 3228 ι
1914 3159 1960 3223 C
1990 3178 2163 3250 lagius
2186 3179 2444 3248 imposito
2473 3181 2578 3236 sibi
2604 3191 2828 3237 eatenus
2852 3181 3073 3238 silentio
3099 3181 3514 3245 eonticesccrel,
3536 3185 3592 3234 et

461 3270 634 3326 Porro
659 3280 841 3326 autem
890 3272 1184 3342 episcopus
1232 3271 1476 3326 Joannes
1515 3270 1647 3325 nihil
1694 3270 1884 3324 horutn

288 3361 532 3429 audiens,
568 3377 599 3416 a
631 3363 790 3417 nobis
817 3365 1039 3433 exigere
1065 3365 1386 3429 conabatur,
1441 3374 1496 3417 ut
1537 3370 1885 3419 accusatores

287 3469 409 3522 nos,
425 3457 542 3526 ipso
565 3455 776 3526 judice,
793 3455 1118 3512 faterentur.
1145 3458 1488 3530 Responsum
1512 3458 1673 3530 592
1694 3457 1885 3528 smpis-

286 3549 423 3603 sime
447 3558 532 3604 est
554 3550 622 3602 ab
650 3550 922 3605 universis
953 3567 966 3602 :
1007 3568 1025 3602 ι
1055 3549 1164 3605 Nos
1193 3563 1543 3606 accusatores
1583 3551 1746 3620 hujus
1777 3566 1885 3606 non

284 3657 498 3707 sumus,
527 3643 623 3698 sed
651 3643 778 3714 quid
811 3643 1009 3699 fratres
1034 3644 1130 3708 tui,
1166 3654 1354 3716 patres
1386 3648 1557 3699 nostri
1616 3644 1887 3700 senserint

287 3746 342 3791 et
369 3736 719 3792 decreverint
742 3752 909 3808 super
938 3737 1039 3792 hac
1069 3739 1264 3793 haeresi
1291 3783 1305 3806 ,
1339 3754 1502 3808 quam
1536 3753 1683 3794 nunc
1713 3739 1884 3794 laicus

287 3829 448 3896 vulgo
479 3828 766 3899 praedicat,
786 3829 1223 3886 intimamuszne
1246 3830 1552 3886 Ecclesium
1582 3838 1728 3885 tuam
1757 3846 1887 3900 pra:-

285 3923 498 3990 sertim,
524 3922 592 3978 ad
622 3923 781 3991 cujus
807 3924 986 3979 sinum
1012 3926 1456 3993 eonvolavimus,
1480 3933 1534 3981 te
1568 3926 1877 3997 ignorante,

284 4016 594 4072 conturbet.
639 4036 658 4069 ›
685 4017 757 4073 At
788 4019 902 4085 ille,
932 4033 1054 4076 cum
1081 4035 1227 4090 sepe
1260 4035 1365 4077 nos
1395 4021 1626 4076 docendi
1662 4021 1886 4076 simula-

286 4112 510 4170 tioneiu
529 4113 765 4184 aliquam
793 4113 1152 4185 professionis
1183 4118 1422 4186 speciem
1458 4125 1692 4172 tentaret
1730 4117 1886 4172 indu-

284 4218 436 4269 cere.
466 4205 688 4262 dicebat
723 4225 734 4258 :
773 4224 792 4258 ι
837 4208 976 4274 Quia
1011 4207 1076 4261 ad
1106 4207 1384 4263 Abraham
1408 4209 1610 4262 dictum
1655 4217 1804 4263 esset
1854 4225 1884 4263 a

293 4297 559 4354 Domino:
591 4298 819 4352 Ambula
849 4316 1022 4354 coram
1043 4317 1123 4355 me
1152 4310 1199 4354 et
1221 4309 1330 4355 esto
1360 4301 1471 4355 sine
1493 4300 1695 4356 macula
1725 4301 1881 4374 (Gen.

283 4403 416 4456 xvn,
453 4390 538 4461 l);
580 4401 634 4446 et
674 4390 995 4447 Zachariam
1049 4403 1106 4447 et
1164 4391 1447 4447 Elizabcth
1498 4397 1884 4463 pronuntiatos

285 4499 409 4539 esse
427 4485 600 4556 justas
630 4485 809 4540 auibus
834 4495 954 4542 ante
977 4484 1259 4541 Dominum
1282 4486 1582 4541 incedentes
1624 4489 1676 4542 in
1718 4489 1885 4543 omni-

1995 3281 2050 3325 ut
2072 3271 2242 3325 uestri
2269 3273 2337 3326 ab
2368 3272 2728 3328 insultatione
2749 3273 2986 3328 convieti
3017 3273 3246 3328 Joannis
3271 3271 3590 3344 confusique

1993 3373 2384 3434 temperarent.
2421 3365 2672 3430 Universi
2707 3369 2757 3421 in
2793 3371 2930 3421 hanc
2954 3367 3278 3422 sententiam
3306 3368 3592 3422 Consensi-

1991 3474 2113 3514 mus
2131 3477 2142 3510 :
2160 3459 2454 3529 gratiarum
2477 3460 2686 3515 actione
2713 3461 3006 3528 celebrata,
3037 3476 3167 3532 pace
3195 3461 3356 3529 facta,
3381 3471 3435 3516 ct
3455 3477 3589 3516 cott-

1989 3564 2260 3610 summata
2281 3556 2346 3611 ad
2373 3555 2522 3626 pacis
2551 3557 2923 3612 testimonium
2944 3559 3188 3612 oratione
3215 3557 3589 3613 discessimus.

2063 3648 2115 3700 7.
2152 3646 2303 3701 Nune
2327 3659 2503 3702 autem
2535 3659 2653 3718 post
2702 3650 2818 3704 dies
2848 3649 3205 3719 quadraginta
3257 3657 3313 3703 et
3341 3658 3587 3718 septem,

1989 3753 2114 3792 cum
2149 3738 2324 3807 primo
2351 3738 2731 3794 littereniorum
2760 3739 2874 3804 die,
2903 3748 2960 3794 ut
2986 3739 3182 3793 solitus
3199 3754 3346 3794 eram
3375 3739 3593 3809 quando

1989 3829 2232 3896 aderam,
2259 3832 2324 3885 ad
2347 3833 2666 3902 obsequium
2685 3831 2912 3886 Joannis
2940 3831 3181 3902 episcopi
3204 3833 3586 3897 cucurrissem,

1988 3925 2172 3978 statim
2203 3923 2274 3977 ab
2305 3939 2372 3979 eo
2397 3931 2580 3977 notam
2611 3925 2729 3978 falsi
2761 3923 3010 3997 criminis
3041 3939 3141 3994 pro
3186 3923 3361 3993 gratia
3391 3924 3593 3978 saluta-

1991 4017 2154 4071 tionis
2175 4016 2384 4087 accepi.
2413 4017 2499 4071 Ait
2530 4019 2676 4072 cnim
2707 4017 2842 4072 mihi
2878 4036 2890 4072 :
2927 4036 2944 4068 ι
2976 4017 3154 4085 Quare
3186 4016 3251 4072 ad
3297 4033 3383 4072 me
3415 4019 3588 4084 venis,

1991 4109 2176 4176 homo,
2211 4111 2303 4181 qni
2347 4110 2734 4178 blaSj-hcmasti
2761 4111 2784 4165 ?
2808 4131 2826 4163 ι
2863 4109 3135 4175 ν‹›ιυιιε,ιι
3159 4127 3248 4176 nc,
3281 4111 3476 4177 credo,
3511 4113 3592 4166 in-

1992 4202 2195 4274 telligi:
2232 4203 2361 4257 Noli
2393 4221 2472 4258 me
2502 4214 2738 4275 tangere,
2771 4205 2892 4272 quia
2932 4205 3158 4259 mumlus
3187 4221 3302 4258 sum
3330 4215 3377 4258 et
3407 4206 3595 4275 absque

1991 4297 2400 4370 percalo(lsai.,
2438 4312 2560 4366 va,
2597 4298 2630 4351 5
2656 4297 2695 4365 ).
2729 4297 2800 4351 At
2831 4311 2932 4367 ego
2963 4297 3094 4351 nihil
3121 4295 3250 4350 mihi
3294 4297 3548 4351 conscius
3574 4340 3592 4367 ,

1991 4390 2328 4459 interrogavi
2359 4408 2369 4441 :
2414 4407 2431 4440 ι
2462 4388 2706 4458 Quando,
2736 4400 2830 4443 aut
2857 4403 2964 4460 quo
2988 4389 3264 4452 audiente,
3288 4396 3376 4442 aut
3407 4388 3592 4456 cujus-

1995 4483 2140 4538 modi
2173 4483 2305 4538 illttd
2334 4492 2417 4539 est
2447 4483 2687 4551 dictum,
2722 4483 2868 4553 quod
2911 4482 3269 4552 blasphemia:
3304 4482 3472 4552 possit
3502 4498 3592 4536 as-

285 4575 378 4630 bus
402 4553 867 4645 justi/licationibus
888 4574 1100 4631 Domini
1123 4579 1235 4632 sine
1261 4578 1470 4649 querela
1499 4577 1648 4650 (Luc.
1675 4595 1716 4645 ι,
1738 4581 1793 4648 6)
1821 4597 1832 4633 :
1860 4599 1880 4631 ι
1915 4553 1966 4614 Ῐ)
1991 4576 2195 4633 cribi?»
2226 4577 2529 4647 Episcopus
2554 4575 2838 4644 respondit
2863 4594 2875 4628 :
2899 4593 2917 4628 ι
2943 4575 3056 4645 Ego
3079 4585 3132 4629 te
3152 4575 3333 4630 audivi
3356 4574 3590 4629 dixisse:

285 4665 429 4736 quod
458 4666 679 4737 quidem
697 4667 766 4724 ab
787 4667 1024 4739 Origene
1053 4670 1279 4734 dictum,
1302 4671 1370 4725 ab
1386 4685 1453 4725 eo
1480 4670 1710 4741 proferri
1736 4687 1886 4728 com-

284 4758 533 4830 pluribus
561 4760 719 4816 nobis
750 4770 938 4816 notum
963 4772 1105 4818 erat.
1157 4762 1254 4819 Cui
1288 4779 1616 4834 responsum
1666 4780 1766 4835 per
1799 4782 1887 4822 me

279 4861 367 4908 est
403 4871 415 4907 :
452 4871 471 4905 r
508 4852 616 4908 Nos
647 4853 745 4909 lilii
776 4854 1036 4910 Ecclesiae
1063 4854 1352 4912 catholiem
1383 4871 1592 4910 sumus.
1625 4855 1740 4912 Non
1772 4857 1888 4912 exi-

279 4963 378 5020 gas
407 4964 436 5003 a
467 4949 642 5016 nobis,
678 4957 862 5021 pater,
889 4959 948 5004 ut
974 4949 1228 5007 doctores
1267 4964 1436 5020 super
1473 4949 1731 5006 doctores
1755 4966 1879 5007 esse

281 5039 608 5108 audeamus,
631 5049 726 5096 aut
747 5040 962 5112 judices
996 5056 1163 5112 super
1207 5041 1443 5112 judices.
1498 5041 1688 5097 Patres
1742 5057 1882 5113 quos

283 5131 538 5187 universa
562 5147 660 5199 per
678 5132 872 5188 orbem
904 5131 1152 5187 Ecclesia
1183 5133 1410 5203 probat,
1454 5148 1686 5204 quorum
1731 5147 1882 5188 com-

281 5225 528 5280 munioni
571 5240 671 5281 nos
700 5224 987 5281 adhaerere
1034 5225 1284 5296 gaudetis
1314 5269 1328 5294 ,
1379 5227 1709 5284 damnabilia
1764 5227 1882 5284 hmc

279 5329 404 5371 esse
432 5316 683 5388 dogmata
719 5316 1107 5373 decreverunt.
1157 5317 1271 5374 illis
1320 5319 1724 5389 probantibus,
1780 5334 1880 5376 nos

276 5409 503 5468 obedire
526 5410 748 5482 dignum
780 5421 883 5468 est.
919 5408 1030 5468 Cur
1065 5411 1369 5484 interrogas
1405 5411 1545 5469 filios
1570 5413 1700 5484 quid
1742 5428 1873 5470 sen-

1990 4671 2116 4741 quia
2148 4685 2250 4726 nec
2292 4685 2414 4725 cum
2447 4669 2544 4723 Dei
2589 4668 2860 4739 adiutorio
2894 4667 3068 4738 possit
3115 4681 3238 4723 esse
3281 4666 3442 4721 homo
3475 4666 3593 4721 sine

1991 4772 2239 4834 peccato.
2265 4780 2285 4814 ι
2320 4763 2428 4832 Ego
2460 4760 2677 4832 quidem
2703 4802 2717 4828 ,
2751 4759 3053 4815 beatissimi
3082 4759 3420 4826 sacerdotes,
3451 4760 3592 4816 sicut

1987 4866 2044 4914 et
2073 4873 2170 4911 vos
2205 4867 2370 4910 testes
2397 4855 2531 4910 estis
2560 4897 2575 4918 ,
2605 4863 2660 4910 et
2691 4855 2946 4908 universa
2978 4852 3294 4908 fraternitas
3317 4894 3332 4920 ,
3363 4863 3418 4907 et
3451 4869 3592 4922 prm-

1987 4957 2134 5005 terea
2167 4949 2339 5003 sancti
2369 4947 2510 5013 viri,
2541 4947 2633 5017 qui
2687 4946 2814 5001 huic
2853 4945 3166 5001 testimonio
3213 4961 3403 5000 amore
3449 4947 3594 5001 veri-

1989 5043 2117 5098 tatis
2157 5043 2465 5108 assistunt,
2522 5041 2706 5096 statim
2779 5039 3099 5095 testificatus
3147 5053 3307 5108 sum,
3360 5039 3588 5095 dicens:

1991 5155 2011 5190 ε
2043 5137 2180 5204 Quia
2208 5136 2479 5206 ejusmodi
2511 5135 2768 5202 verbum,
2800 5135 2945 5206 quod
2992 5149 3137 5191 nunc
3184 5150 3213 5188 a
3264 5150 3353 5190 me
3382 5135 3588 5190 dictum

1985 5231 2277 5301 cpisc0pus
2318 5227 2646 5295 intenderit,
2682 5243 2977 5298 numquam
3023 5228 3091 5283 dc
3121 5244 3215 5283 ore
3262 5243 3385 5283 meo
3421 5237 3585 5282 antea

1985 5322 2369 5394 processisset:
2409 5340 2429 5374 ι
2471 5335 2796 5390 quamquam
2837 5321 2975 5375 hanc
3007 5321 3449 5376 incontinentiam
3487 5319 3589 5372 mi-

1983 5429 2124 5472 sera:
2149 5413 2402 5470 falsitatis
2443 5412 2724 5470 ruminare
2744 5413 2947 5486 saepius
2980 5413 3180 5470 crebra
3210 5411 3552 5482 expositione
3574 5453 3589 5477 ,

1552 5575 2012 5634 llAVERCAMPI
2051 5575 2284 5634 NOTIE.

349 5709 382 5782 ξ
407 5698 533 5828 Δβέι
559 5700 630 5758 de
671 5700 931 5771 Dialogo,
972 5714 1133 5772 quem
1163 5707 1354 5758 contra
1388 5697 1711 5772 Pelagianos
1737 5713 1880 5773 ,con-

349 5788 476 5828 l‘lDSl
507 5811 522 5828 ο

275 5786 522 5844 scripsu.

2060 5697 2089 5738 ι)
2110 5699 2428 5758 Gallandius
2457 5699 2700 5772 corrigit,
2726 5718 2808 5758 me
2833 5701 3006 5758 credo.
