4110 6168
493 204 638 265 H79

1894 212 1978 271 PA
1988 212 2102 273 υιι
2138 212 2370 274 OROSll

3668 224 3807 283 Hi0

491 340 599 380 non
634 332 747 379 tam
793 338 881 380 me
923 324 1188 397 probasse
1212 367 1230 395 ,
1257 342 1419 399 quam
1468 325 1637 383 alium
1670 326 1859 387 videar
1906 329 2091 401 prodi-
2120 331 2172 395 Α
2198 330 2404 388 boretis
2430 332 2684 405 ambiguo
2710 351 2721 387 :
2749 334 2908 405 vulgo
2938 345 3119 392 autem
3147 340 3463 410 rumorique
3481 349 3804 411 propterea,

490 420 657 476 disse.
692 420 948 476 Concedo
975 421 1120 477 enim
1165 430 1221 477 ut
1273 423 1670 494 qualecumque
1717 423 1921 481 dictum
1963 424 2091 482 illud

491 523 580 571 est
601 556 616 583 ,
649 513 906 580 dixerim,
938 516 1214 587 quomodo
1259 516 1510 573 Latinum
1557 532 1762 587 expers
1785 518 2092 576 Latinitatis

491 607 718 664 Grmcns
750 607 951 663 audivit
977 608 1000 662 ?
1024 616 1127 664 Aut
1159 610 1204 665 si
1238 610 1446 666 audivit
1473 610 1800 680 sacrilegum
1838 612 2091 677 verbum,

493 717 592 756 cur
623 717 728 758 non
761 700 947 756 statim
973 703 1221 773 coarguit
1249 702 1754 773 blaspltemautem,
1790 705 1897 770 vel,
1932 714 1989 759 ut
2018 705 2092 760 le-

500 793 623 849 vius
672 805 900 864 ageret,
956 794 1111 864 quasi
1142 793 1418 851 incautum
1447 794 1616 851 ﬁlium
1674 796 1791 866 pius
1841 808 1998 866 pater
2027 796 2095 853 de

493 886 825 964 cohibenda
859 885 1071 940 licentia
1127 886 1425 957 periculosi
1470 888 1744 944 sermonis
1771 888 2094 946 admonuit?

495 977 603 1032 Sed
632 977 940 1044 contrario,
978 989 1098 1048 post
1129 978 1420 1049 plurimam
1454 981 1634 1052 magni
1667 979 1927 1051 temporis
1954 981 2096 1037 obli-

498 1073 736 1139 vionem,
773 1073 888 1143 ipse
917 1087 1015 1144 per
1040 1089 1100 1128 se
1128 1074 1532 1129 accusationem
1568 1074 1771 1140 intulit,
1802 1075 1916 1144 ipse
1946 1075 2097 1130 testi-

498 1167 738 1223 monium
769 1165 1079 1236 perhibuit,
1113 1168 1229 1239 ipse
1253 1167 1519 1239 judicium
1566 1169 1953 1241 promulgavit,
1979 1185 2096 1226 om-

498 1259 647 1315 nium
689 1260 961 1315 scelerum
1009 1258 1185 1316 officia
1229 1262 1281 1316 in
1314 1275 1428 1317 suae
1474 1274 1720 1330 persona:
1767 1260 2097 1320 auctoritate

497 1352 820 1425 suscipiens,
839 1354 1140 1422 praesertim
1164 1353 1484 1425 Evangeliea
1509 1353 1751 1411 lectione
1773 1354 2094 1419 instructus,

501 1446 788 1503 Dominum
831 1454 1079 1507 nostrum
1121 1447 1304 1503 Jesum
1337 1448 1439 1503 nisi
1475 1447 1791 1505 testimonio
1840 1445 2100 1518 principis

500 1554 608 1597 non
656 1536 826 1594 fuisse
879 1538 1217 1595 damnatum.
1255 1541 1324 1596 Et
1367 1541 1478 1597 alio
1512 1541 1648 1597 mihi
1696 1542 1865 1597 latere
1898 1541 2099 1599 fratres

500 1633 606 1693 mei
633 1630 967 1687 assistebant
992 1651 1003 1685 :
1035 1648 1102 1687 ex
1127 1632 1233 1688 alio
1252 1630 1377 1687 falsi
1405 1634 1623 1689 fratres.
1661 1632 1865 1690 Deinde
1893 1634 1947 1691 in
1969 1648 2101 1690 con—

2195 439 2265 480 ne
2297 422 2429 480 dum
2458 425 2777 495 episcopum
2808 428 3030 483 mentiri
3062 443 3223 499 posse
3253 444 3359 486 non
3386 432 3670 499 crederet,
3704 434 3807 488 alia

2193 515 2544 573 innocentem
2572 517 2900 578 credulitate
2941 520 3241 579 aestimaret
3284 537 3536 593 peccare.
3569 526 3640 579 Et
3684 526 3810 583 inde

2194 608 2318 679 quis
2342 609 2504 684 595
2538 612 2752 683 ignoret
2780 623 3053 684 auctores,
3087 618 3179 672 vel
3221 617 3275 672 iu
3317 621 3677 677 accusatione
3705 620 3812 677 Su-

2196 718 2383 759 εςιιιηιυ
2408 747 2423 769 ,
2460 706 2543 760 vel
2576 705 2629 761 in
2656 707 2994 777 lapidatione
3015 709 3323 767 Nabuthae?

2252 793 2384 850 9.Et
2397 793 2614 853 nefurte
2627 797 2747 868 quis
2758 800 2986 866 neseiat,
2999 800 3051 856 in
3064 800 3492 875 Hierosolymam
3511 822 3808 877 numquam

2198 885 2265 940 ad
2295 883 2681 944 elfundendmn
2710 892 3026 963 sanguinem
3051 893 3452 965 Christianum,
3480 899 3569 954 vel
3597 907 3808 970 argenti

2199 977 2474 1050 suffragia,
2498 982 2585 1039 vel
2611 981 2823 1053 ﬂagella
2846 986 3073 1043 militum
3096 988 3356 1056 defuisse,
3383 1008 3528 1047 nunc
3556 995 3806 1062 quoniam

2194 1069 2268 1132 ab
2294 1070 2397 1128 hoc
2418 1075 2792 1147 qualicumque
2813 1078 2980 1134 verbo
3000 1094 3122 1136 esse
3146 1097 3232 1136 me
3255 1082 3483 1139 liberum
3502 1101 3653 1153 reor,
3673 1086 3806 1142 Iibe-

2201 1176 2318 1218 rum
2332 1162 2439 1219 ﬁde
2451 1176 2651 1234 vestra,
2674 1167 2903 1227 liberum
2933 1173 3259 1228 conscientia
3284 1190 3427 1243 mea,
3457 1177 3806 1252 ipsiusgverbi

2200 1253 2558 1327 ambiguitate
2570 1256 2812 1315 discussa
2834 1262 3078 1319 conabor
3097 1264 3407 1335 exquirere,
3421 1265 3474 1321 hi
3498 1269 3592 1338 qui
3618 1270 3695 1324 ita
3713 1284 3808 1324 nos

2203 1349 2552 1418 respondisse
2562 1364 2835 1423 asserunt,
2851 1356 3085 1425 qualiter
3101 1357 3200 1427 ipsi
3215 1358 3586 1429 interrogasse
3600 1361 3807 1418 videan-

2205 1448 2309 1497 tur.
2329 1440 2581 1499 Forsitan
2605 1461 2700 1514 per
2718 1445 2931 1502 modum
2948 1447 3388 1517 interrogationis
3402 1452 3648 1520 ipsorum
3668 1469 3807 1510 arca-

2203 1550 2329 1591 num
2345 1535 2613 1606 dogmatis
2632 1536 3002 1601 denudabitur
3020 1559 3033 1571 ·
3052 1549 3113 1596 ut
3129 1542 3422 1613 reciprocis
3442 1545 3690 1601 feriendo
3704 1548 3807 1605 vul-

2206 1626 2449 1696 neribus,
2473 1629 2791 1691 emissorem
2823 1646 2983 1689 suout
3022 1636 3252 1691 remissa
3277 1636 3481 1693 certius
3514 1639 3621 1693 tela
3651 1642 3805 1695 casti-

502 1736 658 1779 sessu
686 1722 881 1778 eodem
907 1763 923 1790 ,
958 1721 1123 1797 594
1148 1739 1217 1778 ex
1248 1738 1351 1778 una
1388 1738 1599 1779 mecum
1642 1734 1794 1793 parte
1832 1723 2099 1783 consede-
2132 1729 2173 1790 Β
2201 1729 2350 1791 gent.
2373 1720 2462 1777 Ait
2486 1724 2631 1779 enim
2653 1740 2681 1779 a
2706 1725 2862 1783 nobis
2884 1741 3007 1785 esse
3028 1744 3374 1800 responsum,
3393 1749 3412 1783 ι
3444 1747 3547 1787 nec
3564 1748 3691 1788 cum
3715 1733 3804 1789 Dei

504 1821 627 1869 rant
680 1816 870 1869 Avitus
915 1825 973 1868 et
1020 1815 1205 1871 Vitalis
1257 1816 1594 1888 presbyteri,
1639 1833 1706 1872 cx
1759 1817 1863 1873 alia
1914 1818 2101 1879 nescio

502 1908 624 1976 quis
655 1908 870 1978 ignotos
913 1908 1221 1979 interpres,
1255 1920 1310 1964 et
1332 1909 1532 1966 deinde
1573 1910 1786 1980 probati
1817 1919 1873 1964 et
1901 1910 2104 1967 sarculo

502 2012 558 2055 et
588 2002 699 2056 Deo
724 2002 820 2056 viri
849 2000 1133 2057 Passerius
1156 2002 1443 2076 presbyter
1467 2016 1517 2059 et
1545 2004 1802 2059 Dominus
1825 2018 1888 2059 ex
1923 2003 2098 2061 Duce:

505 2099 595 2169 qui
629 2095 791 2150 ambo
819 2103 877 2151 ut
906 2112 1003 2167 pro
1052 2097 1393 2167 experientia
1422 2112 1487 2153 ac
1536 2097 1643 2159 ﬁde
1675 2112 1772 2152 sua
1802 2097 1995 2152 adesse
2022 2095 2105 2152 in-

508 2201 775 2261 terpretes
828 2190 1206 2262 dignarentur,
1255 2193 1374 2262 ipso
1431 2193 1795 2249 conveniente
1847 2190 2107 2263 episcopo

507 2283 715 2339 Jmnne
742 2300 772 2338 a
804 2298 1010 2340 corona
1034 2296 1213 2341 vestra
1242 2285 1524 2356 conrogati
1553 2284 1883 2356 deductique
1908 2300 2107 2343 conve—

508 2387 720 2431 nerant.
756 2375 961 2432 Medius
992 2391 1206 2448 quoque
1237 2377 1394 2433 vobis
1427 2377 1546 2447 ipse
1576 2377 1676 2432 fuit
1698 2419 1713 2445 ,
1749 2391 1908 2447 quem
1933 2375 1985 2435 in
2015 2376 2105 2437 illa

508 2481 637 2525 tunc
680 2472 1086 2526 circumstantia
1137 2486 1245 2526 non
1302 2471 1484 2527 minus
1533 2471 1756 2528 audisse
1782 2513 1798 2538 ,
1829 2485 1990 2541 quam
2031 2468 2108 2525 vi-

506 2562 655 2618 disse
721 2562 1029 2618 mirandum
1094 2572 1214 2631 est,
1270 2562 1545 2635 quomodo
1606 2576 1789 2618 sermo
1849 2561 2108 2629 dimissus

511 2665 535 2693 ο
560 2667 743 2713 tantus
771 2656 1124 2713 adversarios
1147 2657 1392 2727 collegas
1417 2655 1806 2728 auditoresque
1829 2657 2108 2728 praeterie-

505 2749 605 2817 rit,
640 2760 694 2804 et
716 2748 922 2803 inscias
949 2762 1111 2804 aures
1140 2748 1296 2820 gnari
1332 2746 1596 2804 auditoris
1628 2748 1937 2813 intraverit.

542 2908 551 2915 ,
580 2844 634 2900 8.
665 2841 774 2899 Sed
803 2857 906 2913 ego
931 2842 1115 2898 calore
1135 2841 1385 2898 veritatis
1413 2840 1697 2911 impulsus,
1723 2842 1858 2903 satis
1885 2855 2104 2915 urgeor.

512 2934 735 2991 Excede
766 2932 1120 3004 professionis
1151 2932 1399 2988 modum.
1431 2930 1852 2987 Concedendutn
1882 2942 1966 2989 est
1994 2948 2108 2988 ma-

510 3029 595 3098 gis
618 3067 635 3095 ,
669 3037 728 3081 ut
756 3026 1027 3096 interpres
1056 3026 1273 3080 errasse
1319 3022 1553 3079 dicendo
1574 3062 1588 3088 ,
1621 3037 1783 3095 quam
1820 3024 2109 3095 episcopus

2203 1813 2473 1883 adjutorio
2495 1816 2854 1886 petestltomo
2866 1834 2990 1885 esse
3010 1820 3131 1877 sine
3157 1834 3397 1892 peccato.
3413 1842 3433 1877 ι
3461 1823 3578 1880 Hoc
3598 1825 3647 1880 si
3667 1828 3811 1897 quis-

2203 1924 2365 1977 quam
2390 1908 2667 1983 hominum
2690 1911 2766 1967 ita
2787 1912 3076 1971 dicendum
3096 1925 3351 1985 putet,~ut
3370 1918 3476 1973 sub
3494 1917 3811 1976 inﬁrmitate

2205 1998 2441 2055 hominis
2467 2000 2634 2059 Deum
2659 2018 2765 2058 non
2797 2019 2958 2075 posse
2981 2009 3299 2075 confirmet,
3324 2019 3379 2064 et
3405 2011 3812 2083 omnipotentis

2209 2090 2302 2147 Dei
2326 2092 2527 2163 aliquid
2560 2092 2898 2164 impossibile
2926 2100 3256 2169 suSpicetur,
3288 2101 3526 2158 inomni
3565 2115 3813 2160 creatura

2205 2186 2505 2249 caelestium
2552 2193 2611 2242 et
2658 2189 2996 2249 terrestrium
3035 2204 3089 2249 et
3127 2191 3487 2265 infcrnorutn,
3530 2196 3677 2253 hunc
3705 2213 3816 2253 non

2209 2282 2417 2332 tantum
2445 2279 2716 2334 sententia
2744 2295 2864 2336 mea
2889 2281 3124 2339 dixerim
3152 2283 3557 2354 blaspltetnum,
3586 2291 3816 2344 anathe-

2210 2385 2296 2423 ma
2327 2369 2727 2441 detestanduut,
2759 2374 2855 2433 sed
2884 2374 3047 2433 etiam
3080 2378 3163 2431 vel
3191 2378 3241 2434 in
3276 2382 3585 2450 exemplum
3630 2380 3820 2437 Nadab

2208 2473 2265 2516 et
2290 2462 2427 2523 Abiu
2461 2463 2646 2519 divino
2676 2466 2798 2536 igne
2817 2467 3180 2525 damnandum
3203 2467 3391 2540 (Leuit.
3419 2471 3505 2543 ι),
3530 2473 3639 2537 vel,
3662 2474 3819 2540 juxta

2210 2554 2573 2628 perditionem
2606 2560 2774 2623 llatan
2799 2571 2852 2617 et
2880 2560 3104 2633 Abyron
3136 2561 3314 2633 (Deut.
3344 2567 3443 2634 ιι),
3479 2564 3629 2619 hiatu
3660 2575 3819 2623 terra:

2211 2658 2492 2719 receptum
2550 2650 2730 2704 vivum
2777 2650 2848 2705 ad
2896 2652 3107 2709 inferna
3160 2654 3540 2725 mergendum.
3589 2655 3821 2735 Utrique

2210 2741 2480 2813 siquidem
2528 2748 2953 2817 praesumptione
2998 2748 3180 2802 cordis
3228 2747 3323 2803 Dei
3370 2751 3630 2819 potentia:
3658 2752 3822 2811 dero-

2209 2842 2428 2902 garunt,
2460 2834 2545 2889 vel
2571 2834 2652 2889 illi
2680 2836 2808 2892 dum
2833 2839 3012 2907 ignem
3044 2839 3306 2906 alienum,
3336 2843 3492 2912 quasi
3539 2844 3647 2899 hoc
3682 2842 3823 2899 indis

2210 2936 2362 2996 geret
2389 2927 2553 2997 Deus,
2585 2927 2843 2999 oﬁ‘erunt,
2874 2933 2962 2988 vel
2990 2934 3078 2989 isti
3118 2934 3246 2990 dum
3284 2935 3607 2993 resistentes
3648 2938 3823 3010 Hoysi

2213 3018 2265 3072 in
2292 3028 2493 3088 terram
2519 3023 2964 3091 repromissionis
2986 3024 3258 3083 introduci
3277 3042 3341 3084 se
3360 3042 3523 3098 posse
3540 3029 3822 3087 difﬁdunt.

512 3118 785 3175 audiendo
833 3118 1057 3174 tinxisse
1089 3117 1355 3185 videatur,
1382 3126 1439 3173 et
1484 3132 1626 3172 nunc
1667 3118 1735 3172 ad
1763 3118 1935 3173 vicem
1965 3132 2100 3173 nter-

2216 3108 2356 3165 Deus
2404 3111 2588 3167 omnia
2633 3122 2835 3183 potest,
2878 3126 2935 3171 et
2978 3132 3098 3187 qua:
3149 3121 3298 3186 vult,
3346 3133 3823 3192 semper~potest.

511 3214 663 3268 cedis
693 3227 855 3284 quam
888 3212 1159 3266 haereticis
1200 3211 1455 3281 praestitit
1500 3211 1817 3280 exigendae,
1850 3212 2022 3267 falsos
2055 3211 2109 3267 itt

518 3306 849 3377 adjutorium
882 3305 968 3359 sui
1014 3313 1180 3360 testes
1209 3320 1459 3377 quaerere
1481 3323 1495 3358 :
1519 3306 1720 3376 quippe
1768 3321 1891 3369 cum
1926 3306 2112 3363 mirari

508 3402 622 3471 jam
654 3416 815 3453 nemo
847 3400 1043 3454 debeat
1066 3397 1092 3436 ιτ
1121 3400 1374 3469 conquiri
1401 3408 1457 3453 et
1482 3401 1718 3453 existere
1746 3398 1914 3454 falsos
1943 3407 2114 3455 testes

517 3495 572 3547 in
606 3492 944 3546 Hierusalem
980 3508 1008 3543 a
1038 3489 1416 3546 sacerdotibus
1446 3500 1608 3561 atque
1638 3492 1982 3559 senioribus;
2014 3495 2116 3547 ltoc

517 3584 736 3655 sanguis
766 3582 1032 3653 Stephani
1065 3585 1298 3648 clamat;
1330 3582 1434 3637 hoc
1466 3582 1762 3639 Dontinictn
1806 3586 1983 3643 crucis
2026 3601 2118 3640 ve-

521 3679 649 3731 xilla
677 3678 1028 3747 Signiﬁcant;
1072 3678 1176 3732 hoc
1214 3679 1376 3731 etiam
1424 3685 1570 3732 nunc
1610 3680 1845 3733 excitata
1894 3694 1993 3749 per
2022 3693 2117 3735 eos

521 3770 835 3842 persecutio
879 3764 1215 3824 titanit'esmt.
1240 3770 1348 3825 Sed
1395 3769 1512 3825 lure
1542 3782 1719 3825 utrum
1762 3772 1832 3825 ab
1860 3773 2118 3843 episcopo

523 3877 727 3920 temere
757 3864 1001 3931 credita,
1031 3882 1097 3917 an
1134 3864 1405 3920 malitiose
1449 3846 1608 3931 ﬁcta,
1656 3880 1722 3920 an
1768 3865 1957 3936 ignare
1991 3868 2116 3921 sub~

520 3959 704 4012 audita
752 3959 1062 4026 Videantur,
1113 3957 1330 4014 Christo
1369 3958 1543 4027 judici
1589 3960 1926 4016 discutienda
1969 3975 2122 4019 cont-

522 4053 743 4106 mendo.
772 4052 928 4107 Absit
956 4068 986 4105 a
1018 4066 1106 4105 me
1151 4067 1443 4122 umquam,
1488 4062 1547 4106 ut
1574 4069 1676 4122 ego
1720 4069 1950 4124 pauper,
1992 4069 2123 4124 pec-

523 4155 696 4212 cator,
740 4142 989 4214 ignotus,
1021 4142 1336 4214 episcopum
1385 4152 1444 4200 et
1487 4144 1763 4215 prateipue
1809 4145 2124 4218 llierosoly-

526 4254 669 4306 nne,
715 4238 948 4292 audeam
994 4238 1060 4293 ad
1110 4235 1403 4309 episcopos
1451 4252 1767 4307 provocare.
1822 4239 1940 4296 Mea
1989 4240 2124 4297 nubi

524 4331 664 4402 apud
687 4332 1182 4386 etttittcnliSsitnttm
1205 4328 1529 4385 Trinitatem
1558 4331 1969 4401 omnipotentiae
1999 4331 2119 4403 Dei,

525 4436 582 4480 et
609 4426 753 4495 apud
784 4426 1069 4479 universos
1096 4436 1282 4479 servos
1309 4422 1428 4491 ejus
1454 4421 1782 4495 catholicus,
1800 4423 2123 4494 simplicitas

2215 3200 2386 3281 Quam
2434 3212 2626 3274 potens
2679 3206 2731 3261 itt
2783 3207 3030 3265 faciendo
3076 3210 3146 3267 de
3196 3210 3395 3278 nihilo,
3424 3223 3534 3267 tant
3564 3213 3824 3269 facilisin

2218 3296 2547 3363 perﬁciendo
2597 3298 2665 3351 de
2714 3296 2882 3354 facto.
2934 3297 3048 3371 Ipsi
3095 3303 3232 3356 enim
3281 3303 3476 3372 subest,
3520 3322 3639 3359 runt
3681 3309 3826 3375 eam,

2215 3402 2363 3457 posse
2413 3388 2571 3459 (Sap.
2620 3389 2736 3463 an).
2797 3393 2912 3448 iloc
2964 3394 3174 3455 indulta
3222 3398 3522 3453 secundum
3571 3401 3829 3470 spiritum

2215 3484 2387 3552 gratia
2419 3485 2726 3551 conlitetnr,
2757 3484 2858 3540 hoc
2889 3488 3446 3546 semuduarlitterttm
3469 3492 3554 3546 lex
3582 3496 3832 3549 conseri-

2220 3587 2308 3646 pta
2341 3583 2591 3644 testatur,
2627 3577 2728 3634 hoc
2757 3579 2810 3633 in
2842 3581 3110 3637 universis
3136 3582 3222 3638 lex
3255 3587 3522 3639 naturalis
3552 3587 3831 3659 intelligit,

2190 3673 2323 3729 -llth
2349 3671 2788 3729 ordinatissimus
2820 3675 3004 3729 mundi
3029 3684 3206 3731 tnotus
3227 3679 3485 3733 ostendit.
3520 3680 3655 3745 Quis
3682 3682 3831 3735 enim

2219 3763 2499 3834 gentilium
2531 3764 2636 3821 hoc
2655 3766 2851 3823 audeat
2872 3766 3078 3836 dicere,
3098 3772 3186 3826 cui
3214 3770 3269 3826 in
3300 3783 3591 3843 prospectu
3617 3789 3835 3844 semper

2221 3867 2347 3909 sunt
2369 3855 2493 3910 caeli
2518 3866 2784 3928 terraeque
2806 3873 2870 3913 ac
2898 3863 3063 3916 maris
3083 3862 3353 3918 elementa
3376 3863 3638 3919 distincta
3658 3866 3681 3920 'l
3711 3867 3836 3936 quis

2220 3945 2530 4022 Judrorum
2562 3952 2665 4005 ltoc
2690 3952 2957 4023 suspicori
2985 3965 3168 4024 queat,
3202 3954 3271 4009 ad
3303 3973 3472 4026 quem
3494 3960 3713 4014 tradita
3741 3977 3839 4030 per

2222 4041 2443 4113 Moysen
2497 4044 2905 4117 legis-scientia
2961 4051 3457 4120 quantulacumque
3500 4053 3837 4123 pervenerit,

2202 4149 2348 4191 .cum
2393 4137 2653 4206 scriptum
2704 4147 2761 4192 et
2803 4150 3064 4210 agnoscat
3098 4151 3153 4195 ct
3181 4143 3391 4210 credat,
3418 4145 3559 4199 nuda
3588 4144 3841 4201 discissis

2225 4225 2398 4284 Rubri
2437 4230 2601 4285 maris
2639 4231 2897 4287 lluctibus
2935 4231 3203 4303 profunda
3249 4238 3513 4305 patuisse,
3554 4246 3613 4293 et
3659 4248 3837 4293 ωιυω

2200 4318 2331 4375 .iter
2361 4321 2413 4375 in
2447 4322 2638 4392 pelago
2677 4324 2846 4399 pediti
2883 4325 3184 4396 praebuisse
3218 4333 3438 4388 terreno
3475 4327 3677 4399 (Exod.
3720 4344 3839 4393 ιη,

2229 4412 2352 4487 l8);
2388 4414 2728 4487 divisumque
2765 4416 3058 4475 Jordauem
3096 4419 3367 4489 resupinis
3410 4420 3463 4474 in
3507 4420 3715 4477 fontem
3746 4439 3839 4478 re-

526 4527 583 4575 et
611 4518 895 4590 probatio,
923 4529 1007 4574 sat
1032 4527 1136 4573 est.
1164 4517 1383 4574 Testem
1406 4516 1603 4573 invoco
1627 4518 1798 4573 Deum
1819 4532 1986 4589 super
2004 4521 2111 4590 ani-

2232 4505 2453 4575 lluxisse
2478 4510 2783 4579 gmgitibus
2811 4507 3016 4582 (Ιωιίε,
3046 4508 3431 4581 ιιι);596ωι
3454 4515 3844 4576 utortaleut,in

527 4631 670 4673 mam
698 4629 875 4670 meam
895 4654 913 4682 ,
945 4611 1245 4669 beatissimi
1271 4613 1615 4679 sacerdotes,
1643 4612 2009 4668 scribentibus
2031 4628 2127 4671 vo-

526 4716 612 4771 bis
644 4713 960 4770 baeceadem
992 4725 1318 4781 mecumque
1335 4708 1696 4772 testantibus,
1720 4707 1925 4763 nullam
1954 4722 2042 4763 nte
2071 4707 2126 4779 in

529 4809 622 4864 illo
638 4816 907 4864 conventu
927 4814 1112 4862 vestro
1132 4816 1231 4859 ore
1251 4815 1375 4859 meo
1394 4800 1687 4873 protulisse
1709 4799 2125 4873 blasphemiam,

532 4918 710 4975 neque
756 4904 1133 4977 hujuscemodi
1179 4904 1346 4960 verba
1396 4919 1517 4975 quae
1548 4907 1684 4965 mihi
1732 4909 1802 4963 ab
1868 4905 2128 4977 episcopo

534 5014 745 5074 Joanne
785 5027 912 5073 sunt
938 5017 1150 5087 objecta
1199 5014 1409 5070 dixisse
1437 5031 1450 5067 :
1484 5012 1591 5069 hoc
1620 5022 1737 5081 est,
1770 5032 1790 5067 σ
1816 5014 1979 5071 etiam
2010 5030 2135 5072 cum

535 5111 632 5168 Dei
654 5109 928 5171 adiutorio
951 5124 1058 5166 non
1081 5123 1244 5180 posse
1261 5122 1385 5165 esse
1407 5106 1685 5163 hominem
1708 5106 1830 5164 sine
1853 5117 2092 5178 peccato.
2108 5125 2131 5161 ι

533 5203 886 5264 Satisfactmn
932 5205 1097 5259 etiam
1144 5200 1490 5259 contentioni
1527 5201 1805 5271 opinionis
1854 5201 2057 5272 ignarae
2098 5216 2130 5257 a

537 5300 696 5355 nobis
733 5296 857 5353 ideo
892 5296 1038 5362 volo,
1065 5311 1133 5352 ne
1165 5295 1304 5353 forte
1330 5312 1362 5352 a
1396 5295 1553 5351 vobis
1589 5294 1809 5367 quidem
1844 5309 1951 5352 non
1982 5294 2136 5351 audi-

535 5403 684 5461 tum,
714 5406 863 5456 aJne
893 5399 1074 5445 tamen
1117 5388 1320 5445 dictum
1362 5395 1650 5459 putantes,
1700 5387 2011 5445 testimonio
2058 5388 2136 5444 la-
2178 5394 2183 5402 '

2232 4614 2458 4671 corpore
2482 4641 2498 4668 ,
2531 4603 2737 4663 lleliant
2789 4612 3038 4659 evectum
3068 4606 3305 4660 llannnet
3335 4620 3531 4660 currus
3559 4605 3709 4677 igne,
3744 4624 3845 4664 nec

2235 4695 2420 4752 laesum
2467 4696 2569 4766 (IV
2603 4694 2735 4770 Reg.
2768 4700 2866 4767 n);
2903 4698 2985 4754 vel
3015 4702 3336 4769 pratparatis
3390 4714 3650 4756 onustum
3690 4703 3848 4759 escis

2235 4791 2477 4862 Abacuc,
2511 4793 2775 4864 utjejuno
2808 4792 2913 4864 [AL
2941 4793 3170 4866 jejunio]
3189 4797 3328 4851 inter
3346 4797 3656 4852 esurientes
3693 4799 3849 4855 feras

2230 4890 2380 4962 justo
2408 4909 2695 4974 prandium
2742 4914 3078 4971 ministraret
3120 4914 3290 4985 (Dan.
3339 4916 3474 4985 xlv),
3525 4925 3585 4969 nt
3626 4915 3853 4985 vulgata

2241 5018 2426 5064 narrat
2454 5009 2640 5074 editio,
2675 5009 2727 5063 itt
2759 5004 3037 5065 momento
3069 5008 3175 5065 diei
3196 5021 3242 5062 ‘a
3282 5008 3467 5065 Judaia
3509 5010 3560 5062 in
3603 5008 3849 5081 Babylo-

2242 5103 2384 5158 niam
2428 5107 2746 5161 translatum
2797 5106 2960 5162 fuisse
3013 5106 3259 5176 protinus
3298 5120 3361 5159 ac
3406 5103 3677 5159 relatum?
3708 5103 3855 5169 Quis

2242 5201 2344 5258 hoc
2371 5203 2707 5258 Christianus
2737 5200 2790 5257 in
2822 5217 2918 5256 cor
2952 5217 3142 5264 suum,
3185 5202 3269 5257 vel
3314 5201 3368 5256 in
3412 5208 3598 5254 atomo
3640 5198 3858 5267 cogita-

2241 5296 2405 5353 tionis
2452 5296 2741 5354 admittat?
2786 5296 2877 5366 qui
2927 5297 3061 5351 sciat
3110 5294 3372 5351 Lazarum
3419 5291 3859 5363 quatriduanum

2241 5400 2541 5460 mortuum,
2571 5390 2868 5448 fetentibus
2901 5388 3182 5458 membris,
3214 5403 3277 5446 ac
3320 5387 3524 5460 liquida
3548 5387 3662 5459 jam
3705 5388 3857 5444 intra

1804 5516 2256 5595 navnncaupt
2293 5520 2528 5591 noras.

615 5675 639 5703 ⁸
667 5664 982 5721 Gallandius
1011 5662 1165 5719 malit
1185 5659 1354 5725 tantos

616 5698 642 5779 ί)
1145 5698 1466 5791 Dalii;th
1483 5743 1604 5802 pro,
1621 5727 1766 5802 quod
1780 5738 1894 5788 erat
1910 5729 1964 5790 in
1978 5742 2108 5785 mss.
2120 5771 2134 5797 ,

2240 5660 2504 5730 conqueri.
