4110 6168
366 253 500 312 llai

1455 250 1662 311 LIBER
1706 251 1792 308 DE
1829 247 2133 309 ARBlTRll
2177 249 2593 308 LIBERTATE.

3540 249 3676 306 “82

364 379 540 426 semet
572 372 712 441 pelle
739 371 1101 440 iluitantibns,
1149 370 1355 425 domini
1400 369 1601 426 devoto
1649 367 1968 437 prnsiluisse
1993 370 2042 429 Α
2071 366 2425 438 arguentibus
2452 364 2571 421 aliis
2597 380 2705 422 non
2751 365 3010 437 negavit:
3042 375 3137 445 aut
3165 363 3539 421 testimonium
3580 365 3678 418 fal-

363 464 589 518 serritio
619 463 802 533 (Joan.
835 463 947 534 si);
987 464 1079 535 qui
1120 462 1312 533 legerit
1348 477 1549 518 caecum
1591 479 1620 516 a
1660 461 1967 530 nativitate,

359 555 726 624 cumdemque
750 555 860 624 jam
890 563 1106 611 atatem
1136 554 1451 623 habentem,
1486 557 1569 610 vel
1602 554 1759 610 factis
1791 553 1973 609 subito

363 648 448 701 vel
480 644 701 701 refectis
731 646 969 718 viguisse
998 646 1298 703 luminibus
1326 646 1508 716 (Joan.
1542 645 1664 716 IX);
1709 647 1801 715 qui
1843 660 1968 715 pro-

358 738 571 793 baverit
597 747 809 803 Ventos,
843 736 1041 793 ﬂuctus
1068 753 1136 794 ac
1166 746 1543 808 tempestates,
1577 737 1849 806 simulque
1887 735 1972 789 in-

363 831 539 887 vicem
586 830 861 885 elementa
921 829 1157 885 rixantia
1218 830 1522 885 Dominicaa
1580 828 1975 896 increpationis

364 924 551 979 audito
582 933 957 979 mansuetasse
982 932 1257 995 pracepto
1288 923 1506 996 (Matth.
1538 922 1694 994 vui);
1727 922 1819 991 qui
1849 935 1971 975 cre-

363 1019 455 1073 dat
485 1018 710 1073 Petrum
741 1017 945 1071 carnali
970 1018 1187 1072 sarcina
1218 1032 1462 1089 gravem,
1493 1026 1549 1071 et
1578 1027 1662 1070 ter
1689 1014 1973 1068 dominum

368 1110 630 1167 continuo
654 1120 998 1181 negaturum,
1032 1125 1198 1181 super
1230 1108 1468 1165 tumidos
1494 1108 1692 1163 ﬂuctus
1725 1104 1975 1178 pendulis

367 1205 658 1261 incessisse
681 1204 923 1275 vestigiis
956 1202 1172 1274 (Matth.
1210 1204 1365 1273 xxv)?

438 1298 524 1355 10.
558 1298 745 1369 itaque
798 1300 1088 1354 universos
1136 1296 1388 1353 homines
1433 1296 1698 1360 arbitror,
1743 1294 1826 1350 vel
1873 1295 1970 1364 qui

360 1392 648 1447 excellenti
680 1390 788 1446 [ide
816 1401 871 1446 et
899 1389 1168 1461 sapientia
1197 1388 1412 1462 praediti
1453 1396 1604 1455 sunt,
1647 1387 1734 1443 vel
1775 1387 1868 1457 qui
1914 1400 1975 1441 se

363 1485 518 1540 aliter
559 1483 781 1548 habent,
822 1482 949 1551 hoc,
992 1484 1133 1553 quod
1176 1484 1317 1538 Deus
1358 1482 1540 1537 omnia
1574 1489 1771 1551 potest,
1802 1493 1969 1535 vene-

360 1579 491 1647 rari,
523 1577 770 1644 credere,
793 1576 1066 1632 conﬁteri.
1090 1576 1216 1632 ideo
1242 1576 1389 1632 enim
1413 1576 1741 1647 generaliter
1764 1574 1833 1630 ab
1855 1572 1973 1628 nni-

361 1686 518 1727 versa
549 1679 799 1726 creatura
830 1670 1030 1726 dicitur
1068 1670 1435 1741 omnipotens,
1469 1669 1594 1741 quia
1636 1668 1819 1723 omnia
1871 1681 1972 1736 po-

2070 472 2262 514 sorum
2286 460 2507 515 testium
2542 458 2809 514 Dominus
2827 457 3013 524 Jesus,
3041 461 3172 527 quia
3194 459 3385 525 tacuit,
3418 460 3678 530 approba-

2072 552 2172 606 vit.
2202 551 2358 619 Quod
2390 551 2436 606 si
2465 550 2610 621 apud
2638 565 2764 617 vos,
2791 565 2901 606 non
2931 565 3185 622 negasse,
3213 550 3423 606 dixisse
3455 560 3540 606 est
3568 569 3579 604 :
3612 559 3667 607 et

2073 645 2615 711 tacuisse,clamasse
2637 652 2723 699 est
2748 663 2760 697 :
2792 644 2989 699 frustra
3016 643 3187 701 David
3216 643 3448 714 postulat
3469 663 3482 697 :
3504 643 3669 712 Pone,

2077 738 2319 802 Domine,
2342 736 2629 790 custodiam
2643 740 2722 791 ori
2742 753 2873 800 meo,
2895 747 2943 790 et
2973 739 3159 792 ostium
3173 738 3578 794 circumstantia:
3598 739 3680 794 la-

2074 830 2170 884 biis
2200 831 2324 884 meis
2348 831 2371 902 (
2398 828 2547 884 Psal.
2577 845 2701 896 cu,
2734 831 2826 899 5);
2880 829 3080 885 frustra
3113 841 3167 885 et
3211 846 3314 900 ego
3345 845 3431 885 me
3466 846 3573 885 non
3604 831 3678 886 di-

2076 922 2224 976 sisse
2247 922 2298 975 in
2331 937 2441 992 quo
2471 938 2692 999 arguor,
2720 921 2952 981 testibus
2979 932 3031 977 et
3062 922 3444 977 testificatione
3475 922 3679 978 confir-

2076 1029 2187 1080 mo,
2222 1015 2267 1068 si
2291 1015 2433 1069 alter
2453 1016 2644 1070 audire
2671 1016 2868 1086 potuit,
2896 1015 3040 1086 quod
3075 1030 3230 1070 meus
3251 1030 3435 1070 sermo
3463 1031 3569 1069 non
3596 1015 3681 1070 di—

2076 1105 2179 1160 xit.
2212 1106 2321 1162 Sed
2352 1108 2620 1174 concedo,
2646 1115 2705 1162 ut
2742 1107 2887 1178 quod
2919 1122 3262 1178 nequaquam
3307 1107 3544 1173 dixeris,
3581 1122 3679 1177 pro

2075 1197 2228 1253 dicto
2257 1198 2641 1267 accipiendum
2691 1206 2869 1270 putes
2914 1198 3055 1265 Quid
3091 1199 3305 1270 agimus
3339 1215 3404 1254 es
3440 1214 3507 1253 co
3534 1201 3677 1270 quod

2079 1293 2420 1349 invenientes
2451 1308 2516 1347 ex
2540 1307 2705 1350 sensu
2737 1292 3114 1348 diversitatem
3142 1294 3437 1359 sermonis,
3459 1294 3679 1363 junctu-

2084 1389 2159 1443 ris
2190 1386 2533 1443 discordibus
2558 1402 2668 1440 non
2689 1385 2992 1452 cobairent,
3022 1387 3166 1457 quod
3199 1389 3315 1457 ipsa
3335 1402 3553 1458 quoque
3587 1401 3679 1457 pa-

2075 1481 2206 1552 gina
2230 1472 2602 1551 discrepantia
2637 1480 2693 1534 in
2730 1496 2793 1535 se
2849 1480 3015 1536 verba
3059 1495 3166 1534 non
3197 1479 3427 1550 recipit?
3466 1480 3678 1535 Scribis

2075 1576 2224 1630 enim
2256 1592 2268 1627 :
2295 1593 2314 1626 ι
2355 1573 2523 1628 Posse
2550 1573 2829 1629 hominem
2852 1575 2972 1628 sine
2992 1584 3220 1645 peccato
3240 1587 3365 1630 esse
3397 1591 3409 1627 :
3438 1583 3493 1628 et
3520 1572 3679 1629 facile

2078 1665 2176 1721 Dei
2206 1666 2459 1721 mandata
2489 1667 2791 1733 custodire,
2816 1667 2863 1722 si
2896 1667 3045 1722 velit.
3077 1686 3096 1719 ι
3128 1666 3192 1721 Ει
3217 1664 3677 1736 quemadmodum

361 1773 484 1819 test.
523 1764 592 1819 Et
618 1764 742 1830 hoc,
772 1773 858 1819 est
886 1764 1031 1819 Dens
1055 1764 1230 1831 solus,
1260 1763 1354 1834 qui
1384 1764 1460 1818 ait
1489 1782 1501 1816 :
1538 1761 1668 1817 Hcce
1695 1762 1837 1833 apud
1877 1761 1971 1815 ho-
2001 1752 2051 1815 B
2079 1759 2424 1815 beatissimus
2450 1769 2607 1830 pater
2627 1760 2991 1833 Hieronymus
3020 1761 3087 1817 de
3109 1762 3211 1817 hac
3230 1761 3421 1818 eadem
3448 1773 3675 1817 senten-

358 1859 523 1911 mines
549 1855 893 1927 impossibilia
919 1866 1040 1911 sunt
1072 1853 1223 1927 (an.
1269 1870 1423 1920 xvnt,
1463 1853 1582 1925 27).
1625 1853 1802 1923 Atque
1842 1852 1969 1907 alibi

358 1951 537 2015 docet,
570 1949 759 2006 dicens
785 1968 798 2002 :
832 1948 961 2005 Sine
985 1964 1066 2003 me
1084 1948 1216 2003 nihil
1245 1949 1454 2017 potestis
1475 1949 1646 2018 facere
1673 1946 1852 2019 (Joan.
1881 1962 1972 2013 xv,

358 2039 439 2111 5).
477 2042 661 2097 Potest
688 2056 820 2112 ergo
847 2042 1030 2096 omnia
1052 2040 1108 2096 in
1141 2039 1401 2096 homine:
1434 2040 1528 2111 qui
1564 2040 1750 2110 utique
1790 2049 1975 2111 potest

360 2133 567 2188 omnia.
594 2134 764 2189 Porro
791 2144 972 2189 autem
1003 2133 1132 2206 quid
1170 2132 1411 2204 superbit
1443 2143 1587 2187 terra
1616 2142 1670 2188 et
1712 2131 1870 2201 cinis,
1919 2142 1977 2186 ut

360 2226 525 2293 dicat,
561 2224 726 2280 homo
758 2236 954 2295 potest,
984 2240 1109 2281 cum
1144 2214 1297 2281 Deus
1342 2222 1553 2295 possit?
1595 2222 1805 2279 Clamat
1839 2232 1978 2293 Apo-

360 2318 531 2372 stolus
557 2336 568 2369 :
602 2314 786 2371 Gratia
811 2318 925 2389 ejus
955 2334 1070 2373 sum
1094 2317 1233 2389 quod
1254 2334 1390 2383 sum,
1414 2327 1462 2371 et
1489 2316 1660 2389 gratia
1685 2318 1797 2388 ejus
1820 2332 1977 2388 egena

363 2410 414 2463 in
441 2426 520 2463 me
548 2426 653 2464 non
681 2410 800 2481 fuit,
829 2409 920 2464 sed
944 2410 1298 2466 abundantius
1320 2410 1427 2465 illis
1448 2410 1689 2464 omnibus
1712 2408 1976 2481 laboravi:

362 2518 474 2558 non
496 2518 590 2573 ego
620 2472 816 2569 autem,
845 2502 938 2557 sed
957 2503 1129 2576 gratia
1158 2502 1254 2558 Dei
1284 2519 1483 2558 mecum
1505 2502 1551 2573 (ι
1578 2500 1700 2556 Cor.
1734 2472 1826 2571 ἓν,
1861 2501 1973 2574 10).

362 2596 528 2664 Quid,
564 2597 781 2653 incaute
814 2607 1176 2668 praesumptor
1203 2597 1428 2667 aspicis,
1458 2598 1585 2667 quia
1624 2595 1845 2663 dixerit,
1874 2611 1980 2649 me-

362 2690 516 2744 cum?
543 2690 778 2745 Attende
802 2691 931 2759 quia
963 2691 1312 2759 praemiserit,
1343 2706 1448 2743 non
1485 2704 1600 2760 ego.
1636 2688 1979 2757 Quapropter

366 2785 422 2840 in
452 2784 701 2840 haec"an
732 2786 924 2850 verba,
952 2800 1056 2839 non
1085 2800 1203 2856 ego,
1225 2792 1523 2845 etmrcum,
1553 2782 1723 2851 gratia
1744 2780 1838 2836 Dei
1864 2795 1980 2836 tne-

363 2878 448 2932 dia
481 2890 603 2935 est:
635 2879 790 2948 cujus
819 2887 906 2943 est
933 2882 1065 2933 vere
1097 2886 1143 2931 et
1168 2877 1298 2932 velle
1337 2887 1386 2932 et
1426 2876 1673 2946 perﬁcere
1710 2889 1806 2944 pro
1846 2873 1977 2927 bona

369 2974 629 3026 voluntate
659 2970 927 3043 (Philipp.
957 2987 1020 3036 ιι,
1055 2971 1167 3041 l5),
1200 2979 1255 3024 et
1282 2977 1460 3023 tamen
1491 2968 1771 3021 voluntate
1805 2964 1978 3021 homi-

363 3066 467 3122 nis.
504 3064 656 3120 Unde
679 3073 735 3118 et
775 3062 873 3118 ille
915 3062 1156 3119 conlisus
1203 3071 1310 3126 est.
1358 3071 1418 3117 ut
1458 3061 1686 3125 diceret,
1735 3074 1977 3114 mecum:

364 3157 488 3225 quia
512 3156 748 3223 dixerat,
773 3171 876 3211 non
898 3172 1012 3227 ego.
1040 3154 1099 3211 In
1127 3154 1407 3210 voluntate
1436 3168 1569 3223 ergo
1598 3150 1831 3205 hominis
1854 3166 1979 3221 gra-

366 3250 441 3304 tia
470 3249 666 3315 divinae
691 3248 907 3303 virtutis
936 3261 1214 3318 operatur,
1246 3262 1367 3317 quae
1397 3255 1452 3301 et
1483 3245 1587 3300 hoc
1616 3247 1793 3314 ipsum
1838 3241 1979 3299 velle

364 3344 602 3401 donavit.
636 3345 711 3400 ιω
738 3345 1073 3400 canscientia
1104 3342 1340 3398 hominis
1381 3338 1670 3411 profitetur
1708 3348 1766 3394 ut
1806 3338 1975 3407 dicat,

366 3455 468 3493 non
493 3455 586 3510 ego
607 3455 627 3493 :
652 3439 823 3509 gratia
855 3437 948 3493 Dei
976 3436 1225 3507 largitur,
1257 3445 1315 3489 ut
1340 3450 1560 3501 mecum,
1583 3430 1744 3504 597
1779 3432 1979 3487 clamat

364 3533 660 3601 Apostolus
686 3550 697 3591 :
720 3530 906 3587 Gratia
934 3530 1032 3585 Dei
1056 3546 1173 3584 sum
1199 3530 1340 3599 quod
1368 3544 1486 3584 sum
1518 3525 1570 3600 (ι
1594 3524 1715 3581 Cor.
1744 3540 1835 3592 xv,
1862 3524 1974 3596 10).

364 3628 686 3682 Meminerat
708 3626 853 3680 enim
879 3622 1095 3682 Domini
1123 3619 1478 3693 prtedicantis
1503 3636 1517 3674 :
1556 3616 1724 3672 Nemo
1751 3617 1887 3671 venit
1908 3616 1978 3670 ad

365 3738 466 3789 me,
493 3721 594 3775 nisi
612 3735 765 3790 quem
794 3717 957 3773 Pater
982 3715 1258 3771 attraxerit
1290 3711 1475 3787 (Joan.
1508 3727 1582 3781 v1,
1615 3708 1731 3781 44).
1765 3710 1830 3764 Ει
1858 3724 1977 3764 rur-

366 3829 484 3868 sum
515 3811 679 3867 alibi:
714 3808 838 3881 Ego.
857 3819 1031 3864 autem
1068 3807 1327 3862 vobiscum
1364 3820 1480 3859 sum
1517 3802 1757 3857 omnibus
1794 3800 1977 3857 diebus

365 3924 527 3978 usque
550 3906 617 3962 ad
641 3904 1137 3961 consummationem
1160 3903 1338 3958 saeculi
1366 3899 1589 3972 (Matth.
1622 3914 1813 3965 xxvut,
1855 3896 1973 3969 20).
2000 3893 2011 3903 ’

368 4005 433 4059 Ει
484 4002 538 4059 in
588 4002 697 4057 alio
736 4002 857 4056 loco
895 4000 962 4055 de
1000 3998 1207 4069 Spiritu
1247 4005 1438 4052 sancto
1474 3995 1556 4077 sic
1593 3993 1708 4048 ait:
1750 3990 1978 4063 Expedit

342 4096 530 4163 'vobis,
564 4104 617 4151 ut
645 4110 737 4166 ego
765 4108 876 4148 eam
894 4107 913 4146 :
944 4106 1066 4145 nam
1087 4091 1133 4144 si
1163 4105 1266 4144 non
1297 4087 1493 4156 abiero,
1518 4100 1622 4140 non
1645 4083 1808 4139 veniet
1839 4085 1974 4138 Con-

365 4190 560 4243 solator
583 4185 674 4241 ille
699 4186 767 4239 ad
794 4199 900 4239 vos.
936 4182 996 4239 Si
1022 4191 1198 4238 autem
1224 4180 1357 4247 iero,
1390 4179 1593 4232 mittam
1614 4192 1747 4244 eum
1781 4176 1852 4231 ad
1886 4191 1979 4233 vos

367 4280 554 4350 (Ioan.
579 4294 692 4346 xvi,
727 4278 807 4348 7).

447 4373 531 4425 ll.
563 4369 776 4435 Infelix,
805 4383 839 4423 o
866 4368 1071 4436 homo,
1098 4368 1398 4425 secundum
1430 4367 1718 4424 veritatem
1751 4370 1974 4419 senten-

2080 1855 2149 1908 lia
2184 1855 2235 1909 in
2251 1855 2506 1925 epistola,
2534 1871 2697 1926 quam
2728 1856 2793 1910 ad
2817 1856 3227 1927 Ctesiphontem
3259 1843 3483 1925 scribit;
3507 1872 3681 1927 expc-

2076 1948 2206 2001 suit.
2235 1947 2543 2004 Novissime
2569 1949 2723 2019 quasi
2746 1964 2814 2003 ex
2836 1951 3166 2019 gravissimo
3198 1964 3398 2005 somno
3432 1949 3684 2020 expergi-

2078 2055 2238 2097 scens
2287 2041 2501 2113 adjicis,
2541 2060 2561 2094 ι
2597 2040 2880 2098 Non'sine
2922 2042 3193 2107 adjutorio
3236 2043 3402 2116 598
3429 2042 3574 2098 Dei?
3618 2043 3678 2099 in

2081 2134 2185 2192 hoc
2225 2139 2370 2191 enim
2428 2146 2693 2208 repugnat
2743 2134 2844 2191 tibi
2876 2138 2992 2206 ipsa
3031 2138 3257 2203 veritas,
3309 2149 3364 2193 et
3394 2137 3677 2194 reclamat.

2080 2229 2218 2298 Quid
2241 2244 2340 2300 per
2370 2230 2708 2285 fastidiosum
2736 2240 3052 2291 tumorem.
3086 2241 3555 2302 nanseantemque
3584 2247 3678 2287 ve—

2083 2321 2397 2377 recundiam
2430 2337 2538 2375 non
2568 2322 2944 2376 necessarium
2987 2321 3084 2377 tibi
3126 2322 3179 2376 in
3223 2336 3320 2377 ore
3353 2332 3444 2377 tuo
3470 2323 3686 2392 adjuto-

2081 2417 2222 2471 rium
2246 2416 2338 2470 Dei
2379 2415 2615 2482 detines,
2646 2417 2738 2486 qui
2772 2415 2949 2471 facilia
2983 2415 3077 2470 tibi
3119 2425 3315 2472 cuncta
3350 2417 3681 2473 arbitraris?

2080 2508 2322 2564 Summis
2344 2508 2506 2563 labiis
2525 2523 2613 2564 me
2626 2508 2895 2576 honoras,
2916 2524 3012 2564 cor
3036 2517 3216 2564 autem
3247 2519 3397 2564 tuum
3416 2509 3577 2580 longe
3599 2515 3686 2564 est

2083 2616 2113 2655 a
2142 2615 2230 2656 me
2254 2598 2394 2672 (Isa.
2428 2616 2581 2670 xxix,
2610 2601 2722 2673 15).
2746 2600 2865 2657 Νοιι
2896 2608 2984 2657 est
3005 2617 3142 2672 opus
3167 2600 3383 2656 duobus
3406 2602 3460 2655 in
3492 2615 3687 2672 opera-

2084 2693 2253 2756 tione,
2276 2691 2424 2763 quod
2455 2695 2547 2747 uni
2582 2692 2742 2748 facile
2768 2702 2853 2747 est
2880 2710 2891 2745 :
2923 2691 3234 2764 frustraque
3261 2707 3321 2748 se
3339 2694 3513 2764 gratia
3544 2693 3683 2748 divi-

2085 2784 2269 2838 nitatis
2316 2784 2616 2850 interserit,
2661 2783 2755 2838 ubi
2813 2783 3013 2839 fatetur
3041 2798 3101 2841 se
3148 2786 3314 2838 homo
3349 2783 3497 2854 quod
3528 2782 3686 2839 facile

2084 2877 2280 2950 possit,
2323 2879 2366 2931 si
2404 2878 2553 2933 velit.
2587 2877 2668 2932 Tu
2700 2877 2910 2934 volenti
2957 2878 3133 2934 facilia
3165 2893 3287 2934 csse
3320 2879 3571 2933 mandata
3603 2878 3688 2933 di-

2084 2972 2214 3028 xisti
2251 2980 2348 3026 :at
2380 2987 2482 3041 ego
2510 2972 2674 3027 etiam
2725 2971 2855 3027 illud
2896 2987 3107 3040 assero,
3149 2974 3296 3043 quod
3340 2982 3397 3028 et
3444 2972 3688 3027 diflicilia

2083 3064 2236 3120 dicas
2261 3063 2547 3133 compleri.
2585 3063 2791 3119 Tamen
2816 3079 3035 3135 quoquo
3074 3065 3238 3119 modo
3266 3079 3362 3135 per
3404 3067 3681 3120 hominem

2085 3173 2249 3230 posse
2278 3160 2591 3229 promittas,
2626 3159 2912 3214 dominum
2955 3160 3257 3230 exprobras
3302 3159 3559 3225 invidiae,
3591 3163 3686 3231 qui

2081 3252 2344 3323 adjuncto
2369 3252 2641 3322 adjutorio
2667 3267 2769 3308 suo
2805 3261 2980 3308 tentet
3003 3252 3316 3316 ascribere,
3349 3253 3494 3323 quod
3532 3253 3682 3309 solus

2083 3362 2178 3416 per
2204 3345 2539 3401 voluntatem
2590 3345 2755 3399 homo
2786 3346 3055 3415 potuisset
3102 3345 3358 3415 implere.
3400 3345 3509 3399 Aut
3550 3347 3680 3398 tolle

2083 3438 2317 3505 homini,
2348 3439 2394 3493 si
2418 3438 2557 3504 velit,
2582 3446 2636 3493 et
2672 3436 2864 3508 gratiae
2904 3437 3138 3504 ascribe,
3172 3436 3312 3508 quod
3354 3437 3561 3508 possit:
3591 3448 3683 3491 aut

2082 3532 2208 3603 quia
2237 3530 2442 3586 homini
2463 3530 2657 3586 tribuis
2682 3544 2847 3600 posse
2877 3544 3001 3585 cum
3023 3531 3177 3594 velit,
3201 3543 3426 3586 remove
3457 3530 3680 3585 simula-

2084 3638 2191 3680 tam
2218 3625 2410 3694 gratize
2435 3624 2839 3695 palpatamque,
2865 3639 2965 3679 nec
2996 3624 3362 3679 cohaerentem
3389 3623 3680 3693 participa-

2083 3720 2305 3785 tionem,
2345 3726 2402 3773 et
2440 3718 2639 3773 nudam
2679 3733 2746 3773 ex
2797 3716 3126 3773 abundantia
3183 3714 3369 3771 cordis
3420 3714 3678 3787 prolitere

2080 3812 2498 3883 blasphemiam.

2154 3907 2242 3960 η.
2273 3904 2380 3962 Sed
2408 3918 2651 3960 mearum
2677 3904 2780 3959 ista
2815 3903 3050 3975 partium
3087 3916 3195 3957 non
3226 3909 3353 3957 sunt
3390 3900 3556 3956 latius
3597 3900 3679 3954 iu-

2081 3997 2282 4069 dagare
2312 4015 2323 4048 :
2358 3998 2661 4068 praesertim
2686 3997 2832 4052 unde
2860 3994 3165 4051 beatissimi
3190 4004 3395 4066 patres,
3425 3993 3681 4063 Angusti-

2081 4106 2185 4146 nus
2207 4102 2260 4146 et
2296 4091 2681 4162 Hieronymus,
2717 4088 3089 4161 plenissimam
3120 4086 3678 4143 convicttebtereseos

2083 4183 2459 4255 probationem
2496 4182 2931 4240 occidentalibus
2979 4181 3278 4252 provinciis
3309 4179 3680 4235 tradiderunt.

2083 4281 2164 4334 Ad
2195 4280 2528 4348 propositam
2556 4291 2718 4347 supra
2747 4276 2968 4332 redeam
2997 4277 3382 4346 quaestionem,
3405 4271 3472 4325 ad
3509 4285 3674 4340 quam

2083 4392 2189 4430 non
2223 4374 2413 4429 fiducia
2458 4372 2754 4429 suscitatus
2795 4371 3026 4441 ingenii,
3082 4368 3179 4425 sed
3231 4366 3427 4437 injuria
3489 4375 3672 4419 motus

372 4466 464 4520 tia:
499 4462 633 4520 Dei!
665 4463 824 4518 Pater
853 4470 904 4518 te
943 4462 1193 4529 attrahit,
1222 4461 1396 4519 Filius
1418 4470 1596 4517 tecum
1634 4471 1740 4527 est,
1774 4468 1826 4515 et
1857 4458 1975 4528 Spi-
2002 4489 2057 4550 Β
2085 4467 2312 4532 accessi,
2377 4465 2544 4530 Dicis,
2619 4479 2782 4536 pmse
2837 4466 2893 4519 in
2935 4463 3038 4518 ιιοο
3088 4460 3292 4517 saeculo
3320 4462 3443 4515 esse
3496 4456 3678 4512 hami.

373 4559 515 4612 ritus
540 4555 889 4621 consolator,
937 4565 995 4610 et
1026 4556 1079 4611 in
1121 4554 1226 4610 hac
1256 4562 1401 4610 tanta
1432 4553 1631 4609 divina:
1672 4550 1977 4621 majestatis-

371 4647 787 4705 circumstantia
836 4646 1009 4702 audes
1058 4645 1287 4702 dicere:
1325 4663 1345 4699 ι
1383 4644 1570 4702 Gratia
1610 4644 1833 4716 quidem
1878 4642 1975 4698 Dei

370 4740 688 4810 adjuvante,
712 4739 808 4795 sed
843 4753 961 4794 mea
1013 4736 1378 4809 possibilitate
1418 4751 1538 4793 sum
1589 4736 1735 4807 quod
1765 4735 1922 4793 sum?
1952 4755 1971 4790 s

378 4836 598 4890 Asseris
632 4833 776 4889 enim
801 4847 944 4888 nunc
971 4839 1098 4903 post
1125 4831 1268 4887 hanc
1306 4832 1511 4886 sociam
1545 4829 1769 4900 antiquo
1796 4829 1977 4885 errori

372 4926 811 4985 emendationem
844 4945 857 4978 :
896 4945 916 4980 ι
954 4927 1145 4983 Potest
1201 4925 1367 4982 homo
1406 4928 1525 4981 sine
1568 4934 1797 4996 peccato
1852 4941 1977 4982 esse

373 5036 498 5076 cum
530 5020 622 5076 Dei
646 5019 960 5090 adjotorio:
995 5037 1014 5071 ›
1049 5034 1377 5090 quamquam
1408 5021 1462 5075 in
1498 5020 1640 5076 libro
1661 5029 1777 5087 tuo,
1811 5035 1972 5091 quem

375 5115 814 5171 testimoniorum
839 5113 1152 5170 titulatione
1173 5114 1423 5184 signasti,
1457 5114 1575 5168 haec
1604 5114 1720 5184 ipsa
1750 5125 1978 5170 senten-

377 5212 474 5276 tia,
506 5211 610 5264 hoc
643 5209 805 5265 modo
831 5209 1147 5278 coiiscripta
1176 5209 1268 5274 sit,
1298 5225 1317 5258 ι
1353 5221 1513 5278 posse
1539 5207 1818 5263 hominem
1851 5209 1974 5265 sine

376 5313 604 5375 peceato
634 5316 778 5367 esse,
799 5310 860 5357 et
882 5299 1040 5356 facile
1075 5300 1168 5355 Dei
1191 5298 1448 5354 mandata
1467 5298 1770 5364 custodire,
1798 5300 1846 5354 si
1878 5314 1972 5355 ve-

378 5398 460 5452 lit.
495 5415 514 5448 ι
552 5395 711 5450 Nulla
741 5394 815 5449 ibi
847 5393 1019 5464 gratia
1060 5392 1176 5459 Dei,
1212 5391 1419 5446 nullum
1441 5389 1775 5459 adiutorium
1801 5390 1977 5446 uomi-

376 5495 563 5544 natum
586 5497 665 5542 est
680 5528 694 5552 ,
720 5484 1025 5556 quamlibet
1052 5482 1248 5539 crebro
1266 5482 1421 5538 dicas
1440 5481 1509 5536 de
1530 5481 1704 5552 gratia
1730 5481 1849 5548 Dei,
1867 5498 1976 5536 non

375 5582 503 5637 ideo
534 5579 752 5649 negavi,
780 5578 905 5649 quia
935 5591 1042 5632 non
1086 5575 1234 5643 dixi,
1273 5575 1369 5631 sed
1420 5574 1541 5629 ideo
1582 5575 1787 5631 dixisse
1831 5578 1979 5633 acci-

379 5674 614 5746 piendos
644 5688 789 5739 sum,
842 5669 968 5741 q'uia
1009 5685 1118 5723 non
1162 5670 1374 5740 negavi.
1410 5667 1574 5737 Quasi
1623 5684 1756 5725 vero
1792 5679 1850 5726 et
1875 5670 1977 5727 Stt-

380 5781 553 5829 sanna
595 5764 721 5828 ideo
740 5762 808 5821 de
830 5760 1101 5825 adulterio
1122 5760 1373 5818 confessa
1414 5760 1686 5819 credenda
1716 5762 1805 5830 sit,
1850 5766 1975 5839 quia

2082 4585 2205 4626 nem
2236 4569 2357 4621 sine
2385 4570 2612 4635 peccato
2651 4575 2774 4617 cum
2809 4559 2905 4613 Dei
2936 4555 3233 4625 adiutorio.
3265 4552 3345 4608 'l‘u
3373 4551 3532 4619 dicis,
3577 4564 3679 4620 po-

2082 4674 2187 4721 test
2215 4664 2380 4717 homo
2412 4678 2423 4713 :
2450 4674 2551 4727 ego
2579 4639 2724 4723 dico,
2774 4662 2949 4724 poleSt
2980 4650 3149 4707 Deus.
3177 4648 3315 4704 Tres
3360 4647 3414 4701 in
3457 4644 3687 4700 camino

2081 4770 2281 4829 pueros
2319 4762 2561 4809 mstuans
2588 4750 2887 4805 introrsum
2919 4745 3136 4800 flamma
3171 4758 3280 4799 non
3310 4740 3453 4795 ltesit
3504 4735 3673 4808 (Dan.

2078 4851 2186 4921 ιιι).
2226 4846 2361 4915 Quis
2390 4859 2578 4901 eorum
2620 4840 2762 4912 quod
2793 4850 2982 4895 contra
3030 4846 3282 4893 naturam
3324 4832 3526 4887 factum
3567 4840 3674 4896 εει,

2084 4944 2281 5016 potuit,
2328 4951 2582 4996 utrumne
2613 4937 2738 5008 ipsi,
2768 4951 2836 4991 an
2857 4942 3085 5006 quartus
3107 4931 3159 4986 in
3189 4928 3371 4986 medio
3394 4940 3583 4984 eorum
3607 4926 3678 4979 si-

2085 5036 2226 5091 milis
2271 5034 2384 5093 lilio
2416 5033 2551 5089 Dei?
2587 5033 2861 5102 Leprosus
2895 5029 3167 5085 exclamat
3193 5045 3205 5079 :
3229 5024 3472 5089 Domine,
3490 5022 3537 5076 si
3578 5020 3675 5084 vis,

2086 5138 2227 5196 potes
2263 5145 2343 5181 nte
2363 5126 2620 5182 mundare
2652 5123 2867 5196 (Matth.
2915 5136 3031 5187 vm,
3069 5118 3149 5190 ‘2),
3186 5114 3544 5188 possibilitate
3585 5125 3682 5164 vo-

2085 5220 2343 5276 Iuntatem
2372 5218 2751 5282 manifestans,
2785 5215 3121 5270 voluntatem
3156 5209 3517 5281 possibilitate
3542 5216 3680 5258 con-

2085 5314 2330 5368 firmans.
2357 5310 2478 5381 Ipse
2519 5318 2602 5366 est
2631 5310 2777 5366 enim
2811 5307 2992 5375 solus,
3024 5304 3111 5361 cui
3154 5319 3276 5359 cum
3324 5300 3483 5365 velit,
3515 5309 3678 5367 posse

2084 5406 2352 5463 subsistit.
2385 5404 2749 5460 Accesserunt
2772 5400 2839 5455 ad
2866 5415 2992 5456 eum
3020 5397 3175 5459 caeci,
3206 5404 3264 5448 ut
3306 5391 3680 5447 illuminaren-

2080 5510 2186 5567 tur,
2217 5509 2437 5555 orantes
2467 5517 2478 5551 :
2512 5498 2707 5569 quibus
2749 5497 2827 5550 ait
2869 5493 3025 5550 Jcsus
3054 5511 3064 5544 :
3098 5487 3342 5551 Creditis,
3387 5483 3527 5556 quod
3558 5498 3679 5551 pos-

2078 5610 2197 5649 sum
2216 5591 2313 5648 hoc
2336 5592 2507 5663 facere
2529 5589 2695 5664 (Ibid.
2709 5631 2722 5657 ,
2749 5589 2843 5660 28)
2861 5589 2886 5641 ’ἐ
2906 5585 3165 5643 Dominus
3186 5578 3438 5635 Christus
3466 5588 3680 5629 summo

2081 5686 2306 5757 przrmio
2340 5684 2462 5739 fidei
2489 5684 2705 5755 dignum
2741 5681 2969 5751 jndicat,
2998 5677 3043 5732 si
3065 5677 3186 5745 quis
3218 5672 3332 5727 haec
3357 5670 3547 5725 Filium
3584 5668 3681 5723 Dei

2082 5791 2245 5857 posse
2275 5775 2603 5844 crediderit,“
2622 5784 2678 5831 et
2706 5771 3053 5831 Britannicus
3092 5771 3303 5833 noster,
3349 5776 3475 5830 mox
3505 5771 3562 5817 ot
3587 5775 3681 5821 vo-
