4110 6168
414 208 554 268 H85

1834 199 2040 260 PAULI
2077 199 2306 258 OROSll

408 325 591 395 luerit,
621 338 680 380 se
709 337 872 398 posse
901 321 1169 381 conlidit?
1211 319 1384 378 Fideli
1417 318 1716 391 paralytico
1746 318 2010 374 Dominus
2036 318 2085 378 Α
2113 314 2344 370 familias
2386 312 2506 369 sine
2540 320 2766 384 peccato
2815 311 2938 378 fuit,
2967 312 3056 369 cui
3093 321 3220 368 tunc
3250 312 3436 383 utique
3466 321 3492 348 ιι
3543 308 3726 380 major

409 419 544 476 dicit
576 440 587 475 :
613 420 865 475 Constans
887 427 1017 486 esto,
1041 417 1139 487 ﬁli,
1165 415 1384 470 dimissa
1417 424 1538 469 sunt
1566 413 1656 468 tibi
1687 420 1898 482 peccata
1924 420 2015 467 tua

415 512 635 587 (Matth.
666 528 745 580 ιιι,
774 511 872 584 20)
894 531 906 565 :
927 520 984 567 et
1015 524 1160 566 nunc
1180 523 1355 565 novus
1372 508 1630 579 magister
1658 505 2015 576 ministerque

420 621 758 672 mensarum,
814 604 978 677 599
1024 602 1404 658 remissionem
1433 607 1782 671 peccatorum
1829 596 1897 651 de
1917 610 2016 652 sua

415 701 590 772 magis
619 714 783 755 ausus
817 708 901 754 est
922 696 1282 769 possibilitate
1305 707 1663 766 praesumere,
1695 706 1794 747 nec
1821 689 1889 746 de
1912 689 2017 744 Do-

415 796 565 852 mino
578 800 860 866 exspectat
879 791 1106 848 audire?
1122 789 1329 846 Scriba:
1351 803 1460 844 non
1483 785 1846 855 intelligentes
1871 783 2017 840 veri-

415 898 603 955 tatem,
620 893 963 944 murmurant
978 895 1032 941 ‘et
1049 884 1264 940 dicunt:
1287 882 1415 952 Quis
1433 889 1597 953 potest
1623 879 1881 933 dimittere
1901 892 2017 946 pec-

417 993 559 1050 cata,
591 983 692 1037 nisi
717 980 860 1035 solus
885 978 1026 1033 Deus
1045 978 1243 1051 (Marc.
1273 992 1331 1044 tt,
1353 974 1444 1046 7)?
1468 975 1536 1030 Et
1561 973 1649 1029 hic
1669 971 1874 1028 abolita
1894 983 2018 1026 esse

414 1076 640 1148 judicat,
675 1091 795 1146 qua:
824 1074 994 1129 Deum
1023 1072 1232 1128 nesciat
1261 1069 1555 1126 dimisisse.

488 1169 577 1224 l5.
606 1167 748 1223 Ecce
780 1165 998 1222 inflatus
1031 1165 1227 1236 Spiritu
1257 1163 1438 1219 carnis
1480 1171 1607 1230 tute,
1633 1170 1903 1230 tamquam
1929 1170 2021 1212 su-

416 1274 516 1332 per
562 1258 695 1314 nihil
724 1259 825 1324 sit,
857 1258 1030 1314 libero
1061 1256 1332 1327 superbus
1378 1253 1604 1311 arbitrio
1626 1293 1640 1318 ,
1681 1250 1935 1324 gloriaris
1965 1259 2023 1306 et

418 1352 553 1408 dicis
580 1371 590 1406 :
619 1351 882 1408 Peccator
901 1365 1019 1406 sum
1044 1350 1169 1420 quia
1194 1348 1340 1415 volo,
1367 1361 1532 1417 pecco
1555 1345 1683 1401 dum
1713 1343 1870 1410 volo;
1896 1357 2019 1397 cum

418 1453 602 1499 autem
635 1457 853 1498 rursum
881 1441 1137 1509 voluero,
1185 1454 1405 1511 possum
1445 1452 1569 1492 esse
1606 1435 1725 1491 sine
1773 1442 2018 1505 peccato.

418 1535 576 1606 Quod
604 1535 761 1602 dicis,
787 1549 954 1606 pecco
978 1549 1104 1589 cum
1129 1533 1272 1598 volo,
1299 1547 1486 1588 verum
1510 1537 1628 1586 est:
1655 1528 1779 1600 quia
1801 1536 1858 1582 et
1877 1525 2021 1597 quod

416 1643 587 1698 opere
614 1643 722 1684 non
762 1626 988 1696 feceris,
1020 1625 1346 1696 cogitatione
1401 1623 1578 1679 fecisti
1612 1641 1623 1676 :
1671 1636 1859 1678 rursus
1899 1633 2022 1674 cum

2117 403 2310 461 domus
2337 403 2582 461 credenti
2617 404 2836 461 initium
2861 405 3053 460 salutis
3077 405 3339 460 intravit?
3365 403 3500 458 Nam
3530 411 3587 457 et
3609 401 3721 456 Da-

2118 496 2209 554 vid
2248 512 2374 554 cum
2419 507 2700 567 peccasset
2730 498 3014 569 ingemuit.
3051 498 3118 552 Et
3145 497 3392 567 quamvis
3432 493 3728 551 meruisset

2117 591 2309 648 audire
2346 590 2630 648 dimissum
2659 592 2762 648 sibi
2785 607 2920 648 esse
2967 591 3259 656 delictum,
3316 590 3487 646 multo
3535 598 3726 644 tamen
3805 663 3809 666 .

2118 693 2308 755 postea
2355 684 2590 756 idipsum
2622 685 2818 742 exsilio
2841 727 2855 751 ,
2887 695 2943 742 et
2975 685 3210 756 plurimo
3259 683 3499 755 expiavit
3523 698 3732 754 oppro-

2118 777 2238 834 brio
2271 797 2283 832 :
2327 789 2384 834 ut
2424 779 2712 835 manifeste
2740 788 2796 835 et
2839 793 2999 852 pcena
3029 779 3079 834 itt
3125 778 3381 849 praesenti
3423 777 3639 833 reddita
3671 786 3733 833 et

2119 873 2374 929 remissio
2415 874 2466 929 in
2507 873 2748 929 futurum
2783 873 3058 930 reddenda
3087 872 3335 929 videatur
3365 892 3377 926 :
3413 881 3467 927 et
3494 887 3591 942 per
3619 871 3731 926 hoc

2120 964 2266 1022 Deus
2301 965 2530 1021 ntultum
2579 965 2971 1021 misericordia:
3015 964 3389 1034 ingemiscenti
3437 963 3733 1018 donaverit

2120 1059 2425 1128 peccatori,
2460 1067 2519 1113 ut
2568 1068 2852 1130 peccatum
2888 1057 3034 1129 quod
3092 1065 3267 1112 morte
3311 1055 3535 1126 dignum
3581 1065 3728 1122 erat,

2123 1151 2455 1222 temporaria
2498 1151 2852 1214 castigatiOne
2879 1160 3158 1220 purgaret.
3195 1148 3420 1204 Ananiae
3449 1147 3521 1204 de
3551 1147 3726 1202 Paulo

2122 1242 2322 1299 dicitur
2343 1285 2357 1311 ,
2397 1244 2674 1314 querelam
2721 1244 2789 1299 de
2820 1243 3197 1316 persecutione
3223 1242 3339 1313 ejus
3363 1257 3486 1297 cum
3531 1242 3732 1297 timore

2123 1337 2341 1394 facienti
2375 1357 2386 1391 :
2418 1337 2527 1409 Ego
2565 1337 2862 1392 monstrabo
2895 1335 2976 1391 illi
3013 1345 3208 1407 quanta
3239 1337 3464 1408 patietur
3509 1345 3727 1408 prapter

2123 1447 2308 1485 nomen
2339 1447 2505 1484 meum
2538 1430 2678 1502 (Act.
2713 1445 2789 1495 ιιι,
2822 1429 2943 1500 16);
2976 1439 3033 1483 ιιι
3061 1445 3183 1484 cum
3220 1428 3415 1484 Paulus
3446 1429 3519 1484 ibi
3546 1429 3727 1483 solve-

2123 1534 2304 1593 retur,
2354 1524 2444 1581 ubi
2475 1525 2697 1596 ligasset
2725 1523 3106 1595 persequendo
3135 1522 3411 1578 Christum
3431 1564 3446 1589 ,
3476 1537 3605 1578 mox
3639 1537 3732 1593 pa-

2128 1616 2311 1673 tiendo
2359 1632 2456 1687 pro
2485 1617 2701 1673 Christo
2723 1660 2736 1684 ,
2770 1615 3064 1672 tribulatus
3092 1630 3263 1686 usque
3304 1615 3371 1671 ad
3401 1626 3639 1671 mortem
3678 1617 3730 1671 in

417 1721 567 1784 volo,
598 1735 704 1776 non
736 1733 922 1790 pecco,
957 1719 1153 1774 durum
1184 1717 1401 1786 quidem
1424 1731 1489 1772 ac
1519 1714 1764 1781 difficile,
1797 1727 1896 1768 nec
1922 1727 2022 1783 per
2052 1709 2100 1771 B
2126 1713 2534 1768 resurrect'one
2591 1710 2926 1783 gloriﬁcatus
2986 1711 3274 1766 existeret.
3340 1710 3415 1766 lta
3475 1711 3536 1765 ﬁt
3603 1711 3730 1780 quia

419 1815 601 1870 omnia
633 1814 854 1883 subest,
905 1813 1000 1868 sed
1031 1822 1210 1870 tamen
1238 1813 1532 1883 aliquando
1576 1809 1690 1865 fieri
1723 1823 1884 1880 posse
1914 1822 2022 1863 non

420 1910 643 1965 dubium
685 1917 806 1965 est:
851 1917 906 1964 at
951 1923 1083 1964 vero
1134 1921 1297 1979 posse
1349 1921 1472 1962 esse
1511 1905 1631 1961 sine
1658 1913 1904 1976 peccato,
1931 1900 2023 1971 qui

417 2000 709 2071 aliquando
755 1999 1101 2070 peccaverit,
1147 1997 1488 2068 impossibile
1528 2004 1612 2052 est
1653 1995 1858 2066 absque
1907 1993 2021 2048 sola

418 2096 592 2167 gratia
623 2093 894 2164 baptismi,
927 2080 1018 2148 tibi
1049 2108 1115 2147 ex
1146 2107 1376 2164 persona
1409 2090 1620 2146 Domini
1653 2089 1882 2145 dicitur:
1915 2086 2022 2142 Ile-

421 2187 580 2242 missa
611 2195 732 2241 sunt
774 2185 866 2240 tibi
902 2195 1112 2256 peccata
1160 2194 1272 2237 tua.
1306 2184 1460 2252 Quod
1501 2183 1735 2239 suadeor
1763 2181 2018 2237 credere:

417 2281 543 2351 quia
574 2280 854 2348 permittor
883 2278 1094 2332 audire.
1125 2276 1351 2332 Possum
1380 2291 1512 2347 ergo
1536 2290 1660 2332 esse
1689 2274 1806 2331 sine
1837 2288 2026 2344 pecca-

424 2381 500 2437 to,
538 2371 590 2424 itt
638 2369 740 2425 ltac
786 2369 1067 2425 dumtaxat
1095 2368 1448 2437 corruptione
1491 2383 1598 2439 qna
1627 2367 1880 2432 vivimus,
1917 2381 2025 2420 non

422 2463 694 2533 suscipio,
725 2476 831 2518 non
864 2476 1168 2533 praesumo,
1217 2477 1323 2517 non
1354 2459 1537 2516 audio.
1586 2459 1641 2516 Si
1673 2462 1817 2516 enim
1853 2458 2024 2514 David

419 2565 543 2611 orat
571 2557 636 2611 ad
662 2556 951 2611 Dominum
971 2554 1107 2608 :Tibi
1129 2555 1228 2608 soli
1257 2555 1480 2625 peccavi,
1507 2563 1554 2608 et
1575 2552 1769 2608 malum
1790 2561 2026 2607 coramtc

421 2649 522 2721 feci
547 2646 724 2718 (Psal.
757 2663 812 2714 L,
835 2646 923 2718 6):
957 2657 1007 2702 et
1041 2646 1336 2702 secundum
1368 2645 1748 2717 Apocalypsitn
1774 2644 2020 2709 Joannis,

419 2738 704 2811 judicandi
753 2747 881 2794 sunt
907 2738 1108 2794 mortui
1135 2753 1201 2794 ex
1231 2738 1315 2793 his
1342 2783 1356 2806 ,
1387 2754 1509 2809 qua:
1539 2753 1722 2793 coram
1756 2738 1866 2793 Deo
1897 2752 2024 2808 pec-

417 2842 702 2900 caverunt,
732 2847 796 2888 ex
825 2831 910 2887 his
932 2847 1052 2902 qua:
1081 2831 1285 2903 scripta
1319 2839 1446 2887 sunt
1479 2830 1728 2896 inlibris,
1759 2827 2027 2900 recipien-

419 2936 502 2994 tes
532 2925 828 2982 secundum
865 2940 1030 2996 opera
1074 2941 1168 2982 sua
1204 2925 1393 2998 (Apoc.
1437 2941 1506 2980 xx
1531 2967 1546 2992 ,
1577 2926 1660 2997 2).
1709 2925 1816 2980 Cur
1845 2939 2024 2981 meum

420 3017 568 3074 circa
591 3033 680 3074 me
701 3033 972 3088 praesumo
997 3017 1284 3088 judicium,
1307 3017 1354 3074 si
1379 3033 1466 3073 me
1489 3018 1603 3073 scio
1626 3017 1786 3074 etiam
1811 3018 1880 3074 de
1909 3018 2026 3087 ipso

2128 1805 2506 1862 misericordia
2543 1815 2598 1861 et
2637 1807 2839 1861 veritas
2881 1814 3127 1878 praeeunt
3155 1819 3371 1874 semper
3404 1805 3602 1860 faciem
3638 1805 3732 1860 Dei

2129 1898 2303 1970 (Psal.
2323 1915 2391 1954 ιιι
2406 1916 2426 1951 x
2439 1915 2597 1965 xvttt,
2615 1898 2730 1970 l5),
2749 1908 2808 1953 ut
2828 1899 2872 1954 si
2896 1897 2949 1953 in
2979 1909 3226 1968 tempore
3249 1898 3316 1952 ab
3341 1897 3735 1968 ingemiscente

2127 1991 2492 2047 voluntarium
2525 1991 2892 2056 sacrificium,
2941 1999 2999 2045 ut
3041 1991 3244 2045 veritas
3275 1990 3328 2043 in
3355 1988 3729 2044 misericordia

2127 2086 2255 2151 liat,
2297 2084 2651 2141 contribulati
2686 2085 2912 2154 spiritus
2936 2089 2993 2140 et
3018 2082 3240 2140 contriti
3272 2081 3451 2138 cordis
3481 2079 3727 2147 offertur,

2126 2181 2182 2236 in
2207 2179 2315 2236 fine
2339 2180 2716 2236 misericordia
2743 2180 2946 2250 judicio
2972 2179 3316 2251 prmferatur.

2200 2273 2289 2329 ‘15.
2315 2273 2575 2328 Dominus
2599 2272 2849 2328 Christus
2872 2273 3133 2328 venturus
3155 2271 3208 2326 in
3237 2269 3407 2342 gloria
3434 2269 3530 2324 Dei
3552 2267 3733 2323 Patris

2127 2377 2182 2424 ct
2202 2368 2443 2438 creditur
2464 2378 2519 2423 et
2540 2376 2813 2438 speratur,
2832 2366 3178 2436 jndicaturns
3208 2366 3359 2420 vivos
3386 2371 3440 2420 et
3465 2373 3732 2430 mortuos,

2127 2479 2158 2516 a
2192 2437 2618 2534 cujusaspectu,
2653 2469 2712 2515 ut
2737 2458 3022 2530 Scriptura
3047 2465 3301 2522 testatur,
3345 2458 3507 2527 fugiet
3548 2457 3736 2510 caelum

2127 2563 2175 2609 et
2218 2563 2353 2608 terra
2397 2553 2585 2624 (Apoc.
2620 2569 2711 2619 xx,
2758 2551 2885 2623 ll):
2941 2561 2998 2606 et
3043 2551 3282 2605 existunt
3328 2548 3611 2614 homines,
3639 2548 3735 2619 qtti

2129 2659 2266 2711 nec,
2322 2655 2542 2715 pr0pter
2585 2643 2949 2716 ignorantiam
2975 2685 2988 2711 ,
3022 2653 3079 2698 ut
3121 2658 3230 2698 non
3277 2643 3474 2708 dicant,
3513 2653 3738 2712 propter

2127 2743 2516 2799 conscientiam
2544 2783 2561 2810 ,
2604 2740 2811 2812 judicio
2858 2748 3255 2811 superventuro
3299 2737 3575 2808 subjectos
3613 2751 3737 2793 esse

2127 2851 2189 2893 se
2213 2836 2480 2906 judicent,
2513 2849 2614 2891 nec
2637 2833 2929 2891 adventum
2954 2833 3170 2888 Domini
3201 2831 3738 2902 illustratinnemque

2127 2928 2363 3002 fulgoris
2399 2929 2552 3000 ejus,
2583 2927 2872 2984 elementis
2918 2926 3259 2992 ardentibus,
3291 2937 3345 2981 et
3375 2925 3582 2980 mundo
3611 2943 3739 2996 per-

2129 3033 2316 3093 eunte,
2366 3023 2641 3096 trepident
2663 3023 2730 3095 (11
2757 3021 2873 3077 Pet.
2896 3037 2975 3090 ιιι,
2999 3020 3110 3092 10).
3139 3020 3286 3088 Quos
3313 3035 3377 3075 ex
3401 3019 3509 3074 illis
3531 3019 3652 3076 fore
3678 3021 3739 3074 ti-

414 3109 818 3183 judicandum?
848 3110 1024 3165 Autsi
1067 3109 1189 3164 libri
1225 3109 1299 3164 illi
1329 3110 1470 3165 sacri
1502 3123 1794 3180 numquam
1828 3109 1932 3164 nisi
1971 3110 2023 3163 itt
2050 3103 2096 3165 C
2129 3117 2354 3187 meo,dc
2374 3117 2570 3188 quibus
2592 3124 2890 3186 praemonet
2909 3117 3166 3170 Dominus
3191 3134 3202 3168 ε
3229 3113 3386 3168 Multi
3409 3117 3543 3168 enim
3561 3115 3738 3169 dicent

417 3203 627 3275 judicio
658 3201 961 3273 aperiendi,
993 3201 1195 3272 pariter
1221 3201 1344 3257 vita:
1376 3210 1576 3258 nostra:
1602 3201 1745 3258 bona
1777 3205 2027 3274 malaque

423 3297 760 3367 suscipiunt,
794 3311 1026 3364 examen
1067 3295 1258 3366 judicii
1309 3295 1364 3351 in
1419 3295 1659 3366 pondere
1709 3295 2023 3366 praebituri,

422 3389 696 3462 quomodo
732 3391 853 3446 sine
897 3389 1143 3445 examine
1173 3389 1228 3444 in
1278 3390 1379 3445 hac
1403 3391 1508 3446 vita
1537 3399 1592 3446 et
1623 3399 1748 3446 ante
1797 3399 2027 3446 tttortettt

427 3483 662 3538 abolitos
683 3497 804 3537 esse
826 3483 1226 3552 cognoscimus,
1248 3497 1382 3553 quos
1404 3499 1510 3538 tton
1537 3483 1711 3538 solum
1743 3492 1864 3552 post
1886 3499 2030 3538 mor-

427 3586 560 3644 tem,
595 3591 781 3631 verunt
821 3576 982 3631 etiam
1010 3586 1133 3647 post
1159 3574 1611 3632 resurrectionem
1642 3577 1875 3649 legimus
1906 3592 2031 3648 pro-

425 3668 717 3725 ferendos?
744 3669 856 3740 Ego
885 3669 938 3724 in
975 3677 1242 3739 potestate
1273 3669 1435 3724 ltabui
1463 3684 1718 3740 peccare:
1754 3671 1971 3726 liberari
1999 3685 2028 3724 a

427 3770 655 3834 peccato
687 3762 740 3816 in
773 3769 1038 3832 potestate
1088 3775 1196 3818 non
1225 3761 1418 3817 habeo.
1461 3763 1675 3818 Precari
1705 3779 1894 3820 meum
1922 3773 2027 3828 est,

430 3854 643 3910 absolvi
671 3869 776 3910 non
797 3855 1119 3911 tnenm.Uhi
1139 3869 1269 3910 vero
1287 3863 1509 3926 peccato
1539 3871 1626 3910 me
1657 3855 1802 3923 dedi,
1835 3870 2029 3911 servus

426 3948 600 4003 factus
629 3964 749 4002 sunt
780 3947 1138 4014 accusatoris,
1171 3949 1533 4018 reusjudicis.
1561 3949 1785 4003 Possunt
1814 3959 2032 4018 propter

427 4041 766 4096 assiduatum
801 4055 1018 4110 precum
1051 4039 1328 4110 przcmissa
1383 4039 1638 4109 suffragia
1684 4041 1751 4096 de
1779 4040 1922 4095 bono
1944 4041 2034 4110 ju-

426 4133 550 4190 dice
581 4148 734 4202 Spem
777 4131 919 4190 ferre
947 4151 958 4186 :
1005 4132 1348 4187 innocentem
1381 4132 1500 4187 sine
1531 4135 1724 4188 timore
1752 4135 2035 4190 conscien-

428 4229 560 4284 tiam
604 4237 728 4282 ante
773 4224 1265 4297 promulgationem
1302 4225 1587 4281 scntentiae
1621 4227 1895 4284 vindicare
1924 4243 2032 4284 non

430 4338 671 4395 possunt.
712 4321 852 4378 Dicit
901 4322 1047 4376 enim
1077 4321 1407 4391 Apostolus:
1462 4319 1641 4376 Nolite
1673 4331 1792 4377 ante
1833 4331 2034 4393 tempus

427 4419 593 4490 600
619 4420 743 4489 quid
760 4417 1039 4490 judicare,
1075 4415 1237 4469 donec
1264 4415 1430 4470 veniat
1462 4413 1734 4481 Dominus,
1768 4419 1858 4486 qui
1883 4426 1931 4471 et
1965 4417 2034 4470 il-

2125 3212 2287 3284 601
2319 3212 2373 3265 in
2401 3209 2496 3265 illa
2527 3210 2610 3265 die
2638 3210 2926 3282 (homines
2951 3208 3165 3264 scilicet
3189 3207 3257 3263 de
3291 3207 3380 3262 illa
3403 3208 3612 3263 carnali
3652 3221 3743 3261 ar-

2128 3307 2394 3375 rogantia,
2420 3319 2522 3374 qua
2546 3302 2797 3358 homines
2815 3301 3169 3370 scducehant,
3199 3311 3254 3357 et
3274 3316 3382 3355 non
3409 3311 3516 3356 tam
3538 3315 3734 3356 coram

2136 3400 2272 3469 Deo,
2309 3414 2468 3470 quam
2503 3398 2682 3454 adhuc
2708 3398 2853 3470 apud
2882 3398 3215 3467 semetipsits
3242 3396 3438 3467 jusri):
3469 3395 3690 3450 Domine
3720 3437 3736 3459 ,

2132 3493 2374 3559 Domine,
2408 3509 2577 3547 nonne
2621 3493 2676 3546 in
2704 3494 2909 3546 nomine
2963 3500 3049 3544 tuo
3100 3489 3542 3562 prophetavimus,
3581 3499 3632 3542 et
3681 3490 3736 3542 in

2131 3586 2336 3640 nomine
2365 3593 2454 3638 tuo
2485 3585 2695 3638 virtutes
2725 3583 3231 3653 magnasfecimus?
3263 3581 3328 3634 Et
3361 3590 3486 3635 tunc
3514 3597 3610 3652 ego
3644 3584 3743 3652 ju-

2129 3681 2252 3734 rabo
2283 3677 2415 3747 illis,
2448 3688 2494 3732 et
2526 3679 2695 3732 dicant
2729 3694 2741 3730 :
2776 3675 2902 3731 Non
2953 3676 3070 3729 novi
3116 3691 3234 3740 ros;
3265 3674 3517 3730 discedite
3556 3690 3591 3726 a
3632 3690 3736 3740 me,

2133 3772 2360 3842 operarii
2381 3770 2670 3840 iniquitatis
2699 3766 2929 3840 (Matth.
2961 3782 3056 3830 vn,
3089 3765 3182 3829 22,
3212 3765 3337 3837 9'5).
3390 3765 3610 3819 Dicitur
3641 3780 3742 3834 per

2133 3863 2457 3934 prephetam
2491 3861 2656 3916 David
2700 3861 2754 3915 in
2797 3874 3031 3930 persona
3068 3858 3268 3914 Christi
3300 3877 3312 3911 :
3342 3857 3586 3924 Domine,
3621 3859 3741 3929 quis

2135 3957 2385 4012 habitabit
2415 3958 2470 4010 in
2513 3955 2849 4010 tabernaculo
2901 3963 3011 4017 tuo,
3064 3964 3152 4008 aut
3191 3956 3305 4024 quis
3353 3954 3636 4021 requiescet
3681 3956 3737 4006 in

2135 4062 2306 4104 monte
2337 4060 2424 4104 tuo
2455 4057 2636 4103 sancto
2658 4049 2680 4102 ἶ)
2706 4046 2804 4114 Qui
2827 4047 3116 4120 ingreditur
3147 4046 3256 4100 sine
3279 4047 3508 4110 macula,
3540 4058 3587 4100 et
3617 4064 3744 4116 cpe-

2135 4150 2283 4198 ratur
2305 4142 2571 4214 justitiam
2604 4139 2786 4209 (Psal.
2821 4155 2935 4204 stv,
2969 4141 3020 4205 1,
3049 4137 3140 4210 9.).
3175 4139 3286 4194 Hoc
3315 4149 3399 4195 est
3429 4155 3627 4195 revera
3656 4140 3745 4194 tli-

2137 4253 2266 4294 ccre
2296 4256 2306 4290 :
2333 4237 2423 4308 qui
2454 4224 2632 4308 potest
2660 4250 2802 4302 esse,
2837 4247 2891 4291 et
2918 4247 3000 4290 est
3032 4237 3152 4291 sine
3190 4244 3438 4306 peccato.
3492 4235 3630 4290 Nam
3680 4247 3744 4290 et

2139 4330 2254 4400 ipse
2286 4329 2352 4384 de
2383 4343 2444 4384 se
2470 4329 2732 4383 Dominus
2760 4327 2836 4382 ait
2861 4346 2873 4381 :
2909 4326 3056 4383 Venit
3085 4328 3325 4398 princeps
3348 4327 3531 4382 mundi
3552 4328 3739 4400 hujus,

2137 4431 2185 4477 et
2217 4421 2348 4477 nihil
2375 4423 2426 4476 in
2479 4438 2558 4476 me
2601 4421 2799 4475 invenit
2846 4437 2999 4474 suum
3031 4419 3226 4492 (Joan.
3277 4437 3389 4486 xtv,
3435 4420 3562 4492 50).
3596 4420 3742 4489 Quid

427 4511 702 4567 luminabit
730 4510 936 4565 occulta
967 4507 1313 4574 tenebrarum,
1358 4518 1406 4562 et
1435 4508 1788 4578 manifestabit
1816 4509 2032 4564 consilia
2060 4492 2112 4552 Ῑ)
2135 4515 2279 4571 enim
2308 4522 2392 4570 est
2413 4513 2698 4570 diabolus?
2727 4513 2881 4569 Haud
2912 4513 3132 4568 dubium
3159 4514 3288 4584 quin
3318 4523 3625 4584 peccatum.
3656 4515 3737 4569 Ab

426 4605 662 4658 cordium
682 4621 698 4654 :
727 4611 773 4658 et
808 4612 930 4657 tunc
953 4602 1068 4656 laus
1097 4601 1192 4654 erit
1233 4601 1510 4671 unicuique
1529 4617 1561 4654 a
1591 4599 1698 4655 Deo
1730 4601 1774 4674 (Ι
1801 4601 1921 4656 Cor.
1953 4617 2032 4670 tv,

428 4696 506 4770 5).
552 4697 803 4768 Alioquin
828 4696 873 4751 si
913 4696 965 4750 itt
999 4702 1266 4766 potestate
1306 4693 1544 4749 hominis
1571 4704 1676 4758 est,
1709 4693 2030 4750 ut'liberum

431 4805 494 4845 sc
518 4791 634 4860 ipse
666 4788 825 4844 faciat
847 4803 872 4841 a
907 4796 1133 4858 peccato
1160 4801 1287 4841 suo:
1316 4795 1410 4840 aut
1439 4800 1548 4841 non
1571 4795 1651 4840 est
1677 4784 1841 4855 judex
1873 4785 2031 4842 Chri-

434 4891 572 4949 stus,
603 4892 693 4937 aut
733 4881 935 4938 frustra
963 4889 1066 4936 cst.

503 4975 590 5029 M.
621 4973 728 5029 Sed
759 4973 925 5030 dicis:
946 4973 1056 5044 Ego
1080 4971 1193 5028 dixi
1221 4971 1498 5027 hominem
1525 4969 1644 5026 sine
1669 4979 1915 5041 peccato,
1943 4985 2031 5028 se-

428 5070 668 5127 cundum
709 5069 855 5124 hunc
903 5084 1164 5125 sensum:
1208 5067 1469 5124 Peccator
1499 5080 1620 5122 cum
1672 5065 2029 5135 ingemuerit,

432 5176 560 5221 tunc
604 5161 788 5217 salvus
836 5162 968 5227 erit,
1009 5161 1112 5217 hoc
1143 5169 1256 5226 est,
1293 5168 1420 5215 tunc
1450 5139 1518 5214 ad
1547 5158 1775 5214 salutem
1815 5159 2037 5226 incipiet

430 5257 747 5329 pertinere:
783 5262 964 5309 tamen
1007 5253 1125 5307 sine
1156 5261 1382 5323 peccato
1411 5250 1597 5306 statim
1631 5264 1738 5306 non
1769 5251 1894 5306 erit.
1928 5250 2052 5305 Do-

431 5351 612 5407 minus
634 5347 802 5413 enim,
825 5360 948 5401 cum
971 5344 1230 5401 intrasset
1255 5343 1478 5400 domum
1499 5343 1712 5398 Zachzci
1737 5343 2031 5413 credentis,

427 5444 534 5498 ait:
570 5440 748 5496 Hodie
779 5439 922 5495 salus
967 5437 1145 5492 domui
1171 5435 1297 5491 huic
1342 5440 1482 5506 facta
1510 5445 1585 5490 est
1623 5434 1774 5506 (Luc.
1810 5451 1919 5502 XIX,
1954 5433 2031 5506 9).

431 5533 702 5606 Numquid
749 5533 795 5588 si
835 5546 977 5589 unus
1005 5528 1278 5598 credidit,
1331 5528 1515 5585 statim
1549 5527 1798 5586 universa
1842 5527 2038 5584 domus

2133 4606 2284 4660 initio
2315 4604 2460 4660 cnim
2488 4603 2731 4659 diabolus
2751 4604 2978 4659 mendax
3005 4614 3080 4659 est
3104 4603 3343 4674 (lloan.
3368 4620 3450 4669 ιιι,
3483 4606 3547 4672 8;
3568 4604 3736 4660 Joan.

2136 4715 2252 4766 vtn,
2282 4697 2384 4770 Ill)
2415 4716 2426 4750 :
2461 4707 2517 4753 et
2548 4706 2740 4754 contra
2775 4697 3039 4752 Dominus
3063 4712 3214 4752 meus
3246 4709 3353 4764 est,
3386 4698 3476 4770 qui
3505 4699 3739 4770 loquitur

2137 4793 2407 4846 veritatem
2437 4791 2491 4844 in
2529 4790 2686 4845 corde
2711 4807 2826 4856 suo,
2854 4799 2905 4845 et
2948 4807 3050 4844 non
3086 4791 3187 4861 egit
3234 4790 3413 4845 dolum
3460 4793 3515 4847 in
3544 4793 3733 4865 lingua

2134 4901 2232 4940 sua
2264 4883 2452 4958 (Psal.
2482 4899 2597 4940 XIV.
2622 4883 2711 4956 5).
2746 4885 2987 4956 Angelus
3018 4900 3246 4956 magnus
3273 4895 3329 4942 et
3362 4885 3553 4952 fortis,
3589 4887 3743 4943 Scri-

2135 4984 2294 5046 ptura
2326 4985 2583 5042 testante,
2613 4975 2813 5031 clamat
2843 4976 2894 5030 in
2919 4977 3062 5032 coelo
3097 4997 3108 5030 :
3144 4977 3271 5044 Quis
3296 4988 3368 5032 est
3393 4978 3580 5050 dignus
3610 4996 3734 5050 ape-

2138 5070 2245 5123 rire
2275 5069 2484 5134 librum,
2515 5078 2562 5123 et
2593 5068 2788 5122 solvere
2829 5069 2979 5138 signa
3001 5071 3156 5141 ejus?
3190 5068 3302 5122 Nec
3329 5072 3602 5142 quisquam
3635 5089 3744 5141 po-

2138 5171 2292 5229 terat,
2334 5178 2495 5234 neque
2521 5162 2575 5216 in
2615 5160 2767 5227 caelo,
2800 5177 2964 5232 neque
2988 5162 3039 5214 in
3085 5172 3243 5229 terra,
3277 5178 3442 5232 neque
3469 5164 3564 5217 sub
3593 5173 3740 5218 terra

2138 5255 2346 5323 aperire
2374 5253 2583 5319 librum,
2615 5269 2777 5324 neque
2799 5253 3088 5324 perspicere
3115 5269 3232 5307 eum
3259 5255 3458 5324 (Apoc.
3486 5272 3538 5320 v,
3563 5255 3619 5322 Ξ,
3644 5255 3740 5326 5).

2139 5345 2262 5402 Flet
2291 5335 2519 5401 multum
2548 5346 2789 5402 Joannes
2819 5353 2873 5400 et
2914 5345 3083 5414 luget,
3118 5345 3263 5415 quod
3287 5362 3352 5400 ex
3384 5347 3746 5404 universitate

2140 5436 2882 5492 rationaliumcreaturarum
2903 5451 3062 5490 nemo
3085 5435 3281 5507 dignus
3297 5446 3547 5507 repertus
3568 5449 3745 5505 esset,

2141 5531 2232 5602 qui
2264 5532 2504 5601 aperiret
2531 5531 2752 5598 librum,
2780 5538 2839 5584 ut
2869 5515 3075 5586 videret
3103 5543 3247 5586 eum.
3282 5527 3530 5587 Flentem
3577 5530 3750 5587 Joan-

500 5750 525 5776 ο
549 5740 766 5799 Schott.
797 5741 950 5814 legit,
987 5744 1207 5815 majore,
1240 5746 1296 5799 et
1326 5754 1452 5798 mox
1481 5739 1734 5811 fortasse,
1768 5736 2315 5797 credenle.Gttt.LAND.
