4110 6168
304 283 442 344 1185

1396 284 1599 344 LIBER
1640 283 1729 343 DE
1770 280 2071 343 ARBITRII
2113 284 2527 343 LIBERTATE.

3477 288 3620 347 1186

303 418 421 459 nem
454 417 594 459 unus
618 405 975 463 esenioribus
1001 404 1316 462 consolatur
1340 414 1395 461 ct
1419 405 1579 462 dicit:
1607 403 1737 460 Noli
1762 382 1909 476 flere,
1941 411 1994 466 Α
2021 411 2299 475 potentem
2323 449 2337 475 ,
2382 419 2491 476 quo
2533 404 2773 461 afﬁrmet
2815 418 2974 475 posse
3002 418 3128 463 esse
3172 405 3453 463 hominem
3500 409 3622 465 sine

304 495 567 561 Joannes;
603 497 738 554 Ecce
764 500 883 554 ricit
914 499 1016 554 Leo
1046 515 1110 555 ex
1136 499 1273 552 tribu
1299 497 1331 552 .l
1340 499 1477 567 uda,
1520 496 1678 553 radis:
1708 495 1902 563 David,

303 590 500 658 aperire
524 591 713 645 librum
736 602 781 648 et
799 592 997 649 solvere
1020 594 1169 665 signa
1196 594 1308 664 ejus
1338 591 1613 665 (Apoc.,v,
1643 590 1723 664 5).
1750 591 1903 658 Quis,

303 696 456 752 rogo,
481 681 586 738 istc
614 682 753 739 liber
779 693 883 755 est,
902 700 1063 757 quem
1088 684 1156 741 de
1179 699 1342 740 mamt
1364 684 1602 740 viventis
1628 685 1685 738 in
1709 683 1907 739 saecula

302 773 484 831 nullus
514 774 616 830 fuit
641 776 839 848 dignus
884 778 1158 848 accipere,
1193 776 1297 833 nisi
1327 776 1418 848 qui
1462 776 1757 850 ingreditur
1796 776 1910 831 sine

302 871 511 927 macula
546 880 595 926 et
623 881 869 943 operatur
897 873 1165 944 justitiam
1195 871 1379 943 (Psal.
1414 887 1529 939 xw,
1562 868 1669 943 2),?
1700 870 1897 925 Parum

272 994 279 1001 -
305 971 388 1021 est
416 962 543 1035 quia
574 965 694 1020 sine
721 965 959 1031 macula,
994 980 1185 1036 parum
1209 964 1337 1037 quia
1368 980 1560 1036 agnus,
1592 964 1695 1018 nisi
1729 972 1783 1019 et
1814 978 1911 1017 oc-

306 1059 474 1127 cisus,
500 1059 603 1115 nisi
633 1061 924 1131 puritatem
950 1060 1081 1116 vita:
1102 1058 1377 1131 passionis
1402 1058 1717 1115 testimonio
1749 1073 1911 1115 coro-

309 1159 515 1217 nasset,
544 1150 735 1207 habens
779 1161 973 1225 septem
1017 1168 1215 1207 cornua
1251 1163 1300 1207 et
1327 1151 1507 1208 oculos
1553 1162 1771 1221 septem,
1820 1151 1911 1219 qui

307 1252 427 1300 sunt
450 1253 648 1315 septem
685 1244 905 1315 spiritus
936 1243 1036 1299 Dei
1070 1244 1273 1317 (.Apoc.
1304 1261 1357 1312 v,
1379 1245 1476 1316 6):
1510 1258 1611 1301 nec
1655 1243 1906 1310 dubium,

309 1338 436 1411 quin
482 1339 701 1410 spiritus
723 1339 992 1409 sapientia:
1017 1349 1066 1393 et
1111 1340 1427 1406 intellectus,
1461 1337 1675 1411 spiritus
1704 1335 1914 1391 consilii

312 1440 357 1487 el
382 1432 610 1497 uirtutis,
642 1432 857 1504 spiritus
884 1431 1115 1487 scientia:
1138 1439 1185 1486 et
1207 1431 1438 1503 pietatis,
1460 1430 1682 1501 spiritus
1712 1428 1912 1485 timoris

310 1522 526 1580 Domini
557 1524 730 1598 (Isai.
754 1526 902 1594 n.2,
928 1522 1017 1598 ⁵5).
1040 1524 1172 1593 Quis
1207 1540 1338 1596 ergo
1374 1524 1478 1579 iste
1501 1536 1587 1580 eSt
1630 1523 1806 1579 liber?
1854 1532 1910 1576 ιιι

310 1615 506 1683 credo,
544 1616 763 1687 iudicii.
805 1616 966 1672 Pater
1004 1616 1141 1671 enim
1189 1633 1292 1671 non
1313 1616 1524 1686 judicat
1574 1631 1908 1688 quemquam,

313 1708 399 1764 sed
421 1726 571 1766 omne
588 1710 858 1784 judicium
888 1708 1031 1764 Filio
1060 1710 1203 1764 dedit
1227 1709 1418 1779 (Joan.
1447 1727 1499 1779 ν,
1530 1708 1657 1782 9.2).

2012 508 2267 569 peccato;
2299 497 2499 567 spiritu
2526 498 2775 555 scientite
2796 498 3063 567 inﬂatum,
3085 500 3248 572 603
3270 515 3380 571 quo
3408 508 3616 571 Sperat.

2011 591 2114 646 nisi
2135 591 2226 662 qui
2257 590 2538 647 scientiam
2573 591 2710 663 legis
2741 590 3031 662 habuerit,
3065 592 3186 649 sine
3225 600 3455 663 peccato
3492 606 3619 648 esse

2011 698 2119 738 non
2146 698 2308 754 posse
2330 684 2555 756 :Spiritu
2586 684 2803 748 pictatis
2823 684 3245 752 exuberantem,
3275 700 3384 755 quo
3405 683 3627 752 doceat,

2013 779 2295 835 inimicum
2347 780 2495 835 velut
2537 778 2774 834 amicum
2814 779 3192 851 diligendum,
3238 778 3447 836 oblitus
3494 780 3623 850 quia

2012 871 2130 941 ipse
2149 871 2349 928 dixerit
2382 890 2436 926 ει
2468 872 2691 929 Inimico
2707 872 3037 929 omnimodis
3061 888 3168 929 non
3190 871 3562 929 credendum:
3599 890 3618 924 ι

2011 963 2210 1035 spiritu
2244 965 2459 1022 timoris
2491 963 2591 1021 Dei
2623 964 3071 1031 cohonestatum,
3114 964 3207 1035 qui
3250 972 3373 1035 post
3396 964 3626 1020 multam

2011 1058 2296 1126 crapulam
2320 1056 2618 1113 novissime
2643 1056 3061 1128 espergefactus
3082 1055 3331 1127 adjnnxit
3364 1072 3421 1109 :t
3455 1068 3619 1127 posse

2012 1146 2290 1204 hominem
2313 1149 2434 1204 sine
2460 1156 2686 1219 peccato
2702 1161 2848 1214 esse,
2872 1160 2983 1203 non
3006 1147 3125 1204 sine
3146 1146 3423 1219 adjutorio
3445 1146 3563 1215 Dei,
3599 1166 3619 1201 ι

2012 1249 2069 1297 et
2098 1256 2196 1312 per
2227 1242 2327 1297 hos
2356 1242 2868 1314 prmsumptionem,
2904 1250 2963 1300 ut
2987 1242 3245 1311 arbitror,
3274 1242 3478 1316 gradus
3509 1259 3621 1300 non

2015 1332 2335 1388 reformidat
2358 1334 2677 1402 ascendere,
2708 1348 2881 1405 usque
2928 1334 2982 1390 in
3024 1334 3078 1390 id
3109 1335 3316 1399 elatus;
3351 1344 3408 1391 ut
3434 1334 3620 1403 dicat,

2013 1426 2141 1495 quia
2180 1426 2232 1480 in
2270 1425 2686 1482 similitudinem
2731 1425 2936 1483 Christi
2980 1416 3222 1499 perfecta
3265 1428 3350 1485 sui
3383 1431 3625 1500 potentia

2015 1517 2232 1589 plenus,
2269 1520 2321 1573 in
2348 1526 2468 1574 toto
2496 1532 2659 1590 super
2688 1534 2812 1575 enm
2850 1518 3199 1576 descenderit
3228 1519 3468 1591 Spiritus
3493 1536 3625 1579 san-

2012 1619 2137 1668 ctus
2167 1621 2222 1668 ct
2247 1613 2514 1668 manserit
2547 1630 2559 1666 :
2593 1628 2718 1669 cum
2768 1622 2952 1668 tamen
2998 1613 3104 1670 hoc
3142 1613 3226 1670 illi
3257 1613 3361 1670 soli
3399 1629 3430 1670 a
3460 1613 3626 1670 Patre

2013 1705 2130 1761 Deo
2153 1706 2338 1761 datum
2364 1706 2454 1773 sit,
2481 1707 2566 1761 cui
2590 1707 2750 1761 etiam
2777 1706 2922 1762 dedit
2950 1723 3163 1775 nomen,
3195 1708 3334 1780 quod
3361 1717 3437 1764 est
3468 1725 3629 1780 super

383 1802 470 1857 16.
514 1801 660 1859 Proh
690 1801 880 1858 dolor!
913 1817 1081 1873 cogor
1106 1802 1312 1872 dicere,
1346 1802 1493 1875 quod
1536 1804 1721 1859 horrui
1763 1803 1911 1874 cogi-
1942 1794 1987 1856 B
2015 1814 2166 1853 omne
2190 1815 2374 1855 nomen
2406 1797 2683 1873 (Philipp.
2710 1817 2772 1870 ιι,
2800 1801 2899 1873 9),
2933 1802 3027 1873 qui
3055 1802 3210 1859 solus
3249 1804 3372 1861 sine
3402 1812 3630 1875 peccato

316 1902 482 1951 tasse.
506 1894 646 1951 Ecce
673 1909 817 1950 nunc
837 1902 895 1951 et
916 1895 1187 1966 Pelagius,
1214 1895 1305 1965 qui
1329 1910 1492 1950 ausus
1519 1906 1599 1951 cst
1644 1893 1913 1965 profiteri,

294 1982 375 2044 se
419 2003 543 2045 esse
579 1989 699 2045 sine
740 1989 951 2045 macula
993 1997 1158 2060 atque
1207 1998 1464 2059 peccato,
1512 1998 1920 2060 consequenter

317 2079 611 2137 arbitratur
633 2082 797 2154 602
830 2080 1053 2153 dignum
1101 2096 1162 2137 sc
1191 2081 1259 2136 ad
1309 2081 1687 2152 accipiendum
1719 2081 1917 2137 lihrnm

316 2184 477 2244 atque
500 2174 765 2244 judicium
792 2193 804 2228 :
835 2176 1261 2246 proximumque
1284 2184 1369 2231 est
1390 2184 1450 2229 ut
1471 2175 1618 2231 dicat
1649 2175 1783 2231 sibi:
1811 2176 1921 2246 Ego

318 2274 643 2337 potestatem
673 2267 847 2324 habeo
878 2268 1112 2339 ponendi
1144 2269 1383 2324 animam
1411 2284 1611 2335 meam,
1642 2280 1698 2325 et
1720 2269 1919 2327 iterum

321 2358 570 2417 sumendi
599 2375 743 2427 eam,
770 2369 825 2417 et
850 2370 1125 2433 prteparat
1154 2377 1215 2417 se
1239 2362 1291 2416 in
1322 2364 1522 2417 throno
1549 2361 1749 2418 Christi
1780 2363 1923 2417 Iutu-

323 2469 439 2510 rum
469 2469 593 2511 esse
631 2464 966 2512 consortem.
1013 2455 1178 2511 Miser
1224 2455 1415 2511 homo!
1451 2456 1541 2527 qui
1588 2470 1697 2510 non
1746 2457 1925 2525 potius

322 2547 577 2620 intelligit
601 2563 911 2620 prteparare
938 2564 999 2605 se
1033 2548 1361 2606 Antichristi
1402 2550 1662 2607 adventui
1686 2566 1925 2622 praecur-

2021 1903 2107 1950 est
2140 1904 2194 1950 et
2223 1894 2528 1967 ingreditur
2575 1896 2697 1951 sine
2742 1895 2980 1963 macula,
3034 1896 3177 1968 apud
3226 1913 3390 1968 quem
3441 1908 3632 1955 manet

2020 1985 2197 2056 ipsum
2238 1984 2547 2042 sanctitatis
2590 1996 2953 2059 unguentum.
2997 1987 3111 2045 Nos
3141 1999 3325 2046 autem
3362 1989 3427 2046 in
3458 1990 3632 2047 odore

2021 2087 2425 2150 unguentorum
2464 2077 2585 2149 ejus
2619 2080 2926 2148 currimus,
2973 2089 3029 2138 et
3070 2079 3288 2137 interim
3323 2096 3494 2154 super
3525 2097 3628 2139 nos

2023 2186 2171 2225 aurae
2214 2169 2393 2226 vitalis
2436 2170 2621 2225 aftlatu
2667 2170 2851 2227 dulcia
2884 2172 3009 2228 vitae
3054 2172 3355 2244 spiramina
3398 2174 3632 2231 Domino

2024 2260 2365 2334 praecedente
2393 2271 2676 2333 captamus
2700 2260 2890 2336 (Cant.
2927 2280 2967 2330 ι,
3004 2267 3094 2335 5).

2098 2354 2187 2412 Π.
2218 2354 2325 2412 Sed
2353 2355 2528 2412 dicis:
2554 2355 2663 2412 Cur
2699 2366 2845 2413 tanta
2875 2373 2964 2415 me
2991 2358 3216 2415 lacessis
3250 2359 3492 2432 injuria?
3524 2361 3635 2418 Cur

2027 2456 2138 2503 tam
2169 2448 2558 2521 arrogantibus
2585 2450 2773 2506 verbis
2808 2451 3010 2508 invidia
3040 2454 3280 2523 gravas?
3320 2454 3509 2526 Egone
3548 2471 3638 2513 me

2026 2554 2222 2597 servus
2278 2556 2606 2612 comparare
2653 2543 2885 2600 audeam
2940 2544 3174 2602 Domino
3232 2547 3400 2604 meo?
3447 2546 3636 2620 Egone

324 2644 651 2713 sorem,qui,
678 2660 795 2699 cum
823 2645 979 2715 fuerit
998 2645 1276 2712 revelatus,
1302 2645 1501 2701 extollit
1525 2661 1581 2698 se
1600 2660 1756 2715 super
1777 2660 1928 2721 omne
2031 2645 2178 2692 terra
2211 2645 2268 2693 et
2308 2637 2448 2693 ciuis
2484 2636 2768 2694 conferant
2815 2639 2998 2697 Verbo
3039 2641 3135 2697 Dei
3165 2643 3189 2696 'l
3237 2641 3427 2714 Egone
3462 2636 3637 2699 'morti

326 2738 462 2807 quod
484 2735 698 2803 dicitur,
722 2744 810 2791 aut
832 2736 973 2808 quod
998 2735 1188 2791 colitur
1210 2733 1351 2790 Deus
1375 2736 1394 2808 (
1409 2735 1451 2790 11
1478 2734 1657 2791 Thess.
1681 2750 1741 2803 tt,
1766 2736 1821 2801 '5,
1844 2722 1922 2807 4)}
2029 2730 2322 2800 obnoxius,
2350 2729 2459 2787 dici
2489 2729 2716 2788 debeam
2750 2732 2946 2789 victori
2977 2737 3171 2793 mortis
3195 2736 3464 2808 tequalis?
3493 2736 3639 2794 Bene

322 2827 481 2899 juxta
530 2828 677 2883 hunc
705 2827 796 2899 qui
834 2842 894 2883 se
922 2827 1034 2898 jam
1066 2838 1352 2897 comparat
1399 2831 1452 2885 in
1495 2829 1927 2901 comquationem
2030 2823 2253 2895 quidem
2280 2863 2297 2890 ,
2331 2839 2366 2879 ο
2392 2824 2754 2882 condemnata
2783 2826 3027 2897 nequitia
3050 2868 3066 2895 ,
3095 2830 3233 2885 dans
3262 2829 3635 2886 testimonium

330 2924 473 2980 unici
497 2922 623 2980 Filii
653 2922 771 2979 Dei.
803 2922 992 2995 Agnus
1022 2922 1142 2992 Dei,
1164 2922 1337 2979 FIIIUS
1360 2923 1480 2989 Dei,
1510 2935 1569 2979 ut
1596 2923 1833 2994 accipiat
1864 2923 1931 2979 li-
2033 2917 2148 2974 Deo
2178 2960 2194 2987 ,
2246 2917 2557 2974 humiliaris
2587 2921 2640 2974 in
2674 2920 2855 2976 verbis
2883 2960 2899 2987 ,
2947 2920 3046 2977 sed
3091 2921 3259 2978 aliter
3292 2938 3485 2979 sensus
3516 2933 3640 2981 tuus

325 3015 481 3072 brum
511 3015 580 3072 de
610 2999 773 3071 manu
806 3015 1005 3082 Patris,
1058 3015 1285 3086 pra-fert
1322 3016 1576 3088 stigmata
1618 3016 1891 3086 passionis
1914 3057 1930 3084 ,
2033 3010 2233 3067 clamat
2262 3011 2315 3067 in
2339 3012 2589 3083 paganis.
2620 3011 2767 3069 Dicis
2802 3031 2821 3065 ι
2858 3012 3137 3070 hominem
3167 3029 3336 3086 posse
3365 3031 3490 3073 esse
3515 3017 3639 3073 sine

327 3124 432 3166 non
453 3109 705 3180 judicans
728 3116 1095 3180 perpetratam
1124 3109 1228 3166 nisi
1255 3109 1311 3165 in
1339 3117 1516 3167 morte
1540 3120 1702 3181 atque
1730 3111 1784 3166 in
1813 3124 1935 3165 sur—
1970 3177 2005 3183 _
2037 3114 2280 3176 peccato.
2321 3125 2342 3160 ι
2375 3105 2581 3163 lterum
2611 3121 2676 3162 ac
2705 3107 2908 3179 sapius
2934 3118 3144 3180 repeto.
3184 3108 3381 3179 Homo,
3413 3111 3505 3183 qui
3536 3109 3641 3167 hoc

328 3177 568 3259 rectione
596 3177 926 3269 victoriam;
956 3210 1015 3259 et
1039 3204 1399 3279 ἀναμάρτητος
1429 3216 1584 3258 meus
1613 3177 1807 3258 venire
1829 3201 1931 3283 sibi
1960 3177 2006 3242 (ἶ
2038 3207 2234 3269 potest,
2255 3196 2504 3256 Christus
2525 3208 2630 3257 est.
2652 3177 3052 3272 Autpraesume
3074 3218 3298 3271 nomen,
3316 3177 3407 3261 aut
3427 3177 3642 3277 depone

330 3311 493 3369 posse
532 3295 925 3369 perfectionem
965 3296 1093 3352 vitae
1132 3296 1497 3353 immaculatte
1545 3295 1932 3362 manducanti,

329 3387 563 3456 bibenti,
588 3388 993 3460 dormientique
1013 3388 1340 3445 conﬁrmat?
1366 3389 1658 3445 Dominum
1687 3398 1936 3445 nostrum

332 3480 518 3537 Jesum
550 3489 676 3552 post
699 3479 1058 3553 quadraginta
1088 3480 1302 3537 dierum
1330 3481 1600 3553 jejunium
1636 3490 1718 3539 ter
1744 3482 1937 3539 diabo-

331 3572 416 3628 lus
438 3581 679 3642 tentans,
711 3583 905 3645 terque
926 3585 1218 3646 superatus
1246 3576 1488 3648 reliquit,
1511 3585 1566 3634 et
1588 3594 1695 3633 non
1719 3577 1942 3650 reliquit

330 3666 387 3723 in
416 3676 760 3739 perpetuum,
786 3668 885 3725 sed
918 3669 990 3724 ad
1022 3678 1222 3741 tempus
1246 3669 1402 3742 (Luc.
1430 3686 1506 3740 tv,
1535 3670 1624 3743 15)
1648 3672 1826 3728 acrior
1852 3685 1941 3728 us-

231 3761 245 3769 ’
335 3774 442 3833 que
469 3762 539 3818 ad
569 3772 798 3820 mortem
828 3762 1010 3819 crucis
1046 3762 1317 3835 Apostolo
1344 3765 1751 3836 praevaricante
1789 3765 1942 3821 redi-

338 3862 515 3924 turus,
547 3863 604 3911 et
630 3857 829 3917 ἀπαθής
860 3865 1072 3926 noster,
1107 3856 1268 3914 victis
1291 3872 1448 3924 sane,
1480 3867 1540 3914 ut
1561 3858 1666 3915 sibi
1700 3857 1941 3930 videtur,

337 3961 462 4003 cum
488 3956 718 4005 auctore
750 3948 1167 4018 tentationibus,
1209 3964 1320 4005 non
1352 3963 1514 4019 posse
1543 3964 1605 4006 se
1647 3949 1790 4005 ultra
1824 3957 1943 4006 ten-

339 4041 467 4107 tari,
513 4040 937 4113 perturbariquc
979 4041 1239 4099 conﬁdit?
1267 4041 1457 4113 Agnus
1498 4043 1590 4100 ille
1632 4044 1943 4116 perfectus,

339 4131 437 4189 ille
464 4132 557 4204 qui
596 4147 704 4190 non
735 4132 914 4188 solum
954 4142 1243 4204 peccatum
1284 4149 1395 4190 non
1426 4133 1737 4202 habet,,sed
1778 4136 1945 4191 etiam

341 4224 484 4281 tollit
512 4234 797 4296 peccatum
830 4225 1040 4293 mundi,
1071 4234 1128 4281 et
1157 4227 1250 4297 qui
1290 4225 1458 4284 habet
1486 4243 1693 4285 cornua
1731 4238 1947 4300 septem

339 4315 394 4373 in
424 4317 628 4387 capite,
658 4332 770 4372 non
801 4316 875 4373 ita
904 4317 1174 4374 ventilare
1203 4318 1437 4376 sufficiat
1458 4328 1787 4377 tentatorem
1818 4321 1950 4393 quin

339 4410 553 4478 redeat,
582 4419 639 4467 et
667 4419 857 4468 noster
882 4410 970 4467 hic
1002 4412 1254 4482 mutilus,
1297 4414 1450 4470 lzevis
1488 4415 1545 4469 in
1602 4413 1806 4482 fronte,
1832 4437 1952 4487 μον-

340 4505 597 4577 ὀφθαλμος
615 4549 628 4574 ,
660 4520 768 4560 non
789 4505 1165 4562 necessarium
1194 4505 1298 4561 sibi
1327 4505 1566 4563 mstimat
1587 4508 1865 4564 munimen
1894 4507 1949 4563 in

2040 3289 2316 3348 fiduciam.
2344 3291 2487 3349 Deus
2518 3292 2651 3349 illud
2680 3292 2773 3349 uni
2804 3301 3017 3351 tantum
3048 3293 3293 3366 donavit,
3322 3307 3378 3353 et
3406 3297 3512 3354 hoc
3532 3312 3642 3354 non

2042 3384 2144 3441 nisi
2175 3384 2543 3458 primogenito
2575 3386 2629 3442 in
2661 3385 2851 3443 multis
2878 3386 3139 3445 fratribus
3171 3387 3362 3463 (Rom.
3392 3406 3511 3459 Vill,
3542 3389 3640 3459 9).

1984 3479 1999 3488 '
2042 3478 2134 3537 Sic
2163 3478 2434 3537 catholica
2478 3479 2588 3538 tide
2627 3481 2860 3539 traditur
2883 3524 2899 3549 ,
2942 3484 3026 3539 sic
3052 3490 3328 3540 tenemus.
3361 3484 3509 3542 Sane
3536 3484 3649 3541 Do-

2043 3570 2224 3627 minus
2250 3581 2440 3630 noster
2467 3574 2751 3631 admonuit
2776 3573 3057 3633 infideles:
3083 3575 3200 3650 Ego
3228 3578 3341 3632 veni
3362 3577 3415 3631 in
3442 3577 3649 3633 nomine

2045 3667 2230 3725 Patris
2253 3670 2372 3739 mei,
2392 3680 2440 3725 et
2461 3687 2564 3727 non
2586 3687 2668 3727 me
2685 3672 2975 3744 recepistis.
3002 3670 3184 3727 Veniet
3207 3672 3345 3727 alius
3365 3672 3420 3727 in
3442 3673 3650 3727 nomine

2043 3778 2183 3817 suo:
2211 3763 2435 3835 forsitan
2462 3764 2630 3837 ipsum
2656 3763 2918 3835 recipietis
2948 3761 3138 3833 (Joan.
3169 3780 3227 3831 v,
3259 3762 3377 3836 45).
3409 3764 3518 3819 Aut
3548 3780 3648 3819 no—

2046 3854 2259 3911 biscum
2289 3854 2463 3922 illum,
2495 3855 2581 3911 cui
2609 3854 2888 3912 credimus
2920 3865 3275 3927 peccatores,
3330 3871 3495 3911 unum
3527 3855 3648 3912 sine

2047 3954 2275 4018 peccato
2304 3946 2669 4020 eamdemque
2699 3948 3037 4021 unigenitum
3067 3963 3301 4021 sequere
3323 3991 3338 4017 ,
3378 3958 3474 4005 aut
3513 3949 3559 4006 si
3591 3958 3650 4006 tu

2048 4054 2109 4096 es
2138 4040 2235 4097 ille
2253 4040 2414 4111 alius,
2446 4039 2731 4099 confitere.
2760 4041 2883 4113 Ipse
2913 4052 2999 4099 est
3024 4042 3291 4100 Dominus
3311 4044 3341 4100 J
3349 4058 3506 4110 esus;
3534 4045 3651 4116 qui,

2056 4144 2238 4190 morte
2269 4133 2485 4191 devicta
2518 4144 2573 4190 et
2601 4134 2821 4195 diabolo
2851 4135 3183 4209 triumphato
3204 4181 3219 4207 ,
3266 4136 3569 4195 ascendens
3599 4137 3655 4194 in

2051 4226 2256 4295 altum,
2291 4230 2561 4301 captivam
2588 4231 2745 4288 duxit
2770 4232 3145 4304 captivitatem
3173 4274 3188 4299 ,
3217 4231 3366 4287 dedit
3389 4231 3531 4287 dona
3557 4230 3656 4286 ho-

2054 4320 2295 4379 minibus
2330 4321 2520 4394 (Psal.
2552 4339 2694 4379 van
2722 4365 2737 4391 ,
2772 4324 2897 4395 19).
2950 4323 3031 4379 De
3057 4328 3172 4397 ejus
3202 4322 3527 4394 plenitudine
3561 4336 3656 4377 nos

2054 4431 2229 4471 omnes
2251 4417 2548 4487 accepimus
2574 4415 2754 4488 (Joan.
2779 4432 2819 4485 ι,
2846 4416 2962 4487 16),
2988 4418 3130 4473 sicut
3151 4415 3444 4488 Apostolus
3465 4414 3654 4472 docet:

2061 4505 2347 4577 Unicuique
2389 4516 2563 4563 autent
2604 4517 2841 4563 nostrum
2884 4508 3010 4562 data
3049 4516 3124 4563 est
3167 4506 3335 4580 gratia
3373 4506 3661 4562 secundum

339 4570 543 4668 capite,
573 4570 663 4668 qui
696 4597 1119 4669 possibilitatem
1144 4599 1427 4665 prmsnmit
1453 4599 1507 4655 in
1531 4601 1731 4657 carne?
1760 4600 1947 4669 Miser,
1978 4570 2029 4632 D
2057 4570 2353 4655 mensuram
2414 4598 2580 4673 θοῇ,
2639 4599 2939 4655 donationis
3005 4570 3201 4655 Christi
3261 4597 3499 4671 (Epltes.
3562 4614 3615 4654 tv
3640 4643 3656 4668 ,

341 4689 435 4762 qui
461 4689 763 4747 secundum
791 4691 1144 4761 Evangelium
1172 4691 1370 4762 (Joan.
1403 4708 1495 4758 xv,
1521 4693 1617 4760 22,
1645 4693 1755 4765 24)
1778 4694 1949 4766 magis

341 4785 484 4842 forte
503 4785 549 4841 si
578 4800 761 4842 circus
788 4795 958 4854 esset,
990 4795 1269 4858 peccatum
1292 4802 1401 4843 non
1423 4786 1681 4844 haberet!
1711 4786 1820 4845 Sed
1842 4789 1951 4844 for-

343 4881 514 4950 sitan,
546 4879 670 4953 quia
701 4888 909 4951 septem
943 4881 1089 4939 oculi
1113 4890 1326 4955 septem
1352 4883 1578 4954 spiritus
1599 4891 1750 4951 sunt,
1780 4884 1951 4941 abun-

344 4974 481 5031 dare
506 4990 566 5031 se
596 4975 684 5031 his
716 4974 972 5031 omnibus
996 4975 1191 5047 jactat,
1220 4986 1278 5033 et
1307 4976 1464 5048 quasi
1496 4975 1813 5034 interiorem
1847 4978 1949 5033 ho-

344 5066 552 5123 minem
601 5081 760 5122 stium
810 5068 1093 5140 congestis
1143 5066 1481 5139 septifortnis
1526 5068 1717 5141 gratia:
1767 5068 1951 5141 vigere

344 5159 642 5217 virtutibus
678 5178 691 5216 :
727 5161 1031 5233 praesertim
1072 5161 1163 5233 qui
1206 5161 1309 5218 sibi
1362 5160 1587 5219 totidem
1637 5161 1950 5235 dogmatum

345 5269 573 5311 suorum
599 5255 770 5310 titulis
789 5255 1077 5327 gloriatur.
1106 5254 1260 5314 Unde
1283 5255 1403 5311 ﬁeri
1435 5265 1640 5328 potest,
1671 5265 1728 5312 ut
1747 5255 1953 5329 judicio

345 5362 452 5405 suo
482 5361 542 5404 se
572 5346 871 5404 arbitretur
898 5348 1100 5419 spiritu
1127 5348 1411 5420 sapientia:
1443 5348 1725 5417 refertum,
1762 5348 1953 5422 praeci—

347 5452 460 5510 pue
482 5454 605 5495 cum
630 5438 801 5509 dicat,
834 5438 1018 5496 facilia
1049 5441 1145 5497 Dei
1178 5455 1302 5498 esse
1334 5440 1621 5509 mandata;
1651 5441 1850 5514 spiritu
1873 5442 1956 5499 in-

2058 4691 2147 4764 7).
2198 4691 2263 4747 Et
2287 4690 2355 4747 ad
2385 4691 2661 4749 Rotnanos
2688 4689 2835 4749 idem
2868 4691 3128 4764 magister
3156 4691 3396 4765 gentium
3424 4689 3657 4747 scribit:

2057 4783 2194 4841 Dico
2220 4785 2359 4840 enim
2389 4802 2482 4858 per
2502 4785 2727 4857 gratiam
2750 4828 2767 4855 ,
2818 4801 2936 4857 qua:
2960 4784 3087 4840 datu
3112 4796 3186 4840 est
3212 4782 3339 4839 mihi
3362 4823 3379 4852 ,
3426 4781 3660 4838 omnibus

2056 4880 2147 4952 qui
2171 4889 2292 4935 sunt
2315 4880 2452 4935 inter
2475 4895 2562 4936 vos
2588 4896 2690 4936 non
2713 4880 2832 4951 plus
2858 4896 3044 4951 sapere
3061 4895 3220 4952 quam
3239 4887 3435 4952 oportet
3455 4895 3661 4951 sapere,

2058 4973 2148 5029 sed
2174 4989 2355 5046 sapere
2375 4974 2446 5028 ad
2466 4973 2817 5029 sobrietatem.
2854 4971 2922 5027 Et
2944 4973 3221 5045 unicuique
3245 4972 3378 5028 sicut
3407 4972 3549 5030 Deus
3578 4974 3663 5028 di-

2060 5068 2179 5124 visit
2207 5086 2508 5125 mensuram
2532 5068 2656 5140 ﬁdei
2682 5067 2862 5141 (Rom.
2884 5083 2982 5138 stt,
3008 5069 3119 5138 15).
3151 5066 3357 5125 Deinde
3383 5067 3450 5124 ad
3472 5066 3665 5124 Corin.

2063 5161 2206 5217 thios
2231 5162 2521 5234 praedicat:
2546 5160 2843 5219 Dioisiones
2869 5179 2991 5218 vero
3016 5162 3307 5234 gratiarum
3335 5171 3498 5218 sunt:
3524 5161 3663 5218 ident

2062 5264 2235 5312 autem
2256 5257 2496 5329 spiritus.
2535 5255 2606 5312 Et
2630 5256 2908 5314 divisiones
2936 5256 3302 5329 operationum
3325 5265 3450 5312 sunt
3479 5270 3499 5310 :
3526 5255 3665 5311 idem

2063 5359 2237 5407 autent
2280 5347 2560 5407 Dominus.
2607 5350 2677 5408 Et
2722 5351 3001 5409 divisiones
3056 5353 3500 5410 ministrationum
3545 5356 3667 5406 sunt

2066 5444 2112 5518 (l
2140 5441 2262 5500 Cor.
2287 5459 2386 5514 xu,
2412 5441 2538 5516 4-6)
2555 5486 2570 5511 ,
2599 5446 2897 5516 gratiarum
2918 5454 3082 5519 atque
3103 5446 3387 5504 virtutum.
3407 5444 3664 5516 Subjicit,

349 5531 605 5590 tellectus
626 5532 996 5591 sufficientem
1020 5536 1276 5604 maxime,
1300 5537 1393 5609 qui
1416 5546 1717 5609 prtenoscat
1741 5545 1798 5595 et
1819 5553 1959 5610 prte-
2064 5536 2192 5594 Htec
2220 5546 2399 5593 autem
2428 5537 2602 5592 omnia
2632 5547 2877 5611 operatur
2902 5556 3039 5597 unus
3064 5547 3221 5612 atque
3246 5538 3387 5595 idem
3410 5539 3629 5611 spiritus
3647 5579 3666 5610 ,

348 5625 503 5683 dicat
538 5642 732 5684 omnes
767 5638 1085 5698 peccatores
1115 5628 1275 5685 simul
1313 5643 1437 5686 cum
1470 5628 1653 5702 impiis
1684 5630 1740 5686 in
1788 5638 1957 5687 teter-
2062 5631 2295 5687 dividens
2337 5629 2565 5702 singulis
2605 5640 2763 5703 prout
2799 5633 2909 5690 uult
2935 5633 2957 5708 (
2980 5632 3121 5690 Ibid.
3151 5631 3282 5705 11).
3334 5630 3542 5690 Deinde
3567 5646 3668 5705 per

348 5734 482 5776 num
505 5720 687 5793 ignem
710 5735 834 5779 esse
855 5720 1447 5794 datnnandos;spiritu
1472 5721 1690 5780 consilii
1710 5721 1956 5793 divitem,
2062 5720 2530 5795 comparationem
2579 5723 2954 5782 membrorum
2999 5724 3054 5781 in
3098 5738 3337 5797 corpore
3386 5723 3667 5797 hominis,

352 5810 449 5889 qui
479 5824 704 5873 moneat
731 5814 935 5872 malum
968 5828 1070 5872 nec
1098 5814 1480 5888 cogitandum;
1518 5816 1715 5891 spiritu
1741 5818 1961 5878 virtutis
2064 5815 2383 5877 manifestat
2421 5829 2628 5891 corpus
2651 5817 2877 5877 unitatis
2904 5816 3169 5879 Ecclesia:
3199 5816 3512 5894 disparibus
3536 5832 3669 5894 ope-
