4110 6168
587 253 723 310 “8'1

2001 249 2207 309 PAULI
2246 249 2473 311 OROSII

3675 276 3781 336 uss

584 385 702 422 rum
736 365 940 436 modis,
971 366 1027 423 in
1060 381 1223 424 unam
1250 365 1602 439 perfectionis
1631 363 1929 419 convenire
1959 379 2185 419 concor-
2217 368 2261 427 Α
2295 368 2615 437 negligentia
2636 413 2649 435 ,
2703 371 2851 425 mitis
2897 373 3111 443 pigritia
3133 418 3150 444 ,
3188 376 3377 433 doetus
3409 378 3657 449 iactantia,
3691 392 3786 443 sub.

579 459 761 525 tliant,
816 460 1050 529 probans
1088 460 1293 514 nullout
1342 459 1560 529 penitus
1600 472 1724 514 esse
1770 456 2182 523 membrorum,

578 553 725 623 quod
767 571 874 609 non
924 563 1083 627 egeat
1124 555 1352 609 alterius
1380 568 1484 625 ope
1509 561 1674 621 atque
1706 565 1968 621 compage
1993 591 2009 618 ,
2063 552 2184 620 ipso

581 649 810 706 Domino
849 650 1028 720 capite
1067 651 1365 707 constituto
1391 691 1405 716 ,
1452 650 1505 704 in
1544 665 1644 721 quo
1694 664 1868 703 omnes
1902 663 2084 702 sensus
2122 663 2184 702 ac

575 744 807 800 thesauri
831 746 1098 815 sapientia:
1122 755 1167 801 et
1195 746 1428 802 scientiae
1454 755 1575 801 sunt
1602 743 1894 800 absrouditi
1938 743 1958 816 (
1982 742 2179 817 Calass.

581 852 643 902 ιι,
666 837 746 910 5).
769 837 923 894 Unde
952 846 1000 892 et
1029 837 1175 893 nobis
1203 838 1343 893 dedit
1371 854 1604 904 sensum,
1633 855 1724 907 per
1743 854 1893 909 quem
1912 837 2180 905 sciremus,

577 932 725 1002 quod
754 942 843 988 est
869 931 1102 989 Verbum
1137 933 1190 986 in
1217 930 1438 988 ChriSto
1462 932 1591 988 Jesu
1628 931 1645 1002 (
1672 931 1686 983 I
1714 929 1874 985 Joan.
1908 945 1941 984 v
1964 970 1980 993 ,
2028 928 2141 999 20)
2164 967 2180 992 ,

573 1026 627 1079 in
674 1042 774 1096 quo
827 1037 903 1081 est
949 1027 1117 1082 omnis
1167 1026 1438 1098 plenitudo
1485 1026 1779 1082 divinitatis
1837 1022 2184 1097 corporaliter

577 1117 803 1189 (Coloss.
836 1135 895 1185 ιι,
930 1116 989 1186 9)
1022 1138 1032 1172 :
1068 1119 1121 1174 in
1150 1135 1345 1188 quem,
1374 1117 1535 1189 juxta
1562 1118 1932 1175 testimonium
1955 1117 2184 1174 Joannis

578 1210 762 1281 (Joan.
797 1227 848 1278 ι,
880 1211 974 1282 5‘2)
1004 1253 1018 1274 ,
1066 1211 1409 1268 descendens
1440 1212 1677 1283 Spiritus
1701 1222 1923 1269 sanctus
1960 1221 2017 1268 et
2057 1227 2182 1282 per-

578 1320 806 1362 manens
837 1306 889 1361 in
918 1307 1035 1377 ipso
1056 1349 1070 1376 ,
1101 1322 1224 1364 esse
1251 1308 1534 1363 Dominum
1565 1307 1885 1364 declaravit.
1919 1306 2109 1375 Itaque
2135 1306 2185 1363 si

581 1414 743 1454 nemo
771 1398 936 1454 habet
962 1441 977 1466 ,
1025 1400 1128 1454 nisi
1157 1399 1283 1470 quia
1314 1415 1345 1454 a
1379 1408 1430 1455 te
1460 1400 1597 1470 petit
1630 1397 1850 1471 (Matth.
1879 1414 1935 1464 v,
1962 1395 2099 1469 42),
2130 1405 2191 1454 et

580 1508 745 1546 nemo
773 1492 878 1548 nisi
907 1492 1205 1548 secundum
1251 1492 1577 1549 divisionem
1621 1506 2049 1562 mensuramque
2095 1505 2182 1546 ac-

578 1587 765 1655 cepit,
801 1597 854 1641 et
883 1587 974 1657 qui
1007 1596 1293 1658 acceptum
1325 1586 1491 1643 habet
1516 1628 1531 1655 ,
1564 1587 1630 1643 ad
1660 1587 1840 1657 ipsum
1865 1584 2185 1641 custodien-

574 1677 705 1733 dum
732 1678 914 1734 alieno
944 1690 1065 1749 eget
1096 1679 1324 1748 auxilio,
1356 1694 1494 1751 qua,
1526 1694 1682 1749 rogo,
1708 1678 1949 1736 amentia
1980 1676 2083 1733 sibi
2113 1677 2187 1734 de

2292 462 2490 514 missus
2528 463 2765 529 invidia,
2808 474 2964 521 extra
2993 467 3142 522 illam
3172 485 3290 539 qua:
3327 480 3403 525 cst
3430 477 3635 531 omnimn
3661 481 3790 535 inmu-

2290 565 2408 606 rum
2444 567 2669 623 cpernm
2711 556 2889 626 caligo
2933 559 3235 629 generalis,
3266 578 3411 616 vanae
3450 566 3609 634 gloria:
3643 586 3791 627 conco-

2290 644 2632 713 piscentiam.
2666 647 2818 718 Quod
2857 651 2903 706 si
2944 650 3047 708 hoc
3090 652 3175 723 pie
3209 664 3497 725 sancteque
3521 660 3789 731 intelligitur,

2290 738 2664 810 unusquisque
2711 751 2959 798 nostrum
3005 755 3244 800 assumat
3286 753 3722 821 comparaverunt,
3750 769 3794 813 tn

2289 832 2459 903 magis
2475 834 2829 902 semetipsum
2855 836 2909 890 in
2932 836 3175 893 melioris
3194 840 3498 907 praelatiunc
3515 844 3797 917 condemnet,

2287 938 2447 993 quam
2481 925 2533 979 in
2559 923 2787 981 minoris
2818 926 3226 997 despectatione
3250 930 3516 999 justiticet.
3546 932 3609 989 lta
3628 936 3795 994 demum

2289 1015 2518 1070 invicem
2560 1018 2807 1074 membra
2852 1019 3113 1089 sociabit,
3161 1024 3421 1093 praecipue
3447 1026 3489 1080 si
3511 1068 3524 1089 ,
3549 1041 3637 1082 una
3661 1029 3799 1086 chari-

2289 1116 2397 1164 tate
2426 1109 2593 1164 veluti
2623 1111 2764 1180 pelle
2788 1126 2910 1166 ossi
2943 1114 3343 1181 circumdante,
3366 1118 3630 1190 nervisque
3639 1120 3797 1191 junctis

2289 1199 2586 1272 indigentia
2609 1203 2724 1270 sui,
2757 1205 3010 1261 conscius
3035 1208 3219 1273 homo,
3243 1207 3381 1265 hanc
3403 1210 3560 1279 ipsam
3576 1228 3706 1283 quam
3726 1216 3797 1269 lia-

2288 1292 2381 1350 bet
2408 1294 2661 1364 gratiam,
2684 1296 2888 1353 donum
2912 1299 3180 1371 intelligat
3198 1314 3347 1367 esse,
3374 1318 3475 1359 non
3499 1306 3707 1362 meritum
3727 1325 3737 1360 :
3759 1319 3801 1365 et

2288 1388 2461 1458 ntagis
2488 1403 2553 1442 ex
2581 1402 2647 1443 eo
2674 1390 2817 1445 unde
2846 1390 3057 1460 accepit
3085 1392 3351 1462 glorietur
3372 1395 3425 1450 in
3443 1394 3663 1470 Domino,
3679 1414 3795 1470 quam

2288 1480 2435 1537 unde
2462 1493 2571 1536 non
2591 1482 2865 1553 acceperit
2883 1484 3174 1540 irascatur.
3198 1484 3310 1541 Nos
3329 1488 3468 1543 enim
3485 1503 3594 1544 cunt
3613 1504 3799 1548 essemus

2290 1572 2617 1631 naturaliter
2644 1574 2739 1631 lilii
2768 1576 2862 1632 ira:
2892 1586 3112 1647 propter
3138 1576 3398 1634 delictum
3425 1589 3675 1644 nostrum.
3707 1582 3798 1638 lacti

2287 1680 2475 1719 smnus
2505 1671 2536 1712 ι)
2571 1666 2969 1725 misericordia:
3001 1680 3223 1743 propter
3253 1672 3583 1730 clementiam
3611 1674 3802 1744 Domini,

578 1770 915 1841 plenitudine
946 1772 1256 1842 promittit,
1301 1772 1392 1845 qui
1423 1770 1478 1828 in
1510 1769 1897 1845 singularitate
1928 1785 2035 1827 non
2066 1768 2180 1825 sul—
2208 1754 2259 1817 Β
2285 1757 2419 1815 nihil
2449 1760 2599 1832 digni
2641 1762 2742 1818 nisi
2781 1762 3139 1822 damnatione
3176 1762 3403 1836 (Ep/tes.
3436 1782 3500 1832 tt,
3536 1770 3592 1833 5,
3618 1768 3683 1839 ι).
3714 1769 3798 1824 Non

578 1861 736 1918 ﬁcit?
790 1863 865 1920 De
896 1862 1128 1919 Domino
1160 1864 1503 1936 Evangelista
1538 1872 1772 1921 testatur
1799 1882 1812 1917 :
1847 1863 1978 1918 Erat
2006 1872 2179 1917 autent

581 1954 674 2008 lux
702 1970 845 2020 vera,
875 1971 989 2025 qnte
1012 1955 1276 2010 illuminat
1300 1972 1504 2012 omnem
1530 1956 1785 2012 hominem
1815 1956 2094 2011 venientem
2124 1956 2179 2010 in

575 2049 713 2102 hunc
744 2048 997 2102 mundum
1030 2046 1211 2118 (Joan.
1239 2065 1277 2108 ι.
1307 2050 1385 2120 9).
1423 2048 1562 2104 Dicit
1593 2063 1722 2105 vero
1757 2047 2019 2115 Dominus
2047 2062 2180 2117 apo-

573 2140 727 2196 stolis
754 2139 869 2195 suis
896 2159 907 2191 :
950 2139 1054 2195 Vos
1082 2142 1203 2195 estis
1226 2140 1318 2196 lua:
1343 2140 1505 2214 hujus
1530 2142 1715 2195 mundi
1737 2140 1954 2215 (Matth.
1981 2156 2033 2206 ν,
2062 2139 2174 2211 14).

500 2259 519 2264 -
579 2231 651 2286 lbi
680 2234 732 2288 in
761 2232 880 2287 solo
907 2233 1140 2286 Domino
1172 2233 1260 2287 lux
1287 2241 1423 2299 tota,
1444 2235 1570 2305 quia
1596 2248 1754 2291 vera:
1779 2232 1941 2289 lticin
1964 2230 2179 2289 cunctis

572 2325 835 2396 apostolis
863 2325 954 2380 lux
982 2325 1207 2397 quidem
1230 2366 1245 2393 ,
1297 2324 1396 2382 sed
1427 2324 1495 2381 de
1527 2325 1651 2381 luce
1676 2339 1801 2396 qua:
1833 2333 1943 2379 tota
1971 2335 2076 2379 est.
2110 2323 2179 2378 Et

577 2433 702 2472 cum
732 2416 836 2473 hoc
865 2419 917 2473 in
944 2417 1205 2488 apostolis
1247 2419 1320 2473 ita
1357 2428 1438 2474 est
1464 2462 1480 2487 ,
1536 2419 1591 2474 iu
1633 2433 1867 2490 quorum
1910 2418 2180 2474 electione

576 2512 887 2566 universum
941 2511 1196 2567 Ecelesite
1247 2525 1447 2582 corpus
1493 2519 1832 2586 assumptum
1869 2519 1993 2577 est,
2046 2511 2178 2583 quid

573 2620 674 2660 nos
701 2645 717 2669 ,
763 2618 886 2671 nos,
923 2604 1144 2675 inquam
1168 2645 1182 2672 ,
1207 2614 1262 2660 et
1292 2604 1493 2676 singuli
1517 2645 1534 2671 ,
1575 2603 1707 2674 quid
1736 2614 1857 2673 post
1883 2620 1977 2660 eos
2002 2604 2177 2660 videri

573 2715 866 2772 possumus
892 2742 907 2768 ,
941 2700 1044 2755 nisi
1073 2700 1376 2777 secundum
1403 2699 1710 2770 apostolum
1740 2698 1964 2756 Petrum
1995 2699 2174 2756 lzomi-
2202 2736 2213 2744 .

571 2808 670 2850 nos
699 2792 918 2866 ignari,
962 2792 1252 2849 credentes
1283 2801 1489 2848 tantum
1519 2808 1616 2863 per
1658 2791 1822 2849 [idem
1857 2791 2176 2863 evangelico

571 2887 1008 2959 propheticoque
1041 2887 1285 2944 sermoni
1307 2927 1322 2954 ,
1356 2895 1618 2959 tamquam
1646 2890 1871 2942 lucerna:
1901 2884 2094 2942 lucenti
2121 2887 2176 2941 in

571 2980 860 3051 caliginoso
910 2982 1023 3034 loco
1069 2978 1152 3053 (ll
1182 2977 1303 3036 Pet.
1333 2995 1390 3047 ι,
1435 2977 1575 3051 19)?
1606 2986 1635 3017 η
1664 2979 1842 3049 Quum
1875 2979 2126 3035 illustrati
2154 3023 2169 3049 ,

570 3075 734 3129 etiam
767 3073 871 3145 ipsi
899 3073 1296 3144 persuademnr
1328 3092 1339 3126 :
1391 3082 1448 3127 ut
1481 3070 1798 3145 praeparatae
1828 3074 1887 3137 in
1914 3073 2171 3145 operibus

2288 1852 2594 1924 ingeramus
2628 1855 2857 1911 Domino
2884 1854 2953 1914 de
2976 1871 3086 1913 non
3105 1868 3337 1933 accepto
3354 1860 3640 1931 querelam,
3656 1862 3736 1919 sed
3751 1862 3803 1918 de

2282 1956 2509 2017 accepto
2559 1949 2790 2019 gratiam
2838 1965 3230 2021 rcpcnsemus,
3278 1953 3597 2027 gloriamque
3633 1957 3716 2012 soli
3749 1958 3801 2012 illi

2282 2043 2517 2098 creatori
2550 2044 2997 2115 redetnptorique
3022 2056 3220 2101 nostro
3252 2045 3487 2109 Domino
3501 2046 3616 2108 Josu
3637 2048 3804 2105 Christo

2286 2135 2618 2205 tribuamus,
2667 2156 2819 2211 quem
2869 2140 3041 2210 posuit
3088 2138 3233 2196 Deus
3285 2144 3651 2215 prapitiotorelt
3682 2145 3804 2217 ϐω

2280 2229 2334 2281 in
2375 2232 2628 2302 sanguine
2666 2249 2760 2287 suo
2805 2232 2993 2303 (Rom.
3026 2248 3113 2303 ιιι,
3142 2233 3248 2307 25)
3271 2277 3287 2301 ,
3328 2247 3386 2291 ut
3430 2238 3482 2292 in
3516 2240 3690 2297 ueniae
3721 2242 3804 2310 ejus

2282 2338 2432 2379 omne
2458 2341 2593 2398 genu
2618 2337 2878 2393 curvetur,
2905 2327 3188 2382 ceclestium
3216 2338 3266 2382 et
3291 2331 3592 2385 terrestrium
3619 2340 3660 2385 et
3683 2332 3803 2398 inier-

2281 2432 2469 2472 norum
2495 2417 2761 2492 (Philipp.
2785 2434 2855 2488 ιι,
2883 2418 2977 2491 ill)
3004 2437 3020 2476 :
3051 2436 3211 2491 quem
3248 2422 3302 2477 in
3332 2423 3418 2478 illa
3443 2423 3667 2495 praedicta
3691 2433 3804 2495 pote-

2279 2519 2420 2567 state
2467 2512 2804 2582 judicantem
2846 2515 3025 2570 omnis
3065 2530 3195 2573 caro
3233 2520 3445 2584 videat,
3484 2530 3534 2574 et
3566 2519 3639 2574 cui
3668 2518 3807 2573 omnis

2281 2604 2460 2675 lingua
2492 2604 2747 2663 fateatur.
2782 2608 2937 2664 Unde
2966 2618 3023 2665 et
3048 2610 3351 2679 Apostolus
3378 2612 3487 2667 ait:
3519 2610 3803 2668 Ideocontes—

2279 2695 2452 2753 dimus
2478 2700 2583 2754 sive
2613 2700 2871 2770 absentes,
2898 2703 2999 2757 sive
3024 2717 3328 2775 pauentes,
3358 2703 3552 2775 placere
3574 2705 3633 2760 ei.
3660 2694 3806 2759 om

2277 2789 2414 2844 enim
2447 2807 2542 2845 nos
2571 2794 2897 2863 ntanifestari
2924 2804 3125 2863 oportet
3152 2805 3276 2865 ante
3306 2796 3527 2851 tribunal
3554 2793 3739 2861 Christi,
3761 2803 3802 2849 st

2276 2886 2465 2954 referat
2493 2886 2849 2957 unusquisque
2874 2891 3088 2958 propria
3112 2890 3350 2959 corporis
3379 2899 3525 2960 prout
3549 2890 3704 2959 gessit,
3729 2888 3802 2942 sive

2276 2976 2501 3047 bonum,
2543 2979 2647 3034 sire
2695 2979 2888 3035 malum
2944 2982 2961 3053 (
2999 2981 3046 3038 II
3080 2980 3202 3038 Cor.
3242 3000 3298 3050 ν,
3346 2984 3406 3051 9,
3443 2982 3558 3055 ill).
3601 2983 3656 3038 Et
3681 2981 3805 3036 alibi:

2280 3068 2468 3126 Omnes
2487 3071 2623 3126 enim
2643 3072 2896 3127 stabimus
2918 3082 3038 3128 ante
3059 3074 3297 3129 tribunal
3322 3074 3415 3131 Dei
3432 3074 3596 3148 (Rom.
3615 3089 3705 3139 ιιι,
3721 3071 3800 3142 l0).

570 3165 728 3220 bonis
756 3144 868 3221 sint
897 3166 1122 3222 lucerna:
1144 3166 1385 3221 ardentes
1412 3165 1469 3220 in
1494 3144 1731 3222 manibus
1762 3144 1963 3224 nostris
1992 3167 2011 3238 (
2038 3166 2166 3222 Luc.
2197 3144 2246 3209 θ
2276 3160 2476 3218 Paulus
2507 3165 2793 3233 apostolus
2821 3162 2957 3221 dixit
2980 3166 3142 3222 etiam
3174 3183 3236 3222 se
3261 3144 3527 3224 staturum
3549 3177 3659 3222 ante
3680 3164 3803 3220 tribu.

572 3273 670 3325 xu,
705 3257 820 3330 '55).
853 3275 976 3328 quae.
1005 3258 1339 3333 multimodis
1367 3259 1761 3316 tentalionibus
1790 3260 2028 3331 fatigatae
2052 3302 2069 3329 ,
2116 3269 2176 3316 et

569 3350 782 3407 delectu
806 3351 970 3424 605
992 3367 1212 3423 semper
1231 3354 1455 3424 proprio
1473 3361 1529 3411 ct
1549 3352 1775 3408 verbere
1801 3353 2173 3423 periclitantur

562 3442 763 3499 alieno.
789 3443 947 3500 Unde
970 3454 1028 3500 et
1056 3444 1319 3500 Dominus
1343 3443 1395 3499 in
1425 3444 1724 3516 Evangelio
1750 3446 1868 3502 ait:
1894 3445 2027 3502 Etsi
2058 3448 2175 3518 ipso

568 3532 659 3589 tua:
684 3579 699 3604 ,
749 3551 866 3607 qua:
894 3535 946 3589 in
978 3536 1125 3592 nobis
1154 3545 1231 3592 est
1254 3577 1270 3602 ,
1315 3538 1534 3595 tenebrat
1571 3548 1690 3593 sunt
1726 3554 1745 3593 :
1784 3539 1911 3610 ipsa:
1952 3538 2172 3597 teneer

554 3618 774 3696 quantm
798 3638 947 3683 erunt
977 3616 1205 3700 (Matth.
1236 3644 1290 3685 vr
1318 3674 1332 3699 ,
1362 3629 1505 3702 25)?

638 3721 725 3777 18.
774 3722 881 3780 Sed
918 3724 1194 3792 concedo,
1234 3733 1292 3779 ut
1321 3722 1455 3791 hoc,
1487 3724 2048 3796 quantulumcumque
2079 3726 2169 3782 lu-

563 3830 689 3870 men
720 3826 836 3881 est,
884 3814 1215 3872 indelicienti
1247 3831 1419 3888 usque
1459 3817 1511 3872 in
1548 3818 1707 3873 linem
1737 3818 1926 3889 vigore
1960 3834 2170 3889 perma-

568 3916 724 3970 neat,
760 3905 813 3961 id
839 3916 954 3975 est,
983 3907 1185 3962 donum
1218 3907 1350 3963 illud
1373 3953 1386 3975 ,
1420 3908 1563 3978 quod
1590 3909 1817 3964 sortitus
1847 3919 1932 3966 est
1960 3910 2170 3982 specia-

564 4000 632 4055 lis
660 4002 875 4071 gratiat,
908 4016 1013 4056 non
1049 4002 1266 4057 amittat
1304 4002 1570 4074 (alioquin
1602 4002 1885 4074 plenitudo
1914 4003 2048 4059 lucis
2080 4018 2168 4060 as-

563 4091 708 4147 sistit
735 4091 790 4147 in
820 4100 967 4157 toto,
999 4092 1178 4164 caligo
1208 4107 1315 4149 non
1342 4102 1629 4149 remanet:
1661 4095 1953 4165 caliginem
1984 4105 2163 4153 autem

562 4185 685 4241 dico
716 4184 1076 4256 insipientiac,
1119 4185 1188 4243 de
1223 4187 1434 4258 peccati
1473 4186 1728 4244 sordibus
1770 4176 2162 4259 occidentem),

561 4278 691 4350 quid
722 4279 768 4335 si
799 4287 1122 4350 competens
1150 4281 1287 4335 ratio
1315 4288 1432 4350 est,
1463 4288 1523 4335 ut
1551 4290 1811 4352 quantum
1838 4280 1907 4338 de
1930 4281 2051 4339 luce
2071 4282 2165 4340 de-

557 4377 754 4445 fuerit,
806 4384 1017 4433 tantum
1059 4377 1127 4434 de
1170 4377 1403 4449 caligine
1450 4379 1728 4448 supersit?
1771 4380 1942 4437 Porro
1982 4391 2163 4439 autem

560 4467 949 4528 difﬁcillimum
975 4478 1092 4539 est,
1120 4481 1182 4527 ut
1203 4469 1590 4529 oﬂ'endiculum
1613 4473 1789 4545 caligo
1812 4489 1918 4531 non
1942 4474 2160 4534 habeat.

2277 3254 2364 3309 nal
2392 3254 2527 3322 Dei,
2564 3266 2620 3312 et
2650 3257 2870 3328 proiiria
2899 3258 3151 3328 corporis
3178 3268 3341 3329 prout
3368 3260 3533 3332 gessit
3555 3274 3661 3314 cum
3682 3268 3801 3313 cate.

2277 3346 2353 3403 ris
2383 3347 2760 3404 redditurum:
2799 3359 2989 3406 contra
3025 3360 3207 3426 autem
3252 3352 3503 3426 Pelagius
3538 3350 3805 3409 conﬁdenter

2274 3442 2441 3498 audet
2468 3442 2681 3500 dicere:
2704 3443 2782 3500 lta
2804 3425 3130 3502 consumma
3158 3425 3471 3503 universam
3494 3446 3542 3502 iu
3561 3459 3701 3502 carne
3716 3456 3805 3512 per-

2276 3534 2564 3591 fectionem
2590 3576 2605 3602 ,
2630 3543 2691 3591 ut
2712 3536 2779 3593 de
2796 3536 3001 3607 judicis
3026 3537 3274 3596 bonitate
3297 3539 3435 3597 nihil
3463 3553 3679 3611 sperem.
3701 3532 3805 3592 iusti

2273 3629 2328 3684 in
2358 3628 2450 3685 illa
2482 3630 2571 3686 die
2596 3629 2797 3701 judicis
2829 3644 3055 3701 operum
3081 3645 3309 3688 suorum
3338 3633 3535 3704 glorias
3560 3630 3802 3701 aediculas,

2271 3721 2449 3779 adhuc
2481 3732 2660 3778 tamen
2693 3723 2841 3780 velut
2870 3724 3185 3795 ignorantes
3206 3769 3223 3793 ,
3269 3724 3663 3797 interrogabant
3688 3739 3698 3773 :
3719 3715 3802 3772 Do-

2270 3817 2432 3884 mine,
2462 3816 2673 3888 quando
2703 3825 2748 3873 te
2776 3815 3033 3882 vidimus,
3064 3825 3117 3872 et
3146 3817 3256 3873 Ilaec
3284 3818 3505 3889 fecimus
3535 3817 3617 3872 tibi
3641 3808 3803 3886 (Matth.

2270 3925 2397 3977 xxv,
2423 3908 2566 3981 37)?
2601 3919 2654 3964 et
2683 3908 2774 3965 hic
2805 3919 2995 3965 noster
3022 3909 3423 3967 scientissimus
3444 3896 3570 3982 legis
3592 3903 3805 3981 agnoscit.

2268 4017 2377 4073 quo
2397 4001 2488 4057 die
2507 4042 2523 4069 ,
2559 4017 2664 4072 qua
2709 4002 2844 4058 hora
2869 4043 2885 4067 ,
2914 4017 3023 4075 quo
3053 4014 3335 4061 momento
3355 4046 3373 4070 ,
3409 4006 3637 4061 ultimam
3658 3998 3798 4056 sedem

2270 4095 2410 4152 ultra
2448 4111 2608 4168 quam
2659 4111 2765 4153 non
2806 4096 2878 4153 sit
2919 4095 3024 4153 alia
3059 4097 3400 4168 plenissima:
3422 4091 3805 4158 sanctitatis.in-

2267 4192 2455 4250 trahit.
2558 4193 2567 4201 ’

2341 4284 2429 4341 19.
2465 4285 2571 4341 Aut
2594 4284 2819 4341 forsitan
2845 4284 3109 4342 reclamat
3129 4286 3471 4358 etloquitur:
3508 4307 3526 4341 ι
3550 4286 3694 4341 Recte
3710 4277 3808 4335 mihi

2269 4375 2385 4433 haec
2416 4387 2439 4417 ι
2466 4378 2707 4434 amentia
2729 4422 2744 4447 ,
2774 4387 2836 4433 ut
2861 4394 2968 4434 non
2995 4377 3174 4434 dicam
3201 4420 3219 4447 ,
3249 4379 3519 4451 Superbiae
3555 4379 3809 4447 ingereren-

2269 4480 2358 4526 tur
2387 4470 2715 4543 opprobria,
2751 4471 2796 4526 si
2827 4469 3094 4540 dicerem,
3124 4472 3244 4527 sine
3270 4472 3546 4543 adiutorio
3569 4468 3657 4526 Dei
3679 4461 3812 4521 homi-

559 4562 798 4622 Necesse
823 4574 909 4622 est
938 4564 1146 4621 homini
1175 4566 1227 4621 in
1261 4568 1563 4637 quantitate
1595 4541 1811 4625 luminis
1829 4612 1844 4637 ,
1873 4580 1927 4626 et
1952 4570 2005 4626 in
2032 4570 2160 4626 reli-
2190 4541 2245 4603 D
2269 4580 2391 4621 nem
2418 4541 2579 4635 posse
2603 4580 2726 4622 esse
2752 4566 2876 4623 sine
2901 4575 3166 4638 peccato:
3199 4582 3343 4624 nunc
3362 4578 3546 4624 autem
3569 4579 3676 4621 cum
3695 4558 3812 4627 adii?

561 4657 707 4729 quiis
735 4659 985 4729 caliginis
1011 4660 1333 4726 constituto,
1363 4662 1562 4717 volenti
1589 4661 1789 4718 bonum
1818 4671 1999 4719 etnon
2028 4663 2164 4720 etfu-

557 4751 725 4823 gienti
747 4752 972 4819 malum,
995 4761 1049 4807 et
1070 4751 1368 4810 subsistere
1393 4753 1820 4824 adjutorium,et
1840 4771 1945 4812 non
1968 4757 2160 4815 deesse

558 4855 866 4914 peccatum.
897 4844 1053 4915 Quod
1079 4844 1125 4901 si
1152 4845 1404 4917 cuiquam
1436 4846 1670 4903 obscure
1690 4848 1894 4905 dictum
1922 4849 2155 4919 videtur,

556 4938 789 5008 accipiat
815 4940 1123 5010 exemplum
1151 4941 1580 4997 conversationis
1609 4942 1880 4999 humanae.
1902 4943 2021 5001 Duo
2041 4944 2158 5001 sin-

557 5030 668 5103 guli
701 5030 907 5086 habent
937 5032 1077 5088 dona
1103 5033 1357 5091 diversa:
1392 5049 1533 5091 unus
1566 5043 1623 5090 ut
1645 5035 1716 5092 sit
1749 5036 1970 5094 humilis
2003 5038 2054 5093 in
2086 5040 2160 5095 si-

556 5122 750 5188 lentio,
783 5121 921 5177 alter
953 5134 1006 5179 ut
1039 5124 1111 5179 sit
1141 5124 1428 5183 suadibilis
1458 5126 1515 5183 in
1543 5126 1812 5185 docendo.
1847 5130 1946 5187 Ille
1970 5132 2056 5187 cui
2086 5132 2160 5189 si-

557 5216 784 5273 lentium
817 5216 970 5271 cordi
997 5225 1118 5283 est,
1151 5219 1194 5273 si
1224 5217 1365 5277 forte
1392 5230 1649 5292 poscatur
1676 5222 1938 5280 rationem
1962 5224 2031 5282 de
2053 5224 2159 5283 ﬁde

557 5310 811 5377 reddere,
845 5321 1108 5382 putasne,
1132 5310 1336 5368 nullam
1379 5314 1614 5370 assumit
1644 5315 1697 5371 in
1726 5316 2033 5375 humilitate
2062 5317 2161 5372 lal-

558 5401 749 5459 laciain
774 5402 797 5457 ‘t
827 5406 932 5458 Aut
953 5402 1115 5459 facile
1141 5403 1452 5473 arbitraris,
1486 5418 1547 5462 ut
1578 5408 1803 5479 simplex
1829 5411 2159 5469 scurrilitate

555 5507 774 5560 careat,
822 5497 982 5554 lactus
1030 5498 1219 5564 verbo,
1270 5498 1539 5556 sollicitus
1584 5500 1896 5573 iracundia,
1946 5505 2156 5575 patiens

627 5640 653 5668 ε·
691 5630 1242 5711 Gallaulitrsjonsns
1270 5631 1427 5711 Qua,
1470 5632 1662 5690 subdit
1690 5637 1744 5691 in
1759 5638 1963 5711 calce:
2003 5655 2022 5690 ι
2071 5637 2149 5693 ita

558 5712 707 5776 recte
724 5701 939 5776 _St_:l_rotti
965 5701 1156 5761 editio.
1185 5702 1327 5776 lato
1353 5703 1711 5776 [lavercamm
1745 5707 1940 5774 Quum.
1979 5726 2002 5762 s

628 5766 657 5806 ιι
710 5769 929 5828 Addunt
970 5785 1159 5830 vocem
1208 5772 1309 5844 ﬁlii
1351 5770 1608 5841 Schottus
1656 5766 1890 5851 eumque
1932 5787 2152 5839 secutus

2268 4658 2469 4715 torium
2501 4658 2720 4729 adjicio,
2757 4659 2891 4715 nihil
2921 4658 3146 4715 dillicile
3174 4673 3386 4715 assero.
3418 4660 3500 4716 An
3533 4668 3583 4714 tu

2270 4749 2365 4807 Dei
2382 4749 2710 4822 adjutorium
2735 4749 2938 4823 negas?
2956 4769 2976 4805 ι
3001 4750 3258 4807 Concedo
3280 4752 3551 4823 paulisper
3570 4748 3811 4844 calumnia

2271 4853 2373 4901 tute
2394 4888 2409 4914 ,
2445 4855 2507 4900 ut
2534 4844 2663 4900 dum
2691 4845 2837 4916 quod
2867 4845 2919 4899 in
2947 4852 3004 4901 te
3031 4845 3361 4901 convincere
3393 4844 3548 4910 volo,
3580 4841 3631 4897 in
3654 4854 3725 4893 me
3746 4841 3809 4889 vi-

2268 4938 2400 4995 dcar
2429 4939 2716 5011 detegere,
2744 4937 3090 4994 inveniamur
3120 4939 3316 5008 simul,
3343 4948 3397 4996 et
3426 4953 3525 5009 ego
3558 4937 3606 4992 itt
3630 4930 3721 4989 mei
3741 4926 3809 4983 de-

2267 5029 2518 5087 fensione
2562 5030 2872 5102 purgatior,
2914 5038 2971 5085 et
2996 5037 3051 5086 tu
3084 5028 3139 5084 in
3173 5039 3258 5084 tua
3286 5028 3602 5086 confusione
3625 5018 3809 5080 maniis-

2268 5125 2426 5182 stior.
2466 5126 2583 5182 Mea
2622 5139 2840 5197 semper
2880 5123 3001 5180 haec
3038 5134 3126 5181 est
3162 5123 3341 5180 ﬁdelis
3370 5134 3530 5195 atque
3556 5114 3807 5175 indubitat:

2263 5218 2555 5289 sententia,
2592 5219 2757 5276 Deum
2789 5218 3121 5291 adiutorium
3149 5234 3306 5275 suum
3328 5233 3436 5276 non
3461 5217 3628 5273 solum
3654 5215 3701 5267 in
3717 5221 3811 5264 cor-

2262 5327 2400 5384 pore
2426 5328 2549 5377 suo,
2573 5313 2716 5385 quod
2745 5322 2830 5369 est
2852 5312 3121 5380 Ecclesia,
3144 5314 3234 5368 cui
3259 5310 3517 5383 specialia
3538 5307 3607 5364 ob
3627 5300 3810 5360 creden-

2264 5412 2396 5466 tium
2440 5411 2599 5468 lidem
2641 5410 2832 5483 gratiae
2871 5424 2982 5465 sua:
3014 5408 3155 5464 dona
3185 5409 3440 5479 largitur,
3473 5417 3653 5461 verum
3676 5396 3813 5455 etiam

2263 5506 2536 5562 universis
2582 5505 2635 5562 iu
2679 5505 2783 5562 hoc
2828 5502 3033 5560 mundo
3072 5502 3329 5575 gentibus
3366 5506 3583 5571 propter
3608 5486 3813 5563 Ιου8²⁸ί⁶

2258 5637 2507 5696 Gallam].

2336 5722 2357 5751 ο
2390 5710 2709 5769 Galba-dius
2733 5709 2959 5780 ctn'rig‘tt
2978 5750 2993 5777 ,
3025 5711 3285 5765 amentiis.
