4110 6168
265 283 406 339 H39

1344 287 1554 343 LIBER
1595 287 1686 342 DE
1731 287 2034 343 ARBITHII
2078 287 2490 347 LIBEIt'I‘A'I‘E.

3434 299 3572 352 Illltl

266 420 406 455 tuen
430 401 514 455 sui
537 409 795 453 maternam
821 415 903 468 ine
929 399 1274 455 clementimt
1299 403 1736 468 sulmtinistratc,
1766 417 1870 456 non
1904 406 1946 461 Α
1975 406 2072 461 lies
2108 425 2119 458 :
2153 424 2217 461 cn
2249 406 2364 475 ipse
2392 407 2667 474 diabolus,
2690 406 2816 460 dum
2845 414 3076 462 testatur
3097 408 3164 463 de
3196 409 3571 476 universitate,

266 503 326 546 ιιι
371 507 421 546 ιιι
468 491 669 545 :isseris
710 507 830 544 cum
872 492 1138 562 discipulo
1183 504 1276 548 tuo
1313 495 1604 562 leeslio,
1643 495 1729 550 cui
1755 493 1869 563 jam

269 604 314 652 τι,
343 586 410 640 nd
445 586 752 640 Africanam
786 586 1055 657 synodum
1097 590 1311 644 occulta
1342 589 1432 644 illa
1462 591 1748 659 impiorum
1775 590 1871 646 do-

270 692 511 749 gmatum
550 693 743 733 natura
771 691 1000 736 contusa
1024 692 1129 744 est.
1157 683 1207 736 itt
1234 683 1351 738 solo
1379 683 1609 737 naturali
1633 683 1798 750 bona,
1820 691 1876 737 et

270 775 328 829 in
353 774 527 828 libero
555 774 781 829 arbitrio
806 775 1139 844 generaliter
1163 777 1438 830 universis
1461 793 1622 830 unam
1645 776 1878 846 gratiam

273 869 686 923 contributam:
736 868 831 922 sed
871 868 1157 938 speciatim
1197 871 1442 937 quotidie
1481 885 1580 939 per
1610 877 1877 938 tempora,

277 978 372 1032 per
401 961 542 1026 dies,
577 976 676 1029 per
699 971 1003 1029 momenta,
1035 977 1130 1030 per
1151 959 1349 1039 ἅτομας
1372 970 1430 1018 et
1455 963 1664 1018 cunctis
1689 974 1742 1018 et
1766 963 1879 1016 sin-

273 1056 414 1127 gulis
438 1055 768 1110 ministrare.
789 1055 930 1110 Dicit
946 1057 1091 1111 enim
1109 1053 1388 1124 Scriptura
1411 1068 1434 1108 :'
1454 1056 1555 1123 Qui
1579 1057 1703 1126 facit
1722 1057 1881 1111 solem

275 1166 428 1204 suum
450 1150 610 1221 607
636 1149 764 1204 oriri
789 1165 946 1217 super
969 1148 1134 1204 bonos
1157 1158 1202 1203 et
1234 1147 1402 1204 malos
1426 1147 1640 1219 (Matth.
1674 1164 1728 1215 v,
1759 1148 1878 1218 45).

276 1243 346 1298 At
395 1253 450 1298 tn
494 1244 635 1298 forte
664 1243 1003 1314 respondes:
1055 1242 1316 1299 Ordinem
1364 1257 1524 1299 suum
1577 1242 1881 1312 composita

280 1335 422 1391 bene
455 1343 646 1390 natura
674 1335 916 1391 custodit
942 1378 958 1403 ,
987 1349 1053 1390 ac
1080 1351 1178 1406 per
1211 1335 1314 1391 hoc
1347 1335 1495 1390 Deus
1511 1333 1884 1391 elementariis

281 1429 452 1485 semel
477 1430 727 1485 cursibus
748 1429 1084 1493 consumtis,
1109 1427 1238 1484 facit
1267 1429 1393 1486 inde
1420 1445 1540 1500 quae
1563 1427 1713 1484 facit.
1741 1426 1886 1496 Quid

283 1540 414 1597 ergo
445 1524 513 1580 de
545 1525 635 1580 illa
668 1524 959 1580 sententiae
997 1534 1152 1595 parte
1176 1565 1194 1592 ,
1229 1540 1350 1594 qua:
1391 1525 1662 1594 sequitur,
1691 1524 1885 1592 apina-

286 1621 359 1674 ris
385 1637 395 1672 :
417 1616 522 1672 Dat
546 1617 774 1690 pluviam
799 1635 954 1690 super
969 1620 1150 1690 justas
1175 1627 1221 1672 et
1247 1619 1472 1688 injustas
1501 1617 1559 1686 (1
1565 1618 1698 1688 bid.)
1717 1617 1741 1672 Ἰ
1763 1615 1884 1673 Uti-

284 1730 389 1786 que
416 1715 506 1784 qui
536 1715 668 1780 dat,
692 1729 824 1770 eum
857 1715 974 1770 vult
1001 1714 1117 1780 dat,
1145 1724 1204 1770 et
1230 1713 1320 1769 ubi
1353 1715 1468 1770 vult
1495 1715 1586 1770 dat
1619 1733 1630 1768 :
1665 1714 1750 1769 vel
1778 1714 1890 1769 dis-

1976 500 2046 554 de
2073 516 2180 556 uno
2209 501 2602 569 interrogatur.
2634 501 3076 569 Animadvertisti,
3111 504 3287 570 inquit
3316 503 3480 570 Dens,
3522 507 3578 558 in

1977 609 2189 665 puerum
2215 610 2380 646 meum
2407 591 2507 646 Job
2532 633 2546 656 ,
2575 594 2700 664 quia
2727 611 2830 648 non
2857 605 2930 648 est
2967 595 3243 665 quisquam
3284 595 3468 649 similis
3500 596 3580 649 illi

1977 703 2138 756 super
2158 695 2350 740 terram
2370 685 2515 754 (Job.
2540 703 2578 754 ι,
2603 687 2704 756 8)?
2726 688 2888 742 Novit
2907 688 3188 758 speciatim
3217 705 3584 760 unnmqnem-
3667 749 3670 752 ί

1981 795 2090 848 que
2116 779 2401 846 Dominus,
2433 780 2581 835 novit
2610 791 2666 836 et
2691 780 2970 835 diabolus.
3004 781 3103 836 Ille
3125 792 3397 851 potestate
3427 793 3586 836 natu-

1981 886 2081 936 τω,
2121 872 2223 926 iste
2253 871 2441 926 labore
2473 873 2752 940 nequitiie.
2786 873 2896 930 Iste
2927 885 2984 929 ut
3015 883 3213 940 tentet,
3252 876 3343 930 ille
3376 888 3426 930 ut
3454 893 3583 946 pm—

1983 966 2092 1020 bet.
2126 965 2230 1022 Job
2249 1009 2263 1031 ,
2293 967 2701 1022 contradicente
2729 969 3046 1024 adversario
3073 1015 3087 1038 ,
3119 986 3146 1022 a
3179 981 3433 1026 creatore
3461 973 3579 1026 lau-

1983 1058 2162 1114 datur.
2196 1058 2325 1114 Vult
2367 1061 2624 1114 ltominns
2651 1076 2788 1131 opus
2823 1061 3070 1128 judicare
3113 1063 3348 1117 hominis
3373 1105 3386 1129 ,
3437 1063 3583 1132 quod

1987 1151 2102 1219 ipse
2130 1161 2393 1219 operatur
2422 1153 2472 1205 in
2497 1169 2563 1208 co
2599 1170 2610 1205 :
2645 1165 2702 1208 at
2724 1168 2852 1208 vero
2879 1155 2948 1208 de
2977 1154 3253 1224 adiutorio
3285 1158 3446 1210 etiam
3476 1155 3589 1210 dia-

1986 1242 2142 1299 bolus
2165 1244 2476 1298 confitetur.
2515 1246 2654 1301 Dicit
2690 1248 2834 1301 enim
2870 1265 2881 1299 :
2916 1245 3106 1302 Nonne
3147 1258 3201 1302 tu
3247 1250 3585 1322 circumsepi-

1987 1336 2104 1388 t'isti
2140 1352 2256 1407 qua:
2303 1349 2421 1391 sunt
2467 1347 2611 1392 eattra
2655 1339 2898 1404 domum,
2930 1350 2977 1394 et
3026 1341 3164 1394 intra
3215 1341 3427 1395 domum
3473 1345 3588 1414 ejus

1987 1427 2153 1498 (Ibid.
2188 1429 2318 1500 l0)?
2348 1430 2648 1500 Ettpetente
2675 1431 2932 1498 inimico,
2965 1434 3225 1488 fantttlmn
3250 1451 3407 1502 suum
3439 1435 3588 1490 Deus

1989 1523 2188 1592 spoliat
2221 1539 2317 1594 per
2347 1528 2726 1591 tentatianem,
2760 1543 2866 1582 non
2899 1527 3065 1584 nudat
3095 1547 3106 1581 ε
3133 1533 3307 1584 aufert
3336 1531 3591 1583 substan-

1993 1615 2123 1671 tiam
2146 1627 2203 1672 et
2227 1617 2319 1673 dat
2347 1621 2580 1689 gratiam
2609 1639 2620 1675 :
2651 1618 2808 1686 Ecce,
2836 1623 3030 1691 inquit,
3055 1625 3228 1676 omnia
3255 1640 3593 1694 quacumque

1992 1706 2142 1763 habet
2168 1708 2234 1764 do
2263 1710 2316 1763 in
2345 1726 2505 1764 manu
2534 1720 2625 1766 tua
2647 1753 2661 1777 ,
2689 1713 2778 1766 sed
2806 1714 2975 1783 ipsum
3005 1716 3114 1767 noli
3145 1723 3355 1786 tangere
3385 1717 3402 1785 (
3424 1713 3589 1780 lbirl.,

286 1807 562 1878 pensando
585 1807 903 1877 dispositam
931 1807 1503 1872 constitutionem,vel
1551 1806 1884 1862 elIundendo
1916 1794 1964 1854 Β
1991 1803 2109 1872 12).
2139 1804 2336 1860 Parum
2367 1816 2469 1862 est.
2521 1807 2740 1862 Invidus
2771 1808 2940 1874 furit,
2977 1818 3205 1864 mortem
3251 1820 3482 1864 conatur
3512 1813 3592 1865 in-

288 1902 560 1971 propriam
614 1900 948 1970 largitatem.
999 1899 1079 1955 Ac
1125 1914 1194 1956 ne
1239 1900 1538 1956 secundum
1590 1900 1888 1956 amentiam

289 1996 582 2066 impietatis
614 2006 725 2049 tua:
754 1995 920 2050 etiam
965 1994 1066 2048 hoc
1100 2009 1370 2050 evacuare
1409 1993 1694 2050 mediteris
1717 2035 1732 2058 ,
1761 1993 1889 2048 audi

294 2089 615 2160 praphetam
643 2105 809 2158 super
839 2087 940 2143 hac
969 2091 1196 2144 veritate
1225 2097 1514 2144 testantem
1547 2105 1560 2140 :
1593 2086 1694 2154 Qui
1723 2087 1887 2141 advo-

289 2191 367 2234 cat
395 2198 558 2252 aquas
592 2182 750 2235 ntaris
775 2223 790 2246 ,
824 2191 871 2234 et
911 2179 1134 2249 effundit
1167 2196 1254 2235 eas
1294 2195 1452 2248 super
1481 2179 1669 2248 [aciem
1698 2188 1849 2233 terra:
1871 2217 1887 2246 ,

290 2272 544 2328 Dontinus
570 2289 755 2328 nomen
785 2282 859 2328 est
887 2273 966 2327 illi
992 2273 1172 2345 (Amos
1195 2288 1246 2339 ν,
1279 2270 1358 2342 8).
1391 2269 1530 2337 Quid
1555 2285 1684 2326 vero
1712 2271 1889 2324 dicant

292 2367 361 2422 de
389 2382 485 2436 spe
508 2381 637 2422 vera
663 2367 883 2437 generis
915 2365 1139 2421 humani
1157 2407 1172 2430 ,
1204 2367 1330 2436 quia
1357 2365 1525 2420 omnis
1553 2364 1640 2432 qui
1669 2372 1808 2427 arat,
1839 2363 1892 2418 in

291 2474 382 2528 spe
411 2466 526 2512 arat
559 2458 600 2530 (Ι
628 2457 750 2513 Cor.
778 2473 856 2526 ix,
885 2456 1000 2528 10).
1028 2458 1267 2528 Sperare
1289 2469 1493 2522 autem,
1526 2472 1633 2511 non
1658 2465 1744 2512 est
1769 2471 1895 2526 pos-

293 2551 571 2606 sibilitatis
600 2551 853 2621 pr0priae,
885 2550 982 2605 sed
1016 2551 1283 2621 largitatis
1311 2549 1526 2605 alienat.
1557 2551 1690 2604 Cum
1709 2558 1892 2604 autem

295 2645 414 2715 quis
440 2644 818 2708 seminaverit,
839 2643 1156 2714 jactamque
1175 2653 1477 2699 sementem
1511 2644 1564 2697 in
1590 2641 1712 2698 sinu
1735 2652 1895 2699 terra:

296 2737 475 2790 cultor
499 2734 872 2798 absconderit,
905 2750 1016 2790 non
1048 2734 1214 2790 habet
1235 2734 1378 2790 ultra
1407 2733 1550 2805 quod
1580 2733 1762 2798 faciat,
1791 2731 1895 2788 nisi

298 2839 356 2886 ut
384 2830 575 2885 oculos
633 2828 820 2884 tendat
867 2827 932 2882 ad
979 2827 1386 2896 emlum,_oret
1418 2843 1525 2882 non
1577 2836 1776 2882 terram
1808 2825 1896 2881 (ui

297 2921 590 2986 commisit,
617 2920 713 2976 sed
751 2921 918 2975 Deum
940 2921 1026 2976 cui
1058 2919 1312 2985 credidit,
1339 2929 1396 2974 ut
1425 2919 1640 2974 labores
1662 2917 1781 2986 ejus
1805 2914 1897 2972 vel

298 3016 563 3070 matutino
593 3015 677 3069 vel
707 3014 950 3069 serotino
981 3013 1155 3068 imbre
1197 3011 1472 3068 fecundet.
1510 3011 1612 3077 Et,
1649 3021 1708 3066 ut
1736 3008 1900 3080 spiri-

300 3110 391 3165 tali
422 3107 740 3165 testimonio
779 3109 941 3162 etiam
986 3109 1051 3163 ad
1100 3121 1420 3164 communes
1464 3120 1592 3159 usus
1624 3103 1895 3174 perfruar,

1993 1897 2216 1962 ducere,
2246 1900 2346 1956 sed
2377 1915 2406 1952 e
2437 1901 2718 1957 contrario
2744 1902 3158 1974 dispensatione
3194 1905 3286 1960 Dei
3319 1918 3594 1972 movetur,

1992 1992 2168 2061 gratia
2197 2008 2304 2047 non
2328 1992 2576 2046 aufertur
2608 2013 2618 2046 :
2648 1995 2886 2064 ettpetita
2917 1995 3163 2066 prmdoni
3199 1996 3378 2066 praeda
3403 1996 3428 2035 δ
3456 2014 3593 2066 prie-

1995 2083 2184 2146 tnitur,
2214 2101 2406 2140 rursus
2435 2085 2634 2155 pra-die
2677 2103 2791 2141 sua:
2827 2096 3014 2142 custos
3046 2087 3354 2146 adhibetur.
3392 2090 3598 2145 Dicitur

1993 2173 2140 2230 enim
2171 2176 2238 2230 ad
2261 2191 2383 2231 eum
2407 2194 2420 2230 :
2452 2176 2590 2231 Ecce
2610 2178 2758 2232 trado
2784 2188 2832 2232 et
2857 2195 2973 2232 eum
2998 2180 3107 2245 tibi,
3137 2189 3341 2234 tantum
3367 2183 3596 2236 animum

1994 2271 2107 2340 ejus
2133 2269 2337 2324 custodi
2361 2271 2377 2343 (
2403 2269 2524 2325 Job.
2555 2287 2628 2336 tt,
2660 2271 2747 2341 6).
2778 2271 2950 2327 Nemo
2982 2289 3046 2327 ex
3083 2273 3182 2327 hoc
3213 2276 3447 2329 atstimet
3478 2274 3598 2328 dia-

1997 2362 2178 2418 bolum
2211 2363 2276 2418 ad
2308 2364 2670 2419 seducendam
2708 2365 2758 2418 itt
2804 2379 3037 2434 corpore
3074 2367 3449 2420 tantumtnoda
3484 2367 3601 2420 ani-

1997 2470 2141 2511 mam
2174 2457 2421 2513 laborare
2448 2498 2462 2521 ,
2497 2456 2602 2512 nisi
2628 2459 2793 2512 etiam
2842 2458 2910 2512 ab
2964 2459 3080 2527 ipso
3121 2473 3354 2530 corpore
3383 2460 3599 2515 vellen-

1996 2549 2122 2604 dam
2153 2567 2167 2604 :
2200 2551 2244 2604 si
2277 2565 2386 2604 non
2414 2551 2660 2605 saucium
2695 2551 3086 2622 infirmumque
3120 2552 3396 2608 hominem
3439 2555 3604 2611 mise—

1999 2643 2173 2701 rantis
2204 2644 2298 2700 Dei
2333 2644 2502 2699 tutela
2534 2646 2769 2701 muniret
2800 2688 2814 2712 ,
2846 2656 2896 2699 et
2940 2645 3098 2700 obvia
3127 2647 3341 2702 cunctis
3374 2647 3600 2705 insidia-

1997 2752 2118 2793 rum
2148 2737 2271 2808 ejus
2295 2738 2586 2793 conatibus
2621 2753 2840 2808 semper
2866 2749 3205 2795 occurreret.

2069 2835 2162 2889 2|.
2205 2833 2385 2888 Habes
2411 2873 2428 2898 ,
2461 2841 2522 2888 ιιι
2556 2833 2819 2898 arbitror,
2851 2833 3018 2890 etiam
3052 2834 3108 2889 in
3135 2834 3401 2891 Gentibus
3442 2833 3599 2890 suffl-

1999 2927 2235 2983 cientem
2284 2927 2635 2996 coaperantis
2684 2927 2873 2996 gratia:
2920 2927 3294 2996 probationem
3347 2946 3358 2979 :
3416 2927 3604 2998 accipe

2001 3019 2350 3076 manifestam
2380 3034 2595 3089 quoque
2627 3019 3070 3090 significantiam,
3105 3020 3175 3076 de
3201 3021 3296 3076 illo
3321 3022 3600 3091 prmeipue

2001 3112 2149 3168 dono
2173 3158 2188 3182 ,
2221 3114 2365 3183 quod
2395 3113 2658 3168 Ecclesiae
2703 3123 2758 3168 et
2789 3114 3006 3181 corpori
3040 3131 3141 3168 suo
3181 3113 3456 3182 peculiare
3490 3114 3601 3168 Iar-

299 3219 456 3274 neque
480 3205 566 3275 qui
591 3203 994 3274 plantat,neque
1014 3203 1105 3274 qui
1126 3202 1284 3273 rigat,
1307 3200 1595 3272 quidquam
1617 3195 1892 3262 εαηιςσεά,
1922 3184 1968 3247 C
2000 3208 2165 3279 gitur.
2198 3208 2397 3263 Paulus
2427 3208 2706 3278 apostolus
2735 3208 2802 3262 ad
2847 3207 3162 3263 Corinthios
3195 3209 3388 3263 scribit
3419 3227 3431 3260 :
3459 3207 3600 3262 Gra-

297 3299 386 3368 qui
412 3299 782 3352 incrementum
811 3297 923 3362 dat,
963 3295 1141 3365 Deus(
1171 3293 1190 3348 1
1214 3292 1334 3350 Cor.
1363 3308 1422 3348 ιιι
1448 3333 1463 3357 ,
1497 3293 1528 3346 7
1552 3290 1596 3361 ).
1623 3291 1897 3357 Quantum

301 3403 431 3459 ergo
458 3388 524 3443 dc
555 3388 649 3442 Dei
675 3387 952 3456 adjutorio
981 3385 1267 3458 gaudeant,
1300 3400 1397 3454 per
1424 3382 1475 3438 id
1503 3381 1720 3448 metire,
1755 3377 1898 3451 quod

303 3481 601 3536 ministrari
645 3481 858 3552 singula
906 3480 1073 3535 etiam
1107 3477 1358 3550 gentibus
1388 3476 1562 3547 probo
1597 3493 1607 3528 :
1642 3483 1701 3529 ut
1729 3471 1903 3528 mani-

302 3573 497 3630 festum
530 3573 691 3630 nobis
720 3581 889 3642 esset,
925 3587 1084 3643 quem
1115 3586 1286 3641 usque
1314 3569 1366 3624 in
1401 3569 1566 3624 ﬁnem
1597 3581 1810 3633 cavere,
1846 3574 1902 3620 et

301 3684 460 3740 quem
492 3668 610 3724 sine
631 3668 936 3724 cessatione
969 3668 1227 3722 invocare
1258 3664 1577 3720 debeamus.

371 3761 464 3816 20.
511 3760 768 3815 Diabolus
792 3762 1159 3830 interrogatur
1187 3773 1217 3812 a
1249 3757 1482 3812 Domino
1513 3773 1526 3813 :
1565 3753 1714 3811 Unde
1735 3753 1905 3807 ades?

305 3858 374 3909 At
425 3853 518 3910 ille
567 3851 849 3924 respondit
883 3871 896 3906 :
931 3851 1250 3906 Circumiens
1299 3861 1489 3905 terram
1529 3861 1576 3903 et
1617 3861 1903 3918 peragrans

303 3962 419 4017 qua:
446 3945 538 4000 sub
569 3944 698 4001 caelo
728 3955 871 4012 sunt,
895 3945 1083 3998 adsum
1112 3942 1259 4015 (Job.
1289 3959 1308 3999 ι
1333 3987 1348 4010 ,
1382 3945 1460 4014 7).
1495 3941 1649 4012 Rogo
1683 3949 1756 4006 te,
1789 3938 1902 3993 sol-

304 4038 528 4094 licitudo
557 4041 657 4094 ista
683 4038 890 4094 diaboli
909 4080 922 4101 .
959 4038 1114 4094 bona:
1143 4036 1462 4102 voluntatis,
1493 4050 1560 4089 an
1593 4034 1751 4090 malae
1775 4035 1904 4090 est?

308 4133 550 4188 Fatearis
581 4147 807 4189 necesse
843 4141 963 4202 est,
997 4131 1235 4187 Omnino
1270 4131 1446 4185 tttalze.
1497 4130 1611 4184 lloc
1654 4129 1803 4185 enim
1851 4137 1908 4185 et

305 4243 544 4299 sequens
571 4226 938 4298 expostulatio
964 4225 1080 4296 ejus
1108 4223 1370 4279 ostendit.
1409 4222 1772 4278 Manifestatio
1802 4223 1903 4278 ista

305 4321 509 4377 diaboli
537 4334 779 4390 tempore
798 4319 900 4375 Job
919 4318 1057 4373 facta
1075 4329 1183 4385 est,
1202 4315 1418 4373 scilicet
1440 4328 1684 4385 tempore
1710 4314 1903 4382 Moysi.

306 4415 472 4470 Certe
501 4422 628 4469 tunc
659 4413 808 4468 nulla
836 4410 1044 4474 Judzea,
1079 4411 1226 4464 nulla
1249 4409 1612 4476 llicrusalem,
1635 4408 1780 4464 nulla
1811 4423 1908 4478 per

309 4511 496 4568 orbem
534 4511 778 4567 Ecclesia
809 4518 946 4564 erat.
983 4508 1173 4562 Adhuc
1213 4506 1465 4560 universa
1495 4504 1778 4576 gentilitas
1811 4502 1904 4559 Dei

209 4623 216 4628 ·
312 4606 560 4661 notitiam
591 4621 698 4660 non
746 4605 1022 4672 habebat,
1055 4615 1111 4660 et
1137 4605 1250 4674 jam
1287 4612 1465 4658 tamen
1501 4573 1764 4657 diabolus
1800 4599 1907 4654 eir-
1933 4573 1987 4635 Ῑ)

310 4701 555 4756 cumiens
579 4709 802 4766 terram,
827 4699 1012 4754 omnia
1043 4714 1164 4768 qua:
1195 4697 1297 4752 sub
1325 4695 1469 4752 cmlo
1495 4704 1622 4749 sunt
1652 4705 1908 4764 peragra-

312 4795 401 4850 bat
433 4815 443 4849 ε
473 4804 637 4864 ιιιιυθ
668 4794 730 4848 ad
776 4789 1149 4849 seducendnnt
1180 4801 1234 4847 et
1261 4789 1686 4862 dispergendum
1716 4788 1910 4842 huma-

313 4903 438 4941 tmm
469 4901 640 4955 genus
690 4884 1004 4941 incessabili
1037 4885 1258 4939 malitiae
1288 4897 1400 4937 sua:
1431 4877 1801 4936 sollicitudine
1831 4877 1910 4932 fe-

311 4980 553 5036 rebatur.
582 4979 769 5048 Itaque
797 4993 920 5033 cunt
946 4977 1133 5033 videas
1155 5021 1169 5044 ,
1207 4975 1518 5031 hominibus
1547 4972 1752 5044 ignaris
1784 4981 1905 5027 tan-

313 5081 426 5128 tam
457 5073 661 5128 diaboli
689 5072 1002 5127 incubuisse
1033 5069 1326 5142 nequitiam
1362 5071 1412 5124 in
1440 5066 1864 5138 disperdendum
1891 5105 1906 5130 ,

314 5169 514 5224 nullam
543 5169 668 5225 ltinc
692 5169 872 5225 credis
899 5168 1000 5225 Dei
1031 5169 1084 5224 in
1113 5165 1472 5223 custodiendo
1494 5164 1720 5237 gratiam
1745 5163 1911 5236 608

315 5262 629 5331 praefuisse?
673 5266 777 5316 Aut
808 5261 948 5316 forte
981 5261 1181 5316 frustra
1222 5259 1427 5315 dictum
1461 5267 1620 5330 putas
1651 5277 1662 5310 :
1695 5257 1909 5313 Domini

313 5365 387 5408 est
415 5363 552 5407 terra
581 5361 630 5408 et
660 5352 929 5421 plenitudo
953 5357 1064 5427 ejus
1084 5393 1098 5415 ,
1131 5351 1270 5407 orbis
1317 5359 1574 5406 terrarum
1604 5360 1652 5404 et
1686 5351 1912 5405 universi

314 5447 402 5516 qui
427 5445 660 5500 habitant
685 5446 737 5499 in
768 5462 829 5499 ea
856 5443 1032 5515 (Psal.
1065 5461 1216 5510 χχιιι,
1249 5444 1344 5515 I)?
1377 5445 1443 5497 At
1469 5458 1598 5500 vero
1631 5453 1686 5499 tit
1717 5444 1913 5498 adesse

316 5541 645 5611 adjutorium
683 5539 774 5594 Dei
805 5583 818 5604 ,
851 5548 904 5594 et
934 5555 1028 5610 per
1061 5548 1086 5576 ει
1121 5537 1362 5610 singulos
1409 5535 1758 5593 manifestius
1789 5551 1912 5606 pro-

390 5694 414 5719 υ
449 5684 621 5737 liabet
646 5682 854 5753 singula
891 5680 1228 5753 Gallandius.

386 5753 414 5792 ι’
462 5754 665 5819 Forte,
709 5749 1096 5825 promitunvel
1146 5753 1484 5825 permittitur,
1532 5749 1913 5825 nisi_volu_er_it

319 5825 586 5895 premitur.
617 5854 688 5868 —
709 5820 953 5881 'Omnino
985 5820 1275 5894 legendum
1319 5823 1574 5895 promitur
1602 5820 1734 5880 dicit
1781 5820 1910 5880 Gal-

2003 3300 2102 3352 tias
2130 3316 2230 3370 ago
2256 3298 2369 3354 Deo
2400 3316 2510 3354 meo
2532 3315 2731 3370 semper
2761 3316 2854 3370 pro
2881 3300 3043 3367 vobis,
3071 3301 3124 3353 in
3157 3303 3327 3374 gratia
3363 3298 3460 3353 Dei
3487 3316 3604 3369 qua:

2003 3392 2128 3445 data
2154 3402 2229 3448 est
2253 3393 2392 3448 vobis
2419 3395 2471 3448 iu
2506 3393 2715 3448 Christo
2743 3392 2871 3448 Jesu
2909 3414 2928 3450 .'
2973 3394 3099 3464 quia
3140 3395 3197 3448 in
3245 3395 3483 3450 omnibus
3523 3395 3604 3449 di-

2002 3485 2127 3540 vites
2174 3487 2302 3556 facti
2351 3488 2472 3541 estis
2501 3488 2553 3540 in
2597 3487 2726 3552 illo,
2764 3487 2817 3540 in
2843 3488 2988 3541 omni
3039 3487 3229 3555 verba,
3276 3499 3324 3542 et
3372 3489 3426 3542 in
3465 3488 3607 3542 omni

2003 3579 2219 3633 scientia
2239 3620 2253 3644 ,
2291 3579 2424 3633 sicut
2452 3579 2804 3633 testimonium
2833 3578 3025 3634 Christi
3057 3580 3422 3650 conﬁrmatum
3449 3591 3524 3634 est
3549 3580 3602 3634 in

2005 3672 2144 3726 vobis
2175 3687 2192 3725 :
2223 3671 2297 3726 ita
2328 3683 2384 3726 ut
2415 3670 2548 3726 nihil
2580 3671 2719 3726 vobis
2741 3672 2872 3726 desit
2903 3671 3090 3726 inulla
3117 3672 3288 3742 gratia
3317 3672 3357 3736 (Ι
3389 3671 3513 3726 Cor.
3543 3687 3560 3726 t
3585 3711 3602 3738 ,

2004 3763 2146 3834 4-7).
2176 3747 2247 3818 Et.
2285 3764 2479 3820 iterum
2525 3781 2538 3818 :
2577 3763 2862 3832 Iusti/irati
2916 3765 3076 3836 igitur
3110 3780 3172 3818 ea:
3219 3764 3321 3834 [ide
3349 3806 3364 3829 ,
3424 3780 3605 3834 pacem

2007 3855 2285 3909 habeamus
2336 3857 2405 3908 ad
2473 3853 2679 3924 Deum,
2735 3872 2826 3926 per
2886 3854 3166 3910 Dominum
3220 3867 3455 3910 nostrum
3507 3855 3604 3910 Je-

2005 3965 2123 4003 sum
2155 3947 2421 4005 Christum
2463 3967 2481 4004 :
2525 3967 2616 4018 per
2655 3966 2805 4020 quem
2847 3959 2895 4005 et
2939 3965 3202 4004 accessum
3245 3950 3492 4005 habemus
3535 3951 3603 4019 ﬁ-

2008 4043 2092 4096 dei
2119 4041 2216 4096 Dei
2239 4042 2406 4114 609
2432 4043 2484 4096 in
2515 4042 2686 4116 gratia
2717 4043 2834 4110 ista,
2863 4060 2953 4114 per
2973 4061 3131 4114 quant
3157 4052 3377 4109 stamus,
3421 4054 3467 4099 et
3496 4047 3612 4117 glo-

2009 4136 2206 4189 riamur
2230 4135 2406 4209 (Rom.
2443 4152 2496 4205 v,
2534 4138 2584 4203 I,
2606 4137 2687 4208 2).
2731 4135 2886 4193 Unde
2913 4147 2966 4193 et
2989 4136 3185 4193 Petrus
3206 4138 3486 4208 apostolus
3513 4137 3606 4193 ad-

2009 4237 2217 4298 monet,
2247 4227 2436 4283 dicens
2466 4249 2477 4280 :
2534 4229 2855 4301 Recipicntes
2885 4230 3042 4298 ﬁnem
3069 4231 3194 4296 ﬁdei
3217 4241 3398 4285 vestrm
3419 4269 3434 4293 ,
3466 4230 3609 4284 salu-

2009 4328 2109 4374 tem
2135 4321 2450 4375 animarum.
2490 4319 2565 4376 De
2591 4338 2693 4392 qua
2719 4321 2888 4376 salute
2915 4323 3265 4389 exquisierunt
3292 4333 3441 4391 atque
3466 4338 3611 4377 scru-

2010 4413 2105 4467 tati
2144 4422 2264 4466 sunt
2303 4411 2600 4484 praphette,
2652 4415 2739 4484 qui
2770 4414 2836 4469 de
2865 4414 3042 4483 futura
3070 4416 3122 4468 in
3167 4431 3259 4469 nos
3303 4414 3475 4484 gratia
3515 4415 3612 4469 Dei

2012 4506 2444 4577 prophetaverunt
2469 4505 2513 4580 (Ι
2539 4506 2662 4562 Pet.
2695 4523 2742 4576 ι,
2773 4508 2838 4577 9,
2876 4507 2990 4578 l0.)
3034 4508 3111 4564 Ex
3156 4525 3264 4580 quo
3306 4509 3614 4565 evidentis-

2010 4603 2148 4658 sime
2176 4601 2520 4657 declaratum
2553 4610 2640 4658 est
2663 4642 2676 4663 ,
2732 4603 2935 4658 nemini
2970 4602 3252 4658 hominum
3284 4603 3483 4660 deesse
3517 4604 3610 4659 Dei

2010 4693 2341 4764 adjutarium
2370 4713 2381 4746 :
2416 4694 2724 4764 praesertim
2755 4709 2878 4750 cum
2907 4705 2963 4751 et
2990 4695 3250 4752 seductor
3280 4697 3516 4763 insistat,
3558 4706 3613 4751 ct

2012 4787 2141 4842 insit
2172 4787 2480 4843 infirmitas.
2523 4787 2762 4843 Confusa
2793 4800 3164 4858 evacuataque
3201 4800 3288 4845 est
3336 4790 3610 4845 calumnia

2011 4884 2142 4938 caeci
2173 4884 2470 4954 arguentis,
2507 4882 2598 4954 qui
2627 4883 2703 4937 ait
2727 4883 2922 4940 :Forte
2951 4893 3002 4939 tu
3033 4884 3124 4939 Dei
3155 4884 3488 4954 adjutorium
3519 4901 3614 4940 ne-

2011 4990 2106 5045 gas
2133 4975 2156 5027 ‘!
2195 4975 2303 5030 Sed
2328 4974 2584 5047 quoniam
2614 4974 2684 5029 de
2712 4973 2817 5030 Job
2845 4977 3078 5032 fecimus
3106 4978 3479 5042 mentionem,
3527 4977 3610 5031 di-

2017 5082 2203 5122 camus
2229 5067 2372 5136 quod
2405 5076 2460 5122 et
2485 5068 2755 5136 superiori
2787 5069 3102 5123 testimonio
3142 5070 3474 5124 recensitum
3506 5079 3623 5135 est,

2017 5159 2248 5214 Domino
2269 5159 2513 5215 dicente:
2543 5159 2712 5215 Homo
2734 5163 2846 5216 sine
2869 5162 3107 5227 crimine,
3131 5176 3286 5217 verax
3306 5161 3399 5217 Dei
3420 5162 3610 5228 cultor,

2017 5251 2277 5306 abstinens
2307 5267 2361 5305 se
2383 5252 2447 5305 ab
2477 5254 2617 5306 omni
2649 5254 2786 5307 malo
2816 5251 2959 5325 (Job.
2994 5269 3054 5320 ll,
3080 5253 3160 5324 5).
3203 5255 3356 5311 Solet
3393 5255 3537 5308 enim
3581 5269 3612 5306 a

2018 5345 2172 5398 vobis
2201 5344 2500 5410 smpissime
2527 5344 2796 5412 dictitari,
2841 5345 2909 5401 ad
2955 5346 3298 5416 probandum
3341 5346 3612 5400 hominem

2018 5441 2138 5496 sine
2159 5450 2386 5511 peccato
2417 5454 2579 5516 posse
2609 5455 2762 5506 esse,
2797 5442 2920 5512 quia
2956 5440 3116 5497 fuerit
3143 5485 3159 5510 ,
3213 5443 3317 5496 hoc
3345 5451 3458 5506 est,
3488 5442 3614 5510 quia

2017 5541 2073 5590 et
2095 5533 2220 5603 Job,
2253 5534 2567 5591 testimonio
2601 5533 2733 5602 Dei,
2788 5535 2951 5590 homo
2981 5534 3100 5590 sine
3129 5534 3360 5589 crimine
3415 5540 3500 5588 est
3527 5531 3611 5587 di-

2013 5678 2259 5744 landius,
2289 5694 2355 5735 ex
2387 5679 2518 5734 edit.
2559 5678 2808 5744 Sehotti;
2851 5680 3147 5746 statimque
3168 5719 3182 5742 ,
3232 5686 3362 5733 ante
3393 5693 3574 5733 rursus
3603 5717 3617 5741 ,

2013 5749 2640 5878 asgggttfonjunctionem
2687 5760 2770 5816 et,
2820 5765 2979 5820 qnam
3022 5749 3355 5805 exhibuerat
3397 5763 3618 5820 quoque

2213 5836 2294 5878 us.
