4110 6168
512 279 644 336 1191

1927 279 2133 338 PAULI
2172 280 2401 340 OROSII

3679 285 3814 341 H92

504 404 625 449 ctus
650 402 704 448 et
730 406 920 448 verax.
940 391 1005 448 Et
1028 392 1320 448 Zacharias
1348 393 1458 447 sine
1486 394 1696 462 querela
1727 394 1783 449 in
1811 395 2110 466 Evangelia
2139 398 2188 457 A
2215 396 2354 451 dixit
2378 413 2390 449 :
2445 397 2586 465 Quid
2615 405 2639 434 ε
2671 411 2793 467 ergo
2810 397 3031 469 judicor
3058 399 3402 453 commonitus
3442 411 3489 453 et
3519 399 3818 471 increpatns

508 485 774 556 probatus
813 485 1140 541 ostenditur.
1192 485 1337 540 Dixit
1368 485 1629 556 Dominus
1657 486 1725 542 de
1753 486 1892 542 Joh:
1930 487 2104 542 Homo

509 579 622 632 sine
643 579 857 633 crimine
885 578 1037 650 (Luc.
1068 594 1084 634 1
1108 619 1122 645 ,
1154 580 1233 649 (i),
1261 579 1520 650 numquid
1548 579 1685 635 dixit
1709 580 1827 635 sine
1850 581 2106 650 peccato?

507 671 796 728 Peccatum
824 673 970 728 enim
1001 673 1261 743 cogitatio
1289 673 1566 744 concipit,
1600 674 1807 729 crimen
1840 689 1970 729 vero
1999 689 2105 729 non

507 763 614 820 nisi
653 775 808 820 actus
837 765 1096 820 ostendit.
1145 766 1277 822 Esse
1318 767 1486 822 etiam
1528 767 1639 821 sine
1667 768 1878 839 querela
1915 782 2105 823 eorum

507 857 801 928 cognitioni
830 858 1145 930 iudicioque
1174 860 1505 927 ascribitnr,
1539 862 1735 932 quibus
1767 861 1818 916 in
1855 871 2105 932 promptu

507 959 595 1006 est
616 993 630 1018 ,
674 952 728 1004 in
758 951 896 1006 facie
922 951 1140 1021 quidem
1174 953 1647 1010 mansuetudinem
1682 957 1928 1024 aSpicere
1949 998 1964 1019 ,
2009 955 2106 1012 sed

508 1042 691 1099 cordis
721 1043 857 1099 bella
884 1044 1122 1101 nescire.
1171 1046 1323 1102 Unde
1349 1055 1406 1103 et
1431 1048 1632 1103 Paulus
1659 1049 1998 1104 confidenter
2023 1050 2108 1120 ju-

506 1138 630 1208 bet,
678 1139 911 1196 dicens:
967 1141 1181 1213 Oportet
1220 1144 1357 1197 enim
1399 1144 1705 1216 cpiscOpum
1733 1145 1847 1199 sine
1897 1145 2110 1199 crimine

505 1252 615 1291 esse
646 1235 774 1304 (Tit.
817 1253 870 1303 ι,
912 1235 988 1307 6).
1032 1237 1100 1292 Ει
1127 1237 1255 1293 alibi
1302 1240 1556 1308 generale
1601 1240 1694 1295 dat
1738 1239 2104 1296 testimoniqu

504 1327 804 1383 Corinthiis
830 1338 992 1399 atque
1031 1332 1265 1387 asserit:
1315 1329 1401 1385 Ita
1425 1342 1482 1386 ttt
1522 1348 1623 1386 non
1666 1333 1946 1404 indigentis
1988 1331 2101 1386 ulla

504 1423 708 1492 gratia,
731 1433 1084 1496 exspectantes
1129 1425 1491 1480 reuelationem
1531 1424 1744 1478 Domini
1784 1425 1948 1479 nostri
1977 1424 2106 1480 Jcstt

506 1513 744 1568 Christi:
795 1517 883 1585 qui
925 1526 972 1571 et
1003 1517 1327 1586 conﬁrmabit
1358 1534 1445 1570 ros
1481 1533 1646 1588 usque
1676 1518 1729 1571 in
1757 1519 1950 1586 ﬁnem,
1996 1517 2108 1572 sine

507 1607 723 1661 crimine
750 1608 795 1680 (l
818 1607 940 1664 Cor.
967 1625 1010 1677 ι,
1044 1611 1096 1679 7,
1127 1609 1208 1680 8).
1241 1611 1377 1666 Ecce
1403 1611 1605 1666 Paulus
1630 1626 1766 1682 quos
1796 1611 2107 1668 testimonio

508 1714 611 1756 suo
635 1716 806 1772 usque
826 1702 879 1757 in
905 1703 1066 1758 linem
1094 1703 1384 1759 confirmat
1411 1718 1532 1759 esse
1562 1705 1681 1758 sine
1701 1703 1949 1770 crimine,
1973 1719 2100 1758 mox

506 1793 728 1850 eosdem
765 1795 817 1848 in
850 1797 1038 1851 eadem
1077 1795 1307 1866 cpistola
1339 1796 1608 1867 corripit,
1653 1797 1935 1852 scribens:
1985 1794 2106 1849 .lam

505 1891 715 1962 quidem
745 1892 953 1945 omnino
983 1891 1229 1945 delictum
1250 1899 1324 1946 est
1350 1892 1402 1945 in
1432 1891 1590 1956 robis,
1617 1891 1755 1961 quod
1774 1892 1983 1964 judicia
2011 1890 2106 1944 ha-

505 1985 667 2040 beatis
689 1986 825 2039 inter
853 2001 941 2039 vos
968 1984 1012 2056 (Ι
1043 1982 1161 2039 Cor.
1195 1999 1266 2050 γι,
1301 1983 1376 2054 7).
1420 1982 1534 2039 Sub
1562 1998 1668 2039 nuo
1701 1983 1856 2037 titulo
1883 1981 2107 2038 iisdem-

505 2095 613 2150 quc
635 2078 909 2150 personis,
934 2093 1062 2135 ecce
1085 2079 1196 2133 sine
1221 2078 1458 2144 crimine,
1485 2093 1612 2134 cccc
1639 2077 1882 2131 delictum
1906 2093 1922 2129 :
1959 2093 2009 2129 ιιι
2034 2076 2104 2132 de

503 2170 768 2242 declarat,
797 2188 902 2227 non
929 2173 1110 2228 statim
1139 2173 1256 2228 sine
1282 2171 1484 2228 deliCto
1505 2172 1700 2240 asscri,
1735 2186 1891 2242 quem
1915 2170 2103 2227 videas

504 2265 626 2322 sine
663 2266 891 2322 crimine
930 2267 1221 2320 nominari.
1270 2265 1418 2320 Dixit
1449 2266 1594 2321 enim
1635 2275 1692 2321 et
1721 2266 1984 2320 Dominus
2013 2267 2105 2321 Ja-

501 2375 628 2416 sus:
663 2360 706 2414 V
713 2361 817 2416 cuit
839 2359 1067 2416 Joannes
1094 2377 1194 2416 non
1218 2361 1538 2416 manducans
1559 2377 1720 2432 neque
1742 2361 1916 2417 bibens
1939 2360 2097 2431 (Luc.

503 2470 602 2524 vn,
632 2456 746 2528 55).
773 2456 843 2512 Et
870 2456 1066 2512 iterum
1097 2457 1361 2528 scriptum
1395 2465 1510 2511 est:
1545 2455 1684 2510 Esca
1711 2456 1856 2512 illius
1886 2466 1999 2510 erat
2025 2458 2103 2510 lo-

502 2556 670 2617 custa,
717 2559 764 2604 et
788 2548 889 2604 mel
918 2550 1152 2605 silvestre
1183 2549 1377 2623 (Math.
1413 2565 1487 2615 Ill,
1520 2550 1601 2620 4).
1635 2548 1903 2619 Numquid
1928 2565 1990 2604 ex
2017 2549 2099 2603 al-

504 2648 712 2698 terutro
739 2651 832 2699 aut
861 2642 1100 2699 Joannes
1129 2659 1237 2698 tton
1266 2643 1626 2698 manducasse
1649 2684 1665 2710 ,
1715 2651 1807 2697 aut
1838 2641 2100 2698 Dominus

500 2734 763 2793 fefellisse
791 2736 1098 2793 credendus
1129 2735 1258 2794 est?
1287 2735 1398 2792 Sed
1426 2751 1456 2790 e
1483 2734 1761 2791 contrario
1790 2735 1842 2790 in
1869 2744 2100 2807 utroque

501 2829 706 2886 veritas
734 2839 855 2886 est:
902 2830 1068 2901 διο
1112 2828 1238 2901 quia
1279 2828 1596 2884 etJoanncs
1639 2829 1695 2884 in
1737 2828 2096 2885 substantiam

500 2923 681 2980 carnis
708 2939 848 2979 escae
869 2923 1069 2994 aliquid
1098 2922 1415 2995 sumpserit,
1451 2931 1507 2979 et
1536 2937 1756 2978 rursum
1791 2937 1918 2979 vere
1947 2921 2098 2978 dixe-

499 3018 570 3074 rit
595 3019 858 3076 Dominus
888 3019 939 3074 iu
967 3018 1232 3075 Joannem
1257 3060 1272 3086 ,
1328 3034 1432 3077 nec
1457 3035 1579 3075 cum
1617 3021 1866 3088 caeteris,
1914 3035 2016 3076 nec
2043 3018 2097 3075 id

499 3113 858 3170 manducasse
879 3154 894 3180 ,
923 3112 1069 3184 quod
1097 3123 1363 3168 caeteros:
1402 3114 1640 3184 probans
1669 3127 1728 3171 se
1759 3113 2098 3186 Scripturas-

499 3221 604 3276 que
629 3216 874 3276 sanctas,
908 3207 1177 3262 occultata
1200 3222 1347 3276 saepe
1373 3207 1603 3263 scientia
1639 3207 1762 3275 Dei,
1811 3206 2093 3263 hominum

498 3300 857 3356 manifestare
880 3299 1202 3356 sententias.
1229 3299 1591 3369 Quamobrem
1617 3295 1988 3370 obsequenter
2010 3314 2099 3356 ac-

500 3396 737 3468 cipitur,
778 3397 1228 3468 quotiescumque
1257 3395 1538 3466 Scriptura
1569 3401 1998 3463 commemorat,
2044 3401 2099 3450 et

490 3494 699 3566 justum
728 3503 780 3549 et
810 3493 923 3549 sine
960 3495 1168 3566 querela
1207 3510 1306 3566 pro
1348 3507 1511 3566 captu
1543 3493 1801 3564 temporis
1825 3502 1879 3549 et
1907 3507 2100 3550 secun«

497 3584 626 3641 dum
658 3585 786 3642 illud
819 3587 1068 3643 ultimum
1107 3587 1373 3660 judicium
1403 3589 1498 3644 Dei
1527 3631 1540 3656 ,
1593 3588 1678 3644 cui
1712 3588 2094 3644 universorum

497 3681 833 3738 conscientia
859 3682 1169 3754 subjicitur,
1201 3694 1256 3740 et
1286 3684 1466 3757 lingua
1501 3684 1743 3740 omnium
1778 3683 2095 3740 confitetur.

565 3773 660 3832 22.
687 3774 932 3848 Denique
954 3775 1161 3847 liquido
1186 3777 1449 3850 intellige,
1481 3778 1606 3850 quia
1627 3775 1945 3848 justificatio
1971 3775 2096 3845 Job,

497 3869 923 3942 passionumque
959 3871 1078 3941 ejus
1124 3871 1180 3927 in
1217 3887 1437 3929 carnem
1488 3873 1777 3942 permissio
1803 3915 1818 3941 ,
1871 3870 2097 3943 provido

413 4023 416 4025 λ
496 3963 729 4018 consilio
759 3963 858 4019 Dei
895 3964 1275 4021 confusionem
1313 3966 1512 4022 diaboli
1543 3966 1848 4037 arrogantis
1875 3977 2097 4036 operata

498 4063 586 4112 est
617 4072 628 4108 :
661 4065 719 4109 ut
745 4054 874 4111 dum
900 4055 1065 4112 homo
1090 4058 1158 4113 de
1187 4057 1396 4115 honore
1420 4061 1706 4130 creatoris,
1731 4061 1850 4131 ipso
1871 4060 2098 4114 Domino

497 4147 766 4220 probante
792 4147 1067 4221 laudatur,
1103 4149 1442 4208 infidelitatis
1473 4161 1656 4208 notam
1684 4152 1974 4208 declinans
2003 4168 2099 4208 an-

491 4243 647 4314 gelus
678 4243 987 4315 puniretur.
1029 4245 1242 4303 Rursus
1281 4255 1461 4303 autem
1504 4263 1572 4303 ne
1615 4248 1819 4304 famulo
1848 4262 1946 4305 suo
1974 4264 2099 4321 gra-

492 4335 707 4394 viorem
738 4337 950 4410 plagam
980 4338 1208 4410 faceret,
1243 4338 1370 4396 dum
1403 4349 1619 4398 sanaret
1639 4383 1654 4410 ,
1700 4351 1754 4397 et
1783 4357 1879 4414 per
1909 4357 2097 4399 curam

491 4429 706 4498 carnis,
737 4432 936 4487 animae
964 4432 1158 4490 vulnus
1188 4432 1488 4506 infligcrct,
1531 4434 1635 4492 hoc
1663 4444 1778 4504 est,
1811 4451 1879 4492 ne
1907 4436 2098 4492 beatus

489 4526 615 4593 Job,
650 4535 801 4584 tanta
832 4529 1134 4586 tentatione
1162 4539 1415 4602 superata
1443 4571 1458 4596 ,
1492 4529 1893 4602 duplicatisque
1922 4533 2098 4587 omni-

489 4620 595 4678 bus
618 4630 676 4678 et
701 4623 993 4690 restitutis,
1026 4625 1078 4679 in
1102 4624 1414 4696 superbiam
1438 4625 1630 4694 elatus,
1655 4612 1714 4684 et
1731 4627 1994 4698 judicium
2021 4628 2101 4682 iu-

489 4711 704 4769 cideret
733 4712 965 4782 diaboli,
995 4713 1322 4772 admonetur
1352 4715 1422 4774 ab
1450 4718 1681 4774 occultis
1713 4717 1828 4774 suis
1855 4763 1869 4788 ,
1911 4727 1969 4773 ut
1996 4719 2098 4774 ctsi

490 4820 521 4861 a
554 4805 692 4864 foris
713 4807 782 4864 de
806 4808 1025 4878 justitia
1057 4809 1402 4881 laudaretur,
1438 4811 1586 4868 intus
1614 4821 1794 4868 tamen
1828 4813 1878 4868 ei
1906 4825 1966 4869 se
1995 4811 2102 4868 sci-

492 4907 578 4955 ret
621 4900 897 4957 subditum
930 4917 1054 4958 esse
1081 4903 1285 4961 debere
1322 4920 1352 4958 a
1385 4919 1494 4974 quo
1523 4903 1910 4962 custodiretur.
1956 4904 2104 4960 Dicit

491 4989 639 5048 enim
663 4992 730 5048 ad
759 5009 882 5050 eum
909 4995 1206 5053 Dominus:
1244 4997 1370 5063 Quis
1393 5008 1465 5052 est
1491 4998 1574 5052 hic
1594 4998 1683 5070 qui
1710 5001 1842 5054 celat
1873 5014 1949 5053 me
1978 5014 2099 5053 con-

493 5080 693 5151 silium,
718 5087 984 5143 continens
1005 5105 1261 5145 sermones
1284 5090 1339 5145 in
1360 5091 1536 5156 corde,
1566 5101 1612 5153 et
1635 5108 1712 5146 me
1732 5101 1880 5164 ptttut
1904 5091 2098 5146 latere?

493 5175 718 5250 Accinge
738 5188 1002 5252 tamquam
1023 5184 1099 5239 vir
1119 5182 1320 5239 lumbos
1343 5193 1481 5240 tuos.
1509 5184 1854 5257 lnterrogabo
1876 5201 1895 5240 :
1923 5194 1979 5239 tu
2000 5201 2097 5239 an-

496 5278 598 5326 tem
636 5273 896 5341 responde
920 5272 1071 5328 mihi.
1122 5273 1223 5331 Ubi
1262 5292 1378 5332 eras
1419 5293 1536 5330 cum
1568 5276 1843 5348 [nudarent
1876 5286 2090 5346 terram,

498 5363 679 5421 indica
706 5366 868 5436 mihi,
904 5367 951 5422 si
980 5369 1119 5422 nosti
1161 5372 1434 5426 scientiam
1475 5370 1617 5445 (Job.
1666 5388 1900 5442 xxxvm,
1931 5371 2098 5439 2-4,

493 5473 601 5514 sec.
632 5457 825 5532 LXX).
866 5459 934 5517 Et
972 5471 1094 5532 post
1123 5461 1350 5518 multam
1395 5462 1629 5520 docendi
1670 5464 2099 5536 correptionem,

493 5549 586 5607 vel
611 5553 944 5625 corripiendi
971 5553 1280 5611 doctrinam
1313 5573 1325 5610 :
1360 5555 1705 5629 respondens
1739 5557 1842 5614 Job
1870 5557 2103 5613 Domino

570 5687 610 5766 εξ
634 5691 801 5766 Ponit
821 5710 913 5766 ego
934 5692 1272 5766 Gallandins,
1303 5694 1442 5766 etin
1471 5693 1622 5749 calce
1648 5692 1867 5749 subdit:
1917 5692 2095 5748 «Editi

500 5762 666 5840 male,
702 5762 1013 5840 Quid-ergo.
1055 5765 1231 5840 LXX,
1349 5763 1426 5822 ἔτι
1475 5767 1574 5838 ἐγὼ
1601 5766 1835 5840 κρίνομᾳι
1871 5766 2098 5840 ἐλέγχων

501 5833 709 5909 lapsos;
734 5831 872 5900 Quid
888 5831 1063 5893 adhuc
1079 5854 1174 5914 ego
1193 5837 1406 5910 judicor
1506 5831 1750 5910 'argt'tens'
1767 5831 2056 5893 Dominum
2075 5837 2100 5891 Σ)

2128 4573 2181 4634 Ι)

2207 506 2238 542 a
2267 488 2489 543 Domino
2511 532 2526 555 ,
2559 489 2778 544 audiens
2810 489 2939 543 talia
2966 506 3084 543 cum
3125 491 3261 545 nihil
3302 492 3398 545 sint
3436 490 3580 563 (Job.
3621 508 3813 558 xxxix,

2207 582 2301 648 55,
2330 597 2433 636 sec.
2469 580 2655 651 LXX).
2697 580 2848 636 Talis
2873 589 2928 636 et
2949 581 3249 637 Zacharias
3275 623 3290 650 ,
3341 581 3504 640 homo
3544 584 3662 638 sine
3687 601 3817 654 que-

2208 673 2316 727 rela
2342 712 2357 740 ,
2411 672 2608 744 dignus
2635 673 2844 729 honore
2871 673 3151 729 hominum
3181 717 3196 742 ,
3248 674 3448 746 dignus
3494 676 3818 734 testimonio

2208 766 2637 837 Scripturarum,
2668 783 2829 838 quem
2857 766 3038 838 aliqua
3066 767 3204 838 jam,
3236 777 3295 822 ut
3319 769 3582 837 arbitror,
3613 785 3686 826 ex
3715 769 3817 826 hoc

2208 858 2422 914 inflatio
2456 859 2732 926 titillabat,
2784 859 3194 932 iucipiebatque
3232 862 3358 932 plus
3395 862 3628 919 credere
3661 862 3817 919 fama:

2208 971 2375 1026 quam
2407 956 2795 1020 conscientiae,
2841 971 2941 1025 per
2973 957 3367 1026 corripientem
3397 957 3655 1028 angelum
3689 968 3814 1015 nota

2208 1048 2548 1106 infidelitatis
2577 1051 2860 1120 arguitur,
2911 1060 2964 1106 et
3014 1050 3347 1119 temporario
3386 1050 3608 1108 silentio
3650 1053 3816 1108 casti-

2211 1151 2395 1216 gatur.
2439 1143 2596 1200 Unde
2617 1151 2672 1200 et
2701 1143 2908 1199 Paulus
2931 1144 3060 1200 dicit
3086 1163 3098 1196 :
3135 1141 3322 1215 Itaque
3343 1144 3434 1215 qui
3468 1161 3524 1200 se
3553 1147 3812 1200 existimat

2208 1247 2368 1309 stare,
2401 1239 2571 1294 videat
2601 1255 2663 1294 ne
2691 1238 2848 1293 cadat
2881 1239 2924 1313 (Ι
2951 1239 3071 1294 Cor.
3107 1257 3162 1307 Χ,
3199 1240 3309 1313 12).
3353 1241 3422 1296 Et
3449 1243 3602 1311 quasi
3639 1241 3811 1298 forma

2211 1333 2488 1388 hominum
2516 1333 2586 1388 de
2615 1347 2673 1388 se
2697 1331 2815 1404 ipse
2846 1332 3157 1402 pronuntiat
3185 1331 3372 1389 dicens
3399 1353 3412 1386 :
3449 1333 3666 1407 Castigo
3696 1352 3806 1391 cor-

2209 1441 2305 1496 pus
2333 1441 2502 1479 meum
2529 1434 2578 1480 ct
2610 1426 2661 1480 in
2689 1426 2980 1480 servitutem
3004 1426 3219 1496 redigo:
3246 1443 3310 1482 ne
3338 1428 3497 1495 forte,
3543 1445 3666 1482 cum
3696 1427 3810 1485 aliis

2209 1520 2621 1590 prwdicarerim,
2662 1521 2774 1591 ipse
2811 1521 3063 1590 reprobus
3086 1521 3248 1592 611
3279 1520 3468 1590 adﬁciar
3497 1520 3549 1590 (I
3581 1519 3706 1575 Cor.
3739 1538 3806 1588 ιι,

2206 1613 2328 1685 27.)
2358 1615 2433 1668 Ita
2463 1615 2575 1669 sine
2602 1615 2821 1669 crimine
2843 1613 2952 1671 dici
2984 1630 3318 1686 quemquam
3353 1626 3406 1671 et
3431 1616 3547 1670 sine
3565 1618 3805 1686 querela:

2209 1725 2318 1764 non
2353 1719 2436 1766 est
2468 1711 2814 1780 perfectionis
2840 1709 3236 1778 testimonium,
3263 1708 3358 1767 sed
3382 1709 3809 1768 conversationis

2143 1779 2184 1838 Β
2212 1805 2546 1874 esetnplum.

2279 1897 2369 1952 25.
2426 1896 2503 1951 De
2555 1895 2908 1952 immaculato
2937 1906 3115 1953 autem
3157 1896 3485 1969 ubicumque
3526 1898 3810 1969 Scriptura

2207 1991 2543 2061 pronuntiat,
2575 1991 2718 2046 sicut
2750 1990 2916 2046 David
2944 1991 3058 2046 ait:
3092 1991 3243 2046 Beati
3261 1990 3588 2045 immaculati
3624 1993 3678 2046 in
3711 1993 3805 2059 cia,

2205 2086 2295 2156 qui
2322 2085 2590 2140 ambulant
2613 2085 2667 2140 in
2701 2085 2813 2158 lege
2853 2084 3064 2140 Domini
3091 2084 3268 2158 (Psal.
3311 2103 3513 2153 cum,
3553 2088 3646 2156 1),
3682 2103 3805 2144 sana

2205 2181 2453 2236 doctrina
2475 2180 2731 2236 traditum
2763 2197 2906 2249 reor,
2935 2181 3059 2253 quia
3089 2196 3218 2237 vere
3245 2181 3389 2238 beati
3409 2183 3542 2250 sint,
3565 2182 3658 2253 qui
3687 2191 3807 2237 sunt

2205 2271 2534 2328 immaculati
2570 2273 2622 2328 in
2656 2274 2763 2340 via,
2809 2273 2913 2331 hoc
2941 2282 3059 2341 cst,
3097 2274 3334 2345 perfecta
3359 2273 3474 2330 fide
3501 2275 3555 2330 in
3581 2275 3807 2330 veritate

2202 2367 2552 2439 gradientes:
2597 2383 2703 2422 non
2733 2367 3071 2424 declinantes
3102 2369 3354 2425 haeretica
3388 2370 3681 2440 pravitate,
3718 2383 3805 2426 ne-

2203 2475 2309 2530 que
2341 2461 2395 2514 in
2424 2459 2703 2515 dexteram
2730 2501 2742 2524 ,
2789 2476 2961 2530 neque
3004 2459 3057 2515 in
3103 2459 3402 2518 sinistram.
3435 2459 3536 2516 Via
3561 2461 3806 2518 Christus

2203 2562 2324 2621 est,
2379 2553 2467 2622 qui
2519 2569 2615 2624 per
2667 2553 2926 2623 Spiritum
2974 2563 3219 2610 sanctum
3270 2555 3420 2611 ducit
3468 2555 3536 2611 ad
3590 2556 3804 2614 Patrem

2203 2643 2387 2714 (Joan.
2420 2659 2512 2699 xw
2532 2689 2544 2712 ,
2575 2644 2655 2716 6).
2685 2644 2850 2715 Igitur
2877 2644 2968 2716 qui
3017 2648 3135 2702 sine
3167 2647 3375 2702 macula
3406 2656 3570 2719 atque
3613 2647 3764 2719 lepra
3789 2695 3802 2718 ,

2203 2752 2303 2792 nec
2334 2737 2674 2793 conviolatus
2708 2737 2775 2792 ab
2800 2736 2883 2792 his
2910 2753 3125 2804 quorum
3162 2754 3328 2792 sermo
3358 2741 3519 2811 serpit
3548 2749 3595 2794 et
3624 2756 3808 2794 cancer

2207 2830 2276 2903 (ll
2308 2831 2447 2885 Tim.
2493 2847 2552 2896 ιι,
2581 2829 2694 2901 17),
2721 2831 3048 2886 venerandm
3070 2832 3300 2903 gloriam
3323 2831 3607 2887 Trinitatis
3631 2832 3804 2900 audit,

2200 2923 2398 2990 credit,
2431 2922 2706 2994 intelligit,
2741 2922 2934 2979 beatus
2958 2925 3009 2977 in
3040 2923 3659 2997 ﬁdeimmaculatusque
3682 2941 3810 2980 con-

2200 3013 2362 3071 sistit.
2395 3015 2473 3070 Ex
2525 3029 2632 3086 quo
2664 3016 2830 3072 etiam
2881 3015 3082 3072 dicitur
3113 3015 3182 3072 ad
3222 3015 3535 3072 Abraham:
3581 3016 3811 3072 Ambula

2204 3126 2381 3164 coram
2411 3125 2510 3178 me,
2542 3119 2587 3164 et
2618 3118 2724 3165 esto
2757 3111 2868 3165 sine
2896 3111 3103 3165 macula
3146 3109 3302 3184 (Gen.
3335 3127 3461 3179 xvn,
3499 3109 3576 3183 1).
3605 3111 3809 3168 Neces-

2202 3204 2346 3259 sario
2374 3203 2518 3259 enim
2547 3203 2820 3260 Abraham
2844 3245 2858 3270 ,
2886 3205 2978 3276 qui
3025 3204 3246 3259 credidit
3277 3203 3407 3270 Deo,
3434 3212 3483 3260 et
3510 3215 3812 3276 rcputatam

2202 3311 2275 3357 est
2303 3302 2350 3357 ei
2373 3301 2442 3355 ad
2465 3301 2726 3374 justitiam
2755 3299 2935 3372 (Rom.
2960 3315 3035 3370 tv,
3063 3301 3118 3370 5,
3144 3296 3262 3371 22),
3286 3307 3344 3355 ut
3365 3298 3455 3365 sit,
3487 3298 3541 3353 in
3571 3315 3641 3355 eo
3662 3299 3810 3370 quod

2201 3396 2453 3461 credidit,
2480 3395 2608 3450 ridit
2633 3405 2681 3450 et
2709 3395 2915 3467 gavisus
2931 3403 3007 3450 est
3030 3391 3210 3466 (Joan.
3243 3409 3359 3459 vttt,
3387 3393 3501 3466 56),
3534 3394 3814 3465 perfectus

2201 3507 2324 3549 esse
2351 3507 2413 3549 ac
2435 3492 2553 3548 sine
2585 3490 2794 3546 macula
2818 3497 3218 3558 commonctur,
3238 3489 3532 3544 multarum
3561 3489 3811 3558 gentium

2202 3597 2355 3659 pater
2383 3587 2713 3642 constitutus
2741 3586 2793 3640 in
2823 3583 2927 3640 fide
2953 3583 3108 3655 (Gen.
3134 3599 3264 3651 χιιι,
3298 3584 3365 3649 5;
3397 3583 3554 3640 llam.
3587 3599 3667 3652 tv,
3695 3582 3810 3653 18),

2201 3692 2251 3739 et
2282 3680 2525 3737 fidelium
2549 3679 2723 3750 sinus,
2755 3678 2808 3735 in
2835 3677 3023 3752 requie
3044 3679 3299 3755 ut'simus
3323 3693 3538 3746 omnes,
3567 3678 3661 3750 qui
3685 3693 3815 3750 spe-

2201 3790 2386 3832 ramus
2435 3775 2487 3830 in
2523 3775 2633 3831 Deo
2663 3789 2786 3830 cum
2843 3773 2991 3830 ﬁdeli
3042 3772 3338 3830 Abraham.
3371 3772 3519 3828 Beati
3547 3776 3809 3828 immacu-

2200 3871 2296 3926 lati
2324 3872 2377 3925 in
2409 3871 2493 3925 via
2513 3911 2529 3937 ,
2556 3870 2806 3941 scriptum
2836 3879 2954 3923 est:
2984 3884 3075 3938 per
3099 3868 3254 3939 ﬁdem
3275 3868 3413 3923 enim
3445 3867 3809 3936 ambulamus,

2202 3981 2302 4018 non
2323 3980 2415 4036 per
2443 3963 2667 4036 speciem
2690 3961 2779 4036 (ΙΙ
2809 3960 2930 4019 Cor.
2960 3978 3012 4028 v,
3047 3960 3126 4032 7).
3153 3964 3220 4017 At
3250 3977 3381 4017 vero
3423 3961 3466 4016 si
3503 3961 3585 4016 vis
3608 3960 3678 4018 de
3703 3963 3814 4016 im-

2202 4057 2475 4112 maculato
2508 4056 2719 4126 qualem
2753 4053 2920 4110 David
2944 4069 3107 4111 orans
3131 4055 3328 4126 quaerit
3355 4055 3571 4124 audire,
3605 4071 3807 4112 vanam

2201 4147 2582 4220 possibilitatis
2615 4156 2720 4203 tuae
2759 4147 2970 4218 depone
3011 4147 3262 4205 fiduciam
3291 4193 3304 4218 ,
3332 4156 3387 4204 ct
3416 4157 3730 4219 prostratus
3758 4150 3814 4206 in

2204 4243 2461 4313 precibus
2508 4257 2633 4298 cum
2663 4241 2926 4314 propheta
2953 4243 3202 4299 oratione
3244 4243 3579 4313 conjungere
3602 4283 3618 4307 ,
3671 4242 3814 4300 ﬂens

2203 4335 2407 4406 pariter
2435 4350 2498 4394 ac
2519 4335 2707 4391 dicens
2735 4351 2749 4391 :
2786 4334 2988 4389 Dilecta
3015 4335 3128 4407 quis
3175 4334 3412 4407 intelligit
3436 4335 3460 4388 Ρ
3485 4336 3561 4390 Ab
3589 4335 3815 4391 occultis

2201 4432 2330 4486 meis
2357 4429 2554 4485 munda
2583 4446 2684 4498 me,
2701 4427 2946 4497 Domine,
2975 4438 3022 4484 et
3049 4429 3112 4484 ab
3135 4429 3321 4483 alienis
3344 4445 3500 4500 parce
3525 4445 3672 4484 servo
3697 4440 3808 4485 tuo.

2207 4524 2268 4580 Si
2295 4512 2439 4578 enini
2455 4522 2584 4577 mihi
2612 4539 2714 4577 non
2740 4523 2931 4594 fuerint
2960 4522 3215 4576 dominati
3239 4564 3254 4588 ,
3284 4533 3406 4578 tunc
3443 4524 3812 4578 immacnlatus

2204 4631 2292 4670 ero
2323 4613 2498 4686 (Psal...
2529 4630 2683 4684 xvm,
2719 4616 2806 4682 15,
2836 4614 2950 4685 Li).
2994 4613 3186 4670 Infelix
3216 4629 3316 4686 ego
3351 4614 3515 4671 homo
3539 4658 3556 4684 ,
3604 4616 3814 4672 delicta

2204 4725 2326 4785 quae
2351 4709 2591 4764 nondum
2620 4707 2888 4778 intelligo,
2913 4707 3132 4780 quando
3155 4707 3380 4764 vitabo?
3412 4709 3607 4765 Petrus
3628 4709 3810 4781 diligit

2203 4802 2501 4872 Christum,
2533 4817 2632 4858 nec
2655 4817 2912 4872 umquam
2946 4817 2974 4855 a
2999 4801 3293 4859 dilectione
3319 4801 3556 4859 declinat
3585 4821 3598 4857 :
3647 4803 3811 4858 testi-

2204 4896 2389 4953 monio
2423 4894 2752 4964 (dilectionis
2804 4895 3049 4960 Domini,
3103 4911 3244 4952 nunc
3274 4905 3420 4966 petra
3467 4895 3810 4953 fundamenti

2204 4992 2466 5048 Ecclesiae
2495 4991 2844 5046 constituitur
2875 4989 3107 5062 (Matth.
3129 5005 3241 5057 3m,
3274 4988 3387 5064 18),
3417 5005 3560 5046 nunc
3593 4990 3814 5047 Satana:

2205 5086 2471 5143 vocabulo
2501 5084 2828 5157 depravatur
2870 5082 3064 5158 (Ibid.,
3094 5083 3210 5155 2'5).
3251 5082 3426 5140 Unum
3469 5094 3634 5156 atque
3664 5084 3812 5140 idem

2197 5196 2414 5252 semper
2465 5179 2708 5252 operanti
2737 5220 2752 5247 ,
2802 5195 2945 5235 nunc
2993 5179 3232 5235 dicitur:
3269 5178 3397 5234 Non
3438 5180 3682 5236 revelari!
3708 5178 3812 5234 hoc

2203 5273 2292 5327 tibi
2321 5289 2444 5328 caro
2466 5283 2512 5328 et
2541 5271 2786 5345 sanguis,
2817 5272 2909 5328 sed
2952 5269 3114 5327 Pater
3140 5288 3282 5327 meus
3307 5314 3322 5338 ,
3365 5273 3450 5344 qui
3481 5283 3556 5330 est
3582 5275 3635 5329 in
3666 5275 3814 5329 caelis

2203 5369 2396 5439 (lbid.,
2429 5368 2551 5442 l7);
2587 5383 2730 5424 nunc
2761 5382 2954 5424 rursus
2995 5365 3297 5440 ingeritur:
3348 5368 3471 5424 Non
3512 5371 3657 5441 sapis
3691 5387 3820 5443 ιιιιιε

2210 5463 2303 5518 Dei
2333 5464 2459 5531 sint,
2484 5462 2574 5518 sed
2602 5477 2715 5533 quae
2736 5471 2854 5517 sunt
2895 5462 3161 5517 hominum
3194 5460 3382 5536 (Ibid.,
3422 5463 3544 5534 25).
3574 5466 3822 5535 Aposto-

2206 5557 2290 5616 lus
2311 5557 2590 5630 diligendo
2612 5559 2816 5615 electus
2845 5566 2948 5625 est,
2973 5556 3250 5629 diligendo
3270 5558 3564 5621 confusus:
3601 5558 3821 5615 habens

2202 5692 2622 5765 Verumtamen,
2656 5693 3118 5765 quemadmodum
3150 5693 3241 5750 hic
3270 5692 3531 5760 Orosius,
3564 5696 3827 5765 increpa-

2204 5774 2286 5820 tus
2313 5783 2346 5819 a
2375 5763 2621 5839 Domino,
2653 5764 2727 5821 ita
2752 5780 2969 5839 quoque
2994 5765 3125 5838 legit
3152 5767 3212 5825 S.
3237 5765 3596 5839 Augustinus,
3626 5777 3686 5824 nt
3711 5763 3827 5826 an-

2205 5845 2362 5896 notat
2388 5836 2662 5894 Nobilius.
2685 5854 2706 5890 ι
