4110 6168
320 282 461 344 1195

1401 296 1607 356 LIBER
1651 294 1740 357 nr.
1782 287 2089 361 ΛιιΒιτιιιι
2127 303 2542 364 unumne.

3477 304 3615 381 ttat

314 416 416 469 pro
457 400 628 458 nimio
656 416 844 462 amore
879 400 1203 477 peccatum.
1246 409 1525 482 Siquidem
1571 417 1915 472 annuntianti
1944 420 1998 480 Α
2024 425 2202 473 tamen
2234 419 2354 473 sine
2387 428 2614 488 peccato
2645 433 2770 476 esse
2794 465 2808 490 ,
2845 437 2946 479 nec
2971 424 3223 483 oblinere
3254 429 3420 485 David
3450 474 3463 497 ,
3517 450 3618 490 nec

314 491 381 548 de
413 493 665 561 passione
686 512 785 552 sua
814 497 1046 556 Domino
1071 503 1274 558 amoris
1302 503 1638 575 impatientia
1664 508 1874 565 dixerat
1898 528 1910 563 :

311 586 476 659 612
504 586 774 661 Propitius
805 593 897 647 tibi
919 605 1048 662 esto,
1081 596 1329 666 Domine,
1365 617 1468 655 non
1509 604 1608 657 erit
1655 604 1789 660 illud
1825 604 1918 660 tibi

314 675 532 746 (Matth.
563 696 675 751 va,
706 683 825 755 2'2).

350 756 355 759 ⁷
385 768 481 826 24.
511 771 559 827 0
583 775 859 831 miseriam
907 778 1272 837 miserorum!
1317 783 1372 840 Si
1413 783 1609 841 Petrus
1640 787 1692 841 in
1734 789 1917 859 aliquo

314 861 593 920 Christum
650 867 887 924 amando
945 873 1210 940 peccavit,
1270 874 1463 930 delicta
1508 879 1623 947 quis
1671 880 1917 954 intelligit

317 953 494 1025 (Psal.
530 974 683 1027 xvut,
718 960 843 1034 I5)?
870 962 1084 1020 Clamat
1114 967 1376 1037 pr0plteta
1407 980 1463 1026 et
1486 972 1685 1027 clamat
1715 976 1765 1028 in
1794 974 1918 1045 Spi-

318 1048 422 1105 ritu
446 1060 678 1108 sancto:
726 1054 927 1109 clamat
972 1056 1092 1124 ille,
1141 1061 1348 1131 dequo
1375 1063 1585 1119 dixerat
1615 1065 1913 1123 Dominus:

319 1139 516 1199 Manus
547 1162 659 1201 mea
685 1146 1030 1203 auailiabitur
1056 1151 1124 1219 ei,
1149 1161 1194 1207 et
1215 1152 1487 1210 brachium
1512 1174 1680 1212 meum
1702 1162 1917 1231 confor-

318 1236 445 1290 tabi!
491 1253 640 1306 eum,
683 1249 731 1294 et
780 1241 914 1296 nihil
955 1243 1190 1314 proﬁciet
1236 1247 1480 1304 inimicus
1536 1252 1589 1305 in
1624 1268 1696 1319 ,eo
1740 1251 1913 1324 (Psal.

320 1343 578 1398 Lxxxvm,
596 1330 830 1403 22,23):
859 1342 915 1388 et
936 1334 1066 1404 quid
1088 1335 1312 1405 clamet,
1333 1342 1583 1397 attende:
1603 1343 1679 1397 Ab
1702 1345 1918 1399 occultis

320 1418 444 1475 meis
474 1421 675 1477 munda
699 1439 800 1489 me,
834 1424 1052 1481 Domine
1084 1426 1262 1499 (Psal.
1297 1446 1449 1499 xvm,
1478 1433 1596 1504 25).
1625 1434 1793 1489 David
1827 1436 1920 1492 ille

327 1514 539 1571 electus
562 1518 847 1572 secundum
868 1535 958 1575 cor
990 1520 1037 1590 (I
1062 1520 1189 1595 Reg.
1220 1538 1338 1589 χιιι,
1357 1524 1470 1593 ﬂ),
1502 1525 1593 1581 ille
1614 1541 1776 1596 quem
1796 1543 1921 1597 pro-

319 1605 468 1662 misit
500 1606 645 1665 Deus
691 1610 951 1680 fecturum
973 1628 1149 1668 omnes
1195 1614 1485 1672 voluntates
1510 1633 1635 1672 suas
1667 1616 1846 1689 (Ibid.
1873 1629 1921 1676 et

320 1699 437 1754 Act.
464 1715 579 1767 xm,
602 1701 722 1773 εξ),
772 1703 864 1760 ille
891 1721 1052 1775 quem
1085 1707 1241 1762 unxit
1272 1708 1324 1763 in
1359 1725 1566 1779 regem,
1617 1711 1709 1766 ille
1755 1728 1917 1782 quem

2019 510 2281 566 Salomon
2312 513 2487 568 valuit
2533 514 2853 581 custodire,
2909 527 2961 572 et
3002 517 3274 576 Joviniani
3324 521 3507 591 ﬁlius,
3562 536 3622 581 ιιι

2019 605 2369 674 omnipotens
2405 608 2546 661 Deus
2571 652 2585 675 ,
2629 623 2727 678 pro
2773 609 2894 680 ipso
2935 610 3326 685 discipulisque
3354 616 3471 686 eius
3502 628 3621 673 tan-

2020 707 2133 757 tum
2162 713 2344 754 rerum
2373 699 2623 757 ordinem
2654 710 2867 768 mutet,
2898 714 3131 774 sperat,
3161 708 3305 776 quod
3338 708 3385 764 si
3417 711 3619 766 factum

2018 788 2162 845 forte
2210 805 2318 846 non
2365 791 2567 858 fuerit,
2620 792 2791 849 Deum
2843 796 3307 866 impossibilitatis
3354 805 3619 858 accuset?

2026 898 2045 931 ι
2094 881 2325 950 Potest,
2375 882 2590 954 inquit,
2640 886 2804 940 homo
2832 902 2957 944 esse
2986 889 3105 945 sine
3135 901 3357 959 peccato
3389 912 3401 945 :
3438 904 3618 950 tamen

2019 986 2144 1025 cum
2169 971 2265 1027 Dei
2294 972 2587 1044 adiutorio.
2613 996 2632 1028 ι
2668 977 2806 1045 Quid
2839 980 3068 1035 faciam?
3098 980 3368 1042 Tolerabo
3398 985 3615 1042 interim

2021 1076 2495 1132 pannum-novum
2527 1070 2852 1125 vestimento
2882 1075 3055 1130 veteri
3086 1074 3422 1145 colligatum,
3446 1077 3621 1136 donec

2021 1156 2423 1233 emendationis
2455 1162 2669 1217 misera:
2697 1162 2987 1220 falsitatem
3022 1168 3175 1237 pejor
3201 1172 3437 1226 scissura
3470 1182 3622 1243 pate-

2021 1244 2208 1302 faciat.
2236 1250 2498 1306 Concedo
2526 1254 2671 1307 enim
2696 1300 2710 1322 ,
2753 1263 2811 1310 ut
2836 1265 3023 1312 contra
3048 1259 3243 1337 ducem
3272 1264 3515 1320 veritatis
3543 1268 3623 1323 le-

2022 1341 2241 1408 quentis
2265 1383 2280 1407 ,
2309 1357 2432 1397 cum
2461 1343 2657 1400 dixerit
2684 1346 2908 1409 :,Potest
2938 1349 3114 1418 homo,
3147 1354 3192 1408 si
3223 1355 3342 1410 uelit
3366 1399 3381 1424 ,
3414 1357 3621 1416 dixisse

2023 1432 2271 1489 videatur
2307 1454 2319 1487 :
2353 1446 2518 1505 potest
2549 1438 2699 1494 homo
2740 1457 2856 1495 cum
2901 1445 3165 1515 adjutorio
3195 1446 3310 1502 Dei.
3345 1450 3498 1507 Nunc
3525 1454 3621 1509 de-

2024 1538 2173 1578 mum
2206 1527 2336 1580 mihi
2371 1528 2538 1584 veluti
2565 1530 2631 1585 ad
2674 1534 2964 1590 exordium
3014 1540 3400 1607 propositionis
3440 1560 3621 1602 sermo

2022 1620 2360 1675 revocandus
2390 1632 2477 1678 est
2512 1642 2523 1675 :
2557 1633 2613 1678 et
2636 1664 2653 1689 ,
2687 1626 2963 1697 paulisper
2992 1629 3206 1698 iniuriae
3234 1633 3426 1691 dolore
3463 1651 3623 1709 sepo-

2023 1708 2169 1777 sito,
2220 1727 2346 1767 cum
2398 1718 2708 1771 reverentia
2758 1717 3071 1788 disputandi
3120 1723 3187 1778 ad
3236 1708 3620 1786 celsitudinem

322 1790 622 1862 prophetici
652 1795 879 1865 spiritus
919 1790 1357 1855 Sanctiﬁcatione
1397 1801 1660 1870 donavit,
1695 1813 1921 1875 stupens
1950 1808 1999 1868 Β
2022 1802 2222 1870 capitis
2250 1808 2675 1863 recurrendum.
2700 1809 2877 1880 Caput
2907 1814 3052 1868 enim
3083 1826 3327 1874 nostrum
3360 1829 3446 1876 est
3465 1822 3626 1878 Chri-

317 1882 376 1938 in
403 1883 726 1953 obreptioue
754 1891 1150 1959 peccaminum,
1179 1893 1380 1948 clamat
1401 1895 1467 1949 ad
1506 1895 1826 1964 Dominum,
1864 1904 1923 1951 ut

319 1975 390 2031 ab
416 1977 645 2033 occultis
689 1980 805 2036 suis
850 1982 1146 2038 mundctur
1174 1985 1461 2054 implorat,
1492 1996 1548 2043 et
1583 1988 1780 2043 dicitur
1808 1988 1858 2044 ei
1888 2006 1920 2046 a

320 2067 572 2138 Domino,
603 2069 657 2127 in
685 2073 800 2129 alio
830 2074 952 2131 loco
978 2095 989 2128 :
1023 2076 1147 2131 Non
1178 2078 1465 2148 aediﬁcabis
1492 2080 1703 2135 domum
1726 2084 1923 2139 nomini

320 2175 460 2226 meo,
505 2177 568 2216 eo
595 2163 734 2233 quod
758 2165 829 2220 sis
874 2167 950 2220 vir
980 2167 1197 2223 bellator
1217 2211 1232 2235 ,
1263 2180 1328 2225 et
1375 2173 1681 2243 sanguinem
1721 2173 1922 2243 [aderis

318 2251 360 2323 (Ι
387 2252 577 2309 Paral.
623 2272 816 2325 xxvm,
865 2259 964 2329 5):
998 2262 1151 2332 quasi
1185 2278 1318 2336 vero
1345 2265 1589 2320 sordium
1620 2266 1922 2326 abolitione

320 2356 636 2403 cunctarum
667 2349 741 2404 ita
764 2351 1066 2410 emundare
1095 2369 1222 2410 eum
1255 2356 1579 2437 nequiverit,
1610 2369 1668 2414 ut
1697 2360 1922 2431 dignum

320 2439 486 2511 digno
506 2442 659 2512 operi
701 2456 1065 2516 praepararet;
1089 2449 1253 2504 David
1277 2466 1450 2522 usque
1470 2453 1538 2508 ad
1554 2464 1784 2511 mortem
1812 2473 1921 2514 non

321 2534 673 2604 emundatur,
693 2537 790 2594 sed
809 2540 1036 2609 praelato
1065 2541 1119 2597 in
1140 2544 1355 2615 Templi
1385 2548 1794 2604 constructione
1816 2550 1920 2607 sibi

322 2627 438 2684 lilio
466 2643 526 2684 se
557 2628 673 2699 ipse
702 2630 1029 2689 condemnat
1056 2643 1164 2698 :,et
1192 2645 1220 2672 ιι
1251 2636 1468 2692 Goliatb
1497 2653 1618 2693 cum
1647 2641 1921 2712 armigero

320 2737 421 2778 suo
439 2723 800 2793 calumniatur
817 2726 973 2795 mihi,
1001 2742 1099 2784 cur
1124 2728 1389 2786 Dominus
1420 2747 1528 2787 non
1562 2732 1727 2788 faciat
1748 2735 1799 2789 in
1827 2750 1917 2804 eo,

320 2814 464 2885 quod
493 2830 789 2887 numquam
821 2816 949 2874 fecit
974 2819 1031 2874 in
1073 2820 1318 2877 smculoi
1348 2822 1491 2879 Dicit
1520 2824 1880 2882 Ecclesiastes
1904 2822 1933 2881 ε’

322 2904 478 2961 Nihil
497 2908 590 2963 sub
614 2909 722 2963 sole
751 2926 961 2976 novum,
994 2927 1087 2966 nec
1109 2913 1240 2967 valet
1262 2915 1535 2985 quisquam
1570 2915 1742 2971 dicere
1762 2956 1778 2983 ,
1806 2931 1924 2972 ecce

321 2999 419 3056 hoc
444 3018 619 3058 recens
647 3012 746 3070 est,
759 3006 878 3077 jam
898 3005 1037 3060 enim
1064 3007 1325 3078 praecessit
1350 3007 1406 3060 in
1433 3008 1641 3063 saxulis
1665 3024 1780 3081 qua:
1807 3009 1923 3079 fue-

318 3103 445 3149 runt
469 3104 589 3151 ante
628 3112 724 3151 nos
747 3096 949 3169 (Eccle.
974 3111 1014 3165 ι,
1061 3098 1189 3171 10);
1234 3109 1291 3156 et
1317 3114 1580 3157 novorum
1608 3101 1918 3173 dogmatum

318 3185 619 3244 instructor
654 3188 915 3259 affirmat,
944 3199 1126 3261 potest
1163 3192 1313 3260 lieri,
1343 3193 1488 3265 quod
1521 3209 1814 3266 numquam
1842 3195 1922 3249 Ia-
1948 3187 1994 3252 C
2025 3194 2190 3251 divini
2236 3199 2420 3269 operis
2459 3201 2689 3259 veritate
2730 3205 3013 3278 subiungit

316 3292 462 3336 ctum
490 3291 596 3339 est.
621 3282 738 3340 Non
761 3286 1007 3356 requiras
1029 3294 1208 3341 utrum
1239 3287 1421 3357 fuerit,
1444 3289 1589 3360 quod
1616 3305 1775 3359 posse
1800 3305 1923 3347 esse

315 3389 425 3430 non
454 3375 707 3447 ambigis.
731 3375 1015 3434 Editicari
1049 3379 1219 3434 voluit
1249 3380 1391 3438 Deus
1422 3383 1682 3455 templum
1713 3384 1921 3440 nomini

315 3481 438 3534 suo,
468 3479 523 3523 et
553 3468 679 3538 boc,
713 3481 771 3525 ut
797 3485 906 3526 non
924 3470 1028 3526 nisi
1056 3471 1319 3530 innocens
1348 3481 1404 3530 et
1430 3473 1571 3530 bene
1600 3475 1921 3532 immacula-

254 3554 257 3557 ’
316 3566 405 3615 tus
424 3566 752 3618 exstrueret.
778 3562 897 3619 Duo
926 3563 994 3618 ad
1025 3561 1131 3619 hoc
1160 3578 1315 3636 reges
1340 3567 1555 3623 eunetis
1584 3566 1790 3623 viribus
1817 3568 1919 3624 eli-

313 3663 535 3725 guntur,
567 3663 796 3727 uterque
833 3656 902 3712 ad
932 3656 1263 3727 adiutorium
1291 3676 1302 3710 :
1332 3659 1401 3723 de
1430 3661 1679 3715 custodia
1703 3662 1920 3732 utrique

314 3749 666 3818 promittitur.
693 3747 776 3804 Ad
808 3747 980 3805 David
1009 3749 1281 3821 siquidem
1312 3749 1444 3806 dicit
1473 3751 1618 3807 Deus
1643 3771 1655 3804 :
1713 3753 1919 3810 Veritas

315 3858 429 3899 mea
459 3853 507 3899 et
534 3843 890 3899 misericordia
910 3859 1025 3899 mea
1051 3860 1169 3899 cum
1191 3859 1253 3899 eo
1280 3843 1457 3917 (Psal.
1490 3860 1761 3915 Lxxxvut,
1792 3846 1913 3917 25).

316 3936 394 3993 De
427 3936 722 3994 Salomone
763 3952 895 3994 vero
934 3944 1206 3993 testatur:
1237 3934 1421 4009 Ipsum
1445 3937 1576 4009 elegi
1610 3936 1739 3991 mihi
1764 3938 1817 3992 in
1844 3939 1914 4009 ﬁ-

314 4028 465 4096 lium,
497 4037 546 4083 et
585 4045 681 4102 ego
707 4044 796 4084 ero
819 4030 865 4084 ei
894 4029 949 4083 in
974 4037 1179 4099 patrem
1210 4027 1254 4099 (Ι
1281 4026 1467 4083 Paret.
1500 4028 1689 4096 x'xvttt,
1717 4028 1796 4101 6).
1833 4029 1914 4085 Ex

316 4123 401 4177 bis
429 4121 646 4178 duobus
677 4121 941 4192 templum
990 4121 1202 4177 Domini
1250 4136 1389 4176 unus
1432 4132 1703 4193 przeparat
1726 4163 1742 4190 ,
1773 4122 1916 4179 alter

314 4213 582 4270 aedificat:
617 4222 891 4287 praeparat
912 4229 1112 4283 senex,
1142 4213 1353 4285 perlicit
1378 4229 1534 4284 puer.
1569 4213 1797 4286 Dignum
1830 4224 1918 4272 est

314 4308 460 4366 enim
488 4319 546 4364 ut
568 4319 815 4366 sanctum
863 4307 1075 4363 Domini
1118 4307 1379 4378 templum
1405 4317 1626 4364 sanctus
1657 4308 1909 4364 aediﬁcet.

313 4400 633 4471 Praeparat,
667 4411 726 4457 ut
751 4401 895 4469 dixi,
924 4415 1091 4457 senex
1114 4441 1130 4469 ,
1161 4401 1255 4456 sed
1284 4400 1441 4472 quasi
1470 4409 1751 4473 postquam
1781 4416 1911 4472 pec-

312 4509 440 4552 care
487 4495 757 4551 cessavit:
804 4492 1015 4565 perﬂcit
1042 4508 1207 4564 puer,
1252 4494 1350 4550 sed
1394 4502 1574 4550 tamen
1602 4509 1742 4565 pene
1785 4509 1909 4550 cum

2023 1902 2142 1948 stus
2182 1895 2347 1951 Jesus
2371 1940 2387 1963 ,
2426 1914 2631 1968 quem,
2674 1902 2819 1957 sicut
2860 1904 3153 1975 Apostolus
3201 1911 3313 1976 ait,
3357 1918 3625 1985 proposuit

2021 1981 2164 2040 Deus
2193 1988 2619 2073 prapitiutioncm
2649 2009 2741 2062 per
2784 1995 2941 2063 [idem
2986 1998 3041 2052 in
3079 2003 3335 2073 sanguine
3358 1981 3526 2075 ipsius
3555 2006 3624 2059 ad

2023 2081 2366 2136 astensionem
2387 2087 2615 2156 justitia:
2637 2127 2653 2152 ,
2698 2100 2911 2162 praptcr
2950 2096 3301 2152 remissionem
3330 2101 3626 2170 prtrceden-
3689 2111 3693 2114 ’

2024 2174 2151 2227 tium
2178 2176 2486 2233 delictorum
2510 2221 2526 2247 ,
2567 2170 2623 2235 in
2648 2187 3069 2242 sustentationem
3090 2188 3188 2243 Dei
3208 2202 3255 2246 et
3279 2198 3623 2264 ostensioncm

2012 2266 2239 2336 justitia:
2266 2271 2465 2341 ejus'in
2491 2271 2589 2327 hoc
2620 2284 2866 2345 tempore,
2902 2289 2957 2333 ut
2982 2280 3048 2333 sit
3075 2281 3185 2351 ipse
3195 2285 3375 2355 justus
3401 2297 3450 2341 et
3465 2289 3628 2359 justi-

2021 2356 2187 2426 [icans
2226 2376 2343 2415 eum
2366 2407 2380 2432 ,
2427 2366 2513 2434 qui
2554 2381 2618 2420 ex
2647 2367 2758 2438 [ide
2787 2378 2863 2423 est
2890 2368 3020 2426 Iesu
3048 2372 3228 2443 (Rom.
3258 2392 3336 2443 ιιι,
3366 2356 3624 2451 ἓόξῖϐ).

2022 2449 2207 2522 Itaque
2235 2456 2560 2525 propitiator
2584 2475 2684 2531 per
2715 2461 2875 2517 Iidem
2903 2465 2960 2520 in
2991 2468 3259 2536 sanguine
3287 2484 3390 2524 suo
3418 2449 3627 2540 positus

2022 2544 2090 2600 ad
2113 2551 2488 2606 estensionem
2512 2552 2851 2626 formamque
2861 2557 3111 2629 iustitiae,
3127 2562 3244 2632 ipse
3264 2572 3348 2618 est
3366 2563 3627 2620 Mediator

2023 2634 2124 2693 Dei
2153 2650 2200 2692 rt
2239 2640 2509 2696 hominum
2536 2686 2551 2709 ,
2578 2644 2731 2702 honto
2761 2648 2997 2705 Christus
3025 2650 3179 2707 Iesus
3210 2652 3256 2725 (I
3287 2654 3420 2711 Tim.
3455 2672 3517 2723 tt,
3546 2659 3626 2722 5).

2027 2729 2101 2785 De
2127 2748 2234 2802 quo
2262 2734 2504 2792 Joannes
2532 2752 2701 2807 usque
2727 2741 2793 2796 ad
2827 2743 2996 2811 ipsam
3025 2760 3163 2815 pene
3192 2748 3623 2807 inareessibilem

2025 2821 2201 2879 lucem
2243 2825 2589 2886 introductus
2615 2836 2889 2890 exclamat
2918 2855 2929 2888 :
2966 2835 3031 2891 In
3062 2839 3320 2913 principio
3348 2855 3457 2897 erat
3498 2845 3625 2901 Ver-

2025 2918 2166 2988 bum,
2182 2927 2230 2974 et
2254 2920 2478 2977 Verbum
2500 2934 2615 2979 erat
2633 2928 2776 2998 apud
2795 2926 2986 2995 Deum,
3011 2942 3059 2986 et
3080 2933 3221 2989 Deus
3246 2947 3354 2991 erat
3377 2938 3624 2996 Verbum.

2026 3009 2142 3065 Hoc
2169 3023 2279 3067 erat
2307 3015 2362 3070 in
2390 3019 2649 3087 principio
2675 3022 2818 3089 apud
2854 3023 3023 3079 Deum
3049 3067 3063 3092 ,
3111 3029 3288 3081 omnia
3328 3047 3420 3097 per
3456 3033 3627 3103 ipsum

2024 3103 2163 3172 facta
2190 3114 2311 3160 sunt
2342 3105 2532 3178 (Joan.
2559 3126 2596 3176 ι,
2630 3111 2780 3182 1-5).
2816 3115 2893 3168 Ac
2918 3126 3040 3185 post
3071 3119 3347 3188 paululum
3376 3125 3625 3193 exposita

3060 3228 3072 3262 :
3130 3209 3197 3264 Et
3231 3210 3456 3269 Verbum
3502 3233 3626 3292 caro

2026 3291 2225 3360 factum
2247 3301 2351 3359 est,
2385 3303 2433 3347 et
2462 3294 2716 3351 habitavit
2744 3299 2796 3351 in
2824 3300 2970 3354 nobis
2996 3317 3017 3355 :
3043 3312 3090 3357 et
3122 3305 3343 3360 vidimus
3372 3306 3625 3364 honorem

2025 3385 2140 3455 ejus
2167 3425 2183 3451 ,
2230 3384 2454 3456 gloriam
2494 3397 2759 3459 tamquam
2790 3394 2931 3448 unici
2959 3396 3068 3449 nati
3099 3414 3132 3450 a
3160 3396 3320 3454 Patre
3344 3441 3359 3467 ,
3409 3402 3624 3473 plenum
3708 3466 3711 3467 ν

2022 3476 2193 3545 gloria
2222 3487 2269 3533 et
2294 3480 2507 3536 ueritate
2536 3480 2704 3550 (Ibid.
2736 3486 2800 3539 14
2818 3484 2862 3556 ).
2914 3487 3018 3555 Qui
3045 3503 3310 3559 peccatum
3333 3511 3435 3550 non
3460 3496 3585 3567 fecit
3606 3540 3625 3567 ,

2023 3583 2116 3621 nec
2138 3568 2379 3625 inventus
2405 3583 2478 3626 est
2504 3574 2655 3629 dolus
2687 3576 2739 3631 in
2768 3594 2858 3632 ore
2883 3582 2997 3651 ejus
3025 3582 3081 3653 (I
3114 3580 3229 3638 Pet.
3264 3601 3300 3641 It
3318 3629 3332 3653 ,
3360 3587 3502 3658 εξ),
3533 3591 3624 3660 qui

2022 3668 2287 3731 tamquam
2315 3679 2479 3734 agnus
2504 3681 2680 3720 coram
2721 3670 2971 3725 tondente
2993 3712 3008 3737 ,
3054 3674 3129 3728 sic
3157 3692 3259 3729 non
3287 3680 3524 3745 aperiens
3561 3697 3619 3736 os

2020 3765 2176 3803 suum
2193 3750 2351 3823 (lsai.
2374 3769 2485 3820 un,
2502 3756 2578 3826 7),
2595 3772 2718 3813 cum
2742 3759 3065 3830 ﬂagellatus,
3085 3766 3375 3823 erucilixus
3397 3781 3448 3825 et
3473 3786 3621 3826 mor-

2019 3848 2143 3896 tuus
2174 3852 2255 3897 est
2283 3886 2298 3911 ,
2345 3844 2512 3918 614
2535 3846 2628 3918 qui
2658 3851 2904 3906 aculeum
2935 3855 3128 3910 mortis
3156 3856 3433 3927 edomuit,
3464 3852 3556 3931 qui
3587 3880 3619 3920 a

2019 3932 2249 3991 mortuis
2275 3939 2612 4005 resurrexit,
2638 3941 2729 4011 qui
2757 3944 3014 4011 captiram
3046 3947 3236 4004 ducens
3266 3952 3618 4023 captivitatem

2018 4022 2194 4095 (Psal.
2227 4042 2393 4095 exvit,
2413 4028 2508 4095 l9;
2537 4029 2810 4102 Ephes.tv,
2830 4034 2943 4107 l8),
2963 4039 3203 4095 ascendit
3228 4044 3280 4096 in
3307 4022 3498 4100 etzelos.
3519 4046 3618 4102 llic

2018 4126 2100 4172 est
2114 4116 2426 4189 unigenitus
2445 4121 2499 4177 in
2515 4122 2696 4191 Patre,
2713 4127 3088 4202 primOgeuilus
3102 4131 3153 4185 in
3170 4135 3347 4189 multis
3360 4136 3617 4205 fratribus

2018 4209 2199 4283 (Rom.
2228 4228 2341 4279 vm,
2370 4212 2407 4266 2
2426 4214 2466 4283 J)
2493 4232 2506 4267 :
2535 4215 2590 4269 in
2620 4233 2721 4287 quo
2744 4228 2816 4272 est
2843 4223 3009 4275 omnis
3035 4221 3302 4292 plenitudo
3331 4226 3615 4282 divinitatis

2016 4305 2359 4373 corporaliter
2390 4304 2614 4377 (Coloss.
2648 4324 2685 4362 ιι
2712 4350 2725 4373 ,
2758 4310 2834 4380 9).
2869 4311 2965 4367 liic
2994 4328 3128 4383 ergo
3159 4314 3423 4372 Dominus
3453 4317 3612 4374 Citri-

2015 4402 2135 4450 stus
2160 4436 2175 4461 ,
2220 4395 2331 4461 hic,
2378 4396 2620 4468 inquam,
2660 4400 2829 4455 Filius
2865 4402 3002 4471 Dei,
3035 4406 3086 4459 in
3116 4407 3315 4464 virtute
3344 4409 3524 4465 Patris
3559 4422 3616 4468 et

2014 4485 2187 4555 gloria
2231 4506 2243 4540 :
2278 4503 2397 4556 qua:
2439 4489 2491 4545 in
2539 4490 2808 4562 principio
2844 4496 3129 4565 condidit,
3178 4508 3233 4554 et
3277 4500 3514 4571 redemit
3556 4502 3613 4559 in

312 4588 492 4645 adhuc
543 4604 771 4659 peccare
798 4605 905 4644 non
950 4590 1137 4659 coepit.
1182 4587 1277 4644 Ille
1317 4596 1442 4645 ante
1487 4589 1764 4659 peccavit:
1821 4572 1987 4644 bicD
2012 4579 2214 4645 ηιεάὶο,
2247 4581 2486 4637 etiamin
2516 4583 2814 4640 ItoviSSimo
2839 4587 3126 4657 iudicabit.

311 4689 522 4751 postea.
549 4680 643 4736 ille
668 4681 841 4737 multo
865 4690 1090 4752 peccato
1110 4681 1382 4737 aediﬁcare
1406 4698 1511 4737 non
1544 4684 1774 4739 meruit:
1808 4682 1910 4739 iste

310 4775 541 4829 multum
568 4773 845 4845 peccando
873 4773 1019 4844 quod
1044 4772 1406 4830 :cdilicaverat
1431 4819 1445 4844 ,
1494 4774 1806 4846 dereliquit.
1842 4773 1912 4829 Et

310 4864 455 4922 inter
477 4864 594 4923 haec
609 4864 929 4922 mirabiliter
955 4866 1119 4937 613
1141 4865 1247 4921 sibi
1278 4865 1551 4922 ordinatio
1578 4876 1766 4923 sancta
1792 4866 1908 4922 dis-

310 4957 525 5030 posuit:
554 4968 615 5013 ut
637 4955 779 5014 inter
796 4956 934 5029 duas
958 4965 1171 5025 tetates,
1202 4958 1344 5030 quod
1375 4971 1692 5030 perpetuum
1726 4958 1778 5015 in
1805 4959 1905 5014 lto-

310 5052 460 5107 mine
488 5066 608 5106 esse
629 5065 737 5107 non
760 5059 996 5122 p0terat,
1021 5064 1119 5121 pro
1142 5062 1304 5122 captu
1333 5053 1595 5123 temporis
1616 5052 1904 5109 inveniret.

310 5141 556 5213 Uterque
584 5142 876 5213 aliquando
898 5157 1005 5199 non
1040 5144 1306 5214 peccavit,
1328 5154 1507 5200 tamen
1533 5155 1763 5217 uterque
1789 5148 1910 5202 sine

309 5244 535 5306 peccato
563 5248 686 5291 esse
716 5251 825 5289 non
859 5234 1070 5303 potuit:
1121 5234 1188 5291 Ut
1233 5237 1299 5291 sit
1328 5235 1469 5291 Deus
1519 5253 1696 5304 verax,
1742 5237 1910 5293 omnis

307 5335 481 5380 autem
522 5326 677 5379 homo
720 5326 943 5380 mendax
972 5324 1167 5399 (Rom.
1210 5341 1299 5393 ιιι,
1327 5327 1392 5392 4;
1424 5325 1576 5384 Psol.
1605 5343 1744 5392 cxv,
1776 5328 1865 5398 li)
1891 5370 1906 5396 ,

309 5418 452 5473 sicut
475 5418 741 5487 scriptum
760 5427 846 5474 est
865 5437 877 5470 :
912 5417 1049 5472 Vaui
1069 5419 1170 5488 [itii
1199 5419 1490 5487 hominum,
1516 5422 1786 5477 mendaces
1802 5421 1908 5491 ﬁlii

308 5511 577 5566 hominum
604 5512 660 5566 in
689 5512 893 5567 stateris
916 5510 1089 5584 (Psal.
1117 5528 1306 5581 LXVIII,
1335 5511 1450 5585 10).
1544 5526 1549 5531 '

377 5606 472 5663 25.
517 5604 793 5661 Habentes
826 5606 1012 5675 utique
1042 5605 1271 5676 gratiam
1302 5616 1358 5664 et
1395 5603 1734 5677 adiutorium
1768 5606 1858 5663 Dei
1887 5648 1902 5675 ,

384 5773 410 5803 ³
451 5764 731 5838 Pelagium
761 5765 894 5849 dicit
914 5772 970 5822 et
994 5764 1338 5823 leesdum.
1379 5767 1618 5825 Scaorr.

582 5858 869 5920 Ῥηιιοι.
920 5856 1165 5919 XXXI.

2084 4671 2174 4727 26.
2218 4670 2403 4742 Itaque
2445 4683 2567 4741 post
2605 4676 2978 4733 conditionem
3009 4681 3280 4740 universa:
3304 4728 3319 4752 ,
3370 4704 3490 4758 qua:
3520 4707 3609 4749 se.

2012 4763 2250 4818 cundum
2281 4765 2619 4822 voluntatem
2646 4768 2765 4839 eius
2792 4771 2997 4827 exstitit
3026 4775 3343 4845 creationis,
3377 4795 3606 4854 compo-

2009 4856 2228 4913 sitionis
2260 4858 2482 4915 modum
2517 4860 2684 4918 rebus
2712 4863 3011 4936 imposuit,
3056 4877 3117 4921 ut
3162 4872 3305 4940 quod
3341 4876 3611 4934 rationale

2012 4949 2212 5003 factum
2258 4950 2435 5008 fuerat
2459 4995 2473 5018 ,
2524 4954 2735 5010 ratione
2770 4957 3096 5014 subsisteret
3128 5002 3139 5012 .
3174 4972 3227 5018 et
3256 4966 3399 5035 quod
3432 4968 3610 5026 libero

2010 5042 2243 5099 donarat
2273 5045 2531 5115 arbitrio,
2570 5064 2638 5104 ne
2670 5048 2723 5104 in
2751 5048 3023 5106 licentiam
3056 5055 3382 5123 perditionis
3409 5078 3609 5120 excur-

2012 5145 2196 5205 reret,
2245 5139 2504 5208 praecepti
2555 5139 2673 5209 lege
2722 5142 3008 5197 restrinxit
3052 5164 3062 5197 :
3107 5155 3165 5201 ιιι
3202 5164 3323 5205 cum
3355 5164 3607 5211 creatura

2011 5238 2314 5284 creatorem
2344 5238 2401 5286 et
2424 5231 2863 5299 dominidonum
2896 5249 3237 5307 agnosceret,
3270 5253 3323 5298 et
3348 5248 3609 5317 prmcepti

2012 5323 2363 5379 stabilitatem
2396 5344 2407 5377 :
2444 5326 2496 5380 in
2524 5325 2863 5396 subiectione
2893 5329 3081 5401 lapsus
3122 5333 3426 5391 libertatem
3475 5354 3607 5406 pro-

2013 5416 2271 5487 spiciens,
2305 5417 2371 5471 ad
2402 5417 2504 5473 hoc
2540 5430 2746 5474 tantmn
2781 5420 2893 5490 ipsa
2926 5422 3183 5479 libertate
3214 5426 3289 5479 uti
3322 5427 3515 5493 vellet,
3550 5438 3609 5483 ut

2014 5524 2111 5579 per
2148 5525 2267 5564 eam
2306 5511 2594 5567 servitium
2642 5529 2751 5583 quo
2799 5526 3081 5586 regeretur
3125 5518 3392 5586 eligeret,
3442 5518 3608 5591 digno

2015 5601 2233 5659 habitus
2259 5602 2469 5675 iudicio
2495 5647 2510 5675 ,
2557 5614 2609 5663 ut
2642 5622 2711 5664 ex
2761 5609 3015 5678 prudenti
3045 5610 3305 5666 servitute
3334 5610 3609 5670 defensio-

3012 5862 3089 5923 38
