4110 6168
578 249 716 303 1195

2000 251 2204 307 PAULI
2243 251 2470 310 OROSII

3697 265 3716 315 1
3732 263 3803 317 196

573 379 719 426 nent,
755 360 826 416 ita
855 375 920 416 ex
952 362 1120 416 libera
1145 361 1421 415 voluntate
1455 361 1783 426 mercedem,
1815 363 2172 418 eonfirmante
2199 375 2249 436 Α
2278 373 2323 416 et
2352 364 2509 417 Pater
2543 363 2754 418 Domini
2787 368 2950 420 nostri
2982 365 3113 420 Jesu
3143 366 3366 432 Christi,
3398 383 3485 438 per
3505 385 3638 433 quem
3673 378 3806 426 I‘Ot'lhl

576 453 858 523 Apostolo,
890 453 978 522 qui
1007 453 1084 506 ait
1114 471 1124 504 :
1161 453 1220 507 Si
1254 453 1390 505 enim
1427 453 1598 506 volens
1630 454 1724 509 hoc
1747 470 1866 524 ago,
1894 454 2179 508 mercedem

577 546 740 602 habeo
771 546 816 619 (l
849 546 971 603 Cor.
1009 563 1060 600 ιχ
1095 588 1107 608 ,
1145 545 1268 616 17).
1299 545 1416 601 Duo
1447 547 1732 610 luminaria
1769 563 1960 616 magna
2007 549 2180 600 omni-

577 650 770 709 potens
805 641 943 695 Deus
974 640 1110 695 dixit
1139 651 1190 693 et
1220 639 1359 694 facta
1405 650 1574 707 sunt,
1620 641 1982 712 praecepitque
2015 651 2071 695 ut
2100 641 2179 694 di-

584 736 769 789 vidant
797 736 940 789 diem
971 750 1033 789 ac
1060 746 1270 788 noetem
1310 742 1365 789 et
1395 735 1501 788 sint
1531 735 1584 788 in
1615 735 1788 806 signa,
1830 747 1882 790 et
1911 746 2176 804 tempora,

580 837 635 881 et
660 827 778 881 dies
805 871 818 893 ,
859 834 913 881 et
955 841 1127 878 annos
1161 825 1317 892 (Gen.
1348 842 1386 888 ι,
1420 825 1531 896 ll).
1569 826 1833 894 Numquid
1870 827 1984 882 ha-c
2011 825 2179 881 semel

579 921 797 976 decreta
823 919 1119 984 distinctio,
1143 937 1245 973 non
1274 937 1443 990 usque
1468 921 1520 972 in
1543 932 1872 990 praesentem
1901 930 2182 989 permanet

579 1013 758 1068 diem?
787 1012 856 1067 Et
887 1023 1060 1068 tamen
1111 1012 1228 1066 haec
1269 1015 1380 1080 ipsa
1411 1055 1425 1078 ,
1473 1029 1591 1082 qum
1632 1013 1710 1066 sic
1738 1012 1993 1066 ordinato
2029 1019 2178 1070 motu

575 1107 844 1169 feruntur,
876 1107 1110 1160 creatori
1145 1116 1355 1164 mutare
1379 1121 1501 1160 cum
1532 1108 1682 1170 velit,
1718 1106 1956 1174 polentia
1983 1108 2176 1172 inerat,

576 1199 624 1252 si
654 1199 794 1252 ratio
829 1213 931 1250 non
968 1209 1171 1252 teneret
1209 1217 1219 1248 :
1254 1201 1510 1263 quintium
1547 1198 1596 1250 in
1642 1198 1895 1254 omnibus
1925 1199 2180 1268 potentia:

577 1289 679 1345 Dei
710 1290 848 1344 ratio
878 1289 1166 1359 conjuncta
1197 1297 1299 1358 est.
1355 1289 1408 1342 Si
1448 1290 1594 1342 enim
1629 1300 1778 1354 esset
1801 1290 1943 1359 apud
1971 1300 2180 1344 creato-

576 1397 692 1438 rem
727 1384 957 1437 mutatio
985 1399 1232 1449 operum,
1267 1382 1504 1453 qualiter
1537 1399 1565 1436 a
1595 1392 1845 1438 creatura
1875 1386 2178 1453 exspectari

577 1484 764 1544 posset
796 1474 1110 1530 observatio
1150 1475 1566 1529 mandatorum?
1594 1475 1815 1531 Jussum
1846 1491 1875 1530 a
1908 1476 2022 1532 Deo
2053 1487 2135 1532 est
2161 1518 2176 1545 ,

577 1578 636 1621 ut
657 1561 923 1635 germinet
951 1577 1091 1621 terra
1117 1566 1338 1622 herbam
1366 1565 1529 1638 (Ibid.
1561 1567 1652 1638 ll)
1681 1610 1694 1634 ,
1729 1568 1913 1624 fenum
1943 1570 2178 1638 lignum-

576 1677 686 1731 que
737 1661 1123 1728 l'ructiferum,
1176 1662 1280 1716 hoc
1319 1661 1485 1715 etiam
1533 1677 1676 1718 nunc
1723 1665 1918 1718 annuis
1970 1663 2180 1720 vicibus

2285 458 2404 512 estis
2435 457 2485 509 in
2517 456 2878 511 [nereditatem
2907 459 3377 526 incorruptibilem,
3411 471 3457 512 et
3483 462 3804 517 incontamina-

2283 550 2471 614 bilem,
2503 561 2858 604 conservatam
2884 551 2938 603 in
2979 551 3156 616 cwlis,
3200 567 3286 604 vos
3306 595 3320 617 ,
3355 552 3442 619 qui
3479 554 3526 605 in
3555 555 3716 608 virtute
3740 555 3810 610 Dei

2287 641 2623 695 custodimini
2654 659 2745 713 per
2774 643 2930 710 [idem
2961 643 3015 696 in
3045 644 3260 697 salutem
3289 652 3523 713 paratam
3551 647 3740 699 revelari
3767 651 3807 701 in

2284 744 2515 802 tempore
2561 735 2840 787 novissimo
2887 735 2940 802 (l
2972 732 3087 788 Pet.
3125 751 3171 798 ι,
3207 736 3366 805 5-5).
3400 735 3592 791 Deinde
3624 737 3808 806 Paulus,

2286 839 2378 878 vas
2407 825 2716 888 electionis,
2770 826 2981 894 profert
3023 827 3309 881 thesauros
3355 827 3630 895 salutares,
3660 839 3708 883 et
3727 832 3810 882 ait:

2284 915 2589 972 Benedictus
2613 917 2756 973 Deus
2784 929 2828 972 et
2855 918 3015 973 Pater
3042 919 3246 974 Domini
3291 923 3454 974 nostri
3479 919 3598 975 Jesu
3626 921 3812 989 Christi,

2283 1009 2371 1079 qui
2398 1010 2659 1064 benedixit
2691 1028 2782 1064 nos
2806 1012 2858 1064 in
2883 1012 3030 1066 eunti.
3044 1012 3396 1066 benedictione
3415 1013 3656 1083 spirituali
3677 1015 3721 1068 in
3737 1031 3814 1069 cte-

2284 1103 2497 1160 lestibns
2525 1107 2576 1159 in
2601 1106 2838 1170 Christo,
2863 1108 3000 1161 sicut
3028 1106 3184 1178 elegit
3210 1125 3302 1160 nos
3334 1110 3384 1160 in
3409 1108 3518 1177 ipso
3546 1120 3652 1161 ante
3677 1113 3817 1162 mundi

2285 1199 2738 1262 constitutionem,
2784 1209 2839 1251 ut
2893 1215 3122 1252 essemus
3165 1203 3330 1252 sancti
3377 1210 3422 1252 et
3462 1200 3746 1252 immaculata"
3777 1202 3816 1252 in

2285 1303 2562 1358 conspectu
2587 1294 2698 1358 ejus
2725 1294 2780 1345 in
2803 1293 3082 1357 charitate,
3111 1303 3133 1327 ιι
3161 1309 3263 1360 qua
3294 1291 3662 1362 p;ardestiuavit
3683 1309 3760 1346 nos
3781 1294 3818 1346 in

2264 1376 2618 1453 adoptionem
2650 1384 2882 1451 ﬁliorum
2929 1401 3020 1452 per
3062 1389 3246 1437 Jesum
3273 1385 3533 1436 Christum
3571 1386 3616 1435 in
3656 1386 3814 1453 ipsum,

2283 1477 2570 1530 secundum
2601 1478 2919 1547 propositum
2947 1477 3230 1530 voluntatis
3254 1492 3366 1528 sna:
3394 1475 3444 1528 in
3474 1473 3664 1528 laudem
3683 1475 3818 1543 gloria

2284 1582 2395 1623 suae
2419 1605 2436 1635 ,a
2462 1569 2518 1622 in
2552 1586 2660 1639 qua
2689 1570 3005 1640 gratiﬁcavit
3048 1587 3140 1622 nos
3175 1570 3229 1621 in
3277 1568 3468 1622 dilecto
3497 1563 3630 1620 Filio
3648 1582 3756 1631 suo,
3780 1567 3818 1618 in

2282 1679 2382 1733 quo
2413 1662 2664 1718 habemus
2694 1663 3105 1735 redemptionem
3153 1678 3246 1726 per
3275 1660 3580 1731 sanguinem
3617 1661 3742 1729 ejus,
3765 1675 3821 1710 re-

577 1752 897 1808 incessabili
945 1753 1304 1823 parturitione
1357 1753 1610 1810 custodit.
1667 1754 1734 1808 Et
1784 1763 1964 1810 tamen
2010 1756 2178 1810 iratus
2209 1763 2256 1822 Β
2284 1755 2579 1810 missionem
2597 1755 2764 1826 616
2788 1764 3140 1824 peccatorum,
3164 1753 3458 1808 secundum
3481 1753 3668 1804 divitias
3685 1754 3821 1820 gratia:

579 1846 881 1916 sazpissime
938 1845 1085 1901 Deus
1140 1855 1342 1914 terrae,
1421 1847 1647 1912 fructus,
1681 1855 1872 1916 negata
1926 1846 2178 1902 imbrium

580 1943 830 1995 ubertate
851 1982 864 2008 ,
895 1940 1170 2006 diminuit,
1201 1949 1256 1995 et
1283 1941 1422 2010 quod
1452 1940 1665 1994 auferre
1696 1940 1747 1994 in
1782 1949 1952 2004 totum
1985 1942 2177 2009 potuit,

581 2033 773 2086 maluit
812 2031 1081 2103 castigare
1109 2077 1122 2100 ,
1173 2042 1238 2094 ut,
1272 2040 1328 2086 et
1367 2033 1762 2094 correctionem
1809 2032 1964 2100 plaga
1995 2015 2178 2098 tis-ten;-

580 2125 736 2178 dcret
760 2167 773 2191 ,
829 2132 886 2178 et
928 2124 1176 2186 ordinem
1212 2134 1403 2180 natura
1434 2134 1698 2178 servaret.
1733 2123 1886 2178 Fecit
1916 2124 2063 2182 Deus
2087 2124 2181 2180 lto-

579 2217 784 2273 minem
817 2217 885 2271 de
913 2216 1042 2271 limo
1070 2229 1249 2280 terrae,
1287 2227 1340 2271 et
1369 2218 1547 2290 vitalis
1570 2217 1792 2285 spiritus
1820 2217 2180 2281 insulllatipne

580 2310 852 2366 viventem
886 2309 1068 2379 posuit
1101 2312 1151 2363 in
1187 2311 1440 2380 paradiso
1472 2311 1789 2380 deliciarum
1831 2310 1999 2382 (Ibid.
2039 2311 2174 2380 l7.)-:

582 2405 760 2460 libero
813 2403 1039 2474 insuper
1095 2385 1323 2459 donavit
1389 2405 1614 2472 arbitrio
1678 2404 2182 2473 circumdatmnqne

583 2499 840 2564 mandato
888 2498 1072 2555 medio
1111 2499 1536 2570 immortalitatis
1568 2509 1620 2554 et
1665 2499 1856 2566 ntnrtis
1891 2517 1901 2550 :
1937 2498 2182 2568 quamvis

582 2594 940 2664 asserantntui
961 2634 974 2659 ,
1003 2594 1091 2663 qui
1125 2593 1520 2664 abundantiam
1553 2593 1618 2648 de
1652 2601 1869 2662 pectore
1899 2602 1988 2646 tuo
2018 2591 2182 2663 615

580 2699 791 2740 venena
815 2695 1103 2750 suxerunt,
1124 2684 1405 2738 mortalem
1430 2700 1550 2740 eum
1578 2685 1744 2738 fuisse
1770 2685 1993 2750 factum,
2025 2683 2183 2738 mbil-

583 2795 691 2850 que
715 2779 893 2834 eidem
925 2779 1109 2832 damni
1145 2794 1213 2833 ex
1251 2778 1690 2846 transgressione
1717 2779 2015 2846 contigisse
2044 2793 2178 2846 prte-

584 2869 750 2940 cepti.
799 2873 869 2924 At
897 2885 1026 2925 vero
1067 2869 1458 2939 prmvarieante
1491 2869 1742 2934 homine,
1783 2879 1926 2925 terra
1959 2867 2184 2926 maledi-

586 2964 748 3029 citur,
776 2962 1056 3018 laboribus
1085 2979 1146 3018 ac
1167 2962 1449 3019 doloribus
1476 2962 1638 3018 homo
1667 2963 1784 3034 ipse
1805 2973 2181 3029 coonuStatur,

586 3066 644 3110 ut
691 3057 744 3110 in
793 3055 992 3111 sudore
1033 3056 1189 3113 faciei
1231 3072 1424 3127 panem
1473 3057 1718 3128 acquirat
1753 3057 1976 3126 jubetur
2008 3076 2018 3110 2
2055 3064 2184 3114 nota

588 3151 781 3206 mortis
821 3151 1291 3210 circumscribitur
1317 3194 1346 3228 ,ι
1374 3152 1550 3209 donec
1588 3150 1640 3206 in
1684 3158 1926 3219 terram,
1976 3151 2044 3207 de
2080 3166 2184 3222 qua
2210 3145 2258 3209 Ο

587 3252 834 3314 sumptus
861 3253 946 3300 est
969 3284 983 3311 ,
1025 3254 1332 3300 revertatur
1361 3243 1524 3315 (Gen.
1553 3260 1643 3309 ιιι,
1688 3243 1909 3316 17-19).
1963 3245 2189 3313 Ejieitur

588 3334 759 3389 Adam
776 3334 853 3406 de
880 3335 1131 3412 paradiso
1157 3334 1324 3407 (Ibid.
1349 3337 1466 3406 ‘25),
1497 3348 1720 3406 generat
1749 3337 1888 3392 filios
1911 3337 2190 3394 trahentes

588 3440 770 3480 secum
804 3428 1029 3480 seminis
1074 3427 1309 3482 infidelis
1345 3429 1613 3498 originale
1638 3438 1920 3498 peccatum
1954 3450 1964 3481 :
2003 3439 2192 3500 peccat

592 3518 887 3574 humanum
915 3534 1089 3592 genus
1116 3561 1128 3581 ,
1179 3520 1345 3574 Deum
1380 3535 1595 3591 quoque
1641 3521 1894 3591 pmoituit
1915 3523 2059 3592 quod
2095 3522 2192 3576 ho-

593 3613 794 3668 minem
826 3611 1044 3668 fecisset
1070 3613 1123 3668 in
1157 3622 1297 3666 terra
1336 3612 1490 3685 (Gen.
1518 3630 1593 3682 vr,
1629 3615 1704 3685 6).

663 3706 756 3758 27.
790 3704 834 3760 Ο
857 3705 1101 3770 Domine,
1122 3706 1332 3766 sustine
1361 3707 1634 3776 paulisper
1666 3707 1954 3776 stultitiam
1987 3723 2187 3777 meam,

594 3796 771 3851 donec
801 3798 894 3867 qui
928 3799 1146 3866 sapiens
1180 3807 1233 3852 et
1269 3797 1510 3867 prudens
1544 3799 1782 3864 videtur,
1817 3800 2100 3855 erubescat
2137 3809 2194 3856 et.

595 3890 798 3943 sentiat
845 3887 1301 3956 imprudentiam!
1337 3890 1610 3945 l’eccante
1659 3907 1766 3948 uno
1819 3893 2071 3957 homine,
2125 3908 2194 3947 ex-

596 3995 704 4050 quo
737 3981 789 4033 in
821 3981 1129 4043 universam
1163 3983 1570 4048 successionem
1596 3984 1708 4036 dira
1738 3985 1985 4053 eontagia
2018 3996 2194 4040 trans-

597 4075 816 4138 ierunt,
849 4089 1187 4145 regnumque
1235 4079 1287 4128 in
1335 4077 1625 4130 universos
1671 4081 1859 4132 mortis
1921 4079 2186 4146 invaluit,

593 4164 827 4235 pmnitet
857 4173 906 4218 te
930 4207 944 4231 ,
980 4164 1265 4230 irascvris,
1299 4166 1455 4221 doles
1482 4187 1491 4218 :
1523 4178 1606 4236 et,
1645 4185 1923 4240 usquequo
1956 4170 2190 4226 Verbum

592 4272 722 4312 caro
764 4255 994 4322 factum,
1043 4256 1330 4326 passione,
1386 4273 1574 4328 cruce,
1609 4274 1672 4314 ac
1702 4271 1884 4316 morte
1913 4276 2050 4331 opus
2096 4263 2193 4316 ha-

593 4349 722 4404 beat
745 4390 759 4414 ,
792 4349 1177 4404 commoveris.
1216 4350 1382 4404 Forte
1421 4353 1594 4406 satius
1621 4353 1801 4409 fuerat
1827 4370 1997 4410 unum
2023 4356 2190 4412 deleri

593 4442 743 4497 illico
774 4452 1142 4512 peccatorem,
1170 4451 1226 4497 ut
1255 4458 1381 4499 mox
1407 4445 1545 4500 alius
1569 4448 1805 4503 secunda
1834 4450 2194 4516 plasmatione

2284 1850 2426 1918 ejus,
2469 1863 2587 1917 qua:
2633 1847 3081 1918 superabundavit
3115 1848 3166 1899 in
3195 1846 3347 1900 nobis
3382 1846 3432 1897 in
3460 1845 3590 1897 omni
3624 1844 3821 1912 sapientia

2281 1950 2328 1994 et
2357 1940 2640 2010 prudentia
2669 1954 2686 1992 :
2720 1949 2773 1992 ut
2828 1948 3012 1993 notum
3063 1938 3211 1991 nobis
3261 1939 3456 2006 faceret
3512 1946 3821 1989 sacramentum

2282 2034 2563 2088 voluntatis
2593 2050 2702 2088 sua:
2741 2032 3035 2090 secundum
3065 2033 3252 2086 bonum
3289 2030 3697 2101 plucituntejus;
3720 2028 3820 2097 quod

2284 2129 2532 2199 disposuit
2592 2129 2646 2181 in
2699 2145 2778 2191 eo,
2809 2129 2861 2180 in
2917 2127 3358 2196 dispensationem
3384 2123 3704 2195 plenitudinis
3729 2132 3823 2173 tem.

2283 2237 2505 2291 porum,
2540 2233 2836 2275 restaurare
2881 2223 3056 2274 omnia
3105 2221 3159 2272 in
3203 2218 3417 2275 Christo
3444 2261 3456 2278 ,
3503 2232 3610 2286 quia
3652 2217 3694 2266 in
3720 2214 3826 2268 ariis

2283 2322 2402 2367 sunt
2432 2323 2477 2365 et
2507 2328 2621 2382 qua:
2652 2314 2702 2368 in
2737 2321 2874 2365 terra
2903 2310 2919 2382 (
2945 2309 3140 2382 Ephes.
3177 2325 3229 2376 ι,
3267 2310 3407 2364 5-1θ
3429 2307 3467 2377 ).

2355 2405 2448 2458 “2.3..
2480 2404 2627 2462 Dicit
2655 2404 2862 2460 Petrus.
2893 2422 2904 2456 :
2939 2405 2993 2457 in
3025 2403 3248 2458 salutem
3283 2411 3521 2473 putatam
3570 2398 3758 2452 revelari
3787 2398 3824 2448 in

2284 2506 2509 2568 tempore
2541 2498 2860 2561 novissimo;
2889 2503 3118 2551 testatur
3150 2505 3206 2552 et
3249 2495 3454 2549 Paulus
3474 2535 3488 2558 ,
3519 2491 3661 2563 quod
3683 2505 3827 2560 prapo-

2284 2589 2385 2642 suit
2417 2591 2470 2642 in
2511 2606 2570 2644 eo
2616 2591 2670 2644 in
2722 2588 3165 2660 dispensationem
3209 2586 3554 2659 plenitudinis
3601 2595 3828 2653 temporum

2288 2681 2586 2736 instaurare
2607 2682 2783 2735 omnia
2806 2682 2865 2734 in
2883 2678 3090 2736 Christo
3107 2689 3202 2745 ;cte
3219 2695 3370 2738 nunc
3393 2679 3545 2733 nobis
3568 2673 3828 2742 nescioquis

2287 2771 2442 2842 quasi
2466 2787 2660 2826 ranae
2690 2787 2851 2828 emno
2877 2772 3112 2841 emergit
3134 2780 3191 2826 et
3214 2779 3483 2840 personat
3506 2789 3517 2821 :
3540 2787 3557 2820 ι
3581 2767 3702 2834 Quid
3733 2764 3828 2819 milii

2287 2872 2371 2919 est
2400 2874 2718 2933 exsiiectare
2747 2872 2977 2933 tempus,
3003 2872 3330 2931 exspectare
3347 2862 3641 2932 judicium?
3666 2856 3828 2912 Daorsi

2288 2967 2483 3028 potest,
2513 2973 2726 3028 semper
2752 2967 2931 3027 potest
2956 2976 2968 3009 :
2995 2958 3038 3012 si
3059 2971 3282 3026 semper
3305 2963 3510 3026 potest;
3533 2964 3828 3023 personarum

2286 3059 2546 3120 acceptor
2575 3067 2681 3110 non
2712 3061 2814 3105 est.
2840 3070 2859 3101 ›
2898 3050 3264 3120 Ροιθειςεινςο,
3304 3059 3361 3104 et
3394 3048 3553 3104 utodo
3599 3053 3768 3113 potest,
3789 3051 3827 3094 et

2290 3145 2342 3200 in
2375 3154 2428 3200 te
2458 3159 2586 3199 vere
2626 3157 2986 3212 personarum
3025 3151 3288 3211 acceptor
3312 3140 3640 3210 probandus,
3664 3134 3829 3202 siquod

2293 3239 2348 3294 iu
2371 3236 2625 3300 omnibus
2648 3245 2854 3307 potest,
2886 3243 2942 3290 ct
2968 3237 3159 3305 utique
3185 3243 3420 3292 acturus
3439 3233 3492 3287 in
3527 3244 3740 3300 tempore
3761 3242 3832 3280 suo

2290 3343 2376 3397 est
2401 3374 2416 3399 ,
2451 3334 2504 3388 in
2537 3341 2592 3387 te
2617 3332 2736 3388 solo
2763 3341 2892 3386 ante
2925 3341 3138 3400 tempus
3171 3326 3417 3394 faceret,
3449 3324 3589 3397 quod
3619 3337 3764 3392 neque
3791 3319 3829 3372 in

2290 3426 2476 3496 Moyse
2505 3426 2624 3484 fecit
2646 3465 2661 3488 ,
2693 3427 2782 3486 cui
2813 3439 2977 3480 unum
3008 3422 3391 3482 tantummodo
3417 3424 3470 3478 in
3498 3421 3596 3478 hac
3621 3423 3714 3473 vita
3735 3429 3830 3486 pec-

2293 3530 2470 3574 eatmn
2503 3517 2874 3586 exprobravit,
2907 3523 3337 3574 ettamenante
3368 3507 3827 3569 mortemremisit'

2293 3627 2454 3681 quem
2484 3610 2553 3664 ob
2577 3609 2714 3665 hanc
2745 3611 2961 3681 culpam
2991 3609 3127 3665 mori
3148 3608 3348 3678 jussit,
3380 3623 3452 3663 ne
3480 3619 3667 3662 terram
3695 3614 3832 3670 repro-

2294 3702 2571 3757 missionis
2589 3701 2833 3756 intraret.
2853 3698 3053 3754 Audiat
3071 3714 3208 3769 ergo
3229 3699 3833 3764 Salomonem,super=or-

2295 3793 2576 3854 dinatione
2603 3801 2906 3862 temporum
2932 3803 2986 3847 et
3014 3792 3108 3845 Dei
3125 3793 3537 3849 constitutione
3565 3796 3830 3845 testantem:

2299 3885 2489 3940 Omnia
2521 3894 2718 3954 tempus
2769 3883 2957 3938 habent
3001 3893 3046 3936 et
3088 3885 3195 3937 suis
3241 3884 3427 3954 spatiis
3461 3889 3701 3937 transeunt
3746 3876 3832 3929 uni-

2295 3975 2552 4034 versasub
2578 3974 2706 4031 caelo
2724 3974 2985 4046 :Tempns
3013 3976 3286 4040 nascendi,
3315 3987 3362 4028 et
3394 3986 3591 4044 tempus
3617 3967 3834 4026 moriendi.

2300 4068 2526 4141 Tempus
2555 4069 2864 4141 plantandi,
2900 4077 2946 4122 et
2997 4077 3198 4137 tempus
3229 4067 3485 4124 cvellendi
3517 4067 3644 4138 quod
3671 4065 3834 4134 plauta-

2299 4170 2405 4215 tum
2433 4172 2530 4216 est.
2559 4162 2783 4233 Tempus
2813 4162 3106 4228 occidendi,
3138 4174 3185 4216 et
3217 4143 3416 4232 teinpus
3447 4154 3832 4227 sanandi(Eccls.

2298 4274 2392 4325 ιιι,
2424 4257 2524 4312 1-5
2544 4260 2588 4324 ).
2640 4257 2852 4312 Deinde
2895 4256 3006 4314 alio
3049 4257 3168 4311 loco
3193 4256 3368 4312 dicit:
3398 4256 3521 4310 Vidi
3562 4252 3648 4310 sub
3680 4251 3769 4307 sole
3797 4249 3839 4300 in

2299 4351 2410 4405 loco
2431 4351 2628 4422 judicii
2650 4351 2986 4423 impietatem,
3007 4351 3128 4403 etin
3159 4349 3271 4404 loco
3292 4349 3524 4419 justitiat
3547 4346 3836 4417 iniquitatem

2300 4453 2344 4498 et
2369 4444 2480 4498 dixi
2502 4444 2557 4496 in
2575 4444 2730 4498 corde
2751 4459 2861 4498 meo
2879 4458 2895 4496 :
2910 4441 3118 4496 Iustum
3141 4453 3188 4498 et
3209 4442 3687 4513 impiumjudicabit
3705 4437 3834 4491 Deus:

593 4535 1047 4602 substitueretur,
1082 4551 1191 4605 quo
1219 4536 1286 4590 ab
1314 4539 1460 4592 omni
1513 4539 1679 4596 sorde
1718 4541 1886 4597 libera
1919 4552 1972 4597 et
2004 4543 2184 4598 imma-

2295 4547 2342 4591 et
2375 4549 2573 4607 tempus
2595 4538 2760 4592 omnis
2788 4539 2863 4592 rei
2893 4547 3014 4590 tunc
3045 4539 3142 4591 erit
3165 4536 3370 4608 (Ibid.,
3407 4539 3489 4602 l6,
3532 4538 3592 4592 17
3611 4536 3649 4605 ).
3675 4533 3834 4601 Quali»

593 4629 767 4682 eulata
799 4642 1036 4697 propago
1069 4628 1456 4685 descenderet.
1489 4631 1558 4684 At
1584 4631 1703 4687 haec
1745 4640 1818 4700 te,
1847 4635 1988 4690 Deus
2016 4639 2190 4689 omm-

591 4728 784 4786 potens
806 4759 820 4785 ,
851 4719 975 4786 quia
1010 4734 1116 4775 non
1160 4719 1359 4775 fecisse
1405 4725 1770 4791 agnoscimus,
1805 4739 1910 4779 non
1948 4727 2190 4794 potuisse

590 4809 903 4863 credimus?
934 4811 978 4864 0
1028 4810 1188 4865 Petro
1221 4813 1234 4864 ι
1262 4827 1426 4880 supra
1469 4828 1630 4882 quam
1679 4822 1888 4882 petram
1938 4817 2190 4871 Christus

592 4912 744 4952 suam
764 4899 1005 4955 fundavit
1025 4900 1330 4956 Ecclesiam
1350 4902 1571 4971 (Matth.
1600 4905 1928 4976 xvt,18);et,
1948 4907 2182 4962 oPaule!

588 4989 682 5059 qui
711 4989 1127 5047 fundamentum
1156 4993 1420 5063 posuisti,
1449 5006 1645 5063 praeter
1674 4996 1815 5066 quod
1846 4996 1995 5052 aliud
2027 5013 2188 5054 nemo

587 5089 771 5150 potest.
794 5095 1021 5149 ponere,
1047 5087 1136 5154 qui
1168 5095 1250 5140 est
1276 5085 1528 5141 Christus
1551 5087 1706 5141 .lesus
1729 5088 1774 5160 (Ι
1801 5088 1920 5143 Cor.
1948 5106 2027 5156 ιιι,
2061 5093 2081 5144 Ἰ
2100 5091 2185 5163 1);

589 5172 731 5226 beati
766 5173 1022 5241 apostoli,
1049 5177 1316 5230 columna:
1345 5186 1398 5232 et
1429 5177 1766 5234 firmamenta
1801 5183 2066 5247 veritatis,
2091 5198 2186 5238 vos

587 5263 925 5340 saltemhuic
940 5267 1029 5332 qui
1044 5268 1391 5324 consiliarius
1409 5270 1517 5324 Deo
1537 5281 1617 5324 est
1642 5285 1690 5326 et
1709 5273 1997 5342 mediator,
2017 5275 2186 5331 sacris

589 5361 917 5430 respondete
941 5363 1320 5417 sermonibus!
1347 5364 1654 5441 Ait‘Petrus
1675 5385 1685 5418 :
1705 5366 2019 5422 Benedictus
2049 5371 2184 5424 Dens

655 5518 982 5594 ftCorrigit,
1023 5518 1143 5587 qui,
1185 5517 1528 5594 Gallarulius,
1582 5523 1905 5594 subjicitque
1961 5527 2072 5580 han:
2124 5533 2173 5584 in

581 5591 771 5662 calee_:_
803 5607 827 5662 ιΔ
849 5589 1128 5662 Schottus,
1160 5589 1323 5658 quia;
1348 5589 1728 5662 Havercamp.,
1757 5589 1890 5660 Qua.
1924 5597 2176 5652 [tt-stitui-

581 5675 703 5714 mus
736 5659 972 5729 Vulgata:
1004 5661 1292 5716 lectionem
1324 5661 1440 5728 qui,
1476 5659 1667 5716 Greco
1693 5659 1860 5719 textui
1887 5669 2181 5725 concinen-

583 5735 724 5796 tem,
775 5730 864 5784 ubi
919 5730 1145 5800 legimus
1193 5735 1497 5811 προορίσας.
1528 5731 1649 5789 Mox
1699 5733 1932 5805 leg.,'in
1974 5737 2180 5796 laudem

2298 4629 2557 4695 obrem,o
2589 4629 2750 4683 homo
2781 4630 2980 4684 vacuet
3012 4629 3056 4684 si
3087 4646 3246 4697 quam
3279 4630 3535 4685 ﬁduciam
3575 4627 3739 4690 habes,
3763 4636 3842 4692 pr-

2299 4724 2496 4775 tienler
2526 4732 2781 4790 ex5peeta
2815 4723 3064 4780 ordinem
3097 4722 3217 4788 Dei,
3259 4737 3424 4792 quem
3451 4723 3689 4792 dignatus
3712 4721 3835 4770 estet

2300 4817 2414 4883 ipse
2451 4818 2711 4870 I’lominus
2758 4825 3078 4886 exspectare
3105 4818 3196 4888 qui
3243 4817 3372 4874 feeit
3401 4835 3415 4870 :
3444 4813 3730 4888 factus'sub
3756 4811 3836 4877 lege

2300 4906 2454 4976 (Gal.
2489 4925 2562 4973 tv,
2594 4910 2687 4977 tl),
2721 4908 2814 4979 qui
2845 4911 3044 4966 fecerat
3079 4911 3276 4981 legem.
3305 4910 3443 4966 Audi
3490 4911 3658 4980 ipsum
3686 4899 3837 4959 tibidi-

2297 5015 2512 5057 eentem
2542 5020 2554 5056 :
2585 5002 2709 5057 Non
2754 5015 2827 5058 cst
2855 5013 3084 5059 vestrum
3122 5005 3255 5060 scire
3299 5015 3553 5074 tempora,
3582 5018 3686 5074 qua:
3717 4997 3838 5052 Patet

2295 5093 2471 5161 posuit
2494 5093 2549 5146 in
2574 5109 2672 5146 sua
2705 5103 2958 5161 potestate
2978 5094 3120 5166 (Act.
3155 5110 3205 5161 1,
3239 5095 3314 5160 7).
3346 5094 3456 5149 Aut
3481 5095 3526 5149 si
3548 5093 3627 5148 vis
3646 5086 3848 5160 apertius

2297 5185 2545 5254 accipere
2577 5187 2974 5252 testimonium,
3007 5187 3135 5255 quia
3161 5187 3498 5257 cumulique
3529 5185 3688 5256 possit
3714 5183 3836 5241 Deos,

2295 5287 2475 5332 tamen
2529 5294 2626 5347 pro
2680 5262 2794 5348 ipsa
2856 5279 2940 5333 sui
2989 5277 3334 5335 ordinatione
3364 5295 3471 5333 non
3523 5278 3705 5338 faciat,
3742 5268 3842 5325 die"

2293 5372 2360 5424 ad
2409 5372 2628 5427 Petrum
2655 5391 2668 5426 :
2695 5375 2774 5426 An
2833 5381 2990 5444 putas
3035 5388 3140 5428 non
3183 5389 3334 5444 posse
3379 5388 3457 5426 me
3510 5369 3653 5425 modo
3695 5374 3839 5435 πυρίη

2286 5529 2469 5601 gloria:
2492 5545 2712 5601 patrne
2743 5547 2854 5586 sua;
2874 5575 2888 5599 ,
2921 5531 3075 5601 juxta
3105 5533 3225 5596 Gr.,
3261 5535 3331 5594 sic
3364 5532 3570 5590 ἔπαινον
3599 5527 3835 5601 δόξης,τῆς

2290 5595 2512 5673 χάριτορ
2542 5604 2721 5673 αὐτοῦ.
2759 5595 2892 5657 Eam
2921 5595 3129 5658 'voeem
3190 5595 3308 5672 qmc
3351 5605 3570 5659 librario
3619 5595 3838 5655 exciderit

2292 5671 2435 5740 apud
2462 5671 2716 5727 Orosiqu
2749 5679 3043 5730 cantextus
3071 5671 3224 5730 Pauli
3271 5674 3515 5748 requirit.
3541 5689 3560 5726 ι
