4110 6168
291 253 461 331 1107³

1373 275 1574 347 LIBER
1617 277 1703 332 oe
1746 273 2051 332 ARBlTBll
2089 238 2504 331 maturare.

3444 279 3581 337 1198
3612 260 3617 269 ’

290 390 503 445 Patrem
531 403 702 444 meum
724 434 737 458 ,
774 397 821 443 et
849 389 1105 445 exhibebit
1137 392 1263 445 mihi
1291 393 1412 465 plus
1440 410 1591 463 quam
1615 394 1885 448 duodecim
1917 402 1966 460 Α
1994 391 2107 462 ipsa
2154 392 2462 463 intelligere
2506 383 2596 446 vix
2642 391 2941 463 potuimus.
2977 393 3051 447 ita
3093 393 3215 461 ista,
3252 394 3490 463 inquam,
3523 397 3587 451 ad

289 483 514 553 legiones
534 480 874 555 angelorum?
893 482 999 538 Sed
1025 483 1281 554 quomodo
1305 486 1696 557 complebantur
1734 486 1883 541 Scri-

289 580 476 643 pturte,
501 572 662 644 617
702 573 826 641 quia
863 575 937 627 sic
976 584 1175 645 oportet
1216 576 1331 646 ﬁeri
1358 575 1577 648 (Matth.
1613 593 1764 644 xxvi,
1793 575 1886 645 55,

289 663 424 736 54)?
470 666 629 721 Vides
670 681 804 737 ergo
846 668 967 738 quia
1011 671 1587 740 operator'temporis
1620 679 1890 741 temperat

292 759 528 813 virtutes
559 770 657 816 :'et
684 760 825 816 ratio
854 762 1253 833 dispositionis,
1290 766 1484 822 miscet
1512 769 1766 837 potentiae
1794 784 1891 840 pa-

293 854 563 910 tientiam.
600 854 808 911 Deinde
852 857 927 912 ait
972 858 1275 915 Dominus:
1302 860 1545 916 Reconde
1575 864 1813 936 gladium
1837 866 1888 919 in

291 945 457 1000 theca.
496 945 642 1001 Fieri
673 948 809 1002 enim
854 966 955 1004 non
998 961 1180 1019 potest,
1226 962 1281 1007 ut
1319 954 1532 1008 calicem
1570 973 1718 1027 quem
1749 956 1893 1011 dedit

294 1039 419 1093 mihi
448 1037 629 1102 Pater,
662 1057 767 1095 non
799 1041 966 1095 bibam
996 1044 1141 1098 illum
1178 1043 1358 1117 (Joan.
1394 1063 1545 1112 xvut,
1573 1047 1684 1119 11).
1719 1048 1784 1103 Et
1815 1056 1894 1103 ta-

293 1148 418 1188 men
447 1132 588 1187 licus
620 1134 755 1188 nihil
790 1151 894 1190 non
926 1145 1108 1204 potest
1140 1153 1153 1192 :
1187 1153 1287 1194 nec
1315 1148 1399 1194 est
1424 1124 1718 1212 quidquam
1751 1141 1892 1213 quod

248 1282 253 1287 ,
296 1238 402 1279 ιιοη
437 1224 604 1280 faciat
640 1227 744 1281 nisi
775 1216 917 1283 forte
948 1229 1092 1300 quod
1136 1231 1299 1297 nolit,
1339 1248 1446 1288 non
1477 1242 1749 1304 oporteat,
1784 1251 1893 1290 non

296 1327 592 1385 proponat.
626 1316 890 1389 Loquitur
919 1319 1121 1377 Paulus
1148 1323 1215 1378 ad
1246 1322 1794 1392 Thessalonicenses,
1824 1328 1898 1381 si-

296 1409 565 1480 gniﬁcans
594 1410 661 1465 de
683 1412 919 1466 adventu
947 1414 1267 1469 Antichristi
1298 1434 1311 1470 :
1339 1415 1462 1473 Non
1484 1418 1736 1486 retinetis,
1759 1420 1898 1490 quod

298 1517 417 1557 cum
461 1503 632 1566 adhuc
673 1522 833 1559 essem
873 1508 1018 1574 apud
1056 1524 1164 1573 ros,
1207 1509 1317 1565 hwc
1357 1510 1591 1565 dicebam
1619 1512 1804 1567 vobis?
1831 1511 1898 1567 Et

296 1609 435 1648 nunc
469 1594 594 1663 quid
629 1595 856 1651 detineat
885 1598 1030 1653 scitis
1062 1615 1079 1651 :
1106 1608 1160 1653 ut
1190 1600 1445 1654 reveletur
1471 1604 1522 1655 in
1554 1620 1649 1657 suo
1676 1611 1901 1673 tempore

298 1684 366 1754 (11
397 1685 573 1742 Thess.
605 1703 644 1751 ι,
677 1686 732 1754 5,
762 1688 841 1760 6).
877 1689 1049 1745 Tanta
1084 1690 1163 1746 vis
1200 1701 1288 1755 est
1315 1693 1518 1749 decreti
1557 1695 1675 1763 Dei,
1705 1704 1760 1751 et
1790 1705 1899 1751 tam

1991 484 2415 550 Demetriadem,
2444 486 2679 555 puellam
2704 484 2785 556 (ut
2808 484 2992 556 audio)
3014 501 3224 541 sacram
3248 497 3301 543 et
3323 497 3589 552 sanctam,

1992 577 2155 633 homo
2196 575 2689 632 vcrecundiSsimus
2730 577 2972 633 scribere
3012 593 3118 631 non
3147 576 3414 633 erubuisti
3451 595 3462 629 :
3494 577 3591 632 do-

1992 687 2143 741 cens,
2186 683 2238 727 ut
2280 673 2466 739 credo,
2511 674 2874 728 reverentiam
2919 673 3186 728 castitatis
3227 673 3329 727 sub
3369 674 3590 742 Stropha

1996 765 2201 836 Joseph
2235 766 2556 820 luxuriantis
2598 766 2833 821 domina:
2872 781 3004 831 sna‘,
3038 765 3128 819 ubi
3151 765 3357 831 dixisti,
3398 784 3415 817 ι
3448 763 3594 820 Con-

1999 868 2202 928 templa
2253 857 2570 930 frcquentur
2621 858 2837 914 domina
2875 900 2887 924 ,
2936 859 3217 929 propiores
3257 858 3596 915 adolescenti

1999 950 2171 1005 tendit
2213 949 2457 1016 insidias,
2488 960 2760 1006 secretum
2792 964 2855 1005 ac
2884 951 3004 1005 sine
3043 950 3272 1005 testibus
3301 966 3460 1003 manu
3494 947 3594 1002 im-

1996 1042 2211 1112 pudens
2240 1042 2600 1114 apprehendit
2634 1061 2645 1093 :
2688 1060 2707 1095 ι
2741 1038 3161 1114 inepportunatn
3191 1042 3471 1098 historiam
3502 1044 3600 1098 ob-

1998 1137 2321 1193 scenissimo
2342 1151 2599 1191 sermone
2619 1145 2919 1193 contexens
2946 1154 2960 1191 :
2981 1120 3306 1208 quamquam
3329 1136 3433 1193 hoc
3454 1138 3594 1209 quod

2003 1246 2182 1301 neque
2211 1239 2357 1300 apte,
2389 1246 2564 1301 neque
2593 1229 2793 1285 decore
2821 1230 3042 1301 dicitur,
3062 1231 3154 1285 tibi
3190 1229 3458 1302 imputare
3490 1247 3596 1286 non

2004 1323 2328 1387 debeamus,
2359 1323 2443 1379 cui
2473 1338 2649 1393 neque
2682 1322 2888 1378 natales
2913 1313 3206 1391 dederunt,
3238 1334 3295 1378 ut
3319 1323 3604 1379 honestio-

2002 1418 2158 1473 ribus
2191 1418 2385 1473 studiis
2414 1417 2732 1481 erndireris,
2766 1434 2941 1490 neque
2971 1419 3298 1495 naturaliter
3326 1420 3600 1491 provenit,

2002 1521 2063 1567 ut
2099 1526 2341 1581 saperes,
2382 1512 2477 1566 sed
2521 1511 2632 1565 illis
2666 1510 3026 1575 dictatoribus
3059 1513 3186 1579 tuis,
3220 1514 3309 1586 qui
3341 1514 3600 1577 miserum

2002 1617 2223 1659 sensum
2257 1586 2561 1658 miserrimo
2584 1590 2838 1659 seruiene
2864 1604 3234 1671 conscribunt,
3260 1618 3313 1661 et
3342 1617 3394 1662 te
3418 1607 3600 1679 legen-

2004 1693 2130 1749 dum
2159 1693 2440 1751 cachinnis
2471 1695 2624 1766 quasi
2669 1696 2880 1753 titulum
2929 1697 3269 1754 confusionis
3297 1712 3597 1770 exponunt.

301 1775 675 1835 irrevolubilis
703 1789 880 1852 status
928 1783 1348 1839 constitutorum
1382 1786 1436 1840 in
1459 1787 1568 1840 suis
1596 1787 1899 1858 quibusque
1932 1792 1977 1853 Β
2002 1786 2293 1869 Interhacc
2319 1804 2450 1858 ergo
2483 1786 2793 1856 huiusmodi
2824 1804 3042 1845 sensum
3074 1790 3127 1845 in
3150 1791 3342 1846 eadem
3366 1792 3601 1861 epistola

299 1867 482 1924 causis
509 1877 840 1941 temporum,
859 1882 917 1927 ut
942 1883 1169 1946 propter
1191 1876 1400 1932 electos
1423 1891 1551 1933 suos
1574 1877 1694 1933 dies
1716 1880 1901 1935 srcculi

298 1960 607 2017 abbreviari
634 1960 835 2019 dixerit
866 1964 1128 2022 Dominus
1150 1966 1334 2040 (Matt.
1361 1984 1509 2033 xxiv,
1533 1970 1652 2042 9:2),
1680 1986 1786 2026 non
1809 1988 1904 2027 au—

300 2051 430 2108 ferri
458 2071 471 2106 :
500 2063 557 2108 ut
580 2053 781 2111 iaceret
804 2065 1113 2127 temporum
1138 2069 1462 2115 statutorum
1492 2074 1589 2131 pro
1618 2063 1904 2133 majestate

302 2144 728 2216 plenitudinem,
768 2163 865 2215 pro
907 2150 1109 2217 pietate
1142 2150 1464 2208 brevitatem
1498 2170 1511 2206 :
1544 2154 1821 2225 simulque
1852 2166 1904 2212 et

308 2239 697 2310 eoinpendium
746 2239 1126 2297 misericordia
1186 2258 1446 2313 caperet,
1507 2257 1563 2300 et
1614 2263 1903 2321 numerum

305 2331 538 2389 mundus
568 2333 848 2401 impleret;
879 2346 926 2388 et
958 2346 1014 2389 tu
1045 2336 1147 2399 vis,
1176 2336 1287 2405 jam
1310 2337 1333 2391 ?
1354 2324 1630 2410 (ecce'ego
1656 2356 1777 2397 cum
1808 2331 1915 2396 (1οέ

304 2424 422 2481 lore
447 2425 838 2482 misericordia:
866 2426 1123 2499 loquor);
1156 2438 1232 2498 tu,
1268 2430 1511 2499 inquam,
1542 2432 1649 2498 vis,
1682 2447 1716 2487 ο
1741 2431 1905 2487 homo

306 2520 503 2575 similis
543 2521 670 2586 mei,
718 2531 775 2575 ut
810 2521 905 2575 tibi
948 2520 1199 2578 homines
1243 2523 1293 2577 in
1339 2523 1444 2579 hoc
1476 2526 1731 2594 praesenti
1767 2535 1904 2581 tem-

309 2628 465 2684 pore,
495 2614 639 2685 quod
684 2631 975 2686 numquam
1025 2624 1183 2672 antea
1216 2617 1421 2672 dictum
1468 2618 1520 2673 in
1563 2618 1731 2683 sacris
1757 2620 1907 2674 Vniu-

311 2705 550 2762 minihus
582 2706 887 2774 invenitur,
921 2723 1245 2779 quemquam
1276 2709 1395 2767 sine
1423 2719 1648 2777 peccato
1675 2695 1912 2789 essere-

310 2799 637 2869 Spondcaltt,
676 2810 731 2893 et
775 2796 915 2855 siin
959 2800 1063 2856 hoc
1104 2792 1244 2856 forte
1280 2804 1690 2876 consenserint,
1723 2804 1792 2860 de
1821 2805 1911 2861 die

312 2891 1074 2962 momentoque'subscribant
1106 2910 1118 2946 :
1155 2909 1348 2947 novam
1382 2893 1671 2950 calumnia:
1699 2896 1908 2950 mathi-

314 3001 442 3041 nam
474 2986 767 3056 instruens,
794 2998 853 3042 ut
878 2989 1020 3059 quod
1044 3000 1157 3045 non
1189 2991 1303 3044 ﬁeri
1329 2990 1585 3058 dicimus,
1617 3006 1722 3046 non
1752 3008 1911 3061 posse

315 3077 672 3135 ﬁeri‘dixisse
712 3080 1014 3143 videamur,
1049 3092 1101 3136 et
1139 3082 1191 3135 in
1224 3098 1332 3152 quo
1366 3083 1635 3153 praecipue
1675 3099 1912 3153 operati»

2006 1866 2290 1949 indigestis
2319 1878 2666 1933 sermonibus
2690 1881 2974 1951 eructasti,
3008 1899 3027 1931 ι
3064 1881 3205 1950 (ιιιοά
3238 1881 3484 1951 plerique
3508 1898 3607 1957 no-

2004 1977 2245 2025 strorum
2286 1970 2569 2034 dicerent,
2610 1971 2778 2026 Deum
2825 1972 3019 2027 malam
3064 1972 3374 2028 hominibus
3419 1974 3609 2027 condi-

2005 2063 2152 2133 disse
2193 2059 2464 2143 naturam.
2516 2086 2533 2117 ι
2574 2065 2727 2134 Quod
2760 2069 2922 2121 etiam
2961 2067 3051 2122 ille
3095 2067 3331 2123 Phinees
3363 2079 3487 2123 tuus
3517 2085 3606 2139 pc-

2006 2157 2268 2211 detentim
2316 2158 2473 2213 nobis
2520 2160 2743 2212 tentavit
2793 2158 3079 2215 intendere
3125 2179 3136 2212 :
3183 2161 3325 2216 unde
3370 2161 3608 2216 breviter

2004 2252 2239 2323 primum
2274 2253 2557 2320 proﬁteor,
2591 2252 2787 2307 deinde
2817 2252 3156 2322 respondeo:
3194 2256 3334 2308 Ante
3369 2254 3605 2308 tribunal

2006 2342 2208 2399 Christi
2260 2346 2313 2399 in
2355 2346 2579 2401 dextera
2644 2347 2785 2401 inter
2822 2361 2990 2417 agnos
3022 2347 3113 2401 Dei
3160 2362 3265 2403 non
3315 2347 3605 2418 sitdignns

2008 2437 2295 2502 assistere,
2329 2453 2428 2492 nec
2458 2448 2733 2495 mereatur
2761 2438 2951 2494 videre
2977 2439 3263 2493 Domimnn
3294 2439 3351 2494 in
3385 2440 3604 2510 regione

2010 2524 2281 2596 vivorum,
2322 2545 2423 2586 nec
2453 2530 2507 2585 in
2553 2530 2725 2600 gloria
2756 2531 3175 2586 resurrectionis
3206 2532 3315 2585 vita
3343 2530 3606 2593 Jesuma-

2011 2623 2289 2694 nifestcfur
2318 2622 2371 2675 in
2405 2622 2618 2677 mortali
2645 2638 2861 2693 corpore
2890 2626 3003 2695 ejus
3031 2621 3099 2692 (ll
3122 2620 3246 2676 Cor.
3277 2638 3349 2685 tv,
3380 2622 3491 2694 ii),
3521 2624 3611 2693 qui

2011 2712 2143 2768 dicit
2178 2713 2344 2769 Deum
2373 2714 2607 2784 aliquam
2642 2715 2835 2769 malam
2872 2715 2955 2769 vel
2982 2713 3218 2770 hominis
3243 2715 3325 2770 vel
3350 2716 3615 2786 cojusqne

2011 2808 2089 2862 rei
2136 2807 2448 2863 condidisse
2495 2820 2778 2876 naturam,
2821 2809 2905 2864 vel
2946 2808 3037 2879 qni
3075 2809 3302 2864 libermn
3345 2811 3396 2863 in
3430 2810 3613 2878 aliquo

2013 2902 2172 2969 tollit,
2207 2904 2490 2958 arbitrium
2525 2924 2537 2959 :
2571 2918 2693 2959 eum
2717 2905 2976 2975 scriptum
3006 2904 3199 2975 legerit
3226 2924 3237 2958 :
3265 2908 3440 2963 omnia
3467 2922 3610 2976 qutu-

2014 3012 2231 3067 cumque
2255 2997 2377 3064 fecit
2408 2995 2567 3062 Deus,
2597 2996 2733 3051 bona
2761 2995 2912 3050 ualde
2942 2995 3102 3068 (Gen.
3132 3013 3170 3063 ι,
3203 2998 3319 3065 51).
3358 2997 3426 3050 Et
3452 2996 3519 3051 de
3547 2997 3614 3051 li-

2004 3092 2149 3155 bero
2206 3090 2443 3146 hominis
2479 3090 2710 3145 arbitrio
2754 3090 3016 3159 scriptum
3062 3098 3143 3145 est
3190 3109 3201 3142 :
3248 3088 3619 3153 Deuscreavit

318 3179 424 3227 tem
468 3170 968 3243 ingdispositionem
1006 3190 1167 3246 quam
1212 3175 1411 3229 statuit
1454 3176 1909 3245 omnipotentiam
1938 3158 1985 3224 Ο
2017 3183 2274 3236 hominem
2312 3181 2814 3237 ine-xterminabilem
2855 3158 3013 3253 (Sap.
3056 3197 3114 3249 ιι,
3159 3182 3251 3250 25)
3277 3197 3289 3234 :
3316 3192 3363 3235 et
3407 3180 3618 3252 reliquit

313 3264 697 3334 praedicamus,
733 3284 799 3320 ne
842 3266 1190 3334 impatienter
1233 3265 1499 3322 infamare
1538 3267 1911 3343 impotentiam

312 3350 666 3427 iudicemur?
692 3358 925 3423 Vanum,
956 3360 1142 3428 qum‘so
1175 3344 1245 3424 te,
1281 3346 1525 3416 furorem
1551 3360 1751 3430 abjice,
1778 3368 1917 3431 'quo-

222 3471 245 3486 κ
317 3442 465 3505 niani
493 3448 592 3505 hoc
614 3450 789 3520 ipsum
823 3450 888 3506 ad
912 3464 1192 3520 peccatum
1221 3452 1458 3520 proﬁcit,
1481 3452 1550 3508 de
1572 3468 1681 3524 quo
1708 3454 1911 3508 abstes

316 3541 494 3612 gendo
517 3542 933 3611 possibilitatem
960 3545 1241 3614 temporis,
1265 3560 1372 3598 non
1392 3526 1744 3618 clementiam
1768 3546 1917 3619 judi-

323 3635 403 3690 cis
432 3630 722 3705 cogitasse.
754 3637 1029 3691 Hactenus
1067 3634 1135 3691 de
1169 3620 1409 3707 potentia
1441 3638 1559 3703 Dei,
1594 3650 1752 3708 quam
1781 3655 1920 3710 prm-

320 3725 568 3781 dicamus
612 3726 665 3782 et
702 3726 960 3798 colimus,
990 3739 1041 3783 et
1078 3728 1145 3783 de
1187 3730 1553 3799 praeﬁnitione
1586 3738 1931 3805 temporum,

324 3834 443 3890 quae
482 3819 903 3889 prol'un‘dissimo
943 3819 1115 3891 ipsius
1160 3831 1288 3876 sunt
1319 3830 1517 3876 statuta
1548 3822 1805 3888 consilio,
1838 3823 1920 3879 di-

326 3917 473 3971 xisse
496 3915 754 3979 snilﬁeiat,
779 3915 848 3970 de
869 3931 997 3985 qua,
1021 3917 1121 3970 etsi
1148 3915 1297 3987 plura
1321 3932 1438 3986 quin
1461 3925 1587 3971 sunt
1608 3926 1919 3972 sanctorum

328 4010 529 4080 scripta
559 3998 664 4065 non
696 4017 901 4078 essent,
933 4011 1242 4064 daemonum
1272 4009 1464 4065 saltem
1498 4011 1783 4083 responsio
1806 4012 1921 4066 sola

327 4099 624 4167 sufﬁceret,
645 4101 734 4171 qui
758 4091 972 4172 propria
995 4101 1235 4157 damnati
1260 4093 1597 4158 conseientia
1623 4103 1924 4159 vociferan-

329 4201 417 4249 tur
454 4195 520 4248 ad
561 4194 843 4249 Dominum
879 4213 890 4246 :
928 4194 1066 4261 Quid
1106 4195 1196 4250 tibi
1226 4204 1274 4250 et
1310 4196 1479 4259 nobis,
1518 4197 1599 4267 ﬁli
1628 4196 1757 4252 Dei?
1786 4199 1923 4264 Quid

327 4289 509 4345 venisti
530 4299 649 4367 ante
674 4302 871 4362 tempus
891 4289 1107 4361 perdere
1128 4306 1218 4343 nos
1239 4289 1457 4361 (Matth.
1486 4307 1601 4358 vui,
1630 4291 1757 4363 29)?
1778 4293 1924 4363 Quos

326 4395 450 4436 cum
481 4380 749 4452 intelligas
780 4380 847 4436 de
874 4380 1264 4437 constitutione
1286 4381 1470 4452 iudicii
1506 4393 1530 4419 ἰ
1559 4383 1922 4451 conﬁdentes,

2017 3293 2131 3331 eum
2159 3278 2213 3331 in
2242 3293 2397 3331 manu
2426 3277 2628 3331 consilii
2655 3276 2737 3331 sui
2762 3273 2958 3346 (Eccli.
2984 3290 3072 3344 xv,
3107 3274 3218 3344 14).
3238 3274 3396 3329 Ca-ce
3422 3284 3470 3327 et
3507 3290 3619 3328 ma-

2016 3368 2181 3439 ligne,
2218 3368 2376 3422 aliter
2406 3368 2553 3424 enim
2602 3366 2698 3422 tibi
2737 3366 2885 3438 loqui
2914 3382 3145 3437 nequeo,
3181 3382 3400 3425 sensum
3438 3366 3620 3423 Domi-

2020 3461 2155 3516 nicte
2199 3461 2567 3529 auctoritatis,
2602 3475 2818 3516 sensum
2862 3461 3097 3531 νιοβε-ἰαὶ
3138 3460 3461 3530 fragilitatis,
3491 3476 3616 3517 sen-

2017 3570 2138 3611 Sum
2176 3554 2480 3610 communis
2508 3553 2879 3624 intelligentia:
2907 3569 3012 3607 non
3045 3553 3292 3611 habenti.
3325 3552 3432 3607 Nos
3462 3561 3618 3608 natu-

2023 3660 2137 3701 ram
2180 3644 2414 3699 hominis
2459 3644 2728 3699 inﬁrmam
2776 3644 3013 3698 dicimus
3052 3658 3197 3711 esse,
3244 3658 3348 3697 non
3399 3642 3618 3701 malam.

2022 3735 2155 3791 Nam
2201 3736 2247 3791 si
2290 3735 2430 3790 mala
2471 3743 2636 3797 esset,
2684 3733 2881 3789 bonum
2923 3731 3146 3797 omnino
3188 3749 3298 3788 nou
3338 3742 3560 3803 caperet
3600 3747 3614 3786 :

2025 3844 2169 3903 nunc
2224 3843 2354 3895 vero
2402 3843 2521 3883 cum
2579 3825 2813 3895 genuino
2868 3825 3067 3881 aliectu
3124 3827 3477 3895 concupiscat
3530 3827 3622 3881 ho-

2024 3938 2177 3987 nttm,
2206 3923 2374 3994 619
2410 3930 2466 3976 et
2505 3920 2777 3974 adlmreat
2810 3919 2976 3985 bono,
3029 3921 3340 3992 malumque
3383 3924 3608 3987 omnino

2026 4014 2211 4085 fugiat,
2246 4013 2338 4067 ubi
2370 4012 2519 4069 in-ea
2550 3995 2687 4065 mala
2722 4012 2949 4066 dicenda
2983 4020 3068 4067 est
3106 4027 3228 4067 esse
3270 3996 3622 4070 substantia?

2028 4106 2291 4160 Dominus
2320 4106 2521 4161 clamat
2546 4122 2559 4157 ε
2594 4104 2825 4175 Spiritus
2848 4104 3063 4175 quidem.
3084 4114 3353 4177 promptus
3376 4120 3472 4189 est,
3502 4124 3623 4162 caro

2029 4210 2207 4257 autem
2247 4200 2457 4270 inﬁrma
2480 4197 2695 4269 (Matth.
2730 4213 2880 4262 xxvi,
2909 4196 3023 4267 43).
3054 4197 3267 4253 Clamat
3310 4199 3581 4261 Abraham
3610 4218 3620 4252 :
3680 4262 3687 4269 ο

2032 4293 2143 4365 Ego
2179 4299 2353 4345 autem
2395 4301 2535 4345 terra
2585 4300 2628 4343 et
2680 4290 2810 4343 cinis
2842 4288 2998 4360 (Gen.
3046 4305 3200 4354 ινιιι,
3246 4288 3363 4360 ‘27).
3416 4289 3625 4345 Clamat
3664 4350 3671 4357 _

2028 4385 2132 4441 Job
2162 4402 2176 4440 :
2211 4382 2385 4438 Homo
2433 4381 2675 4451 putredo,
2725 4390 2775 4434 et
2815 4381 2957 4449 ﬁlius
2997 4379 3225 4434 hominis
3266 4369 3622 4454 vermis'(Job.

328 4488 462 4545 cape
487 4475 854 4530 certissimum
880 4473 1050 4543 ipsius
1071 4484 1264 4528 contra
1291 4482 1343 4529 te
1364 4476 1697 4544 exemplum.
1726 4475 1780 4530 Si
1806 4476 1927 4531 illos
1958 4534 1983 4547 ,ρ
2032 4492 2170 4545 xxv,
2201 4475 2281 4546 6).
2311 4475 2521 4530 Clamat
2542 4472 2729 4528 Esaias
2760 4490 2771 4525 :
2807 4472 2851 4526 0
2880 4472 3033 4527 miser
3058 4488 3175 4542 ego,
3202 4472 3449 4542 quoniam
3482 4489 3622 4527 com-

330 4565 385 4623 in
408 4567 767 4639 oppressione
785 4567 993 4622 miserit
1022 4554 1268 4622 homines
1288 4567 1927 4643 comprehensos:618
1956 4549 2007 4610 ι)
2032 4577 2252 4643 punctus
2287 4583 2423 4632 sum,
2454 4564 2578 4636 quia
2608 4579 2723 4617 cum
2752 4564 2846 4616 sim
2888 4558 3064 4628 homo,
3099 4572 3147 4617 et
3190 4564 3457 4617 immunda
3489 4563 3627 4633 labia

330 4660 526 4716 ultimo
574 4669 700 4715 tunc
724 4660 928 4731 judicio
955 4659 1210 4731 intelligis
1237 4676 1357 4716 esse
1387 4661 1696 4717 damnatos.
1727 4664 1927 4732 Accipe

331 4760 387 4809 et
427 4761 482 4808 te
522 4752 697 4821 ipsum
742 4752 828 4807 hic
871 4751 1303 4822 imperturbabili
1332 4753 1360 4791 ι)
1390 4745 1775 4811 emendatione
1802 4771 1927 4826 pur-

331 4841 589 4916 gandum.
630 4845 724 4901 Sin
764 4854 968 4909 autem,
1000 4854 1055 4899 ut
1086 4844 1307 4915 legitur,
1336 4846 1590 4914 patientia
1623 4847 1723 4901 Dei
1752 4847 1931 4902 adhuc

333 4937 442 5018 illis
470 4938 697 4994 liberum
739 4936 983 5009 indulget
1008 4937 1290 4994 arbitrium
1325 4958 1336 4991 :
1370 4940 1552 4996 adhuc
1587 4950 1640 4997 et
1682 4952 1732 4995 te
1769 4941 1931 4997 crede

332 5031 673 5088 tentandum.

405 5125 499 5183 29.
532 5125 685 5181 Nunc
727 5126 794 5181 ad
838 5127 996 5181 aliam
1029 5124 1259 5182 strictim
1303 5136 1526 5183 transeo
1551 5125 1933 5199 qutestionem,

333 5234 495 5292 quam
514 5232 567 5275 tu
587 5219 849 5275 adversus
864 5235 1056 5275 omnes
1079 5219 1382 5277 catholicos
1397 5220 1614 5275 vibrare
1633 5212 1832 5290 saepius
1849 5218 1933 5272 di-

337 5311 645 5370 ceris.Nam
664 5314 825 5369 etiam
848 5314 899 5366 in
919 5312 1146 5383 epistola
1162 5321 1248 5367 tua
1266 5312 1356 5367 illa
1374 5312 1807 5369 illCUbl'aliS‘aima
1823 5310 1940 5367 ha-e
1994 5292 1997 5301 ¹

413 5513 438 5539 ³*
471 5499 1085 5574 Conﬁtentes.....m_iseri
1126 5498 1369 5574 hominis.
1414 5494 1488 5574 l_ta
1534 5492 1937 5574 rescripsimus,

340 5560 618 5645 praeeunte
642 5571 916 5645 Cotelcrio
950 5571 1002 5623 in
1031 5569 1280 5645 Monum._
1309 5567 1516 5620 Ecclus.
1549 5563 1645 5645 Gr.
1682 5560 1813 5645 tom:
1845 5560 1935 5642 i|l_,

338 5633 398 5715 ii.
436 5645 561 5700 5‘26.
594 5643 735 5698 Editi
778 5656 1061 5711 perperam
1092 5636 1744 5715 conﬁdentes.....miserit
1778 5633 1937 5715 homi-

341 5703 454 5771 nes.
500 5717 725 5770 i’rava’m
781 5703 1041 5781 praeterea
1091 5703 1943 5783 interpellationememendavi:

345 5801 486 5844 mus.
519 5788 607 5840 Sic
650 5778 795 5841 enini
838 5794 1021 5849 antea,
1057 5783 1115 5835 Si
1160 5781 1281 5834 illos
1310 5780 1362 5833 in
1389 5778 1723 5847 oporcssione
1751 5778 1946 5827 miserit

2030 4660 2269 4726 habeam,
2301 4658 2356 4710 in
2406 4656 2571 4713 medio
2602 4669 2803 4726 quoque
2844 4652 3024 4726 populi
3064 4653 3338 4707 irinuuitda
3368 4654 3503 4707 labia
3532 4653 3627 4707 ha-
3658 4716 3683 4725 ιι

2034 4753 2194 4808 bentis
2223 4752 2401 4805 habito
2422 4748 2583 4822 (Isai.
2619 4762 2695 4812 γι,
2728 4746 2805 4817 5)1
2840 4744 3052 4825 Clamat
3081 4744 3385 4819 Hieremias
3413 4747 3630 4800 :Anima

2031 4848 2085 4901 in
2130 4844 2407 4914 angustiis,
2436 4850 2483 4896 et
2522 4842 2736 4913 spiritus
2776 4840 2966 4893 anxius
3007 4839 3198 4897 clamat
3230 4840 3297 4893 ad
3336 4847 3434 4892 te:
3470 4838 3626 4905 Vide,
3666 4902 3673 4907 .

2036 4936 2280 4999 Domine,
2313 4944 2362 4990 et
2403 4934 2642 4988 miserere
2666 4929 2916 5001 (Baruch.
2950 4945 3033 4995 ιιι,
3064 4929 3224 5003 με).
3250 4928 3461 4984 Clamat
3492 4931 3635 4985 Aha-

2035 5045 2134 5087 cuc
2168 5050 2179 5084 :
2210 5028 2501 5094 Custodivi,
2531 5035 2577 5080 et
2606 5025 2812 5095 expavit
2842 5033 3015 5077 venter
3042 5039 3207 5087 meus,
3237 5040 3268 5076 a
3290 5040 3412 5079 voce
3433 5026 3633 5078 oratio-

2037 5141 2163 5180 num
2186 5125 2323 5179 intra
2369 5136 2452 5175 me
2492 5118 2698 5173 turbata
2744 5127 2819 5172 est
2863 5114 3114 5170 habitudo
3144 5132 3256 5170 mea
3284 5116 3453 5189 (Hab.
3488 5132 3571 5182 ιιι,
3605 5117 3629 5171 1

2038 5234 2141 5275 sec.
2177 5213 2371 5286 LXX).
2400 5210 2613 5268 Clamat
2650 5209 2820 5265 David
2858 5227 2869 5261 :
2906 5208 3117 5263 Exaudi
3165 5226 3246 5265 me
3275 5212 3329 5264 in
3366 5219 3458 5263 tua
3476 5210 3639 5280 justi-
3692 5272 3701 5287 ι

2044 5312 2139 5377 tia,
2167 5319 2214 5365 et
2244 5324 2349 5363 non
2379 5309 2541 5362 intres
2573 5304 2626 5358 in
2650 5302 2910 5374 judicium
2937 5319 3050 5358 cum
3073 5319 3219 5359 servo
3246 5314 3356 5369 tuo,
3388 5301 3509 5372 quia
3536 5294 3641 5356 non

2047 5486 2280 5542 homines
2310 5484 2704 5557 comprehensos
2737 5500 2755 5541 :
2785 5485 2971 5541 ultimo
3002 5496 3121 5549 tunc
3140 5481 3344 5553 judicio
3374 5480 3646 5551 intelligis.

2048 5575 2157 5613 esse
2183 5556 2477 5633 damnatos.
2509 5556 2857 5633 Acci_pe,_et_c.
2904 5557 3197 5633 GALLANo.
3264 5620 3277 5633 .
3362 5623 3374 5633 .
3542 5623 3552 5633 _
3700 5614 3705 5619 ἢ

2124 5634 2148 5666 ι’
2182 5627 2586 5681 Emundatione.
2625 5627 2699 5681 Ita
2728 5628 3002 5694 Sehnttns,
3038 5632 3201 5694 atque
3234 5623 3312 5675 sic
3348 5623 3649 5691 legendum

2052 5700 2244 5753 suadet
2270 5714 2374 5752 vox
2424 5714 2660 5765 sequens
2690 5698 3041 5769 purgandum.
3078 5698 3436 5762 llavercamp.
3470 5703 3649 5748 tamen

2052 5770 2241 5825 maluit
2270 5769 2647 5824 emendatione.
2676 5770 2950 5825 GALLAND.
