4110 6168
565 232 589 306 Ι
608 245 705 304 I99
1978 232 2184 294 PAULI
2222 232 2448 300 OROSII
3678 235 3788 297 ιιιιι

454 402 459 411 .
551 355 939 432 justi/imbitur
985 352 1038 407 in
1088 360 1371 423 conspectu
1412 357 1497 405 tuo
1545 349 1713 405 omnis
1763 348 1933 404 vivens
1973 347 2168 421 (Psal.
2200 351 2249 413 Α
2277 347 2446 403 salvos
2488 348 2627 417 ﬁeri,
2659 346 2791 400 sicut
2838 353 2887 399 et
2935 344 3015 400 illi
3058 339 3198 417 (Act.
3240 351 3343 413 xv,
3388 336 3605 417 10,“).
3643 348 3798 408 l‘etrns

563 466 752 516 cxun,
788 449 840 513 1,
869 447 953 518 2).
983 445 1230 502 Clamant
1260 457 1450 499 omnes
1478 441 1711 513 apostoli
1746 440 2076 495 infirmitatis
2104 440 2167 494 ti-
2274 440 2554 510 apostolus
2573 436 2739 493 dicit:
2765 436 2890 507 quia
2920 436 3015 492 ille
3040 452 3167 492 vere
3196 435 3360 491 Deum
3378 445 3559 502 tentet,
3581 441 3657 505 qui
3681 459 3799 495 lltlltc

528 558 533 564 '
563 557 717 600 utare
762 538 963 596 turbati
996 555 1010 591 :
1045 536 1284 604 Domine,
1319 534 1481 589 libera
1532 551 1649 600 nos,
1683 533 1910 606 perimus
1946 531 2166 603 (Matth.
2273 529 2480 583 homini
2506 541 2644 581 ()lttlS
2670 526 2804 596 legis
2834 527 3086 580 moliatur
3116 524 3395 596 imponere
3420 545 3433 579 ς
3460 540 3628 582 contra
3651 540 3800 589 autem

564 649 683 701 vnt,
733 630 850 701 25).
896 629 1109 684 Clamat
1137 628 1378 683 Joannes
1417 644 1428 677 :
1469 626 1530 680 Si
1578 624 1870 679 dixerimus
1921 623 2167 693 quoniam
2273 630 2327 674 tu
2358 618 2553 689 objicis
2583 628 2641 675 et
2666 618 2913 688 minaris,
2944 618 3088 688 quod
3119 619 3211 675 ille
3238 619 3546 674 criminetur
3569 621 3802 689 iniustitia:

562 733 836 796 peccatum
865 738 969 777 non
999 721 1268 785 habemus,
1298 718 1401 790 ipsi
1438 734 1531 772 nos
1557 717 1871 784 seducimus,
1905 726 1952 770 et
1980 715 2168 770 ueritas
2270 712 2464 778 Deutn,
2496 711 2584 782 qui
2610 726 2707 782 per
2728 710 3129 766 confessionem
3159 711 3390 782 propria:
3417 712 3800 782 inﬁrmitatis,ad

558 819 615 872 in
643 814 792 872 nobis
823 830 927 870 non
968 823 1041 868 est
1072 810 1114 882 (Ι
1135 810 1296 866 Joan.
1342 811 1394 874 1,
1425 812 1504 872 8).
1537 809 1753 864 Clamat
1782 807 2018 865 Jacobus
2053 826 2066 862 :
2099 808 2166 863 In
2269 803 2495 875 gratiam
2528 803 2754 872 spiritus
2805 817 2835 856 a
2865 801 3050 857 littera
3095 802 3377 858 occidente
3420 803 3685 874 confugiat.
3724 806 3802 862 Sa-

560 909 739 964 multis
762 908 902 962 enim
944 905 1257 974 offendimus
1288 919 1466 957 omnes
1509 900 1720 972 (Jacob,
1749 901 2167 971 tn,‘2).Clam3t
2269 896 2436 964 muel,
2489 895 2690 960 Helias,
2749 894 3036 962 Helismus,
3101 894 3307 971 Esaias,
3370 894 3666 964 Hieremias,
3719 897 3802 952 Da-

562 1001 803 1057 Paulus:
838 1000 1043 1071 Infelix
1071 1014 1163 1068 ego
1201 996 1357 1052 Itonia
1379 1039 1393 1065 ,
1423 996 1537 1067 quis
1570 1012 1649 1049 me
1680 994 1921 1050 liberabit
1957 996 2022 1049 (lc
2051 1013 2166 1050 εον·
2269 987 2412 1053 nicl.
2472 987 2798 1055 Zacharias,
2854 1001 3046 1041 omnes
3101 986 3309 1056 sancti,
3363 988 3445 1043 vel
3487 986 3700 1056 iudices,
3738 990 3805 1045 ref

559 1108 686 1163 pore
708 1092 891 1147 mortis
916 1086 1319 1163 hujus?Gratia
1345 1088 1444 1142 Dei
1464 1103 1556 1159 per
1575 1085 1757 1141 Jesum
1774 1082 2035 1142 Christum
2056 1084 2167 1140 Do-
2269 1093 2456 1149 rcges,
2516 1077 2606 1133 vel
2665 1076 2948 1148 propheta:
2978 1117 2992 1141 ,
3035 1085 3220 1148 patres
3286 1077 3405 1133 sine
3454 1076 3611 1133 dubio
3665 1081 3801 1134 nostri

557 1185 758 1238 minuat
788 1180 1233 1252 nostrummom.
1265 1177 1618 1248 “1,24,25).
1649 1178 1715 1232 Et
1746 1187 1804 1257 ut
1830 1176 2166 1248 generaliter
2265 1180 2425 1236 sunt,
2469 1179 2528 1226 et
2591 1170 2865 1225 neminem
2934 1178 3151 1238 patrum
3200 1168 3392 1224 Petrus
3451 1169 3679 1233 affirmat,
3728 1171 3803 1226 sed

560 1278 949 1332 universorum
976 1274 1179 1331 clamet
1205 1270 1521 1337 infirmitas,
1554 1273 1753 1327 clamat
1776 1271 2015 1341 Spiritus
2039 1286 2167 1326 san-
2264 1264 2426 1337 621
2474 1279 2648 1335 neque
2706 1263 3079 1332 semetipsos;
3110 1262 3213 1318 hoc
3241 1273 3346 1328 est,
3389 1265 3665 1333 apostolos,
3706 1277 3804 1318 cum

556 1380 680 1425 etus
710 1368 767 1423 in
801 1367 1007 1425 sanctis
1038 1385 1049 1421 :
1088 1366 1270 1421 Omnis
1301 1380 1422 1419 cura
1455 1366 1629 1435 fenum
1661 1373 1709 1418 et
1735 1362 1905 1437 gloria
1934 1362 2163 1418 hominis
2264 1354 2824 1421 essentJudwi,onus
2855 1344 2989 1424 legis
3013 1353 3155 1409 ferre
3182 1354 3439 1423 potuisse,
3464 1352 3557 1437 sed
3580 1353 3667 1409 fide
3684 1350 3804 1409 Chri-

555 1462 688 1515 sicnt
709 1462 807 1530 ﬂos
834 1458 965 1531 ferri.
996 1455 1203 1511 Fenum
1238 1456 1404 1523 aruit,
1432 1434 1532 1525 [ias
1563 1434 1753 1509 decidit
1782 1471 1800 1509 :
1834 1454 2044 1511 verbum
2068 1472 2165 1509 au-
2262 1449 2333 1505 sti
2355 1449 2652 1506 secundum
2683 1463 2836 1520 spem
2858 1447 3046 1519 gratia:
3075 1445 3249 1502 fuisse
3278 1434 3531 1519 salvatus.

557 1564 661 1607 tem
690 1549 907 1605 Domini
940 1557 1110 1604 manet
1144 1548 1197 1602 in
1227 1556 1485 1603 teter-num
1512 1545 1669 1615 (Isai.
1705 1562 1780 1613 ιιι,
1810 1544 1959 1617 6-8).
2335 1543 2425 1598 51.
2456 1542 2538 1597 An
2570 1540 2708 1596 forte
2731 1540 3033 1597 sccundmn
3064 1549 3116 1595 te
3139 1553 3334 1595 onmes
3359 1538 3447 1594 isti
3481 1539 3637 1594 sancti
3663 1548 3803 1610 ιιιιιιε

625 1642 727 1698 '50.
760 1640 960 1696 Contra
991 1639 1090 1695 has
1125 1649 1232 1693 tam
1260 1638 1596 1716 Splendiilas,
1623 1637 2059 1709 perspicuasque
2079 1636 2163 1692 di-
2268 1635 2713 1705 Dciadjutorium
2744 1648 2851 1689 non
2884 1632 3194 1688 habebant?
3224 1633 3367 1687 Ecce
3393 1631 3580 1687 Petrus
3608 1633 3805 1701 increpat

557 1737 808 1791 vinorum
854 1734 1030 1789 nubes
1072 1733 1536 1799 testimoniorum,
1576 1731 1767 1786 audiat
1794 1730 2054 1787 laborans
2104 1731 2159 1787 in
2190 1731 2238 1793 B
2265 1729 2413 1793 illos,
2449 1727 2538 1797 qui
2569 1742 2739 1796 grave
2763 1724 2951 1796 jngnm
2984 1724 3133 1780 collo
3172 1723 3497 1779 discentium
3540 1739 3716 1793 ponere
3739 1739 3805 1776 ro-

552 1831 758 1901 gemitu
789 1844 891 1884 suo
929 1827 1163 1883 mundus
1208 1826 1499 1881 universus
1534 1824 1816 1894 Pelagium
1852 1824 2159 1883 reclaman-
2264 1822 2536 1903 nabantur
2565 1838 2579 1875 :
2615 1834 2670 1877 tu
2699 1821 3012 1878 ccontrario
3042 1820 3095 1874 in
3145 1818 3463 1874 Seandalum
3502 1817 3631 1872 Petri
3668 1818 3805 1872 incre-

554 1930 663 1976 tem
696 1939 707 1973 :
738 1928 903 1989 atque
956 1917 1149 1973 humili
1201 1917 1424 1972 veritati
1483 1931 1592 1969 non
1641 1915 1823 1970 Solum
1866 1915 2176 1974 verborum.
2263 1932 2358 1987 pas
2389 1930 2518 1982 eos,
2551 1914 2641 1985 qui
2689 1912 2759 1968 ad
2799 1912 3015 1969 ﬁdelem
3056 1911 3156 1968 Dei
3204 1909 3806 1968 misericordiamconfu-

548 2010 922 2082 impudentia,
961 2009 1060 2065 sed
1099 2008 1263 2065 etiam
1303 2007 1614 2064 cauteribus
1657 2007 2029 2063 resistentem.
2066 2009 2159 2061 Ait
2258 2011 2415 2080 giunt
2445 2026 2456 2062 :
2491 2017 2547 2063 et
2573 2022 2635 2063 se
2676 2022 2772 2076 per
2822 2005 3149 2076 semctipsos
3188 2018 3331 2060 onus
3373 2004 3504 2074 legis
3547 2005 3674 2058 ferre
3700 2003 3806 2057 ιιιιιιη

550 2105 697 2159 enim
731 2103 784 2158 in
809 2101 1066 2173 epistola,
1100 2115 1473 2172 quamsupra
1510 2098 1912 2153 nominavimus
1945 2117 1956 2151 :
1992 2116 2011 2149 ι
2051 2097 2157 2153 Ve-
2257 2100 2413 2156 dunt.
2442 2098 2549 2156 Sed
2577 2098 2671 2154 tibi
2697 2097 2953 2168 specialis
2983 2096 3109 2152 inde
3132 2095 3388 2167 portandi
3419 2095 3594 2151 oneris
3623 2095 3805 2163 fortasse

548 2211 674 2252 rum
705 2194 1023 2250 ccontrario
1054 2193 1291 2249 remisso
1322 2204 1387 2247 ac
1419 2189 1707 2246 fastidioso
1737 2190 1924 2245 animo
1959 2204 2024 2246 ac
2060 2205 2157 2246 ne-
2259 2192 2455 2248 ﬁducia
2502 2198 2607 2256 est,
2657 2188 2803 2260 quod
2856 2187 3068 2244 balneis
3118 2189 3412 2259 epulisque
3452 2188 3666 2243 nutritus
3699 2188 3805 2242 latos

547 2304 711 2360 quam
761 2303 858 2342 ore
919 2300 1018 2342 nos
1073 2284 1308 2340 Domino
1356 2283 1719 2339 reclamamus
1754 2291 1830 2338 et
1876 2281 2152 2338 dicimus:
2258 2292 2519 2339 numeros
2565 2292 2748 2354 gestas
2788 2281 3177 2351 robusmmque
3213 2280 3488 2336 cervicem
3524 2279 3807 2350 :prtcfcrcns

548 2383 756 2436 Durum
780 2391 885 2448 est,
914 2378 1143 2434 ardnmn
1169 2388 1274 2443 εει,
1308 2393 1413 2431 non
1441 2372 1757 2447 possumus,
1782 2374 2035 2431 [nomines
2062 2391 2154 2431 su-
2255 2377 2418 2433 etiam
2453 2377 2505 2430 in
2548 2376 2728 2432 fronte
2771 2374 3193 2446 pinguedinem,
3233 2375 3384 2430 sicut
3437 2376 3678 2445 scriptum
3704 2382 3801 2428 est:

546 2486 691 2538 mus,
726 2469 906 2541 fragili
952 2483 1117 2525 carne
1166 2466 1594 2523 circumdamur.
1630 2465 1721 2532 Et,
1754 2482 1788 2520 ο
1837 2481 2038 2522 crocum
2072 2467 2151 2521 in-
2252 2468 2490 2524 Teteudit
2523 2470 2659 2523 enim
2683 2468 2932 2523 adversus
2964 2467 3131 2535 Deum
3164 2484 3382 2522 manum
3416 2486 3509 2523 sua
3529 2486 3557 2521 a
3592 2481 3634 2522 et
3664 2477 3806 2521 contra

544 2566 794 2622 saniam!
849 2570 936 2630 et,
1000 2578 1033 2616 ο
1105 2561 1387 2632 profanam
1456 2560 1854 2616 temeritatem!
1917 2560 2152 2630 duplicis
2253 2546 2653 2630 omnipotentem
2693 2560 2968 2616 roboratus
2998 2571 3095 2616 est.
3140 2561 3389 2618 Cucurrit
3434 2562 3681 2617 adversum
3717 2575 3805 2615 eam

542 2657 868 2729 ignorantia:
895 2659 1223 2711 accusamus"
1249 2655 1499 2711 scientiae
1530 2655 1817 2709 Dominum
1852 2673 1863 2707 :
1899 2663 1959 2709 ut
1985 2654 2152 2726 620
2251 2664 2420 2709 erecto
2442 2655 2597 2721 collo,
2631 2664 2677 2707 et
2706 2654 2893 2726 pingui
2912 2655 3107 2710 cervice
3131 2664 3370 2710 armatus
3408 2668 3502 2711 est.
3531 2654 3720 2726 Operuit
3739 2659 3805 2724 [a-

542 2751 792 2807 videatnr
814 2749 1050 2811 nescire,
1086 2746 1228 2817 quod
1248 2745 1663 2815 fecit:nescire,
1694 2748 1840 2816 quod
1866 2745 2051 2815 jussit.
2083 2748 2152 2801 Et
2251 2747 2379 2802 ciem
2398 2748 2514 2819 ejus
2528 2746 2842 2813 crassitudo,
2868 2758 2914 2801 et
2945 2746 3009 2801 de
3035 2745 3284 2802 lateribus
3319 2750 3431 2820 ejus
3460 2750 3630 2802 arvina
3655 2746 3825 2818 deptu-'

543 2843 698 2911 quasi
730 2840 942 2894 oblitus
966 2837 1277 2909 fragilitatis
1310 2837 1583 2903 humanm,
1615 2836 1771 2907 cujus
1811 2847 2005 2892 auctor
2032 2833 2167 2908 ipse.
2251 2839 2334 2893 det
2364 2837 2518 2912 (Job.
2545 2855 2637 2905 xv,
2663 2838 2879 2909 25-227).
2924 2839 2996 2895 At
3043 2839 3118 2893 illi
3149 2838 3288 2895 tales
3317 2855 3440 2896 esse
3470 2855 3570 2895 non
3601 2847 3803 2910 possunt,

543 2943 650 3001 est,
706 2930 1039 3002 imposuerit
1082 2928 1290 2984 homini
1336 2928 1483 3007 quod
1535 2927 1682 2984 ferre
1736 2942 1842 2983 non
1897 2928 2087 2998 possit.
2124 2947 2143 2981 ι
2251 2929 2451 3002 quibus
2477 2944 2697 3001 semper
2736 2931 2792 2986 in
2831 2932 3001 2986 corde
3032 2930 3274 3002 loquitur
3306 2930 3593 2988 Christus:
3624 2929 3804 2985 Conten-

542 3025 684 3094 Quid
737 3040 872 3097 rogo
916 3024 1020 3080 hae
1063 3023 1490 3094 praesumptione
1540 3022 1799 3079 feralius?
1847 3023 1988 3093 Quid
2047 3023 2149 3081 bac
2252 3023 2359 3078 dite
2388 3008 2778 3095 perangustum
2821 3023 2958 3077 riam
3002 3024 3216 3078 introire
3250 3039 3268 3078 :
3300 3025 3413 3080 lata
3444 3035 3516 3082 est
3542 3025 3803 3092 cnim,que

540 3116 919 3189 increpatione
976 3116 1331 3185 perversius?
1374 3115 1691 3186 Exprobras
1747 3115 2010 3174 Ecclesia:
2055 3100 2215 3174 (ιιι-Ο
2248 3115 2389 3170 ducit
2435 3115 2505 3169 ad
2530 3124 2742 3170 mortem
2769 3112 2987 3185 (Matth.
3015 3130 3113 3183 vlt,
3149 3118 3248 3184 15;
3275 3115 3409 3173 Luc.
3458 3133 3569 3184 xm,
3614 3115 3714 3188 ει).
3751 3116 3802 3170 Et

537 3210 779 3276 tltolietc,
802 3209 960 3279 cujus
991 3223 1096 3263 nos
1123 3208 1331 3264 viscera
1355 3222 1568 3272 sumus,
1600 3207 1929 3279 quod-quasi
1961 3210 2145 3268 dicere
2249 3210 2449 3265 Paulus
2478 3209 2758 3279 apostolus
2786 3218 2973 3266 monet
3004 3231 3016 3263 :
3052 3210 3243 3266 Curam
3271 3213 3452 3267 carnis
3475 3229 3535 3267 ne
3554 3208 3747 3282 feceritis
3763 3208 3803 3262 in

540 3302 884 3373 desperando
922 3303 1193 3371 videatur,
1239 3302 1386 3373 quod
1430 3303 1595 3367 Deus,
1648 3312 1841 3359 auctor
1880 3302 2141 3373 hominis,
2247 3301 2672 3372 concupiscentiis
2699 3300 2877 3371 (liam.
2909 3317 3028 3370 xm,
3056 3302 3169 3376 lt).
3192 3301 3287 3359 Est
3310 3305 3366 3359 in
3389 3321 3468 3358 me
3492 3300 3801 3358 t-eritasCltri-

543 3396 871 3464 imposuerit
915 3394 1144 3465 homini,
1187 3395 1335 3466 quod
1376 3393 1531 3451 ferre
1582 3410 1692 3451 non
1739 3398 1911 3466 possit
1943 3415 1954 3449 ε
1986 3399 2145 3468 cujus
2244 3395 2313 3449 sti
2343 3394 2412 3467 (11
2440 3394 2560 3450 Cor.
2595 3410 2672 3463 ιιι,
2700 3394 2798 3462 10;
2832 3395 2986 3450 Rom.
3018 3412 3101 3467 tx,
3138 3399 3192 3466 l,
3225 3399 3325 3470 2),
3355 3401 3481 3471 quia
3504 3399 3705 3455 multum
3728 3395 3803 3451 do-

538 3498 721 3545 tamen
752 3488 1076 3559 fidelissima
1097 3499 1182 3545 est
1209 3500 1265 3545 et
1294 3505 1391 3545 ore
1416 3499 1472 3545 et
1505 3488 1814 3546 humilitate
1839 3491 2139 3562 professio:
2247 3490 2332 3544 leo
2377 3504 2478 3563 pro
2505 3489 2680 3544 vobis.
2729 3489 2894 3545 Juxta
2940 3492 3271 3547 sententiam
3307 3494 3458 3549 enim
3501 3494 3633 3549 beati
3666 3489 3800 3562 patris

538 3583 712 3640 Deum
744 3591 801 3640 et
831 3584 1008 3655 primo
1035 3584 1218 3640 omnia
1248 3585 1529 3656 possibilia
1564 3588 1912 3659 prrccepissc,
1953 3600 2010 3644 et
2047 3606 2142 3647 ne-

2247 3581 2356 3637 mei
2388 3580 2705 3651 Augustini,
2761 3600 2780 3634 (
2803 3581 2922 3638 Non
2953 3590 3039 3638 est
3064 3583 3181 3639 sani
3216 3585 3435 3652 fiducia,
3468 3586 3560 3641 sed
3584 3584 3753 3641 insani.
3781 3599 3795 3632 ι

540 3678 932 3761 mine'tamcn
989 3677 1266 3755 possibilia
1327 3679 1662 3749 complente,
1726 3691 1951 3751 propter
1997 3682 2141 3755 quod

2247 3673 2322 3729 De
2352 3687 2463 3727 uno
2496 3683 2769 3744 prmcepto
2798 3673 3104 3745 eodemque
3134 3675 3337 3745 primo,
3393 3686 3467 3745 te,
3493 3677 3537 3733 si
3573 3674 3795 3748 dignaris,

538 3768 789 3826 subditus
810 3770 883 3826 sit
902 3767 1082 3824 omnis
1105 3769 1341 3824 mundus
1364 3770 1503 3840 Deo,
1531 3781 1721 3839 postea
1757 3771 1967 3841 pondus
1997 3789 2139 3844 przc-
2241 3767 2543 3838 interrogo.
2579 3767 2635 3822 In
2670 3767 2793 3839 lege
2821 3767 3085 3824 Dominus
3108 3783 3208 3840 per
3230 3769 3460 3843 Moysen
3493 3772 3655 3842 jubet,
3683 3766 3795 3838 quod

540 3863 685 3932 cepti
727 3861 1023 3917 substituto
1051 3860 1242 3931 gratiae
1282 3859 1617 3932 indolgentia
1662 3862 2001 3920 sublevasse.
2035 3865 2139 3920 Ve-
2243 3869 2299 3916 et
2329 3862 2381 3914 in
2406 3858 2719 3930 Evangeliis
2746 3859 2997 3917 Christus
3017 3863 3252 3918 affirmat
3284 3880 3300 3918 :
3337 3862 3540 3936 Diliges
3562 3863 3799 3919 Domuum:

537 3963 841 4010 rumtamen
875 3964 956 4022 tu,
1005 3968 1166 4009 serve
1198 3969 1430 4024 nequam
1477 3965 1531 4009 et
1562 3954 1821 4027 maligne,
1859 3958 1953 4029 qui
1992 3958 2153 4027 quod-
2249 3952 2409 4007 Deum
2438 3961 2582 4007 tuum
2602 3969 2667 4007 ex
2697 3963 2804 4008 toto
2822 3954 2978 4008 corde
2999 3963 3110 4021 tuo,
3138 3965 3186 4009 et
3216 3971 3283 4010 ea:
3313 3966 3427 4012 tota
3464 3958 3628 4012 anima
3653 3963 3802 4022 tua,“

540 4048 640 4103 tibi
681 4047 937 4103 dominus
990 4056 1116 4102 tuus
1158 4047 1391 4113 remisit,
1436 4044 1732 4104 conservis'
1763 4050 1869 4105 tuis
1921 4052 2137 4110 conaris
2242 4059 2305 4097 ea:
2327 4044 2445 4098 totis
2471 4043 2662 4098 viribus
2693 4044 2793 4099 tuis
2821 4061 2839 4101 :
2867 4056 2914 4099 et
2936 4047 3221 4101 secundum
3250 4049 3423 4105 simile
3460 4050 3616 4105 huic:
3640 4049 3800 4119 Diliges

535 4140 757 4212 exigere
809 4135 1026 4210 (Matth.
1061 4152 1213 4205 xvnr,
1242 4137 1438 4208 29-39.)
1475 4157 1486 4190 :
1522 4149 1674 4196 tuum
1718 4141 1958 4210 primum
2008 4157 2139 4198 scn-
2241 4134 2691 4203 proaimumtuum
2715 4138 3213 4209 tamquamteipsum
3243 4138 3430 4209 (Deut.
3452 4158 3526 4208 vt,
3552 4144 3612 4207 5;
3644 4138 3795 4195 Matth.

534 4247 656 4289 sum
689 4229 951 4294 discutio,
989 4238 1044 4286 et
1090 4244 1270 4285 meum
1303 4239 1511 4299 postea,
1534 4231 1579 4285 si
1607 4231 1844 4299 videtur,
1877 4234 2132 4305 explano.

2240 4239 2353 4279 xxu
2372 4265 2386 4291 ,
2418 4226 2640 4295 57-59).
2673 4226 2827 4297 Rogo
2855 4238 2930 4295 te,
2958 4229 3235 4298 responde
3256 4246 3367 4286 non
3397 4233 3551 4300 mihi,
3574 4233 3659 4288 sed
3675 4233 3797 4286 Deo:

532 4322 620 4378 Tu
648 4322 739 4392 qui
769 4336 877 4377 non
909 4335 1074 4392 posse
1101 4318 1244 4376 ferre
1273 4335 1414 4376 onus
1457 4322 1591 4392 legis
1627 4321 1832 4385 dixisse
1865 4324 2135 4395 quosdam
2239 4333 2345 4372 non
2373 4333 2531 4384 voce,
2557 4318 2653 4375 sed
2677 4321 3042 4389 conscientia,
3072 4322 3119 4377 si
3152 4323 3225 4378 ita
3245 4339 3315 4380 ex
3341 4335 3461 4381 toto
3484 4327 3639 4383 corde
3661 4326 3797 4380 Deum

533 4415 742 4485 arguis,
783 4427 914 4482 ergo
945 4420 1004 4466 tu
1049 4411 1229 4482 ipsum
1277 4410 1426 4467 ferre
1457 4426 1618 4481 posse
1655 4412 1923 4486 conﬁdis?
1961 4414 2005 4470 Ο
2032 4415 2135 4471 mi-
2171 4415 2194 4490 θ’
2237 4408 2441 4482 diligis,
2475 4422 2537 4467 ut
2562 4412 2768 4468 nullam
2798 4428 3053 4485 umquam
3086 4416 3138 4471 in
3169 4431 3235 4473 eo
3263 4418 3670 4490 cogitationem,
3696 4431 3795 4489 qua:

532 4522 646 4574 ser,
670 4506 761 4578 qui
793 4503 1094 4561 secundum
1120 4504 1265 4575 quod
1296 4505 1561 4575 scriptum
1592 4514 1700 4572 est,
1723 4505 1862 4561 dicis
1890 4506 1943 4563 in
1967 4508 2135 4566 corde
2161 4489 2216 4551 Ῑ)
2238 4502 2447 4572 absque
2492 4502 2692 4560 timore
2732 4514 2788 4561 et
2810 4505 3105 4564 dilectione
3137 4508 3231 4564 Dei
3263 4489 3492 4583 intelligi
3524 4513 3699 4583 possit,
3722 4508 3797 4565 ad-

527 4609 626 4655 tuo
657 4617 668 4652 :
698 4597 852 4653 Dives
877 4613 993 4652 sum
1023 4604 1073 4651 et
1101 4595 1320 4664 ditatus,
1349 4604 1400 4650 et
1428 4596 1628 4651 nullius
1662 4597 1741 4650 rei
1770 4612 1915 4670 egeo,
1960 4608 2007 4652 et
2038 4616 2132 4655 ne-
2242 4596 2428 4652 mittas
2459 4615 2471 4652 :
2503 4598 2548 4653 si
2575 4598 2647 4653 ita
2688 4597 2743 4654 in
2784 4608 2897 4655 tota
2949 4601 3129 4671 anima
3169 4605 3456 4675 sequeris,
3490 4616 3547 4660 ut
3579 4612 3793 4673 suscepta

528 4691 633 4746 scis
649 4691 774 4761 quia
800 4698 859 4743 tu
878 4704 931 4744 es
950 4689 1106 4742 miser
1133 4697 1181 4742 et
1214 4686 1527 4743 miserabilis
1565 4697 1612 4741 et
1638 4704 1857 4760 panper,
1888 4701 1938 4745 et
1967 4707 2132 4750 ccecus
2237 4689 2404 4745 semel
2436 4704 2599 4747 cruce
2626 4692 2680 4746 in
2707 4692 2912 4747 nullam
2944 4694 3156 4764 penitus
3178 4695 3602 4753 oblectationem
3632 4696 3795 4753 habitat

526 4792 577 4837 et
606 4785 776 4838 nudus
805 4781 997 4853 (Apoc.
1025 4795 1108 4846 ιιι,
1141 4779 1256 4850 17).
1301 4778 1576 4851 Numquid
1602 4780 1671 4835 ad
1715 4791 1766 4837 te
1796 4781 2011 4841 locutus
2045 4797 2129 4843 est
2236 4781 2305 4836 ad
2336 4790 2548 4853 tempus
2573 4782 2930 4853 jucunditatis
2955 4783 3217 4841 succedas
3251 4803 3264 4839 :
3296 4788 3342 4842 si
3376 4789 3455 4844 ita
3493 4789 3550 4845 in
3592 4787 3707 4844 totis
3729 4786 3793 4840 vi-

525 4872 818 4929 Christus:
848 4875 1013 4927 Amen
1051 4872 1167 4927 dico
1198 4872 1316 4940 tibi,
1354 4889 1459 4927 non
1504 4872 1597 4927 tibi
1637 4875 1879 4929 reuelauit
1924 4894 2048 4932 caro
2078 4889 2128 4934 et
2234 4874 2481 4930 sceribus
2512 4875 2619 4930 tuis
2658 4876 2845 4934 calore
2888 4876 3171 4932 charitatis
3195 4878 3379 4948 ardes,
3407 4890 3468 4938 ut
3496 4881 3639 4937 nulla
3666 4876 3794 4951 peni-

525 4966 759 5036 sanguis,
790 4964 879 5019 sed
918 4964 1077 5018 Pater
1104 4980 1245 5019 meus
1273 4964 1362 5035 qui
1399 4973 1474 5019 est
1503 4965 1558 5018 in
1586 4963 1727 5020 ctelis
1756 4966 1976 5037 (Matth.
2005 4987 2120 5041 xvr,
2232 4975 2322 5022 tus
2353 4981 2448 5036 per
2474 4977 2760 5038 augmenta
2793 4969 3137 5026 necessitatis
3169 4971 3386 5027 infirma
3436 4974 3795 5045 concupiscen-

530 5058 656 5126 17)?
679 5054 950 5124 Numquid
979 5056 1075 5110 tibi
1107 5055 1245 5111 dixit
1272 5073 1283 5107 :
1316 5053 1396 5108 Tu
1422 5055 1681 5110 vocaberis
1708 5056 1907 5128 Cephas
1934 5058 2120 5129 (Joan.
2229 5061 2320 5116 tiis
2347 5069 2441 5117 aut
2472 5060 2759 5117 desideriis
2782 5063 3126 5132 acquiescas.
3174 5064 3382 5120 Deinde
3412 5082 3537 5122 eum
3562 5067 3795 5136 scriptum

514 5150 571 5217 'l,
600 5146 737 5219 42)?
767 5146 1036 5217 Numquid
1059 5147 1155 5203 tibi
1196 5148 1488 5220 spopondit
1518 5163 1533 5204 :
1559 5148 1730 5220 Super
1766 5152 1900 5206 hanc
1926 5165 2122 5225 petroni
2227 5153 2298 5208 sit
2333 5171 2345 5208 :
2383 5154 2546 5226 622
2600 5153 2767 5215 Omne
2801 5154 2940 5225 quod
2980 5172 3083 5209 non
3119 5156 3186 5211 sit
3214 5173 3279 5211 ea:
3307 5159 3415 5229 ﬁde
3454 5168 3707 5232 peccatum
3740 5154 3795 5209 sit

524 5240 756 5313 [nudatio
787 5236 1077 5293 Ecclesium
1120 5255 1289 5293 meum
1316 5239 1534 5313 (Matth.
1568 5256 1680 5307 xvr,
1713 5242 1844 5312 18)?
1887 5246 2122 5303 Attende
2225 5242 2404 5314 (Rom.
2439 5260 2550 5313 xtv,
2582 5245 2677 5315 25)
2708 5254 2805 5301 :et
2831 5245 2946 5301 sive
2968 5245 3233 5303 nobilium
3258 5249 3505 5307 locorum
3536 5252 3794 5323 episcopos

520 5336 665 5393 enim
695 5333 823 5407 quid
853 5333 1047 5389 Petrus
1075 5333 1372 5403 apostolus,
1402 5332 1604 5405 Spiritu
1637 5345 1828 5393 sancto
1863 5337 2117 5411 docente,
2226 5337 2454 5407 videris,
2480 5337 2595 5393 sive
2622 5346 2876 5408 potentes
2903 5340 3089 5394 smculi
3117 5329 3295 5407 viros,
3337 5343 3457 5399 sive
3502 5343 3687 5399 divites
3709 5339 3794 5396 sub

522 5434 866 5485 commoneat
897 5423 989 5495 qui
1039 5421 1116 5477 ait
1149 5438 1162 5474 :
1194 5420 1262 5475 Et
1291 5439 1429 5477 nunc
1475 5440 1600 5495 ergo
1643 5441 1732 5480 vos
1761 5428 1887 5498 quid
1914 5433 2123 5487 tentatis
2222 5431 2486 5503 religione
2516 5431 2726 5497 videas,
2758 5442 2938 5487 utrum
2967 5433 3190 5488 omnino
3220 5414 3356 5490 nihil
3380 5437 3466 5492 vel
3498 5433 3790 5498 adulationi,

518 5520 709 5588 Deum,
743 5518 1010 5588 imponere
1033 5515 1224 5588 jugum
1254 5514 1391 5568 collo
1419 5514 1750 5585 discentium,
1784 5523 1923 5588 quod
1957 5539 2121 5592 neque
2222 5522 2305 5576 vel
2339 5521 2550 5587 timori,
2585 5522 2669 5578 vel
2716 5523 2834 5591 spei
2875 5524 3194 5592 acceptione
3226 5541 3585 5597 personarum
3624 5534 3789 5597 captus

515 5629 612 5667 nos
646 5612 770 5683 ipsi,
812 5623 976 5680 neque
1012 5615 1185 5679 patres
1219 5606 1379 5660 nostri
1421 5606 1686 5676 potuimus
1743 5615 1994 5676 portare?
2026 5615 2117 5669 sed
2220 5613 2528 5684 indulgeas,
2563 5629 2666 5669 nec
2701 5612 2994 5684 quidquam
3025 5612 3077 5668 in
3109 5630 3219 5686 quo
3245 5629 3297 5673 te
3317 5635 3414 5672 cor
3444 5628 3591 5673 tuum
3628 5632 3789 5687 repre-

510 5705 686 5780 gratia
728 5702 938 5758 Domini
972 5700 1138 5756 nostri
1161 5700 1292 5756 Iesu
1331 5697 1528 5755 Christi
1563 5698 1821 5758 credimus
1852 5719 1944 5761 nos
1968 5723 2116 5778 posse
2218 5704 2438 5776 bendat,
2473 5713 2529 5763 et
2558 5705 2894 5771 conscientia
2919 5708 3251 5778 remordeat,
3287 5709 3367 5766 vel
3397 5710 3445 5767 si
3473 5709 3617 5767 nulla
3644 5709 3790 5767 verba
