4110 6168
332 312 457 371 1201

1413 309 1619 366 LIBER
1664 310 1750 365 DF.
1790 308 2095 366 ARBlTlill
2136 310 2553 371 LIBERTATE.

3486 315 3508 368 l
3524 308 3627 370 2,02

330 427 559 501 tempori
592 426 771 498 potius
810 441 972 497 quant
995 427 1211 483 veritati
1250 426 1662 482 accommodata
1703 440 1925 495 rcspon-
1953 427 2000 487 Α
2029 425 2098 481 de
2125 443 2230 498 qua
2261 430 2494 485 vertitur
2520 430 2755 500 quaestio
2785 447 2797 482 :
2831 429 2929 485 sed
2951 428 3096 500 quod
3128 430 3260 486 dicit
3293 448 3312 482 ι
3343 430 3627 501 negligen-

326 522 472 578 deas.
500 520 639 576 Illud
671 520 834 575 etiam
867 519 1116 588 consulo,
1164 532 1344 576 utrum
1369 535 1523 591 aaque
1551 534 1746 575 omnes
1771 518 1929 574 Chri-

328 614 536 669 stianos
558 612 704 668 sicut
728 620 781 667 te
803 612 979 682 ipsum
1008 612 1224 684 diligas.
1259 612 1371 668 Nos
1401 613 1547 668 enim
1572 614 1675 668 sub
1704 628 1813 668 uno
1840 627 1929 669 ca-

330 706 465 777 pite,
494 704 639 775 quod
672 711 758 758 est
791 701 1045 760 Christus
1077 721 1092 759 :
1120 713 1176 761 et
1221 705 1323 759 sub
1354 720 1458 760 una
1486 704 1753 769 Ecclesia,
1803 720 1927 775 qua:

327 806 409 855 est
434 795 712 863 Christus,
738 810 930 852 omnes
972 796 1171 853 fratres
1196 811 1388 853 sumus
1413 839 1429 864 ,
1462 806 1516 853 et
1542 812 1704 852 unum
1728 811 1927 868 corpus

328 892 377 947 in
408 889 651 947 Christo.
689 888 879 946 Utrum
904 904 1035 959 ergo
1061 890 1206 945 sicut
1227 898 1282 946 te
1309 890 1484 958 ipsum
1513 888 1710 961 diligas
1730 904 1927 946 omnes

324 985 410 1055 qui
437 983 873 1040 misericordiam
897 984 995 1040 Dei
1023 992 1268 1054 sperant,
1303 998 1441 1055 quos
1473 992 1651 1039 tamen
1685 983 1927 1050 noveris,

324 1077 605 1134 confitere.
631 1076 748 1132 Non
778 1077 927 1133 enim
968 1089 1020 1131 te
1050 1076 1116 1131 de
1150 1076 1349 1146 ignotis
1384 1076 1615 1132 consulo
1649 1092 1664 1134 :
1690 1090 1830 1146 quos
1860 1090 1926 1131 ex

323 1187 385 1230 eo
413 1182 465 1228 te
492 1172 724 1243 diligere
745 1169 1051 1236 arbitraris,
1076 1169 1223 1241 quod
1253 1169 1380 1241 quia
1412 1184 1518 1225 non
1542 1168 1783 1234 noveris,
1816 1183 1923 1223 non

322 1264 504 1322 odisti.
538 1262 648 1320 Sed
692 1262 823 1335 quid
853 1278 956 1333 ego
1003 1262 1121 1317 lucc
1148 1276 1179 1317 a
1219 1260 1579 1323 confessione
1622 1269 1712 1315 tua
1743 1260 1924 1329 exigo,

320 1374 439 1415 cum
463 1358 946 1415 conversationem
977 1365 1124 1412 tuam
1142 1356 1333 1427 vulgus
1359 1354 1663 1427 agnoscat?
1693 1354 1773 1409 Tu
1801 1368 1926 1424 per-

320 1451 492 1508 fectus
538 1440 678 1508 sine
718 1449 1060 1515 infirmitate,
1110 1458 1169 1524 tu
1199 1462 1420 1504 omnem
1466 1447 1601 1518 legis
1650 1447 1923 1502 sarcinam

319 1543 462 1600 ferre
490 1542 769 1615 possibilis
794 1586 811 1611 ,
866 1552 946 1610 tu,
977 1542 1196 1613 inquam
1218 1586 1233 1610 ,
1280 1541 1444 1596 homo
1471 1538 1680 1608 inﬂate,
1705 1540 1802 1595 sed
1833 1554 1927 1593 va-

319 1651 418 1693 cue
450 1655 464 1691 :
495 1634 660 1702 audi,
691 1636 738 1691 si
763 1634 1007 1705 dignaris
1038 1634 1327 1690 Dominum
1359 1633 1735 1697 Salvatorem,
1762 1641 1848 1699 tu,
1879 1633 1924 1685 si

319 1739 497 1785 tamen
547 1729 653 1787 hoc
702 1730 931 1797 poteris,
988 1726 1054 1782 ad
1108 1736 1295 1782 sancta
1337 1735 1683 1782 revocantem
1720 1743 1732 1779 :
1763 1726 1924 1779 Amen

2032 518 2121 575 tia:
2147 534 2260 577 Sua:
2284 523 2464 592 potius
2497 524 2935 593 imputari,quod
2958 540 3064 579 11011
3090 534 3177 579 est
3196 523 3313 578 sine
3341 533 3618 595 peccata,»

2030 613 2170 669 bene
2203 615 2422 685 quidem
2447 615 2599 683 dicit,
2626 615 2719 671 sed
2762 616 3016 688 dignetur
3046 617 3173 673 inde
3201 625 3260 673 et
3278 631 3440 672 orare
3465 626 3488 655 ο
3517 617 3622 672 Do-

2030 706 2265 774 minum,
2307 722 2376 763 ne
2409 707 2486 763 illi
2529 707 2647 764 lucc
2681 708 2862 779 iniqua
2914 708 3244 779 negligentia
3285 708 3623 764 dominetur.

2028 798 2199 867 Quam
2229 801 2455 869 rogabat
2487 800 2708 871 quidam
2738 801 2958 873 quando
2985 801 3207 858 dicebat
3232 819 3246 855 :
3283 800 3491 857 Itinera
3515 819 3627 858 mea

2028 892 2199 964 dirige
2235 893 2519 948 secundum
2559 894 2770 949 verbum
2798 904 2966 959 tuum,
2989 904 3037 949 et
3067 912 3133 949 ne
3171 896 3469 949 dominetur
3497 895 3627 949 mihi

2029 986 2200 1041 omnis
2224 986 2473 1055 iniquitas
2505 986 2675 1059 (Psat.
2703 1002 2886 1053 cxvm,
2919 987 3047 1060 155)
3074 1006 3085 1040 :
3117 1002 3187 1043 ne
3207 987 3336 1043 dum
3357 1002 3473 1043 sua:
3501 985 3627 1043 dili-

2027 1076 2226 1147 gentiae
2253 1079 2408 1144 quasi
2436 1077 2672 1147 propriis
2700 1076 2908 1133 viribus
2938 1076 3077 1146 fidit,
3103 1093 3283 1149 neque
3318 1076 3407 1133 hic
3438 1077 3508 1132 ad
3532 1091 3626 1132 ve—

2028 1184 2143 1223 ram
2187 1167 2480 1236 justitiam,
2519 1184 2697 1240 neque
2731 1169 2865 1235 illic,
2898 1170 2991 1226 ubi
3021 1171 3144 1226 sine
3175 1171 3339 1226 dubio
3381 1170 3621 1243 perfecta

2026 1259 2389 1317 desideranda
2421 1271 2506 1317 est
2531 1272 2585 1317 et
2609 1262 2903 1332 speranda,
2935 1264 3233 1333 perveniat.

2099 1356 2189 1411 51.
2235 1356 2303 1412 Et
2332 1355 2467 1412 illud
2514 1356 2661 1428 quod
2689 1358 2771 1413 eis
2810 1372 2838 1412 a
2878 1358 3213 1429 quibusdam
3239 1358 3463 1427 dicitur,
3492 1372 3624 1413 nus-

2025 1465 2188 1523 quam
2225 1465 2349 1507 esse
2387 1450 2653 1517 scriptum
2692 1451 2777 1507 his
2806 1454 3031 1508 omnino
3064 1451 3267 1519 verbis,
3308 1466 3469 1523 posse
3498 1467 3624 1508 esse

2028 1545 2305 1599 hominem
2328 1545 2449 1600 sine
2480 1554 2720 1613 peccato,
2742 1544 2900 1601 facile
2924 1544 3124 1601 refellit
3158 1564 3169 1600 :
3199 1546 3323 1617 quia
3351 1560 3460 1604 non
3485 1543 3503 1583 ί
3524 1546 3621 1601 tibi

2026 1648 2111 1692 est
2138 1638 2393 1708 quaestio,
2413 1638 2611 1709 quibus
2636 1638 2819 1694 verbis
2834 1638 3047 1695 dicatur
3071 1654 3302 1711 qumque
3322 1641 3615 1694 sententia.

2027 1730 2147 1787 Non
2190 1740 2372 1785 tamen
2421 1730 2650 1786 fortasse
2698 1730 2821 1787 sine
2863 1745 3048 1796 causa,
3076 1746 3199 1786 cum
3231 1729 3521 1802 aliquoties
3567 1728 3622 1784 in

319 1821 433 1877 dico
459 1821 622 1880 vobis.
664 1819 896 1891 quisquis
940 1836 1041 1874 ron
1091 1818 1337 1891 receperit
1376 1833 1591 1889 regnum
1637 1816 1757 1881 Dei,
1789 1815 1925 1871 velut

2029 1822 2329 1894 Scripturis
2356 1822 2685 1891 inveniatur,
2718 1821 2969 1879 homines
2996 1824 3172 1879 dictos
3199 1836 3323 1878 esse
3352 1824 3464 1876 sine
3492 1838 3620 1893 que-

317 1914 514 1985 infans,
543 1928 643 1967 non
689 1911 906 1966 intrabit
943 1911 1077 1965 illud
1101 1911 1295 1983 (Marc.
1329 1925 1359 1964 κ
1384 1950 1399 1975 ,
1431 1908 1541 1980 15).
1570 1908 1753 1964 Infans
1783 1906 1919 1962 nihil
2019 1917 2136 1972 τρια
2165 1914 2322 1986 (an.
2360 1931 2401 1980 1,
2428 1913 2485 1982 t1)
2517 1931 2533 1970 :
2569 1914 2701 1969 non‘
2723 1914 3019 1981 invenitur,
3045 1914 3139 1985 qui
3174 1914 3357 1969 diclus
3393 1915 3465 1969 sit
3506 1914 3626 1968 sine

318 2006 373 2062 in
403 2022 464 2062 sc
494 1996 818 2073 l1abet,uisi
849 2003 995 2075 quod
1027 2002 1208 2073 diligit
1236 2001 1635 2069 blandientem,
1684 2008 1742 2056 et
1775 1999 1919 2070 quod

318 2115 509 2172 partem
534 2114 691 2155 suum
721 2114 828 2153 non
857 2096 1142 2154 insudare
1163 2111 1284 2163 suo,
1316 2095 1412 2152 sed
1447 2096 1498 2150 in
1518 2095 1774 2165 precibus
1795 2107 1921 2166 spe-

318 2208 443 2251 rans
472 2192 790 2249 alimoniam
821 2192 977 2259 vitm,
1001 2190 1234 2261 simplici
1259 2190 1521 2260 petitione
1545 2186 1918 2260 consequitur,

318 2301 476 2357 quam
508 2283 747 2340 fiduciali
767 2299 939 2355 opere
966 2298 1074 2339 non
1100 2292 1342 2340 meretur
1372 2300 1385 2336 :
1418 2298 1523 2353 qua
1555 2292 1610 2338 tu
1636 2296 1921 2353 compara-

320 2378 466 2433 tione
511 2376 901 2443 commonitus,
933 2386 1257 2431 convertere
1287 2374 1355 2430 ad
1384 2374 1687 2442 infantiam,
1737 2383 1795 2430 ut
1835 2388 1929 2441 re-,

323 2469 558 2526 verteris
583 2467 654 2524 ad
680 2467 872 2522 vitam.

387 2563 478 2620 32.
523 2562 591 2618 Et
614 2562 873 2635 quoniam
896 2560 1151 2632 superius
1170 2559 1442 2623 dixeram,
1472 2558 1544 2616 de
1564 2558 1923 2630 possibilitate

317 2657 509 2713 oneris
549 2653 877 2721 sustinendi,
914 2663 1068 2710 tuum
1107 2653 1340 2723 primum
1373 2667 1597 2708 sensum
1636 2651 1872 2707 discutio
1904 2668 1919 2706 :

317 2761 375 2806 et
400 2764 580 2806 meum
610 2758 803 2819 postea
825 2745 874 2801 si
894 2745 1163 2813 videatur,
1204 2744 1461 2815 explano.
1494 2744 1615 2800 Mea
1654 2741 1923 2799 sententia

320 2852 424 2909 est,
454 2840 580 2911 quia
607 2847 665 2894 et
698 2838 765 2893 in
797 2837 900 2894 hoc
937 2851 1154 2907 quoque
1202 2849 1526 2906 peccamus,
1557 2835 1648 2905 qui
1684 2848 1808 2890 cum
1843 2834 1924 2888 in-

322 2934 463 2991 firmi
514 2948 724 3003 sumus,
758 2931 827 2987 de
872 2930 1188 2986 infirmitate
1227 2928 1611 2999 conquerimnr
1633 2966 1649 2993 ,
1684 2926 1753 2999 [ει
1784 2925 1925 2982 banc

320 3041 444 3083 esse
468 3018 827 3081 intentionem
846 3022 985 3093 legis
1010 3021 1312 3094 arguentis,
1340 3030 1635 3090 utpropter
1656 3017 1769 3085 illa,
1802 3032 1923 3088 qua:

319 3133 614 3192 perperam
645 3118 803 3184 fiunt,
839 3116 1182 3187 confugiatur
1206 3114 1274 3170 ad
1300 3113 1530 3185 gratiam
1558 3111 1776 3169 Domini
1823 3112 1924 3167 mi-

321 3191 591 3277 serantis,
617 3208 769 3266 velut
811 3208 1108 3279 paedagogo
1147 3206 1508 3263 concludeute
1536 3203 1565 3244 ιι
1593 3205 1645 3260 in
1669 3204 1917 3261 eamdem
1946 3191 1992 3255 C

324 3304 517 3370 fidem,
550 3316 671 3372 qua:
703 3310 894 3371 postea
927 3299 1164 3356 revelata
1193 3308 1276 3354 est
1309 3317 1323 3355 :
1357 3298 1447 3353 ubi
1489 3307 1546 3353 et
1572 3296 1921 3353 remittantur

321 3411 445 3468 quae
470 3393 614 3450 male
640 3392 810 3461 fiunt,
846 3399 903 3447 et
929 3391 1120 3449 eadem
1164 3390 1335 3461 gratia
1368 3391 1591 3461 juvante
1630 3403 1736 3445 non
1765 3387 1920 3445 fiant.

326 3500 350 3528 ο
374 3486 844 3543 Proﬁciscentium
885 3494 969 3541 est
1009 3484 1155 3541 enim
1185 3484 1294 3551 via,
1323 3485 1571 3557 quamvis
1597 3484 1734 3540 bene
1756 3483 1923 3555 profi-

324 3581 597 3636 ciscentes
638 3578 891 3634 dicantur
935 3576 1163 3648 perfecti
1207 3578 1484 3634 viatores:
1513 3576 1678 3651 623
1709 3577 1801 3632 illa
1837 3584 1927 3634 est

324 3684 508 3730 autem
554 3671 819 3742 perfectio
856 3686 1090 3740 summa,
1137 3671 1225 3726 cui
1272 3670 1409 3728 nihil
1444 3671 1697 3739 addatur,
1724 3686 1847 3728 cum
1867 3670 1923 3728 id

325 3781 435 3838 quo
466 3765 732 3830 tenditur,
757 3766 985 3835 coeperit
1015 3764 1301 3835 possideri.

399 3858 639 3915 35.1am
684 3872 820 3914 vero
860 3855 1046 3914 illudd
1074 3858 1219 3930 quod
1248 3858 1331 3915 eis
1373 3857 1600 3930 dicitur,
1636 3879 1656 3914 ι
1687 3862 1805 3934 ipse
1854 3873 1912 3921 tu

325 3952 449 4009 sine
469 3958 695 4023 peccato
721 3949 821 4009 es?
847 3970 868 4004 ι
901 3965 1091 4008 revera
1123 3966 1235 4009 non
1269 3951 1503 4024 pertinet
1533 3952 1602 4010 ad
1627 3969 1749 4012 eam
1779 3971 1919 4026 rem,

403 4161 591 4235 {llam
620 4176 741 4232 qua:
786 4164 1357 4235 sequuntur,-unciuis
1383 4165 1621 4231 inclusa,
1655 4176 1827 4235 usque
1855 4161 1923 4218 ad

328 4233 570 4289 medium
601 4233 908 4301 numerum,
952 4236 1023 4292 46
1066 4237 1428 4305 praetermittit
1454 4234 1800 4299 Gallandius,
1845 4235 1924 4289 sic

327 4305 399 4359 de
433 4306 730 4377 amissione
761 4308 1025 4362 rationem
1073 4307 1306 4363 reddens
1336 4322 1349 4366 :
1389 4327 1407 4360 ι
1448 4307 1580 4373 Hic,
1610 4314 1733 4377 post
1759 4305 1921 4360 verba

331 4377 399 4430 tte
444 4375 747 4446 inﬁrmitate
781 4379 1175 4451 conquerimnr,
1226 4379 1515 4451 ἰιιιιξιιειιιιι⁸
1542 4375 1661 4433 erat
1703 4379 1920 4451 longum

329 4445 651 4515 excerptum
679 4462 748 4502 ex
781 4445 922 4503 libro
950 4451 1011 4506 S.
1043 4450 1329 4515 Augustini
1358 4450 1423 4504 de
1464 4447 1671 4503 Natura
1710 4457 1756 4501 et
1788 4445 1924 4501 Gra-

330 4518 440 4591 tia,
461 4527 651 4591 contra
671 4517 968 4591 Pelagium,
998 4528 1059 4591 ut
1087 4517 1635 4576 advertitSttlmttus:
1667 4518 1920 4591 nimirum

2022 2019 2244 2081 peccato
2277 2026 2290 2061 :
2323 2007 2430 2063 nisi
2485 2022 2645 2063 unus.
2675 2006 2846 2072 solus,
2897 2006 2968 2062 de
3017 2021 3128 2077 quo
3171 2015 3365 2076 aperte
3417 2004 3622 2060 dictum

2022 2106 2127 2164 est,
2156 2113 2274 2151 eum
2298 2097 2387 2167 qui
2416 2111 2519 2151 non
2546 2105 2760 2150 noverat
2786 2104 3056 2165 peccatum
3095 2094 3163 2165 (ll
3192 2093 3313 2150 Cor.
3339 2111 3395 2160 v,
3424 2094 3540 2162 20).
3558 2094 3626 2149 Et

2021 2205 2089 2246 eo
2114 2190 2237 2245 loco
2255 2190 2345 2245 ubi
2367 2188 2439 2244 de
2460 2187 2840 2244 sacerdotibus
2867 2188 3071 2243 sanctis
3100 2187 3390 2258 agebatur.
3410 2184 3621 2239 Etenim

2022 2293 2263 2354 expertus
2291 2292 2367 2339 est
2394 2282 2591 2350 omnia,
2619 2282 2906 2337 secundum
2934 2279 3332 2336 similitudinem
3358 2281 3471 2333 sine
3501 2295 3624 2349 pec-

2023 2386 2138 2433 cato
2160 2376 2321 2449 (Heb.
2355 2391 2430 2442 1v,
2460 2374 2550 2446 15)
2588 2393 2600 2428 :
2636 2374 2694 2430 in
2719 2374 2809 2431 illa
2840 2374 3050 2430 scilicet
3075 2387 3407 2445 caruc,qutc
3443 2372 3616 2429 habete

2023 2472 2116 2526 bat
2143 2468 2559 2526 similitudinem
2588 2468 2769 2525 carnis
2791 2467 3022 2539 peccati,
3055 2468 3304 2539 quamvis
3332 2482 3440 2522 non
3470 2476 3622 2523 esset

2022 2578 2153 2620 caro
2193 2562 2421 2634 peccati.
2454 2561 2574 2619 Jam
2605 2561 2739 2630 iﬂud
2774 2560 3050 2632 quomodo
3087 2559 3468 2631 accipiendum
3500 2561 3573 2615 sit
3602 2577 3616 2614 :

2028 2660 2211 2714 Omnis
2243 2658 2336 2729 qui
2364 2666 2519 2731 natus
2544 2665 2620 2712 est
2657 2672 2720 2712 ex
2747 2656 2858 2711 Deo
2885 2673 2990 2710 non
3020 2663 3223 2727 peccat,
3251 2664 3300 2710 et
3324 2670 3429 2709 non
3452 2662 3621 2727 potest

2024 2768 2263 2823 peccare,
2294 2751 2419 2821 quia
2439 2766 2611 2806 semen
2633 2750 2749 2821 ejus
2773 2749 2827 2803 in
2848 2749 2960 2819 ipso
2981 2759 3157 2805 manet
3180 2748 3222 2821 (Ι
3243 2745 3401 2802 Joan.
3431 2746 3620 2817 111,9):
3677 2740 3681 2744 ’

2023 2862 2149 2902 cum
2180 2846 2297 2917 ipse
2324 2843 2612 2915 apostolus
2638 2842 2902 2908 Joannes,
2932 2842 3087 2912 quasi
3123 2857 3230 2897 non
3259 2839 3330 2895 sit
3365 2849 3525 2895 natus
3546 2854 3621 2896 ex

2028 2940 2165 3006 Deo,
2192 2949 2286 2992 aut
2312 2938 2392 2993 eis
2417 2937 2753 3007 loqueretur,
2780 2934 2870 3005 qui
2918 2933 3158 2989 nondum
3187 2941 3376 2989 essent
3403 2933 3514 2988 nati
3551 2947 3620 2988 ex

2028 3030 2173 3097 Deo,
2214 3037 2404 3101 aperte
2446 3028 2710 3100 posuerit.
2758 3027 2821 3083 Si
2859 3028 3148 3083 dixerimus
3185 3028 3311 3099 quia
3356 3037 3624 3097 peccatum

2026 3141 2130 3181 non
2162 3126 2431 3190 habemus,
2463 3139 2560 3178 nos
2582 3124 2722 3195 ipsos
2749 3121 3072 3189 reducimus,
3092 3130 3141 3175 et
3169 3121 3356 3175 veritas
3385 3120 3439 3174 in
3474 3120 3625 3173 nobis

2024 3236 2128 3274 non
2152 3227 2225 3273 est
2251 3217 2295 3290 (l
2316 3215 2477 3272 Joan.
2505 3230 2544 3282 1,
2571 3213 2628 3285 8)
2658 3231 2673 3269 :
2706 3214 2759 3269 in
2780 3213 2938 3268 libris
2964 3225 3099 3283 quos
3130 3220 3155 3258 8
3188 3210 3256 3266 ad
3286 3209 3621 3266 Marcellium

2022 3312 2092 3369 de
2136 3311 2240 3367 hac
2278 3325 2340 3366 re
2378 3308 2599 3380 scripsi,
2622 3307 2773 3363 sicut
2813 3306 2958 3377 potui
3007 3304 3285 3374 explicare
3318 3303 3525 3359 curavi.
3556 3301 3628 3357 Et

2024 3402 2157 3462 illud
2206 3401 2350 3475 quod
2395 3401 2599 3456 dictum
2645 3408 2754 3466 est,
2780 3396 2906 3453 Non
2952 3404 3115 3468 potest
3156 3411 3389 3468 peccare,
3421 3409 3524 3465 pro
3558 3409 3626 3448 eo

2024 3498 2233 3555 dictum
2263 3506 2370 3565 est,
2395 3511 2460 3552 ac
2478 3495 2522 3553 si
2555 3495 2860 3561 diceretur,
2891 3506 3000 3547 non
3027 3489 3187 3547 debet
3215 3502 3445 3561 peccare
3476 3504 3489 3541 :
3515 3501 3625 3542 non

2026 3589 2390 3663 improbanda
2420 3588 2552 3645 mihi
2573 3582 2790 3644 videtur
2814 3585 2976 3656 hujus
3004 3583 3259 3639 assertio.
3292 3580 3429 3650 Quis
3475 3580 3623 3635 enim

2027 3683 2253 3739 insanus
2276 3679 2421 3736 dicat
2443 3678 2647 3736 debere
2672 3677 3050 3749 peccari,cum
3073 3672 3199 3729 ideo
3225 3670 3623 3742 sitpeceatum,

2028 3773 2155 3846 quia
2179 3787 2287 3828 non
2310 3771 2476 3828 debet
2497 3770 2656 3827 fieri?
3234 3810 3239 3813 .
3656 3838 3661 3841 _

2100 3866 2192 3923 55.
2208 3866 2351 3923 Sane
2363 3862 2505 3935 quod
2520 3862 2796 3935 apostolus
2808 3861 3046 3919 Iacobus
3062 3859 3138 3914 ait
3150 3876 3165 3916 :
3179 3857 3431 3931 Linguam
3447 3863 3627 3911 autem

2029 3957 2197 4033 624
2223 3959 2406 4016 nullus
2437 3956 2710 4013 hominum
2735 3954 2949 4010 domare
2984 3961 3151 4025 potest
3172 3949 3379 4024 (Jacob.
3413 3962 3496 4016 ιιι,
3515 3946 3583 4019 8)
3614 3964 3627 3999 :

2032 4162 2200 4221 Nobis
2224 4178 2355 4221 vero
2384 4164 2601 4221 videtur
2626 4172 2711 4219 sat
2738 4163 3035 4220 admonere
3066 4161 3135 4219 de
3162 4175 3295 4217 casu
3324 4161 3585 4217 lectorem
3611 4203 3626 4226 ,

2033 4234 2307 4292 Gallandii
2327 4246 2588 4291 cmterum
2620 4243 2778 4289 notas
2805 4251 2911 4289 non
2941 4232 3384 4302 prtetermissuri,

2108 4308 2131 4344 ιι
2163 4306 2307 4362 Edit.
2336 4306 2438 4360 ΒΒ.
2472 4320 2599 4375 ορρ.
2639 4304 2778 4375 Aug.
2815 4301 2949 4360 tom.
2988 4303 3057 4370 X,
3094 4304 3190 4375 lib:
3239 4302 3310 4375 de
3342 4301 3547 4375 Natura
3575 4310 3633 4375 et

2032 4377 2217 4433 Gratia
2248 4391 2369 4447 cap.
2415 4370 2606 4439 43,71:
2636 4370 2816 4447 eadem
2846 4374 2968 4444 ﬁde.
2994 4373 3115 4447 Ased
3156 4373 3418 4447 Orosiana
3469 4370 3634 4426 lectio

2034 4449 2204 4518 magis
2226 4441 2436 4503 accedit
2456 4448 2522 4500 ad
2548 4455 2755 4501 textum
2783 4441 2959 4503 Pauli.
2982 4444 3100 4500 Gal.
3127 4460 3204 4503 ιιι,
3229 4441 3630 4526 ﬂuctuante.

2108 4529 2131 4557 ο
2169 4518 2650 4589 Proﬁcientiunt....
2703 4516 3046 4586 proﬁcientes.
3102 4515 3469 4589 Sic__legtmus
3507 4526 3631 4566 cum

2216 4531 2650 4585 ropctenttunt....
2703 4531 3046 4585 pra/temnes.
3102 4531 3158 4571 δι

327 4579 513 4663 abhis
538 4589 723 4645 verbis
747 4579 871 4663 cavp.
902 4579 987 4659 12,
1013 4590 1147 4646 hanc
1174 4607 1285 4663 esse
1314 4592 1651 4663 intentionem
1680 4587 1927 4663 tegisar-
1954 4579 2005 4641 D
2032 4589 2179 4663 (38.;
2227 4579 2307 4663 rt'_
2338 4588 2597 4663 Schottus
2642 4579 2810 4663 quem
2849 4595 3156 4663 assectatur
3200 4579 3627 4663 Havercampus,

328 4660 557 4733 guentis,
590 4675 760 4731 usque
787 4661 852 4716 ad
879 4676 941 4733 ea
972 4676 1094 4731 cap.
1132 4662 1215 4726 l9,
1251 4660 1524 4733 Quomodo
1553 4661 1719 4733 potuit
1749 4660 1931 4713 vitiare

329 4732 564 4785 animam
603 4741 745 4786 tuam
771 4732 912 4802 quod
937 4733 1227 4788 substantia
1261 4735 1449 4788 caret?
1496 4731 1703 4800 Quibus
1742 4744 1930 4802 rursus

329 4801 638 4873 subdantur
658 4800 1012 4873 qute‘exstant
1038 4803 1235 4859 ibidem
1251 4805 1351 4860 sub
1373 4804 1583 4859 initium
1607 4800 1807 4873 cap.5,
1820 4801 1868 4854 Μ
1876 4818 1930 4855 e-

332 4872 454 4927 dico
480 4872 834 4945 indiget,quia
856 4890 983 4929 sana
1003 4892 1106 4929 non
1123 4885 1214 4937 est,
1242 4890 1412 4945 usque
1436 4876 1501 4929 ad
1526 4874 1620 4929 illa
1645 4872 1931 4945 ascriptu-

331 4959 421 5016 ras
439 4943 614 5015 utique
639 4943 745 5001 non
765 4947 1038 5001 advertens
1077 4948 1195 5000 novi
1238 4943 1576 5016 Testameuti,
1595 4944 1679 4998 ubi
1714 4943 1933 5016 dicimus

337 5013 503 5088 (forte
528 5013 778 5088 diximus)
804 5017 940 5070 hanc
979 5033 1086 5071 csse
1109 5013 1446 5071 intentionem
1488 5016 1615 5088 legis
1643 5015 1932 5088 arguentis,

336 5084 503 5158 modo
528 5087 712 5142 allata.
732 5084 881 5144 llattd
912 5088 1160 5158 equidem
1182 5084 1936 5158 existintarim'bmc‘Augusti-

335 5157 898 5243 n.’ana,suppres.~:oS..
915 5154 1092 5243 Patris
1116 5159 1356 5243 nomine,
1382 5161 1497 5241 suis
1514 5154 1778 5243 intexisse
1797 5156 1935 5243 Org-

334 5227 510 5299 sium;
535 5227 751 5285 sedista
783 5231 957 5299 potius
988 5229 1260 5286 infarserit
1289 5229 1561 5295 librarius,
1589 5228 1860 5299 dictorum
1874 5227 1936 5284 S.

339 5296 589 5354 Doctoris
616 5296 865 5357 ordinem
894 5304 1122 5357 fortasse
1175 5300 1476 5363 invertens.
1508 5314 1577 5355 ue
1604 5298 1753 5353 fraus
1790 5298 1943 5353 dete-

335 5378 579 5437 geretur.
606 5369 910 5442 Utcumque
933 5371 1303 5427 sitScbottum
1319 5373 1516 5435 secuti,
1547 5368 1941 5442 Augustiniana

336 5449 596 5506 excerpta
621 5456 689 5498 es
716 5439 893 5498 Oro'sii
919 5443 1187 5512 opusculo
1206 5443 1422 5506 avulsa,
1449 5456 1576 5512 mox
1604 5439 1942 5512 subjicienda

338 5512 674 5587 curavimus,
697 5514 893 5587 collata
921 5510 1045 5569 cum
1067 5513 1321 5587 edit.B_B.
1348 5524 1481 5568 tom.
1497 5511 1573 5587 X,
1593 5527 1643 5582 p.
1672 5510 1939 5587 i£9_se_qq.

337 5581 510 5637 Secus
546 5600 679 5639 vero
725 5580 1122 5656 Ha'vcrcamp.,
1167 5585 1262 5655 qui
1291 5580 1946 5656 Augustiniana“minime

340 5666 677 5725 agnoscens,
730 5664 1001 5725 tamquam
1042 5653 1307 5709 Orosiaua
1336 5653 1521 5710 omnia
1551 5653 1877 5709 venditavit.
1919 5674 1937 5704 ι

344 5724 419 5778 Ita
453 5725 563 5780 ille.
609 5724 926 5782 Extrabeus
977 5727 1685 5797 consequenterglonggum,
1743 5733 1801 5779 ut
1844 5726 1942 5793 ait,

343 5807 683 5870 excerptum,
715 5797 766 5853 id
797 5797 1033 5854 collocat
1078 5797 1132 5852 in
1164 5794 1479 5869 appendice
1504 5794 1571 5852 ad
1600 5794 1939 5853 Tractatum.
2044 5806 2047 5807 '

2033 4661 2592 4732 Proﬁciscienttum....
2622 4654 3023 4731 pioﬁciscientes
3055 4677 3070 4712 :
3104 4655 3366 4712 mendose
3398 4664 3457 4710 ut
3481 4654 3632 4710 vide-

2034 4741 2140 4788 tur.
2170 4731 2447 4788 Germano.

2105 4799 2131 4839 ιι
2169 4802 2321 4871 Quod
2357 4805 2422 4858 ei.
2458 4805 2605 4867 Am.,
2629 4801 2723 4857 Er.
2762 4811 2816 4857 et
2862 4800 3111 4871 plerique
3142 4812 3272 4871 mss.
3304 4796 3394 4851 hic
3419 4803 3474 4871 e_t
3501 4808 3624 4871 cap.

2035 4866 2346 4944 scq.,"quod
2368 4875 2462 4929 eis.
2488 4874 2689 4929 Besso.
2714 4866 2965 4943 —Atque
2991 4866 3063 4925 ita
3087 4883 3219 4925 sane
3242 4866 3630 4939 leguntScbot.

2035 4952 2093 5000 et
2115 4945 2476 5016 llaVert-amp.
2502 4946 2781 5001 GALLAND.

2116 5027 2139 5053 ο
2158 5011 2358 5070 ’1)ειιηι.
2385 5011 2477 5075 Sic
2512 5017 2615 5071 BB.
2644 5016 2907 5072 Scbotlus
2930 5027 3068 5066 vero
3094 5027 3217 5066 cum
3245 5011 3639 5078 Havercamp.,

2044 5087 2348 5163 Dominum.
2375 5087 2495 5163 Dios
2541 5087 2705 5142 iidem
2746 5084 2910 5163 mple,
2944 5083 3112 5152 Quam
3141 5082 3476 5154 rogabat..."
3508 5089 3641 5133 etne

2043 5159 2359 5214 dominetur.
2385 5157 2670 5213 GALLAND.

2123 5228 2141 5267 ί
2177 5226 2328 5283 lbi...
2363 5245 2721 5300 quiscumque.
2753 5228 2858 5284 BB.
2893 5227 3192 5300 sequimur.
3223 5224 3640 5300 Schottus_quo-

2044 5315 2151 5371 que
2180 5308 2332 5355 recte
2363 5290 2522 5381 habet
2565 5290 2657 5354 ibi.
2690 5300 2859 5381 Malea
2876 5290 3299 5369 Havercampus,
3325 5294 3442 5350 tibi.
3475 5290 3645 5346 Uter-

2048 5369 2152 5442 que
2181 5385 2314 5426 vero
2346 5370 2525 5425 editor
2552 5387 2786 5443 quisque.
2820 5369 3099 5427 Gseuun.

2120 5451 2146 5488 Β
2176 5440 2258 5495 Ad
2305 5441 2693 5497 Marcellinum.
2745 5442 2864 5497 Lib.
2903 5457 2941 5496 ιι
2978 5441 3047 5496 de
3088 5440 3309 5496 Peccat.
3348 5431 3554 5490 Meritis
3591 5438 3647 5484 et

2050 5512 2289 5569 Remiss.
2327 5527 2450 5582 cap.
2479 5513 2534 5568 8.
2567 5512 2831 5569 Meuduse
2876 5514 3132 5569 Scbottus
3162 5502 3604 5582 ad_Marcetlium
3626 5516 3648 5554 :

2051 5600 2213 5653 quem
2236 5578 2477 5639 errorem
2501 5583 2661 5640 facile
2681 5587 3195 5655 corrigeregpoterat
3218 5578 3649 5655 Havercampug,

2052 5636 2322 5725 {namque
2338 5636 2795 5711 *s.i;-e.’-iar's'.;a'.'
2818 5636 2912 5710 me
2937 5636 3048 5708 U'ro
3081 5646 3225 5717 tum,
3256 5647 3351 5705 sed
3390 5636 3650 5716 Augusti-‘-

2053 5741 2181 5782 num
2212 5726 2379 5797 loqui.
2407 5726 2687 5783 GALLAND.
3490 5760 3511 5813 4

3455 5970 3491 5985 ο,
