4110 6168
597 234 735 289 ιλοδ

1994 231 2200 321 PAULI
2238 231 2463 288 onusti

3704 239 3808 299 1‘10!

598 363 705 402 non
749 344 881 401 mihi
927 313 1143 399 videtur
1183 344 1258 401 ita
1306 344 1744 415 intelligendum,
1781 353 1805 381 ιι
1842 365 1861 398 ι
1891 345 2047 416 quasi
2094 314 2188 415 per
2214 348 2261 407 Α
2290 360 2421 417 gare
2449 344 2614 400 audet
2643 344 2831 415 gratiae
2863 344 2977 412 Dei,
3009 352 3065 400 et
3091 355 3113 383 ο
3147 353 3252 399 tam
3274 346 3492 416 superba
3515 348 3715 405 vanitate
3734 368 3810 421 po-

598 437 1081 510 exprohrationem
1108 436 1338 504 dictum,
1368 448 1640 508 tamquam
1671 437 1947 493 diceretur
1978 457 1990 491 :
2020 439 2190 509 Ergo.

601 550 669 589 ne
713 534 945 603 linguam
977 531 1160 587 nullus
1198 532 1478 587 hominum
1510 532 1735 589 domare
1760 534 1996 603 potest?
2022 533 2190 590 Tam-

602 640 763 697 quam
803 624 1100 694 objurgans
1119 632 1173 679 et
1204 622 1392 678 dicens
1427 642 1439 676 :
1475 623 1712 679 Domare
1743 623 1891 679 feras
1936 625 2187 694 potestis,

597 717 838 787 linguam
862 731 971 771 non
998 714 1265 786 potestis?
1292 714 1455 781 Quasi
1482 715 1700 771 facilius
1727 714 1798 771 sit
1826 715 2062 787 linguam
2089 716 2191 770 do-

601 824 773 877 mare,
806 823 967 879 quam
1016 806 1179 862 feras.
1218 827 1237 859 ι
1268 807 1386 863 Νοη
1414 816 1547 878 puto
1575 807 1722 879 quod
1759 808 1863 865 iste
1892 808 1964 863 sit
2000 822 2196 865 sensus

599 903 652 957 in
683 901 787 956 hoc
833 900 979 955 loco.
1005 900 1062 956 Si
1104 901 1249 955 enim
1294 899 1346 957 id
1391 902 1586 956 sentiri
1616 901 1783 959 vellet
1828 901 1895 957 de
1934 900 2196 958 facilitate

597 992 884 1049 domandae
919 993 1138 1063 linguae,
1169 1002 1369 1048 caetera
1405 1004 1766 1065 sequerentur
1794 994 1849 1049 in
1897 993 2192 1050 bestiarum

597 1085 1031 1155 comparatione.
1085 1083 1241 1140 Nunc
1281 1099 1416 1140 vero
1460 1087 1707 1154 sequitur
1755 1104 1766 1139 :
1826 1104 1858 1138 ‹⁴
1888 1084 2194 1156 lnquietum

601 1178 832 1244 malum,
868 1179 1029 1249 plena
1055 1194 1269 1234 veneno
1298 1178 1584 1235 mortifero
1604 1198 1622 1232 ι
1642 1180 1829 1251 utique
1857 1179 2191 1247 nocentiorc,

598 1288 759 1343 quam
783 1272 1080 1328 bestiarum
1113 1280 1274 1342 atque
1299 1281 1635 1342 serpentum.
1656 1271 1792 1327 Nam
1822 1273 1950 1327 illud
1973 1287 2196 1327 carnem

599 1362 890 1418 interﬁcit:
921 1362 1026 1418 hoc
1054 1378 1186 1417 vero
1198 1363 1457 1418 animam.
1491 1363 1563 1418 0s
1585 1363 1731 1418 enim
1762 1364 1902 1434 quod
1923 1363 2194 1430 mentitur,

602 1454 793 1509 occidit
818 1455 1045 1509 animam
1078 1453 1235 1527 (Sap.
1260 1470 1303 1520 1,
1333 1454 1447 1527 it).
1474 1454 1596 1510 Non
1628 1469 1759 1525 ergo
1789 1457 1943 1527 quasi
1973 1456 2028 1511 id
2052 1465 2200 1513 esset

602 1548 836 1613 facilius,
866 1563 1028 1618 quam
1063 1547 1454 1604 mansuefactio
1498 1548 1799 1605 bestiarum
1850 1558 2074 1604 sanctus
2102 1548 2197 1603 Ja-

605 1642 773 1698 cobus
827 1642 974 1696 illam
1018 1642 1347 1697 sententiam
1390 1641 1784 1733 pronputiavit,
1832 1650 1926 1697 aut
1968 1655 2033 1698 ea
2063 1656 2197 1697 voce

2299 445 2391 491 net
2432 436 2482 491 in
2518 435 2755 491 hominis
2786 436 3089 506 potestate?
3115 433 3226 490 Cur
3262 450 3387 505 ergo
3417 446 3603 506 oratur,
3632 449 3681 495 ut
3703 445 3813 498 ειιεί-

2296 528 2496 598 piatur,
2540 528 2584 583 si
2626 530 2693 582 ab
2741 527 2959 582 homine“
2996 535 3111 593 est,
3161 538 3216 581 ut
3247 527 3525 589 habeatur?
3551 529 3622 584 Au
3647 539 3695 586 et
3715 531 3814 591 huic

2296 620 2530 675 orationi
2560 621 2968 691 contradicitur,
3001 616 3030 656 ἀ
3060 636 3129 675 ne
3168 620 3261 675 liat
3302 619 3489 691 injuria
3520 622 3669 679 libero
3701 627 3815 682 arbi-

2300 714 2436 769 trio?
2465 712 2618 781 Quod
2641 714 2683 769 si
2715 714 2816 769 sibi
2848 713 3048 768 sufﬁcit
3074 712 3424 784 possibilitate
3447 724 3632 771 natura:
3653 718 3709 771 ad
3731 718 3813 774 im-

2299 806 2494 877 plenda
2529 807 2709 861 omnia
2742 817 3009 876 praecepta
3037 805 3279 876 justitim,
3316 807 3685 863 contradicatur
3715 826 3816 882 ergo

2294 910 2354 955 et
2376 899 2549 954 eidem
2597 899 2844 968 apostolo
2884 897 3087 954 Jacobo
3116 898 3420 954 admonenti
3454 910 3501 955 et
3529 900 3700 957 dicenti
3735 904 3817 960 :Si

2298 995 2412 1065 quis
2454 1003 2626 1048 autem
2656 1002 2879 1048 vestrum
2924 992 3123 1065 indiget
3156 993 3425 1063 sapientia,
3454 995 3649 1065 postulet
3670 1013 3696 1049 α
3717 996 3815 1067 Deo,

2298 1087 2385 1158 qui
2416 1085 2503 1139 dat
2531 1085 2765 1139 omnibus
2793 1087 3095 1156 afﬂuenter,
3119 1095 3168 1139 et
3194 1102 3295 1139 non
3322 1086 3682 1158 improperat,et
3706 1089 3817 1149 dabi-

2299 1188 2384 1231 tur
2410 1177 2475 1232 ei.
2520 1174 2757 1230 Postulat
2790 1186 2961 1230 autem
2992 1176 3047 1229 in
3084 1175 3190 1243 ﬁde
3229 1174 3358 1230 nihil
3398 1174 3763 1248 htesitans‘U‘ac.
3787 1194 3817 1247 ι,

2302 1272 2356 1336 5,
2386 1269 2466 1341 6).
2499 1258 2626 1324 ilmc
2655 1277 2738 1324 est
2763 1267 2899 1323 ﬁdes
2928 1267 2994 1323 ad
3023 1283 3184 1339 quam
3217 1275 3480 1339 praecepta
3513 1269 3816 1340 compellunt:

2302 1373 2361 1421 ut
2386 1365 2471 1419 lex
2502 1365 2753 1434 imperet,
2780 1361 2918 1418 ﬁdes
2946 1362 3218 1433 impetret,
3240 1372 3264 1399 ε
3294 1361 3361 1415 In
3390 1360 3553 1416 multis
3573 1361 3817 1431 o/fendimus

2302 1448 2479 1517 omnes
2510 1457 2655 1530 (Jac.
2691 1473 2767 1525 tn,
2798 1458 2881 1529 2).
2915 1457 3032 1514 Non
3060 1457 3204 1513 enim
3234 1468 3288 1513 et
3330 1456 3431 1512 hoc
3471 1456 3568 1513 iste
3591 1457 3818 1528 Apostolus

2303 1554 2410 1608 alio
2461 1551 2622 1608 modo
2674 1549 3069 1621 pronuntiavit,
3120 1549 3264 1604 sicut
3311 1559 3365 1604 et
3419 1546 3538 1603 illud
3578 1549 3699 1619 quod
3736 1548 3816 1604 ait:

2309 1666 2326 1698 ι
2367 1645 2627 1716 Linguam
2660 1645 2840 1699 nullus
2871 1644 3149 1699 hominum
3176 1641 3400 1697 domare
3431 1647 3650 1712 potest.»

609 1737 779 1792 voluit
810 1736 1147 1807 pronuntiari
1179 1752 1193 1791 :
1227 1735 1322 1791 sed
1352 1731 1537 1806 potius
1581 1736 1902 1802 ostendens,
1936 1745 2196 1806 quantum
2236 1738 2275 1795 Β
2377 1737 2467 1792 57.
2519 1736 2627 1792 Nec
2658 1735 2790 1791 illud
2819 1735 3103 1806 quisquam
3152 1733 3274 1789 istis
3323 1747 3421 1802 pro
3464 1731 3822 1803 impossibilitate

517 1900 520 1902 γ
603 1830 674 1886 sit
705 1830 757 1884 in
791 1829 1011 1884 homine
1034 1829 1233 1900 linguae
1266 1825 1492 1899 malum',
1530 1837 1588 1884 ut
1616 1844 1646 1883 a
1673 1830 1823 1885 nullo
1856 1828 2079 1885 homine
2099 1820 2224 1885 do-'

610 1922 749 1975 tuari
784 1922 979 1991 possit,
1005 1935 1127 1995 cum
1158 1920 1228 1976 ab
1252 1920 1567 1977 hominibus
1588 1922 1880 1977 domentur
1908 1934 1962 1977 et
1990 1921 2199 1978 bestite.

605 2013 789 2084 Neque
817 2012 922 2067 hoc
955 2013 1077 2069 ideo
1102 2012 1260 2079 dixit,
1293 2024 1357 2069 ut
1392 2013 1554 2084 hujus
1584 2015 1638 2070 in
1672 2030 1772 2070 nos
1794 2015 1920 2070 mali
1952 2014 2204 2071 domina-

609 2107 812 2161 tionem
839 2121 933 2175 per
964 2106 1348 2177 negligentiam
1384 2121 1714 2177 permanere
1750 2109 2030 2179 patiamur
2060 2128 2071 2162 :
2106 2109 2200 2165 sed

607 2206 669 2253 ut
692 2197 757 2252 ad
787 2197 1122 2254 domandam
1151 2198 1389 2268 linguam
1430 2198 1630 2255 divinas
1680 2200 1868 2270 gratia:
1912 2214 2204 2271 poscamus

606 2289 893 2349 auxilium.
944 2289 1062 2346 Non
1103 2290 1250 2346 enim
1289 2290 1400 2345 ait:
1429 2290 1693 2362 Linguam
1750 2292 1931 2348 nullus
1974 2291 2204 2349 domare

605 2392 807 2452 potest,
840 2383 937 2439 sed
984 2383 1164 2439 nullus
1203 2385 1471 2439 hominum
1494 2401 1515 2441 :
1541 2393 1602 2440 ut
1640 2400 1763 2442 eum
1809 2385 2082 2455 domatur,
2106 2386 2203 2442 Dei

609 2473 1011 2541 misericordia,
1035 2473 1134 2530 Dei
1173 2474 1467 2545 adiutorio,
1508 2475 1604 2530 Dei
1647 2474 1842 2546 gratia,
1871 2475 1989 2532 ﬁeri
2040 2476 2204 2532 latea-

618 2580 741 2620 mur
774 2573 1041 2621 :conetur
1077 2580 1212 2637 ergo
1232 2565 1412 2622 anima
1443 2565 1669 2624 domare
1692 2567 1961 2639 linguam,
1985 2576 2040 2624 et
2071 2568 2201 2623 dum

604 2669 861 2728 conatur,
890 2669 1080 2730 poscat
1109 2660 1377 2716 auxilium
1403 2678 1415 2714 :
1437 2672 1491 2716 et
1518 2670 1638 2717 oret
1683 2661 1885 2731 lingua,
1915 2672 1971 2717 ut
2011 2661 2203 2717 dome-

609 2760 694 2803 tur
723 2749 925 2820 lingua,
955 2749 1196 2804 dextante
1226 2749 1322 2804 illo
1339 2750 1428 2820 qui
1458 2749 1600 2804 dixit
1624 2750 1692 2806 ad
1720 2765 1848 2805 suos
1880 2750 2037 2805 :Non
2068 2754 2203 2806 enim

605 2856 692 2896 vos
716 2842 838 2895 estis
864 2841 954 2912 qui
980 2840 1273 2911 loquimini,
1295 2843 1386 2896 sed
1427 2841 1657 2914 Spiritus
1688 2840 1868 2898 Patris
1902 2845 2078 2909 vestri,
2117 2845 2205 2914 qui

607 2932 836 3000 loquitur
874 2932 929 2986 in
961 2931 1103 2986 vobis
1128 2930 1348 3003 (Matth.
1380 2949 1436 3000 χ,
1461 2932 1579 3003 20).
1609 2931 1797 3004 Itaque
1820 2946 2094 3005 praecepto
2126 2935 2205 2989 fa-

605 3039 730 3078 cere
759 3039 1179 3078 commonemur
1205 3040 1218 3077 :
1249 3024 1392 3095 quod
1431 3033 1693 3080 conantes
1735 3034 1792 3080 et
1829 3027 2033 3081 nostris
2074 3027 2205 3081 viri-

607 3115 705 3170 bus
734 3131 842 3170 non
869 3115 1138 3184 valentes,
1174 3116 1504 3186 adiutorium
1546 3116 1791 3173 divinum
1823 3133 2126 3188 precemur.

679 3211 767 3265 56.
820 3209 1057 3265 Proinde
1101 3219 1156 3265 et
1225 3210 1345 3280 ipse
1389 3225 1512 3266 cum
1563 3222 1949 3283 exaggerasset
2007 3213 2203 3284 lingua:

610 3303 833 3367 malum,
864 3301 1006 3356 inter
1030 3302 1145 3356 haec
1189 3302 1380 3358 dicens
1410 3321 1421 3356 :
1457 3301 1583 3358 Non
1632 3314 1832 3374 oportet
1871 3305 2058 3375 fratres
2107 3308 2207 3360 mei

608 3393 718 3446 Itwc
756 3393 828 3445 ita
874 3392 989 3461 fieri
1016 3391 1161 3463 (Jac.
1207 3392 1405 3464 111,10)
1443 3412 1454 3448 :
1489 3395 1751 3450 continuo
1790 3399 2027 3463 monuit,
2072 3413 2204 3453 cou-

605 3484 892 3536 summatis
925 3482 1031 3549 his,
1056 3498 1180 3553 quae
1212 3483 1342 3539 hinc
1386 3484 1624 3552 dicebat,
1654 3501 1762 3557 quo
1790 3487 2063 3557 adjtttorio
2101 3491 2203 3544 ista

609 3590 715 3628 nou
750 3573 968 3642 ﬁerent,
995 3590 1119 3646 qua:
1162 3576 1299 3633 dixit
1324 3575 1446 3632 ﬁeri
1478 3593 1586 3633 non
1628 3593 1905 3649 oportere.
1945 3581 2075 3649 Quis
2106 3559 2205 3636 ξηα-

601 3671 769 3737 piens,
828 3669 1038 3739 inquit,
1068 3680 1120 3725 et
1160 3670 1525 3743 disciplinatus
1572 3675 1707 3728 inter
1765 3675 1895 3730 vos?
1950 3673 2201 3730 Ostendat

603 3777 669 3816 ea:
692 3761 827 3815 bona
855 3754 1248 3818 conversatione
1287 3765 1639 3835 Operationem
1687 3783 1836 3822 suam
1867 3768 1921 3821 in
1957 3785 2201 3823 mansue-

541 3849 550 3857 ⁷
604 3853 785 3907 tudine
828 3854 1122 3924 sapientiae.
1184 3854 1340 3922 Quod
1388 3857 1435 3911 si
1482 3857 1650 3912 zelum
1707 3874 1948 3913 amarum
1999 3860 2202 3917 habetis

603 3955 653 4000 et
705 3947 1058 4001 contentiones
1108 3947 1165 4017 in
1206 3947 1454 4004 cordibus
1504 3952 1715 4018 uestris,
1772 3952 1934 4007 nolite
1982 3951 2218 4024 gloriari

606 4047 650 4089 et
697 4036 964 4090 mendaces
1014 4053 1126 4091 esse
1170 4040 1444 4092 adversum
1497 4042 1787 4096 veritatem.
1834 4042 1959 4097 Non
1999 4052 2074 4097 est
2103 4046 2203 4100 ista

604 4128 863 4199 sapientia
917 4126 1192 4195 desursum
1250 4129 1570 4197 descendens
1595 4173 1610 4198 ,
1655 4133 1746 4186 sed
1796 4142 2032 4200 terrena,
2079 4136 2199 4189 ani-

508 4280 511 4283 _
605 4211 797 4287 malis,
825 4216 1104 4274 diabolica.
1155 4217 1254 4275 Ubi
1311 4223 1450 4276 enim
1495 4224 1642 4279 zelus
1681 4234 1729 4279 et
1766 4225 1933 4297 625
1988 4237 2203 4283 conten-

607 4317 676 4370 tio
711 4358 724 4381 ,
775 4314 861 4369 ibi'
899 4315 1251 4369 inconstantia
1291 4324 1342 4370 et
1389 4330 1540 4370 omne
1579 4333 1711 4389 opus
1774 4335 2014 4390 pravum.
2073 4319 2202 4386 Qua:

2308 1845 2413 1885 non
2448 1828 2704 1900 peccandi
2756 1826 3008 1882 similiter
3050 1825 3316 1898 obiecerit
3341 1824 3477 1894 quod
3517 1824 3695 1879 dictum
3730 1831 3820 1879 est:

2307 1922 2577 1993 Sapientia
2604 1920 2775 1974 carnis
2805 1919 3017 1972 inimica
3040 1927 3114 1973 est
3140 1917 3274 1972 Deo.
3325 1915 3450 1987 Legi
3477 1917 3603 1971 enim
3637 1915 3719 1970 Dei
3753 1931 3824 1969 non
3852 1928 3857 1934 ‘

2304 2024 2378 2071 est
2406 2017 2660 2087 subjecta,
2682 2008 2777 2067 nec
2798 2013 2934 2066 enim
2958 2018 3120 2082 potest
3145 2027 3163 2064 :
3188 2012 3280 2082 qui
3306 2020 3476 2064 autem
3499 2010 3549 2063 in
3571 2023 3705 2062 carne
3722 2016 3860 2076 suat,,..

2307 2108 2417 2163 Deo
2439 2108 2643 2178 placere
2661 2122 2763 2160 non
2785 2114 2999 2175 possunt
3016 2104 3035 2175 (
3053 2103 3207 2159 Rom.
3232 2119 3352 2170 vui,
3379 2102 3431 2169 7,
3461 2101 3536 2173 8).
3562 2101 3827 2171 Sapientiam

2305 2201 2503 2273 quippe
2531 2199 2713 2256 carnis
2741 2198 2912 2265 dixit,
2958 2211 3064 2251 non
3112 2194 3438 2265 sapientiam
3494 2193 3738 2250 desursum
3761 2193 3831 2249 de-

2306 2293 2655 2350 scendentem
2682 2310 2694 2344 :
2729 2300 2781 2345 et
2813 2291 2866 2345 in
2899 2304 3062 2345 carne
3102 2304 3222 2345 esse
3250 2302 3363 2344 non
3391 2301 3502 2354 eos,
3532 2287 3617 2358 qui
3642 2289 3829 2341 nondum

2307 2386 2373 2441 de
2403 2397 2635 2453 corpore
2660 2382 2938 2448 exierunt,
2971 2380 3063 2435 sed
3093 2395 3209 2448 eos,
3238 2380 3335 2450 qui
3364 2378 3639 2435 secundum
3664 2391 3830 2432 carnem

2306 2477 2517 2541 vivunt,
2543 2475 2874 2545 signiﬁcatos
2906 2488 3047 2536 esse,
3075 2471 3423 2527 manifestum
3450 2483 3550 2527 est.
3579 2470 3678 2526 Non
3698 2478 3830 2523 autem

2309 2570 2380 2624 ibi
2403 2575 2487 2625 cst
2509 2568 2757 2638 quaestio,
2783 2582 2904 2636 quae
2930 2574 3197 2621 versatur.
3214 2564 3353 2620 Illud
3375 2574 3457 2620 est
3478 2563 3608 2635 quod
3632 2570 3831 2633 exspecto

2308 2664 2377 2718 ab
2405 2664 2508 2717 isto
2536 2661 2726 2717 audire
2758 2678 2769 2712 :
2809 2657 2827 2696 τ
2859 2657 3028 2727 siqui
3072 2656 3379 2714 secundum
3410 2657 3640 2726 spiritum
3665 2656 3831 2718 vivunt,

2307 2762 2363 2810 et
2380 2754 2450 2808 ob
2467 2752 2572 2808 hoc
2591 2746 2751 2808 etiam
2783 2749 2874 2806 hic
2901 2748 3077 2805 adhuc
3105 2740 3357 2805 viventes
3375 2748 3486 2818 jam
3511 2746 3835 2817 quodammodo

2310 2850 2362 2903 in
2394 2861 2557 2902 carne
2589 2861 2693 2901 non
2722 2854 2873 2911 sunt,
2908 2851 3087 2899 utrum
3116 2842 3285 2914 gratia
3340 2841 3438 2897 Dei
3480 2842 3663 2897 vivant-
3689 2855 3835 2895 secun-

2309 2940 2435 2994 dum
2459 2937 2733 3008 spiritum,
2753 2952 2819 2990 an
2848 2936 2951 2989 sibi
2973 2934 3265 3001 sufﬁciant,
3286 2934 3402 3003 jam
3426 2934 3543 2988 data
3560 2947 3669 2988 cum
3685 2940 3705 2979 ε
3725 2943 3833 2987 crea-

2312 3043 2499 3088 rentur
2526 3029 2882 3098 possibilitate
2910 3038 3118 3081 uaturae
3141 3027 3192 3081 in
3218 3041 3318 3081 sua
3341 3025 3556 3096 pr0pria
3581 3025 3831 3079 voluntate:

2233 3126 2278 3188 C
2311 3141 2425 3178 cum
2455 3121 2726 3194 plenitudo
2756 3120 2884 3192 legis
2916 3136 3019 3173 uou
3048 3121 3113 3173 sit
3151 3118 3250 3175 nisi
3284 3119 3515 3173 Charitas
3545 3116 3710 3181 (Rom.
3743 3127 3831 3170 snt.

2309 3214 2437 3283 10),
2487 3223 2543 3269 et
2588 3214 2819 3267 Charitas
2870 3210 2965 3267 Dei
3011 3211 3205 3279 diffusa
3234 3210 3306 3264 sit
3336 3212 3393 3289 in
3432 3209 3655 3265 cordibus
3694 3207 3834 3269 πρωινῆς

2311 3309 2499 3381 (Rom.
2535 3307 2679 3379 v,5),
2712 3322 2817 3362 non
2848 3322 2943 3378 per
2971 3306 3362 3376 nosmetipsos,
3399 3308 3495 3362 sed
3529 3321 3611 3376 per
3636 3305 3835 3377 Spiritum

2307 3412 2541 3457 sanctum
2583 3403 2676 3472 qui
2718 3400 2872 3454 datus
2913 3408 2989 3453 est
3033 3388 3202 3453 nobis.
3232 3397 3461 3454 Tractat
3503 3399 3651 3453 etiam
3689 3396 3768 3450 iste
3789 3395 3836 3449 de

2312 3495 2546 3566 peccatis
2582 3480 2929 3564 ignorantiae,
2960 3503 3013 3546 et
3044 3491 3176 3547 dicit
3200 3510 3220 3543 ‹
3261 3492 3536 3546 hominem
3562 3488 3836 3563 pnevigilare

2307 3590 2511 3645 debere
2542 3578 2617 3644 ne
2638 3587 2872 3658 ignoret,
2895 3586 3127 3656 ideoque
3156 3599 3276 3642 esse
3298 3585 3616 3655 culpandum
3638 3584 3835 3654 ignoran-

2309 3683 2461 3747 tiam,
2495 3679 2619 3751 quia
2658 3679 2711 3734 id
2743 3679 2907 3732 homo
2939 3679 3117 3734 nescit
3144 3679 3475 3749 negligentia
3512 3693 3600 3733 sua
3627 3674 3744 3748 quod
3767 3672 3835 3726 ad-

2310 3772 2477 3827 hibita
2506 3770 2785 3841 diligentia
2815 3768 2991 3841 626
3007 3769 3149 3824 scire
3171 3768 3453 3825 debuisset
3477 3789 3489 3822 :
3522 3788 3541 3822 ι
3567 3768 3679 3823 dum
3707 3776 3836 3819 tamen

2305 3864 2485 3919 omnia
2509 3861 2687 3933 potius
2708 3860 2969 3931 disputet,
2992 3875 3151 3931 quam
3176 3869 3236 3915 ut
3256 3871 3403 3929 oret,
3431 3859 3458 3897 ιι
3479 3860 3645 3916 dicat:
3668 3855 3734 3911 Da
3750 3854 3840 3909 Iliiti

2304 3955 2642 4020 intellectum,
2670 3964 2732 4035 ut.
2754 3953 2951 4007 discant
2974 3953 3225 4006 mandata
3250 3955 3383 4022 tua(
3410 3952 3554 4007 Psal.
3579 3964 3737 4011 omn,
3756 3944 3837 4017 75).

2307 4047 2465 4103 Aliud
2496 4046 2639 4101 enim
2669 4054 2755 4101 εει
2801 4060 2907 4100 non
2937 4059 3163 4101 curasse
3191 4046 3367 4112 scire,
3416 4061 3535 4117 quae
3565 4040 3841 4114 negligentia:

2308 4149 2531 4210 peccata
2561 4139 2723 4213 etiam
2755 4152 2852 4207 per
2879 4136 3145 4193 sacriﬁcia
3177 4138 3428 4207 quaedam
3475 4136 3603 4209 legis
3642 4134 3844 4189 videban-

2307 4244 2393 4288 tur
2423 4234 2629 4303 expiari
2675 4249 2686 4285 :
2727 4230 2891 4286 Aliud
2924 4230 3228 4301 intelligere
3267 4231 3442 4300 velle,
3486 4244 3583 4286 nec
3623 4230 3844 4301 posse,ct

2306 4329 2484 4383 facere
2506 4336 2701 4382 contra
2724 4327 2921 4405 legem,
2946 4340 3054 4380 non
3074 4316 3433 4409 intelligendo
3458 4341 3574 4399 qua:
3597 4322 3697 4403 ﬁeri
3717 4318 3841 4373 velit:

608 4417 777 4461 autem
821 4404 1095 4485 desursum
1139 4418 1214 4461 est
1256 4402 1535 4477 sapientia,
1574 4409 1797 4480 primum
1851 4411 2059 4481 quidem
2104 4431 2201 4484 pu-
2246 4482 2257 4493 δ
2307 4418 2463 4487 Unde
2503 4402 2865 4474 admonemur
2892 4402 3140 4488 peterea
3170 4402 3281 4473 Deo
3315 4416 3659 4487 sapientiam,
3684 4402 3843 4481 quidet

606 4499 723 4553 dica
754 4494 858 4567 est,
883 4497 1067 4551 deinde
1102 4498 1355 4569 paci/ica,
1390 4500 1653 4565 modesta,
1698 4500 1970 4589 suadibilis
1993 4544 2008 4569 ,
2046 4504 2199 4574 plena

2307 4511 2544 4565 omnibus
2584 4512 2865 4579 afﬂuenter
2891 4506 3044 4580 (Jac.
3072 4524 3120 4573 ι,
3154 4509 3220 4580 5)
3246 4527 3257 4561 :
3294 4510 3482 4589 utique
3513 4507 3595 4561 his
3622 4503 3841 4563 omnibus.

605 4588 973 4645 misericordia:
1012 4598 1057 4643 et
1111 4589 1364 4659 fructibus
1412 4589 1581 4675 bonis,
1632 4607 1732 4646 non
1765 4592 2042 4662 judicans,
2093 4595 2205 4651 sine
2304 4599 2501 4671 quisic
2533 4608 2742 4670 petunt,
2772 4610 2824 4655 et
2860 4610 3065 4655 tantum
3094 4588 3312 4670 petunt",
3346 4597 3616 4687 quomodo
3642 4605 3690 4651 et
3712 4607 3843 4665 quail-

606 4679 633 4720 δ
661 4682 990 4736 aemulatione
1041 4679 1259 4751 (Ibid.,
1305 4672 1540 4747 15-17).
1591 4682 1716 4738 Haec
1757 4693 1842 4763 est
1888 4685 2152 4757 sapientia
2182 4729 2198 4757 ,

604 4791 725 4844 qua:
756 4776 992 4845 linguam
1037 4773 1242 4841 domat,
1271 4773 1555 4829 desursum
1607 4774 1965 4845 descendens,
1998 4794 2102 4834 non
2132 4780 2201 4836 ab

605 4868 838 4923 humano
866 4867 1032 4923 corde
1059 4865 1369 4936 prosiliens.
1394 4865 1478 4920 An
1515 4875 1570 4921 et
1599 4865 1758 4922 istam
1779 4868 2010 4941 quisque
2040 4874 2199 4931 abro-

676 5098 702 5126 n
728 5085 801 5141 ιιιι
832 5076 1116 5133 Schottus.
1149 5065 1471 5124 Gallandius
1513 5066 1690 5137 addit,
1717 5085 1787 5127 ex
1835 5071 1924 5139 ed.
1976 5072 2109 5143 BB.,
2144 5084 2202 5130 ut

606 5164 865 5221 exponere
894 5143 1073 5221 υθέυίξ·
1154 5211 1166 5221 .
1276 5211 1287 5221 .
1380 5150 1472 5221 Τ.

672 5181 1215 5282 iudicabimus,
1242 5210 1591 5266 simulatione.

677 5319 700 5346 c
729 5279 803 5353 Et
820 5306 933 5348 eam
957 5280 1587 5373 superbissitnalvpnitate.
1616 5279 1694 5373 Ita
1718 5282 1900 5373 legttnt
1923 5284 2199 5353 BB.Uter-

601 5395 707 5447 quo
737 5370 913 5425 editor
941 5367 1252 5438 perperam.
1284 5361 1333 5406 et
1352 5361 1472 5441 .lattt‘
1504 5356 1745 5425 superba.
1774 5356 2049 5439 Quinum,
2183 5431 2196 5443 .

674 5448 701 5486 ἀ
746 5441 878 5501 ΒΒ.,
923 5428 1390 5501 ambesasscntu
1434 5424 1708 5501 (saltatim,
1753 5441 1831 5481 sm
1890 5440 2197 5501 ιμωτρηηει

621 5446 629 5447 '
674 5448 701 5486 d
746 5446 878 5501 38.,
923 5446 1120 5500 quwus
1161 5446 1390 5477 assumit.
1434 5446 1708 5492 uenatum,
1753 5446 1831 5481 διο
1890 5446 2177 5502 Interpung

603 5520 812 5578 volunt,
848 5521 913 5578 u_e
943 5500 1038 5578 ﬁat
1068 5493 1259 5578 injuria
1292 5493 1744 5578 liberoarbitrio,
1779 5497 1943 5578 quod.

679 5562 833 5643 “Citii:
858 5562 1265 5643 Gatlandicum
1292 5562 1398 5619 ΒΒ·
1422 5565 1575 5643 addit.
1591 5562 1901 5643 Ρετὲεοῐῖθην
1927 5572 2186 5642 ‘m’m'e"

604 5662 707 5716 per
734 5636 965 5722 linguam
996 5636 1128 5722 enim
1158 5652 1311 5722 quam
1342 5637 1518 5691 nullus
1541 5636 1821 5722 ,h'ominnin
1849 5636 2062 5722 domare
2094 5660 2189 5710 ρο-

604 5710 865 5799 ῖεξέ,”ξὲα
908 5711 1157 5784 sapientia
1201 5710 1472 5763 desursum
1516 5710 1845 5767 descendens.
1892 5712 2195 5792 Subditque

2306 4703 2418 4749 tum
2446 4708 2535 4749 res
2562 4703 2708 4767 tanta
2744 4692 2969 4762 petenda
3000 4703 3107 4763 est.

2376 4789 2467 4844 58.
2498 4805 2518 4840 ι
2556 4787 2821 4844 Divinitus
2846 4797 3025 4845 tamen
3055 4788 3323 4860 expianda
3354 4804 3483 4847 esse
3507 4794 3710 4859 peccata
3733 4794 3845 4837 com-

2306 4880 2492 4947 missa,
2540 4890 2596 4938 et
2635 4895 2734 4950 pro
2778 4881 2859 4937 eis
2906 4882 3191 4938 Dominum
3237 4883 3578 4939 exorandum
3620 4880 3843 4935 sistetur.

2311 5085 2532 5132 notam:
2571 5095 2591 5128 ί
2614 5075 2757 5148 llaec
2796 5076 3098 5148 improvide
3137 5080 3395 5136 omittunt
3436 5080 3681 5138 Sebettus
3705 5088 3747 5132 et
3770 5073 3846 5129 lla-

2310 5162 2582 5234 vercamp.
2601 5146 2782 5234 _Paulo
2808 5146 2936 5234 ante
2961 5152 3103 5234 apud
3131 5152 3305 5234 ipsos,
3329 5153 3458 5220 fides
3479 5155 3716 5229 impetret.
3741 5156 3845 5219 pta!-

2308 5222 2563 5275 termissa
2590 5222 2974 5288 conjunctione
3004 5222 3280 5288 et,‘miuus
3305 5236 3478 5279 recte.
3520 5243 3539 5276 ι

2385 5289 2402 5327 ι
2431 5290 2540 5365 βΒ.
2569 5298 2625 5365 et
2654 5289 2929 5360 Galland.,
2963 5296 3004 5348 si
3037 5295 3231 5365 possim
3260 5293 3359 5349 eos'
3375 5295 3490 5365 qui,
3515 5308 3616 5354 etc.

2379 5369 2402 5409 8
2429 5360 2506 5415 Ita
2530 5361 2709 5442 editor
2739 5374 2988 5436 uterque.
3017 5360 3087 5421 At
3118 5364 3225 5420 ΒΒ.
3255 5360 3519 5435 creantur,
3549 5366 3681 5442 quod
3707 5362 3846 5419 minus

2304 5432 2502 5502 placet.
2531 5430 2808 5490 Genuam).

2376 5502 2529 5583 nume
2578 5503 2707 5559 ίῑθιη
2758 5509 3015 5583 omittunt
3064 5513 3506 5583 coniunctionem
3548 5522 3593 5567 et
3634 5507 3846 5583 schelius

2299 5583 2354 5701 Et
2402 5574 2756 5643 Havercamp.
2813 5580 2975 5635 litlt-n't
3032 5571 3190 5661 paula
3238 5593 3378 5655 post,
3422 5597 3537 5653 qua:
3582 5582 3689 5652 ﬁeri
3731 5571 3844 5629 relis-

2350 5658 2577 5701 ΑιιΔΝΙ).

2350 5658 2577 5701 ΑιιΑΝι).
3142 5652 3147 5661 ’
