4110 6168
314 237 453 295 1205

1398 234 1600 291 LIBER
1646 234 1731 290 DE
1770 229 2533 297 ARBITRII'LIBERTATE.
2576 302 2583 308 ,

3471 237 3609 296 1206

314 362 539 425 propter
568 351 786 411 veniam
816 352 1025 409 scilicet
1057 352 1469 427 promerendam
1501 370 1512 411 :
1547 350 1673 423 quia
1696 350 1745 407 id
1768 348 1911 421 quod
1940 351 1990 411 A
2018 349 2235 420 quidem
2266 350 2406 409 bona
2431 370 2551 424 qua:
2574 353 2740 411 habet
2768 354 2822 411 in
2845 354 3201 423 formatione,
3226 356 3359 426 vita,
3378 356 3404 397 ⁸
3425 371 3611 426 sensu,

315 447 512 500 factum
556 453 660 511 est,
695 442 872 499 facere
916 441 1174 501 iniectum
1204 442 1432 499 multum
1465 442 1533 497 ab
1564 444 1665 497 isto
1697 440 1909 497 laudata

311 536 554 611 potentia
586 537 674 591 illa
704 527 916 591 naturae
937 546 991 590 et
1013 535 1265 591 voluntas
1296 535 1566 603 hominis,
1596 534 1759 589 etiam
1793 534 1915 603 ipso

317 630 539 699 fatente,
579 645 685 683 non
720 637 917 699 potest.
960 628 1139 696 Quare
1177 628 1279 682 hac
1306 628 1631 684 necessitate
1662 634 1832 682 restat
1858 632 1917 681 ut

317 735 444 780 oret
489 723 737 794 ignosci:
773 731 832 777 ut
870 732 1047 778 autent
1098 721 1383 792 adjuvetur
1425 736 1493 783 ne
1533 730 1752 792 peccet,
1788 736 1918 777 nus-

317 832 478 890 quam
513 815 687 884 dixit,
732 830 838 872 nou
871 813 959 871 hic
1002 814 1125 885 legi.
1158 814 1349 871 Mirum
1375 813 1444 870 dc
1476 814 1575 871 hac
1605 829 1663 869 re
1694 812 1917 869 omnino

320 909 620 975 silentium,
645 923 765 962 cum
795 907 972 962 oratio
1003 905 1279 962 Dominica
1302 913 1591 975 utrumque
1622 903 1917 975 petendum
1948 924 1951 927 ν

320 1016 443 1059 esse
494 1006 837 1058 commoneat
878 1018 889 1052 :
934 1006 1011 1057 ειη
1042 1008 1099 1053 ut
1138 998 1478 1055 dimittantur
1527 996 1685 1053 nobis
1738 996 1918 1053 debita

324 1101 529 1161 nostra,
559 1104 612 1148 et
638 1100 825 1146 utnon
851 1099 876 1127 ⁸
899 1090 1219 1146 iuducamur
1245 1089 1299 1145 in
1326 1089 1672 1146 tentatiouem
1699 1087 1917 1161 (Matth.

324 1204 398 1254 vt,
433 1188 521 1255 12,
547 1188 660 1257 15).
693 1186 827 1240 lllud
858 1193 917 1239 ut
952 1185 1223 1257 prseterita
1254 1186 1542 1255 eXpientur
1570 1203 1582 1236 :
1615 1185 1722 1240 hoc
1752 1194 1809 1238 ut
1839 1183 1924 1239 fu-

328 1292 444 1336 tura
477 1278 738 1334 vitentur.
771 1277 926 1346 Quod
969 1276 1099 1332 licet
1126 1292 1233 1332 non
1263 1276 1385 1345 ﬁat,
1424 1275 1528 1332 nisi
1557 1276 1806 1331 voluntas
1828 1275 1922 1331 ad-

327 1373 433 1445 sit:
471 1381 651 1425 tamen
690 1379 749 1424 ut
794 1370 916 1436 ﬁat,
952 1367 1206 1425 voluntas
1249 1368 1365 1424 sola
1396 1384 1504 1425 non
1535 1367 1756 1424 sufﬁcit.
1799 1366 1925 1424 Ideo

329 1480 427 1539 pro
470 1464 570 1519 hac
611 1478 690 1528 re,
747 1476 843 1518 nec
882 1460 1177 1533 superﬂua,
1223 1476 1324 1518 nec
1369 1460 1657 1532 impudens
1695 1459 1927 1533 Domino

328 1556 642 1613 immolatur
669 1555 867 1610 oratio.
901 1554 1033 1609 Nam
1064 1554 1193 1626 quid
1229 1554 1469 1623 stultius,
1498 1569 1657 1624 quam
1681 1568 1839 1609 orare
1870 1561 1929 1608 ut

331 1650 516 1719 iacias,
546 1647 690 1721 quod
722 1650 775 1703 in
806 1655 1074 1719 potestate
1103 1645 1337 1703 habeas?

2016 451 2221 511 mente,
2251 458 2281 498 a
2304 459 2519 501 summu
2550 446 2662 502 Deo
2684 445 2870 515 habet,
2902 455 3153 503 creatore
3180 458 3233 503 et
3258 449 3471 506 artiﬁce
3491 464 3614 518 suo,

2015 532 2211 589 vitium
2239 549 2377 591 vero
2400 537 2547 606 quod
2572 537 2674 593 ista
2701 536 2968 593 naturalia
3003 538 3144 594 bona
3171 540 3533 595 eontenebrat
3560 550 3615 597 et

2019 623 2282 694 inﬁrmat,
2314 635 2375 681 ut
2402 627 2801 684 illuminatione
2827 637 2880 684 et
2909 630 3200 686 curatione
3227 644 3366 700 opus
3396 630 3631 699 habeat,

2019 731 2127 771 non
2159 716 2230 771 ab
2257 717 2581 789 inculpabili
2628 718 2845 781 artiﬁce
2874 729 3212 781 contractum
3245 732 3364 788 est,
3411 722 3508 778 sed
3548 737 3615 779 ex

2020 807 2277 878 originali
2301 819 2533 880 peccato
2555 811 2700 881 quod
2736 812 3091 868 commissum
3123 822 3208 870 est
3253 814 3425 870 libero
3461 816 3616 870 arbi-

2022 900 2128 956 trio
2156 919 2170 956 :
2198 915 2263 957 ac
2291 916 2387 972 per
2412 902 2521 959 hoc
2542 913 2737 960 natura
2760 904 2991 975 pcenalis
3010 904 3078 961 ad
3099 905 3398 962 vindictam
3426 906 3618 978 justis-

2022 995 2217 1050 simam
2260 994 2524 1064 pertinet.
2558 995 2668 1050 °Si
2716 996 2862 1052 enim
2908 996 3020 1066 jam
3071 1012 3257 1057 sumus
3311 1000 3363 1053 in
3415 997 3621 1057 Christo

2022 1101 2155 1141 nova
2175 1093 2415 1139 creatura
2442 1084 2512 1156 (il
2539 1084 2664 1142 Cor.
2693 1102 2751 1155 ν,
2785 1085 2877 1159 17)
2903 1105 2917 1142 :
2948 1097 3129 1146 tamen
3178 1106 3383 1145 erantus
3430 1102 3621 1146 natura

2024 1180 2122 1248 ﬁlii
2149 1180 2244 1235 ira:
2268 1185 2401 1234 sicut
2428 1189 2478 1235 et
2498 1181 2691 1237 caeteri.
2713 1180 2855 1237 Deus
2884 1190 3057 1237 autem
3076 1184 3165 1251 qui
3186 1184 3329 1239 diuos
3349 1185 3497 1240 estin
3526 1185 3627 1239 mi-

2023 1270 2312 1324 sericordia
2364 1278 2576 1343 propter
2619 1272 2836 1327 multam
2883 1273 3233 1343 dilectionem,
3283 1292 3386 1346 qua
3436 1276 3625 1331 dilexit

2027 1380 2123 1416 nos
2168 1378 2285 1415 cum
2326 1378 2555 1417 essemus
2600 1364 2795 1418 mortui
2842 1365 3100 1435 peccatis,
3127 1366 3500 1436 conoiviﬁcauit
3530 1383 3626 1423 nos

2028 1452 2456 1525 Christowujus
2512 1455 2685 1526 gratia
2736 1472 2916 1512 sumus
2985 1456 3117 1513 salvi
3191 1460 3338 1530 facti.
3393 1457 3625 1531 (Epiros.

2029 1562 2098 1613 ιι,
2132 1545 2294 1617 2ο5).

2051 1706 2059 1713 ,
2102 1637 2193 1695 40.
2240 1636 2413 1695 Haecf
2446 1638 2609 1711 igitur
2640 1640 2815 1711 gratia
2835 1640 3074 1712 Christi,
3106 1643 3226 1701 sine
3254 1660 3356 1716 qua
3404 1659 3504 1701 nec
3544 1648 3633 1703 in-

402 1744 494 1801 St).
522 1742 640 1812 Jam
682 1757 824 1795 nunc
853 1738 1033 1795 videte
1060 1740 1203 1811 quod
1245 1738 1310 1794 ad
1344 1753 1460 1795 rem
1493 1738 1731 1794 maxime
1763 1738 1930 1807 perli-
1962 1739 2011 1801 Β
2038 1732 2216 1789 iantes
2258 1749 2361 1790 nec
2397 1744 2560 1793 aetate
2598 1738 2835 1808 grandes
2873 1739 3011 1797 salvi
3062 1740 3185 1797 ﬁeri
3225 1753 3494 1813 possunt,
3528 1757 3636 1798 non

335 1843 455 1904 uel,
485 1832 764 1906 quomodo
799 1831 1087 1886 humanam
1120 1837 1366 1886 naturam
1403 1840 1677 1903 tamquam
1710 1829 1932 1890 omnino

334 1926 455 1982 sine
504 1925 636 1980 vitio
685 1924 794 1979 ullo
841 1925 943 1989 sit,
997 1932 1226 1979 conatur
1270 1923 1561 1979 ostendere
1599 1942 1610 1974 :
1645 1932 1700 1977 et
1745 1931 1933 1978 contra

335 2020 711 2091 apertissimas
733 2017 1043 2090 Scripturas
1066 2018 1161 2073 Dei
1197 2018 1430 2073 luctetur
1457 2016 1719 2084 sapientia
1749 2016 1931 2085 verbi,

336 2128 442 2185 qua
472 2120 760 2167 evacuatur
786 2126 920 2167 crux
949 2102 1147 2166 Christi
1181 2110 1231 2182 (Ι
1258 2110 1378 2164 Cor.
1406 2126 1443 2172 ι,
1468 2111 1585 2180 17).
1627 2109 1732 2164 Sed
1779 2110 1935 2178 plane

341 2206 429 2260 illa
451 2222 556 2259 non
578 2204 952 2272 evacuabitur,
970 2204 1068 2257 ista
1088 2204 1266 2274 potius
1288 2202 1551 2272 sapientia
1570 2202 1933 2256 subvertetur.

339 2296 472 2351 Nam
505 2313 628 2352 cum
663 2296 763 2350 hoc
795 2295 1216 2365 ostenderimus,
1251 2293 1426 2348 aderit
1457 2292 1687 2349 fortasse
1723 2293 1937 2346 miseri-

342 2391 525 2445 cordia
548 2389 667 2455 Dei,
693 2398 820 2443 utet
846 2389 1020 2457 ipsum
1043 2387 1160 2443 haec
1175 2387 1376 2442 dixisse
1395 2386 1707 2457 pmniteatn
1736 2384 1937 2451 Primo,

340 2483 543 2552 inquit,
588 2481 659 2536 de
700 2496 766 2536 eo
796 2480 1179 2552 disputandum
1209 2492 1293 2535 est
1318 2498 1328 2531 :
1361 2480 1503 2551 quod
1533 2494 1631 2549 per
1661 2487 1940 2548 peccatum

344 2576 628 2632 debilitata
668 2576 870 2630 dicitur
923 2584 980 2629 et
1026 2574 1307 2629 immutata
1356 2581 1568 2629 natura.
1624 2571 1773 2629 Unde
1817 2582 1944 2629 ante

343 2669 526 2723 omnia
558 2668 904 2738 quaerendum
940 2675 1089 2737 puto,
1118 2666 1321 2737 inquit,
1352 2665 1481 2737 quid
1513 2664 1583 2720 sit
1618 2676 1899 2735 peccatum
1927 2684 1938 2717 :

346 2764 647 2818 substantia
680 2761 861 2832 aliqua
886 2803 900 2827 ,
944 2777 1010 2815 an
1039 2758 1067 2798 ι)
1095 2760 1247 2815 omni
1288 2759 1588 2817 substantia
1630 2773 1822 2814 carens
1850 2774 1946 2814 no.

352 2868 498 2921 meu‘,
542 2871 648 2929 quo
700 2869 805 2911 non
850 2868 962 2922 res,
994 2869 1102 2908 non
1133 2853 1442 2919 existentia,
1482 2867 1587 2907 non
1615 2865 1815 2921 corpus
1844 2851 1944 2906 ali-

351 2949 520 3020 quod,
552 2948 648 3005 sed
678 2963 962 3021 perperam
993 2946 1117 3001 tacti
1143 2956 1295 3001 actus
1326 2944 1667 3015 exprimitur.
1694 2961 1712 2995 ι
1744 2943 1949 2999 Deinde

351 3042 632 3113 adjungit:
663 3059 681 3093 ι
711 3038 890 3096 Credo
922 3039 995 3095 ita
1021 3046 1124 3094 est.
1154 3037 1223 3093 Et
1254 3037 1299 3090 si
1340 3037 1412 3090 ita
1444 3044 1550 3104 est,
1585 3035 1778 3106 inquit,
1816 3048 1949 3105 quo-

2038 1828 2246 1884 meritis
2279 1827 2547 1898 redditur,
2596 1830 2691 1886 sed
2730 1833 2903 1902 gratis
2930 1832 3131 1890 datur:
3159 1844 3382 1905 propter
3408 1836 3552 1907 quod
3583 1847 3641 1893 et

2037 1919 2211 1989 gratia
2260 1918 2574 1979 nominatur
2619 1940 2630 1974 :
2673 1921 2984 1992 Justiﬁcati.
3038 1926 3245 1997 inquit,
3297 1928 3496 1999 gratis,
3551 1945 3643 1998 per

2037 2015 2349 2085 sanguinem
2398 2015 2567 2085 ipsius
2598 2016 2787 2087 (Rom.
2825 2033 2913 2083 Ill,
2958 2017 3081 2088 24).
3116 2017 3271 2074 Unde
3314 2019 3372 2075 bi
3410 2022 3503 2091 qui
3534 2037 3641 2077 non

2041 2121 2138 2177 per
2163 2107 2307 2162 illam
2339 2106 2668 2175 liberantur,
2709 2108 2827 2165 sive
2880 2112 3005 2180 quia
3046 2110 3235 2167 audire
3275 2113 3516 2171 nondum
3548 2128 3644 2184 po-

2043 2209 2283 2266 tuerunt,
2310 2200 2427 2257 sive
2458 2201 2581 2271 quia
2605 2202 2831 2258 obedire
2860 2202 3175 2269 noluerunt,
3197 2203 3310 2259 sive
3327 2204 3492 2260 etiam
3517 2220 3639 2263 cum

2042 2307 2139 2364 per
2169 2303 2390 2349 aetatem
2425 2294 2617 2350 audire
2648 2311 2755 2351 non
2808 2307 3067 2367 possent,
3105 2298 3379 2357 lavacrum
3415 2315 3642 2369 regene-

2044 2386 2274 2441 rationis
2311 2385 2456 2459 quod
2485 2388 2738 2459 accipere
2777 2395 3027 2458 possent,
3066 2403 3161 2459 per
3182 2374 3331 2461 quod
3368 2388 3506 2445 salvi
3548 2392 3647 2447 lie-

2045 2488 2192 2549 rcnt,
2214 2476 2381 2551 628
2402 2494 2509 2534 non
2539 2476 2888 2550 acceperunt,
2906 2480 3055 2552 juste
3073 2480 3261 2551 utique
3284 2479 3644 2541 damnantur:

2040 2572 2173 2643 quia
2202 2574 2322 2627 sine
2369 2582 2593 2645 peccato
2644 2587 2751 2628 non
2797 2581 2949 2640 sunt,
2980 2573 3067 2630 vel
3114 2572 3261 2644 quod
3303 2572 3647 2645 originaliter

2049 2672 2327 2718 traxerunt
2358 2680 2368 2715 :
2397 2662 2480 2717 vel
2507 2660 2652 2733 quod
2675 2663 2833 2717 malis
2862 2663 3107 2719 moribus
3136 2662 3484 2721 addiderunt.
3518 2665 3649 2719 0m-

2049 2772 2140 2813 nes
2173 2755 2307 2809 enim
2338 2764 2698 2824 peccaverunt,
2717 2756 2830 2812 sive
2860 2755 2916 2811 in
2948 2755 3145 2822 Adam,
3180 2757 3297 2813 sive
3326 2756 3378 2813 in
3418 2759 3651 2831 seipsis:

2051 2858 2097 2903 ct
2120 2858 2267 2922 egent
2292 2849 2465 2920 gloria
2487 2846 2584 2902 Dei
2605 2846 2796 2918 (Ibid.,
2816 2847 2932 2918 25).

2122 2943 2213 2998 «ii.
2240 2940 2505 2999 Universa
2537 2942 2700 3013 igitur
2728 2954 2909 2997 massa
2941 2956 3132 3013 poenas
3153 2942 3335 3003 debet.
3363 2943 3433 3000 Et
3462 2944 3507 3001 si
3537 2960 3656 3009 om-

2056 3033 2221 3089 nibus
2249 3033 2490 3090 debitum
2532 3033 2896 3093 damnationis
2942 3033 3274 3106 supplicium
3308 3035 3652 3108 redderetur,

355 3133 517 3189 modo
545 3132 718 3204 potuit
746 3130 1040 3187 humanam
1090 3128 1377 3185 debilitare
1421 3128 1506 3183 vel
1544 3134 1753 3181 nmtare
1799 3134 1951 3179 uatu-
1984 3121 2031 3185 C
2063 3141 2170 3182 non
2196 3126 2395 3197 injuste
2426 3126 2781 3198 proculdubio
2818 3126 3166 3183 redderetur.
3206 3127 3309 3195 Qui
3346 3143 3477 3199 ergo
3528 3129 3654 3191 inde

354 3241 504 3292 ram,
541 3225 683 3297 quod
712 3224 1017 3281 substantia
1056 3223 1245 3279 caret?
1274 3242 1293 3276 ι
1327 3221 1553 3287 Videte,
1587 3235 1796 3289 quaeso,
1826 3234 1960 3291 quo-

359 3317 521 3372 modo
579 3316 828 3372 nesciens
897 3316 1101 3370 nitatur
1168 3322 1414 3369 evertere
1454 3312 1617 3386 627
1658 3311 1957 3367 medicina-

362 3412 493 3464 liutn
568 3408 913 3479 cluquiorum
960 3407 1352 3462 saluberrimas
1406 3420 1567 3461 voces
1609 3423 1620 3457 :
1655 3402 1769 3476 Ego
1823 3404 1958 3473 dixi,

360 3500 608 3568 Domine,
670 3503 911 3554 miserere
962 3500 1096 3568 mei,
1129 3515 1262 3552 sana
1302 3484 1531 3551 animum
1583 3512 1784 3563 meam,
1839 3496 1962 3566 quia

362 3594 568 3661 peccavi
624 3593 717 3647 tibi
748 3590 923 3664 (Psal.
968 3606 1057 3657 η,
1090 3591 1170 3661 5).
1232 3589 1373 3657 Quid
1427 3596 1690 3652 sanatur,
1723 3587 1769 3641 si
1826 3586 1959 3641 nihil

367 3698 451 3741 cst
501 3687 892 3753 vulneratum,
938 3684 1074 3739 nihil
1122 3683 1425 3738 sauciatum
1454 3722 1469 3748 ,
1516 3680 1654 3734 nihil
1711 3679 1961 3734 debilita-

366 3790 477 3834 ttnn
524 3789 691 3849 atque
738 3777 1022 3833 vitiatum?
1063 3775 1237 3830 Porro
1285 3775 1332 3829 si
1392 3782 1476 3829 est
1513 3772 1657 3844 quod
1714 3781 1959 3840 sanetur,

364 3872 507 3926 unde
530 3872 778 3925 vitiatum
803 3881 884 3925 est
901 3869 923 3923 ?
940 3867 1111 3923 Audis
1133 3864 1509 3933 conﬁtentem,
1528 3864 1656 3934 quid
1679 3863 1964 3918 desideras

364 3960 776 4032 disputantem?
804 3960 975 4026 Sana,
1024 3960 1237 4029 inquit,
1270 3957 1503 4030 anitnom
1541 3971 1730 4010 meam.
1757 3954 1840 4009 Ab
1870 3952 1965 4007 illo

365 4071 550 4125 quaere
578 4055 724 4110 unde
756 4056 1001 4109 vitiatum
1030 4053 1139 4120 sit,
1164 4052 1308 4121 quod
1335 4049 1516 4105 sanari
1542 4058 1698 4119 rogat
1721 4063 1735 4099 :
1756 4057 1810 4103 et
1835 4045 1965 4101 audi

367 4147 509 4218 quod
538 4146 786 4217 sequitur
811 4161 825 4199 :
847 4145 1093 4215 quoniam
1118 4142 1319 4213 peccavi
1348 4141 1460 4194 tibi.
1488 4138 1645 4195 Hunc
1671 4139 1772 4194 iste
1798 4140 1965 4193 inter-

369 4247 545 4310 roget,
578 4239 645 4294 ab
676 4239 781 4293 isto
813 4246 1054 4308 queret,
1093 4235 1237 4305 quod
1284 4235 1640 4306 quaerendum
1689 4240 1844 4301 putat
1868 4272 1882 4298 ,
1913 4240 1968 4286 et

368 4332 545 4387 dicat:
571 4333 615 4386 Ο
644 4340 721 4397 ιιι,
748 4330 840 4401 qui
870 4331 1245 4393 clanias,sana
1269 4329 1501 4381 animam
1521 4325 1966 4394 meam,quoniam

370 4426 596 4496 peccavi,
646 4425 772 4494 quid
826 4434 902 4479 est
946 4421 1255 4495 peccatum?
1300 4419 1622 4477 Substautia
1651 4419 1865 4487 aliqua,
1899 4431 1965 4471 an

2065 3235 2161 3291 per
2180 3220 2408 3288 gratiam
2435 3219 2736 3275 liberantur
2760 3236 2772 3274 :
2794 3234 2900 3275 non
2921 3234 3045 3275 vasa
3062 3222 3381 3276 meritorum
3409 3238 3657 3291 suorum,

2062 3314 2160 3370 sed
2191 3328 2318 3369 vasa
2344 3313 2742 3368 misericordiae
2766 3311 3321 3383 uominautur.Cujus
3349 3314 3662 3370 misericor-

2061 3406 2201 3462 diu)?
2230 3405 2330 3461 nisi
2390 3405 2537 3460 illius
2566 3406 2655 3476 qui
2697 3403 2963 3459 Christum
3004 3402 3186 3461 Iesum
3229 3406 3371 3460 misit
3416 3407 3469 3460 in
3521 3406 3662 3463 hunc

2062 3498 2312 3552 mundum
2341 3507 2635 3567 peccatores
2664 3500 2834 3552 salvos
2857 3501 3036 3568 facere
3058 3496 3109 3569 (Ι
3139 3495 3280 3551 Tim.
3314 3514 3366 3569 ι,
3391 3499 3511 3568 15),
3539 3515 3667 3570 quos

2063 3593 2320 3663 prwscivit
2351 3601 2397 3645 et
2450 3591 2837 3663 pra’destinauit
2856 3635 2869 3661 ,
2905 3600 2952 3645 et
2978 3592 3207 3655 vocavit,
3241 3602 3289 3643 et
3305 3592 3659 3663 justi/ienuit,

2063 3694 2109 3737 cl
2139 3682 2453 3753 gloriﬁcavit
2484 3682 2677 3748 (Rom.
2711 3698 2826 3748 \‘lll,
2858 3681 2951 3748 29,
2980 3682 3105 3752 se).
3138 3681 3273 3750 Quis
3305 3682 3468 3751 igitur
3494 3670 3668 3754 usque

2063 3775 2202 3831 adeo
2233 3766 2642 3830 denicntisﬁme
2678 3774 2947 3839 insaniat,
2980 3782 3035 3828 ut
3062 3788 3169 3828 non
3208 3784 3335 3843 agat
3358 3773 3667 3832 inetl'abiles

2065 3867 2268 3938 gratias
2315 3865 2728 3934 misericordiae,
2773 3880 2910 3937 quos
2950 3865 3161 3931 voluit,
3211 3865 3496 3924 liberautis
3524 3912 3538 3938 ,
3571 3867 3667 3938 qui

2065 3967 2216 4014 recte
2245 3958 2393 4014 nullo
2440 3957 2601 4014 modo
2647 3967 2872 4029 possent
2919 3958 3141 4028 culpare
3189 3958 3497 4030 justitiam,
3530 3960 3660 4015 uni-

2066 4065 2260 4106 versos
2287 4050 2515 4103 omnino
2543 4049 2887 4103 datunautis:
2921 4049 3036 4105 lloc
3082 4050 3128 4105 si
3178 4049 3480 4109 secundum
3524 4049 3673 4107 Scri-

2069 4156 2257 4217 pturas
2299 4145 2599 4214 sapiamus,
2636 4159 2742 4198 non
2785 4145 3033 4214 cogimur
3076 4153 3268 4200 contra
3304 4143 3670 4200 Christianam

2068 4237 2299 4309 gratiam
2327 4235 2635 4306 diSputare,
2668 4244 2725 4288 et
2746 4249 2809 4289 ea
2832 4234 3038 4299 dicere,
3068 4236 3265 4305 quibus
3286 4236 3674 4290 demonstrare

2070 4344 2334 4384 conemur
2382 4340 2632 4382 naturam
2663 4326 2951 4381 humanam
2985 4342 3159 4399 neque
3190 4329 3243 4381 in
3276 4327 3517 4398 parvulis
3550 4342 3655 4382 mea

2072 4420 2196 4476 dico
2226 4418 2472 4490 indigere
2496 4459 2509 4484 ,
2567 4417 2693 4487 quia
2727 4433 2856 4472 sana
2900 4428 2978 4472 est
3000 4459 3015 4485 ,
3071 4429 3125 4474 et
3157 4419 3207 4472 iu
3244 4417 3541 4488 majoribus
3572 4417 3703 4473 sibi'

370 4518 522 4573 omni
554 4518 857 4572 substantia
907 4529 1102 4571 carens
1150 4529 1372 4579 nomen.
1405 4527 1517 4583 quo
1565 4526 1673 4565 ιιοη
1708 4526 1826 4576 Γοεν
1858 4524 1966 4564 non
1999 4498 2047 4559 Ι)
2078 4517 2249 4586 ipsam
2283 4513 2350 4569 ad
2388 4511 2656 4581 justitiam
2702 4512 2747 4565 si
2780 4512 2943 4575 velit,
2991 4526 3152 4583 posse
3196 4512 3471 4567 sulticerc.
3501 4513 3675 4568 Acute

372 4611 697 4677 existentia,
736 4625 842 4662 nou
876 4622 1075 4678 corpus
1105 4607 1361 4677 aliquod,
1396 4606 1496 4662 sed
1534 4616 1746 4661 tantum
1776 4617 1975 4672 perpe-

373 4719 491 4759 ram
519 4702 645 4757 l‘acti
671 4709 826 4756 actus
850 4700 1205 4771 exprimitur?
1228 4700 1536 4771 Respondit.
1565 4700 1693 4754 ille:
1726 4716 1744 4748 (
1768 4697 1840 4752 Ita
1867 4704 1972 4765 est,

373 4807 433 4852 ut
462 4797 619 4851 dicis.
655 4797 769 4850 Non
818 4803 902 4851 est
946 4806 1229 4866 peccatum
1273 4796 1454 4865 aliqua
1498 4794 1801 4849 substantia
1830 4834 1844 4859 ,
1877 4795 1970 4850 sed

376 4902 584 4948 tantum
607 4890 708 4946 hoc
724 4892 943 4946 nomine
965 4905 1253 4961 perperam
1274 4890 1398 4945 facti
1414 4903 1566 4945 actus
1588 4891 1931 4961 exprimitur.
1947 4911 1966 4945 ι

378 4986 448 5041 Ει
472 4996 659 5041 contra
689 4989 811 5043 iste.
829 4987 968 5055 Quid
993 5003 1124 5059 ergo
1147 4987 1371 5052 clamas,
1399 5000 1529 5042 sana
1550 4984 1780 5037 animant
1805 5002 1973 5039 meam

377 5082 623 5151 quoniam
653 5082 862 5150 peccari
898 5081 1033 5135 tibi?
1059 5084 1345 5151 Quomodo
1379 5086 1553 5155 potuit
1578 5086 1758 5142 vitiari
1788 5091 1970 5145 anima

382 5173 559 5244 luat"c
587 5174 797 5229 Medico
847 5173 1097 5246 indiget:
1137 5177 1264 5247 quia
1311 5193 1443 5234 sana
1492 5191 1598 5238 non
1647 5193 1750 5239 εει.
1783 5180 1975 5239 Omnia

455 5324 481 5350 ⁸
511 5311 614 5367 BB.
650 5321 700 5366 et
728 5308 1007 5383 Galiand.,
1039 5313 1349 5383 inferamur.

457 5384 482 5423 b
513 5383 615 5451 BB.
650 5392 705 5436 et
730 5380 1006 5451 Gallaud.,
1039 5380 1254 5439 omnino
1278 5386 1586 5445 substantia.

460 5469 480 5493 c
516 5453 644 5531 Haec
689 5467 752 5531 es
799 5453 965 5508 citato
1010 5455 1302 5531 Augustini
1348 5458 1487 5513 libro
1531 5476 1651 5531 cap.
1685 5466 1739 5527 ‘5,
1773 5480 1894 5531 quia
1922 5473 1983 5520 ut

388 5525 829 5606 prmcedentibus
858 5530 1204 5606 consociaret
1252 5538 1563 5606 excerptor,
1589 5525 1984 5606 Augustiniana

389 5596 690 5675 contraxit.
726 5596 998 5675 sceuiin
1045 5597 1103 5653 S.
1151 5596 1366 5675 Doctor
1414 5596 1513 5655 sub
1549 5596 1706 5661 linem
1740 5622 1860 5675 cap.
1895 5607 1984 5673 19,

389 5668 654 5747 quomodo
676 5665 841 5735 potuit
866 5668 1047 5721 vitiare
1073 5669 1303 5723 anintam
1330 5678 1506 5739 tuam,
1530 5677 1669 5747 quod
1698 5665 1991 5733 substantia

399 5737 537 5795 caret
564 5739 587 5791 ἶ)
614 5737 889 5797 Causae.

2080 4612 2179 4682 ipsi
2212 4611 2467 4665 videntur
2518 4607 2636 4662 ba-c
2686 4605 2917 4661 dicere:
2957 4605 3052 4661 sed
3101 4607 3153 4660 in
3186 4606 3441 4678 sapientia
3479 4604 3634 4661 Verbi
3658 4646 3677 4672 ,

2078 4720 2181 4774 qua
2218 4712 2492 4757 evacuatur
2538 4715 2669 4753 crux
2720 4697 2918 4753 Christi
2957 4697 3006 4768 (I
3040 4695 3159 4751 Cor.
3198 4714 3251 4763 ι,
3284 4696 3396 4769 17).
3450 4695 3573 4751 Νοη
3600 4706 3675 4752 cst

2079 4798 2181 4850 ista
2226 4794 2483 4867 sapientia
2540 4794 2813 4847 desursum
2860 4792 3174 4845 descendens
3204 4787 3366 4861 (Jac.
3401 4806 3494 4855 Ill,
3544 4788 3675 4861 15).

2082 4890 2215 4945 Nolo
2243 4889 2386 4960 quod
2425 4889 2673 4957 sequitur
2709 4887 2926 4952 dicere,
2977 4902 3044 4940 ne
3086 4884 3277 4939 amicis
3308 4886 3513 4938 nostris
3538 4899 3679 4955 quo-

2082 5002 2197 5043 rum
2223 4984 2519 5039 fortissima
2552 4991 2607 5038 et
2629 4993 2652 5031 ts
2676 4981 2953 5037 acerrima
2979 4979 3221 5050 ingenia,
3247 4993 3353 5047 non
3378 4979 3430 5033 in
3461 4994 3682 5049 perver-

2083 5095 2224 5144 sum,
2257 5077 2356 5135 sed
2388 5079 2440 5133 in
2475 5079 2745 5135 directum
2784 5087 3009 5131 currere
3052 5073 3325 5141 volumus,
3360 5071 3538 5128 facere
3565 5072 3682 5126 exi-

2087 5177 2373 5231 SIimeniur
2394 5172 2670 5244 injuriam.

2157 5316 2183 5356 ἀ
2220 5315 2325 5371 ΒΒ.
2352 5321 2404 5365 et
2433 5306 2712 5373 Galland.,
2744 5303 3002 5359 sensibus.

2160 5400 2183 5426 ο
2218 5386 2322 5440 BB.
2356 5379 2655 5449 legendum
2674 5371 2769 5449 etsi
2795 5373 3111 5449 conjiciunt.
3146 5371 3422 5449 ϐΑιιΑιω.

2167 5458 2183 5496 ί
2220 5457 2296 5511 Ita
2322 5440 2603 5509 Scliottus.
2638 5448 2742 5502 Bli.
2778 5453 2835 5500 et
2864 5440 3140 5511 Calland.,
3177 5440 3302 5497 litvo
3328 5450 3518 5496 autent.

2164 5540 2188 5578 (ς
2221 5510 2524 5584 Celerrima.
2556 5521 2645 5574 Sic
2673 5518 2778 5573 BB.
2808 5517 2942 5586 Qua:
2987 5510 3207 5587 quidem
3249 5513 3411 5567 lcetio
3447 5510 3687 5568 concinit

2098 5619 2220 5661 cum
2247 5604 2387 5666 seq.,
2421 5606 2647 5646 currere.
2686 5594 2751 5644 At
2783 5585 3085 5645 Schottiet
3115 5585 3504 5655 llavet'camp.,
3535 5598 3686 5637 acer-

2096 5678 2253 5731 rima.
2283 5669 2563 5725 GALLAND.
