  <div class='ocr_page' id='page_1' title='image "/cluster/home/n/w/nwhite01/storage/ocr_20150623/31/hvd.32044096580543/609.png"; bbox 0 0 4074 6170; ppageno 0'>
   <div class='ocr_carea' id='block_1_1' title="bbox 441 1099 2130 1172">
    <p class='ocr_par' dir='ltr' id='par_1_1' title="bbox 441 1099 2130 1172">
     <span class='ocr_line' id='line_1_1' title="bbox 441 1099 2130 1172; baseline -0.001 -16"><span class='ocrx_word' id='word_1_1' title='bbox 441 1162 449 1169; x_wconf 54' lang='grc'><strong>,</strong></span> <span class='ocrx_word' id='word_1_2' title='bbox 532 1103 604 1157; x_wconf 88' lang='lat' dir='ltr'><strong>ab</strong></span> <span class='ocrx_word' id='word_1_3' title='bbox 632 1104 866 1172; x_wconf 78' lang='lat' dir='ltr'><strong>sciente,</strong></span> <span class='ocrx_word' id='word_1_4' title='bbox 898 1117 966 1157; x_wconf 90' lang='lat' dir='ltr'><strong>ne</strong></span> <span class='ocrx_word' id='word_1_5' title='bbox 984 1101 1131 1157; x_wconf 91' lang='lat' dir='ltr'><strong>illum</strong></span> <span class='ocrx_word' id='word_1_6' title='bbox 1150 1100 1244 1171; x_wconf 90' lang='lat' dir='ltr'><strong>qni</strong></span> <span class='ocrx_word' id='word_1_7' title='bbox 1273 1114 1396 1157; x_wconf 89' lang='lat' dir='ltr'><strong>eum</strong></span> <span class='ocrx_word' id='word_1_8' title='bbox 1420 1099 1663 1170; x_wconf 78' lang='lat' dir='ltr'><strong>scripsit,</strong></span> <span class='ocrx_word' id='word_1_9' title='bbox 1686 1099 2130 1157; x_wconf 84' lang='lat' dir='ltr'><strong>neCliristianum</strong></span> 
     </span>
    </p>
   </div>
   <div class='ocr_carea' id='block_1_2' title="bbox 527 220 3788 335">
    <p class='ocr_par' dir='ltr' id='par_1_2' title="bbox 527 220 3788 335">
     <span class='ocr_line' id='line_1_2' title="bbox 527 220 3788 335; baseline 0.001 -36"><span class='ocrx_word' id='word_1_10' title='bbox 527 244 664 335; x_wconf 65' lang='lat' dir='ltr'><strong>iam</strong></span> <span class='ocrx_word' id='word_1_11' title='bbox 1926 240 2131 301; x_wconf 84' lang='lat' dir='ltr'><strong>PAULI</strong></span> <span class='ocrx_word' id='word_1_12' title='bbox 2171 220 2397 302; x_wconf 78' lang='lat' dir='ltr'><strong>unus&quot;</strong></span> <span class='ocrx_word' id='word_1_13' title='bbox 3677 244 3788 303; x_wconf 71' lang='lat' dir='ltr'><strong>tatis</strong></span> 
     </span>
    </p>
   </div>
   <div class='ocr_carea' id='block_1_3' title="bbox 595 358 3788 434">
    <p class='ocr_par' dir='ltr' id='par_1_3' title="bbox 595 358 3788 434">
     <span class='ocr_line' id='line_1_3' title="bbox 595 358 3788 434; baseline 0.002 -18"><span class='ocrx_word' id='word_1_14' title='bbox 595 365 686 416; x_wconf 66' lang='grc'><strong>42.</strong></span> <span class='ocrx_word' id='word_1_15' title='bbox 717 359 933 429; x_wconf 86' lang='lat' dir='ltr'><strong>Quanto</strong></span> <span class='ocrx_word' id='word_1_16' title='bbox 963 360 1131 430; x_wconf 82' lang='lat' dir='ltr'><strong>igitur</strong></span> <span class='ocrx_word' id='word_1_17' title='bbox 1153 369 1177 398; x_wconf 72' lang='grc' dir='ltr'><strong>ει</strong></span> <span class='ocrx_word' id='word_1_18' title='bbox 1204 358 1411 429; x_wconf 88' lang='lat' dir='ltr'><strong>majore</strong></span> <span class='ocrx_word' id='word_1_19' title='bbox 1441 358 1566 413; x_wconf 87' lang='lat' dir='ltr'><strong>zelo</strong></span> <span class='ocrx_word' id='word_1_20' title='bbox 1587 371 1851 414; x_wconf 87' lang='lat' dir='ltr'><strong>accensus</strong></span> <span class='ocrx_word' id='word_1_21' title='bbox 1876 364 1964 414; x_wconf 82' lang='lat' dir='ltr'><strong>est</strong></span> <span class='ocrx_word' id='word_1_22' title='bbox 1994 360 2116 416; x_wconf 83' lang='lat' dir='ltr'><strong>libri</strong></span> <span class='ocrx_word' id='word_1_23' title='bbox 2147 366 2194 428; x_wconf 86' lang='grc' dir='ltr'><strong>Α</strong></span> <span class='ocrx_word' id='word_1_24' title='bbox 2222 363 2503 423; x_wconf 86' lang='lat' dir='ltr'><strong>subveniri</strong></span> <span class='ocrx_word' id='word_1_25' title='bbox 2538 371 2715 419; x_wconf 89' lang='lat' dir='ltr'><strong>morte</strong></span> <span class='ocrx_word' id='word_1_26' title='bbox 2744 369 3106 434; x_wconf 70' lang='lat' dir='ltr'><strong>prmventum,</strong></span> <span class='ocrx_word' id='word_1_27' title='bbox 3132 361 3337 418; x_wconf 85' lang='lat' dir='ltr'><strong>idcirco</strong></span> <span class='ocrx_word' id='word_1_28' title='bbox 3369 361 3532 417; x_wconf 91' lang='lat' dir='ltr'><strong>talem</strong></span> <span class='ocrx_word' id='word_1_29' title='bbox 3555 362 3724 431; x_wconf 85' lang='lat' dir='ltr'><strong>fuisse,</strong></span> <span class='ocrx_word' id='word_1_30' title='bbox 3745 367 3788 422; x_wconf 94' lang='lat' dir='ltr'><strong>id</strong></span> 
     </span>
    </p>
   </div>
   <div class='ocr_carea' id='block_1_4' title="bbox 527 452 3791 529">
    <p class='ocr_par' dir='ltr' id='par_1_4' title="bbox 527 452 3791 529">
     <span class='ocr_line' id='line_1_4' title="bbox 527 452 3791 529; baseline 0 -17"><span class='ocrx_word' id='word_1_31' title='bbox 527 456 689 527; x_wconf 80' lang='lat' dir='ltr'><strong>hujus</strong></span> <span class='ocrx_word' id='word_1_32' title='bbox 715 470 876 526; x_wconf 84' lang='lat' dir='ltr'><strong>quem</strong></span> <span class='ocrx_word' id='word_1_33' title='bbox 908 454 1136 510; x_wconf 89' lang='lat' dir='ltr'><strong>misistis</strong></span> <span class='ocrx_word' id='word_1_34' title='bbox 1164 453 1436 518; x_wconf 91' lang='lat' dir='ltr'><strong>conditor,</strong></span> <span class='ocrx_word' id='word_1_35' title='bbox 1469 452 1732 509; x_wconf 86' lang='lat' dir='ltr'><strong>adversus</strong></span> <span class='ocrx_word' id='word_1_36' title='bbox 1760 468 1854 508; x_wconf 82' lang='lat' dir='ltr'><strong>eos</strong></span> <span class='ocrx_word' id='word_1_37' title='bbox 1879 455 1971 523; x_wconf 90' lang='lat' dir='ltr'><strong>qui</strong></span> <span class='ocrx_word' id='word_1_38' title='bbox 2000 469 2124 523; x_wconf 85' lang='lat' dir='ltr'><strong>pec-</strong></span> <span class='ocrx_word' id='word_1_39' title='bbox 2229 471 2344 527; x_wconf 83' lang='lat' dir='ltr'><strong>est,</strong></span> <span class='ocrx_word' id='word_1_40' title='bbox 2389 460 2508 513; x_wconf 90' lang='lat' dir='ltr'><strong>sine</strong></span> <span class='ocrx_word' id='word_1_41' title='bbox 2551 459 2767 513; x_wconf 84' lang='lat' dir='ltr'><strong>lavacro</strong></span> <span class='ocrx_word' id='word_1_42' title='bbox 2808 458 3239 528; x_wconf 74' lang='lat' dir='ltr'><strong>regenerationis</strong></span> <span class='ocrx_word' id='word_1_43' title='bbox 3282 457 3497 529; x_wconf 78' lang='lat' dir='ltr'><strong>exisse,</strong></span> <span class='ocrx_word' id='word_1_44' title='bbox 3540 457 3655 529; x_wconf 83' lang='lat' dir='ltr'><strong>quia</strong></span> <span class='ocrx_word' id='word_1_45' title='bbox 3691 473 3791 516; x_wconf 78' lang='lat' dir='ltr'><strong>esse</strong></span> 
     </span>
    </p>
   </div>
   <div class='ocr_carea' id='block_1_5' title="bbox 528 544 3791 622">
    <p class='ocr_par' dir='ltr' id='par_1_5' title="bbox 528 544 3791 622">
     <span class='ocr_line' id='line_1_5' title="bbox 528 544 3791 622; baseline 0 -17"><span class='ocrx_word' id='word_1_46' title='bbox 528 551 665 605; x_wconf 89' lang='lat' dir='ltr'><strong>catis</strong></span> <span class='ocrx_word' id='word_1_47' title='bbox 693 549 809 604; x_wconf 88' lang='lat' dir='ltr'><strong>suis</strong></span> <span class='ocrx_word' id='word_1_48' title='bbox 847 546 1209 619; x_wconf 77' lang='lat' dir='ltr'><strong>patrocinium</strong></span> <span class='ocrx_word' id='word_1_49' title='bbox 1243 547 1313 601; x_wconf 93' lang='lat' dir='ltr'><strong>de</strong></span> <span class='ocrx_word' id='word_1_50' title='bbox 1357 553 1549 600; x_wconf 89' lang='lat' dir='ltr'><strong>natura</strong></span> <span class='ocrx_word' id='word_1_51' title='bbox 1589 544 1842 600; x_wconf 82' lang='lat' dir='ltr'><strong>humanae</strong></span> <span class='ocrx_word' id='word_1_52' title='bbox 1896 544 2127 601; x_wconf 85' lang='lat' dir='ltr'><strong>inlirmi-</strong></span> <span class='ocrx_word' id='word_1_53' title='bbox 2230 551 2376 607; x_wconf 90' lang='lat' dir='ltr'><strong>aliud</strong></span> <span class='ocrx_word' id='word_1_54' title='bbox 2413 566 2521 607; x_wconf 93' lang='lat' dir='ltr'><strong>non</strong></span> <span class='ocrx_word' id='word_1_55' title='bbox 2561 551 2757 622; x_wconf 88' lang='lat' dir='ltr'><strong>potuit.</strong></span> <span class='ocrx_word' id='word_1_56' title='bbox 2797 550 3065 605; x_wconf 80' lang='lat' dir='ltr'><strong>Absolvat</strong></span> <span class='ocrx_word' id='word_1_57' title='bbox 3101 565 3238 622; x_wconf 86' lang='lat' dir='ltr'><strong>ergo</strong></span> <span class='ocrx_word' id='word_1_58' title='bbox 3281 565 3406 606; x_wconf 91' lang='lat' dir='ltr'><strong>eum</strong></span> <span class='ocrx_word' id='word_1_59' title='bbox 3447 558 3503 605; x_wconf 86' lang='lat' dir='ltr'><strong>et</strong></span> <span class='ocrx_word' id='word_1_60' title='bbox 3540 552 3727 622; x_wconf 87' lang='lat' dir='ltr'><strong>aperiat</strong></span> <span class='ocrx_word' id='word_1_61' title='bbox 3749 556 3791 610; x_wconf 85' lang='lat' dir='ltr'><strong>ei</strong></span> 
     </span>
    </p>
   </div>
   <div class='ocr_carea' id='block_1_6' title="bbox 535 633 3790 717">
    <p class='ocr_par' dir='ltr' id='par_1_6' title="bbox 535 633 3790 717">
     <span class='ocr_line' id='line_1_6' title="bbox 535 633 3790 717; baseline 0.002 -21"><span class='ocrx_word' id='word_1_62' title='bbox 535 641 662 697; x_wconf 87' lang='lat' dir='ltr'><strong>tatis</strong></span> <span class='ocrx_word' id='word_1_63' title='bbox 691 640 1013 712; x_wconf 89' lang='lat' dir='ltr'><strong>perquirunt</strong></span> <span class='ocrx_word' id='word_1_64' title='bbox 1043 658 1056 694; x_wconf 89' lang='lat'><strong>:</strong></span> <span class='ocrx_word' id='word_1_65' title='bbox 1086 649 1239 695; x_wconf 89' lang='lat' dir='ltr'><strong>tanto</strong></span> <span class='ocrx_word' id='word_1_66' title='bbox 1261 647 1316 693; x_wconf 88' lang='lat' dir='ltr'><strong>et</strong></span> <span class='ocrx_word' id='word_1_67' title='bbox 1345 637 1516 693; x_wconf 91' lang='lat' dir='ltr'><strong>multo</strong></span> <span class='ocrx_word' id='word_1_68' title='bbox 1545 638 1859 695; x_wconf 84' lang='lat' dir='ltr'><strong>ardentiore</strong></span> <span class='ocrx_word' id='word_1_69' title='bbox 1887 640 2007 695; x_wconf 87' lang='lat' dir='ltr'><strong>zelo</strong></span> <span class='ocrx_word' id='word_1_70' title='bbox 2028 654 2127 696; x_wconf 90' lang='lat' dir='ltr'><strong>nos</strong></span> <span class='ocrx_word' id='word_1_71' title='bbox 2231 646 2418 700; x_wconf 87' lang='lat' dir='ltr'><strong>contra</strong></span> <span class='ocrx_word' id='word_1_72' title='bbox 2460 642 2787 700; x_wconf 84' lang='lat' dir='ltr'><strong>sententiam</strong></span> <span class='ocrx_word' id='word_1_73' title='bbox 2832 641 3043 698; x_wconf 87' lang='lat' dir='ltr'><strong>Domini</strong></span> <span class='ocrx_word' id='word_1_74' title='bbox 3081 633 3310 713; x_wconf 80' lang='lat' dir='ltr'><strong>regnum</strong></span> <span class='ocrx_word' id='word_1_75' title='bbox 3342 642 3603 699; x_wconf 70' lang='lat' dir='ltr'><strong>ctelorum</strong></span> <span class='ocrx_word' id='word_1_76' title='bbox 3633 643 3790 717; x_wconf 81' lang='lat' dir='ltr'><strong>(Joan.</strong></span> 
     </span>
    </p>
   </div>
   <div class='ocr_carea' id='block_1_7' title="bbox 532 731 3791 808">
    <p class='ocr_par' dir='ltr' id='par_1_7' title="bbox 532 731 3791 808">
     <span class='ocr_line' id='line_1_7' title="bbox 532 731 3791 808; baseline 0.001 -20"><span class='ocrx_word' id='word_1_77' title='bbox 532 741 748 802; x_wconf 84' lang='lat' dir='ltr'><strong>oportet</strong></span> <span class='ocrx_word' id='word_1_78' title='bbox 796 731 1051 797; x_wconf 85' lang='lat' dir='ltr'><strong>accendi,</strong></span> <span class='ocrx_word' id='word_1_79' title='bbox 1097 747 1167 787; x_wconf 89' lang='lat' dir='ltr'><strong>ne</strong></span> <span class='ocrx_word' id='word_1_80' title='bbox 1213 738 1506 787; x_wconf 86' lang='lat' dir='ltr'><strong>evacuetur</strong></span> <span class='ocrx_word' id='word_1_81' title='bbox 1548 746 1679 787; x_wconf 78' lang='lat' dir='ltr'><strong>crux</strong></span> <span class='ocrx_word' id='word_1_82' title='bbox 1706 731 1912 788; x_wconf 83' lang='lat' dir='ltr'><strong>Christi</strong></span> <span class='ocrx_word' id='word_1_83' title='bbox 1940 750 1954 787; x_wconf 88' lang='lat'><strong>:</strong></span> <span class='ocrx_word' id='word_1_84' title='bbox 1987 733 2127 788; x_wconf 80' lang='lat' dir='ltr'><strong>Eva-</strong></span> <span class='ocrx_word' id='word_1_85' title='bbox 2232 753 2312 804; x_wconf 85' lang='grc' dir='ltr'><strong>ιιι,</strong></span> <span class='ocrx_word' id='word_1_86' title='bbox 2362 737 2438 808; x_wconf 79' lang='lat' dir='ltr'><strong>i).</strong></span> <span class='ocrx_word' id='word_1_87' title='bbox 2481 735 2589 793; x_wconf 86' lang='lat' dir='ltr'><strong>Sed</strong></span> <span class='ocrx_word' id='word_1_88' title='bbox 2633 751 2741 791; x_wconf 93' lang='lat' dir='ltr'><strong>non</strong></span> <span class='ocrx_word' id='word_1_89' title='bbox 2780 750 2905 792; x_wconf 88' lang='lat' dir='ltr'><strong>eum</strong></span> <span class='ocrx_word' id='word_1_90' title='bbox 2946 735 3181 792; x_wconf 82' lang='lat' dir='ltr'><strong>absolvit</strong></span> <span class='ocrx_word' id='word_1_91' title='bbox 3222 734 3553 807; x_wconf 84' lang='lat' dir='ltr'><strong>Apostolus,</strong></span> <span class='ocrx_word' id='word_1_92' title='bbox 3582 736 3666 807; x_wconf 89' lang='lat' dir='ltr'><strong>qui</strong></span> <span class='ocrx_word' id='word_1_93' title='bbox 3694 739 3791 793; x_wconf 85' lang='lat' dir='ltr'><strong>ait:</strong></span> 
     </span>
    </p>
   </div>
   <div class='ocr_carea' id='block_1_8' title="bbox 530 821 3796 902">
    <p class='ocr_par' dir='ltr' id='par_1_8' title="bbox 530 821 3796 902">
     <span class='ocr_line' id='line_1_8' title="bbox 530 821 3796 902; baseline 0.002 -21"><span class='ocrx_word' id='word_1_94' title='bbox 530 832 725 881; x_wconf 89' lang='lat' dir='ltr'><strong>cuatur</strong></span> <span class='ocrx_word' id='word_1_95' title='bbox 749 834 955 889; x_wconf 89' lang='lat' dir='ltr'><strong>autem,</strong></span> <span class='ocrx_word' id='word_1_96' title='bbox 990 824 1034 878; x_wconf 90' lang='lat' dir='ltr'><strong>si</strong></span> <span class='ocrx_word' id='word_1_97' title='bbox 1084 822 1264 895; x_wconf 91' lang='lat' dir='ltr'><strong>aliquo</strong></span> <span class='ocrx_word' id='word_1_98' title='bbox 1290 821 1454 878; x_wconf 90' lang='lat' dir='ltr'><strong>modo</strong></span> <span class='ocrx_word' id='word_1_99' title='bbox 1493 833 1697 892; x_wconf 60' lang='lat' dir='ltr'><strong>praeter</strong></span> <span class='ocrx_word' id='word_1_100' title='bbox 1737 823 1883 880; x_wconf 89' lang='lat' dir='ltr'><strong>illius</strong></span> <span class='ocrx_word' id='word_1_101' title='bbox 1940 840 2125 880; x_wconf 81' lang='lat' dir='ltr'><strong>sacra-</strong></span> <span class='ocrx_word' id='word_1_102' title='bbox 2238 831 2342 886; x_wconf 85' lang='lat' dir='ltr'><strong>Per</strong></span> <span class='ocrx_word' id='word_1_103' title='bbox 2372 847 2532 887; x_wconf 84' lang='lat' dir='ltr'><strong>unum</strong></span> <span class='ocrx_word' id='word_1_104' title='bbox 2572 830 2833 886; x_wconf 81' lang='lat' dir='ltr'><strong>hominem</strong></span> <span class='ocrx_word' id='word_1_105' title='bbox 2862 837 3126 902; x_wconf 79' lang='lat' dir='ltr'><strong>peccatum</strong></span> <span class='ocrx_word' id='word_1_106' title='bbox 3155 830 3365 884; x_wconf 77' lang='lat' dir='ltr'><strong>intravit</strong></span> <span class='ocrx_word' id='word_1_107' title='bbox 3394 829 3453 883; x_wconf 85' lang='lat' dir='ltr'><strong>in</strong></span> <span class='ocrx_word' id='word_1_108' title='bbox 3478 829 3731 901; x_wconf 80' lang='lat' dir='ltr'><strong>mundum,</strong></span> <span class='ocrx_word' id='word_1_109' title='bbox 3758 842 3796 886; x_wconf 78' lang='lat' dir='ltr'><strong>et</strong></span> 
     </span>
    </p>
   </div>
   <div class='ocr_carea' id='block_1_9' title="bbox 532 914 2132 995">
    <p class='ocr_par' dir='ltr' id='par_1_9' title="bbox 532 914 2129 987">
     <span class='ocr_line' id='line_1_9' title="bbox 532 914 2129 987; baseline -0.001 -13"><span class='ocrx_word' id='word_1_110' title='bbox 532 925 779 974; x_wconf 85' lang='lat' dir='ltr'><strong>mentum</strong></span> <span class='ocrx_word' id='word_1_111' title='bbox 818 915 887 971; x_wconf 90' lang='lat' dir='ltr'><strong>ad</strong></span> <span class='ocrx_word' id='word_1_112' title='bbox 916 914 1182 986; x_wconf 84' lang='lat' dir='ltr'><strong>justitiam</strong></span> <span class='ocrx_word' id='word_1_113' title='bbox 1222 915 1503 985; x_wconf 81' lang='lat' dir='ltr'><strong>vitamque</strong></span> <span class='ocrx_word' id='word_1_114' title='bbox 1555 924 1815 972; x_wconf 80' lang='lat' dir='ltr'><strong>aeternam</strong></span> <span class='ocrx_word' id='word_1_115' title='bbox 1857 917 2129 987; x_wconf 80' lang='lat' dir='ltr'><strong>perveniri</strong></span> 
     </span>
    </p>
   </div>
   <div class='ocr_carea' id='block_1_10' title="bbox 2237 914 3797 995">
    <p class='ocr_par' dir='ltr' id='par_1_10' title="bbox 2237 923 3797 995">
     <span class='ocr_line' id='line_1_10' title="bbox 2237 923 3797 995; baseline 0 -16"><span class='ocrx_word' id='word_1_116' title='bbox 2237 941 2324 994; x_wconf 85' lang='lat' dir='ltr'><strong>per</strong></span> <span class='ocrx_word' id='word_1_117' title='bbox 2353 933 2621 995; x_wconf 73' lang='lat' dir='ltr'><strong>peccatum</strong></span> <span class='ocrx_word' id='word_1_118' title='bbox 2660 932 2885 991; x_wconf 81' lang='lat' dir='ltr'><strong>mors,et</strong></span> <span class='ocrx_word' id='word_1_119' title='bbox 2911 923 2990 977; x_wconf 84' lang='lat' dir='ltr'><strong>ita</strong></span> <span class='ocrx_word' id='word_1_120' title='bbox 3015 923 3069 978; x_wconf 81' lang='lat' dir='ltr'><strong>in</strong></span> <span class='ocrx_word' id='word_1_121' title='bbox 3098 939 3271 978; x_wconf 83' lang='lat' dir='ltr'><strong>omnes</strong></span> <span class='ocrx_word' id='word_1_122' title='bbox 3298 923 3535 978; x_wconf 76' lang='lat' dir='ltr'><strong>homines</strong></span> <span class='ocrx_word' id='word_1_123' title='bbox 3562 935 3797 995; x_wconf 78' lang='lat' dir='ltr'><strong>pertrans-</strong></span> 
     </span>
    </p>
   </div>
   <div class='ocr_carea' id='block_1_11' title="bbox 532 1007 3800 1089">
    <p class='ocr_par' dir='ltr' id='par_1_11' title="bbox 532 1007 3800 1089">
     <span class='ocr_line' id='line_1_11' title="bbox 532 1007 3800 1089; baseline 0.003 -24"><span class='ocrx_word' id='word_1_124' title='bbox 532 1025 697 1082; x_wconf 88' lang='lat' dir='ltr'><strong>posse</strong></span> <span class='ocrx_word' id='word_1_125' title='bbox 724 1009 962 1077; x_wconf 84' lang='lat' dir='ltr'><strong>dicatur,</strong></span> <span class='ocrx_word' id='word_1_126' title='bbox 992 1008 1137 1080; x_wconf 91' lang='lat' dir='ltr'><strong>quod</strong></span> <span class='ocrx_word' id='word_1_127' title='bbox 1169 1008 1227 1065; x_wconf 91' lang='lat' dir='ltr'><strong>in</strong></span> <span class='ocrx_word' id='word_1_128' title='bbox 1256 1008 1398 1064; x_wconf 90' lang='lat' dir='ltr'><strong>libro</strong></span> <span class='ocrx_word' id='word_1_129' title='bbox 1428 1007 1536 1063; x_wconf 90' lang='lat' dir='ltr'><strong>isto</strong></span> <span class='ocrx_word' id='word_1_130' title='bbox 1564 1009 1762 1080; x_wconf 80' lang='lat' dir='ltr'><strong>agitur,</strong></span> <span class='ocrx_word' id='word_1_131' title='bbox 1792 1010 1926 1065; x_wconf 91' lang='lat' dir='ltr'><strong>nolo</strong></span> <span class='ocrx_word' id='word_1_132' title='bbox 1949 1009 2132 1067; x_wconf 85' lang='lat' dir='ltr'><strong>dicere</strong></span> <span class='ocrx_word' id='word_1_133' title='bbox 2233 1019 2315 1084; x_wconf 81' lang='lat' dir='ltr'><strong>iit,</strong></span> <span class='ocrx_word' id='word_1_134' title='bbox 2350 1018 2405 1071; x_wconf 87' lang='lat' dir='ltr'><strong>in</strong></span> <span class='ocrx_word' id='word_1_135' title='bbox 2444 1034 2545 1089; x_wconf 82' lang='lat' dir='ltr'><strong>quo</strong></span> <span class='ocrx_word' id='word_1_136' title='bbox 2582 1033 2754 1071; x_wconf 84' lang='lat' dir='ltr'><strong>omnes</strong></span> <span class='ocrx_word' id='word_1_137' title='bbox 2792 1025 3129 1088; x_wconf 81' lang='lat' dir='ltr'><strong>peccaverunt</strong></span> <span class='ocrx_word' id='word_1_138' title='bbox 3171 1015 3359 1087; x_wconf 80' lang='lat' dir='ltr'><strong>(Rom.</strong></span> <span class='ocrx_word' id='word_1_139' title='bbox 3406 1031 3460 1084; x_wconf 90' lang='lat' dir='ltr'><strong>v,</strong></span> <span class='ocrx_word' id='word_1_140' title='bbox 3503 1015 3571 1071; x_wconf 70' lang='lat'><strong>12</strong></span> <span class='ocrx_word' id='word_1_141' title='bbox 3592 1014 3633 1086; x_wconf 91' lang='lat'><strong>).</strong></span> <span class='ocrx_word' id='word_1_142' title='bbox 3659 1017 3800 1075; x_wconf 81' lang='lat' dir='ltr'><strong>Recte</strong></span> 
     </span>
    </p>
   </div>
   <div class='ocr_carea' id='block_1_12' title="bbox 2236 1110 3800 1184">
    <p class='ocr_par' dir='ltr' id='par_1_12' title="bbox 2236 1110 3800 1184">
     <span class='ocr_line' id='line_1_12' title="bbox 2236 1110 3800 1184; baseline -0.001 -15"><span class='ocrx_word' id='word_1_143' title='bbox 2236 1127 2370 1184; x_wconf 87' lang='lat' dir='ltr'><strong>ergo</strong></span> <span class='ocrx_word' id='word_1_144' title='bbox 2400 1126 2462 1168; x_wconf 89' lang='lat' dir='ltr'><strong>ea</strong></span> <span class='ocrx_word' id='word_1_145' title='bbox 2494 1111 2868 1179; x_wconf 81' lang='lat' dir='ltr'><strong>damnatione,</strong></span> <span class='ocrx_word' id='word_1_146' title='bbox 2897 1110 3062 1183; x_wconf 63' lang='grc' dir='ltr'><strong>σεο</strong></span> <span class='ocrx_word' id='word_1_147' title='bbox 3089 1124 3212 1182; x_wconf 75' lang='lat' dir='ltr'><strong>qua:</strong></span> <span class='ocrx_word' id='word_1_148' title='bbox 3240 1124 3336 1181; x_wconf 89' lang='lat' dir='ltr'><strong>per</strong></span> <span class='ocrx_word' id='word_1_149' title='bbox 3363 1110 3663 1166; x_wconf 85' lang='lat' dir='ltr'><strong>universam</strong></span> <span class='ocrx_word' id='word_1_150' title='bbox 3682 1127 3800 1168; x_wconf 52' lang='lat' dir='ltr'><strong>mas.</strong></span> 
     </span>
    </p>
   </div>
   <div class='ocr_carea' id='block_1_13' title="bbox 2236 1203 3797 1273">
    <p class='ocr_par' dir='ltr' id='par_1_13' title="bbox 2236 1203 3797 1273">
     <span class='ocr_line' id='line_1_13' title="bbox 2236 1203 3797 1273; baseline -0.001 -10"><span class='ocrx_word' id='word_1_151' title='bbox 2236 1222 2351 1263; x_wconf 89' lang='lat' dir='ltr'><strong>sam</strong></span> <span class='ocrx_word' id='word_1_152' title='bbox 2391 1207 2590 1273; x_wconf 88' lang='lat' dir='ltr'><strong>currit,</strong></span> <span class='ocrx_word' id='word_1_153' title='bbox 2632 1220 2739 1261; x_wconf 88' lang='lat' dir='ltr'><strong>non</strong></span> <span class='ocrx_word' id='word_1_154' title='bbox 2785 1204 3112 1269; x_wconf 86' lang='lat' dir='ltr'><strong>admittitur,</strong></span> <span class='ocrx_word' id='word_1_155' title='bbox 3158 1203 3214 1258; x_wconf 91' lang='lat' dir='ltr'><strong>in</strong></span> <span class='ocrx_word' id='word_1_156' title='bbox 3256 1218 3484 1273; x_wconf 84' lang='lat' dir='ltr'><strong>regnum</strong></span> <span class='ocrx_word' id='word_1_157' title='bbox 3523 1204 3797 1261; x_wconf 61' lang='lat' dir='ltr'><strong>calorum:</strong></span> 
     </span>
    </p>
   </div>
   <div class='ocr_carea' id='block_1_14' title="bbox 2236 1295 3800 1373">
    <p class='ocr_par' dir='ltr' id='par_1_14' title="bbox 2236 1295 3800 1373">
     <span class='ocr_line' id='line_1_14' title="bbox 2236 1295 3800 1373; baseline 0.003 -22"><span class='ocrx_word' id='word_1_158' title='bbox 2236 1299 2488 1373; x_wconf 80' lang='lat' dir='ltr'><strong>quamvis</strong></span> <span class='ocrx_word' id='word_1_159' title='bbox 2520 1297 2866 1355; x_wconf 79' lang='lat' dir='ltr'><strong>Christianus</strong></span> <span class='ocrx_word' id='word_1_160' title='bbox 2897 1312 3005 1353; x_wconf 90' lang='lat' dir='ltr'><strong>non</strong></span> <span class='ocrx_word' id='word_1_161' title='bbox 3037 1297 3212 1353; x_wconf 91' lang='lat' dir='ltr'><strong>solum</strong></span> <span class='ocrx_word' id='word_1_162' title='bbox 3255 1310 3359 1351; x_wconf 90' lang='lat' dir='ltr'><strong>non</strong></span> <span class='ocrx_word' id='word_1_163' title='bbox 3394 1295 3580 1364; x_wconf 84' lang='lat' dir='ltr'><strong>fuerit,</strong></span> <span class='ocrx_word' id='word_1_164' title='bbox 3610 1297 3697 1353; x_wconf 83' lang='lat' dir='ltr'><strong>sed</strong></span> <span class='ocrx_word' id='word_1_165' title='bbox 3721 1314 3800 1356; x_wconf 82' lang='lat' dir='ltr'><strong>nec</strong></span> 
     </span>
    </p>
   </div>
   <div class='ocr_carea' id='block_1_15' title="bbox 2241 1392 2648 1464">
    <p class='ocr_par' dir='ltr' id='par_1_15' title="bbox 2241 1392 2648 1464">
     <span class='ocr_line' id='line_1_15' title="bbox 2241 1392 2648 1464; baseline -0.005 -14"><span class='ocrx_word' id='word_1_166' title='bbox 2241 1408 2364 1450; x_wconf 85' lang='lat' dir='ltr'><strong>esse</strong></span> <span class='ocrx_word' id='word_1_167' title='bbox 2390 1392 2648 1464; x_wconf 88' lang='lat' dir='ltr'><strong>potuerit.</strong></span> 
     </span>
    </p>
   </div>
   <div class='ocr_carea' id='block_1_16' title="bbox 2311 1479 3797 1553">
    <p class='ocr_par' dir='ltr' id='par_1_16' title="bbox 2311 1479 3797 1553">
     <span class='ocr_line' id='line_1_16' title="bbox 2311 1479 3797 1553; baseline -0.001 -14"><span class='ocrx_word' id='word_1_168' title='bbox 2311 1484 2403 1542; x_wconf 77' lang='grc'><strong>44.</strong></span> <span class='ocrx_word' id='word_1_169' title='bbox 2435 1483 2543 1540; x_wconf 90' lang='lat' dir='ltr'><strong>Sed</strong></span> <span class='ocrx_word' id='word_1_170' title='bbox 2578 1502 2598 1535; x_wconf 84' lang='grc'><strong><em>‹</em></strong></span> <span class='ocrx_word' id='word_1_171' title='bbox 2635 1498 2740 1538; x_wconf 81' lang='grc' dir='ltr'><strong>ιιοη</strong></span> <span class='ocrx_word' id='word_1_172' title='bbox 2781 1481 3095 1550; x_wconf 85' lang='lat' dir='ltr'><strong>damnatur,</strong></span> <span class='ocrx_word' id='word_1_173' title='bbox 3126 1479 3399 1551; x_wconf 83' lang='lat' dir='ltr'><strong>inquiunt,</strong></span> <span class='ocrx_word' id='word_1_174' title='bbox 3427 1480 3557 1553; x_wconf 88' lang='lat' dir='ltr'><strong>quia</strong></span> <span class='ocrx_word' id='word_1_175' title='bbox 3586 1481 3636 1537; x_wconf 93' lang='lat' dir='ltr'><strong>in</strong></span> <span class='ocrx_word' id='word_1_176' title='bbox 3662 1481 3797 1537; x_wconf 79' lang='lat' dir='ltr'><strong>Adam</strong></span> 
     </span>
    </p>
   </div>
   <div class='ocr_carea' id='block_1_17' title="bbox 534 1190 2134 1266">
    <p class='ocr_par' dir='ltr' id='par_1_17' title="bbox 534 1190 2134 1266">
     <span class='ocr_line' id='line_1_17' title="bbox 534 1190 2134 1266; baseline 0 -16"><span class='ocrx_word' id='word_1_177' title='bbox 534 1194 754 1265; x_wconf 88' lang='lat' dir='ltr'><strong>quidem</strong></span> <span class='ocrx_word' id='word_1_178' title='bbox 779 1193 1088 1251; x_wconf 86' lang='lat' dir='ltr'><strong>habendum</strong></span> <span class='ocrx_word' id='word_1_179' title='bbox 1102 1192 1340 1264; x_wconf 85' lang='lat' dir='ltr'><strong>jndicem</strong></span> <span class='ocrx_word' id='word_1_180' title='bbox 1351 1235 1365 1259; x_wconf 89' lang='lat'><strong>,</strong></span> <span class='ocrx_word' id='word_1_181' title='bbox 1389 1193 1484 1249; x_wconf 91' lang='lat' dir='ltr'><strong>sed</strong></span> <span class='ocrx_word' id='word_1_182' title='bbox 1496 1190 1524 1230; x_wconf 66' lang='grc' dir='ltr'>δ</span> <span class='ocrx_word' id='word_1_183' title='bbox 1538 1193 1758 1264; x_wconf 89' lang='lat' dir='ltr'><strong>quidem</strong></span> <span class='ocrx_word' id='word_1_184' title='bbox 1786 1194 1953 1266; x_wconf 84' lang='lat' dir='ltr'><strong>magis</strong></span> <span class='ocrx_word' id='word_1_185' title='bbox 1968 1195 2134 1250; x_wconf 83' lang='lat' dir='ltr'><strong>credo</strong></span> 
     </span>
    </p>
   </div>
   <div class='ocr_carea' id='block_1_18' title="bbox 535 1287 2133 1361">
    <p class='ocr_par' dir='ltr' id='par_1_18' title="bbox 535 1287 2133 1361">
     <span class='ocr_line' id='line_1_18' title="bbox 535 1287 2133 1361; baseline -0.001 -16"><span class='ocrx_word' id='word_1_186' title='bbox 535 1305 566 1345; x_wconf 90' lang='lat' dir='ltr'><strong>a</strong></span> <span class='ocrx_word' id='word_1_187' title='bbox 589 1291 891 1354; x_wconf 89' lang='lat' dir='ltr'><strong>nesciente,</strong></span> <span class='ocrx_word' id='word_1_188' title='bbox 917 1288 1124 1361; x_wconf 80' lang='lat' dir='ltr'><strong>magnis</strong></span> <span class='ocrx_word' id='word_1_189' title='bbox 1148 1302 1281 1343; x_wconf 86' lang='lat' dir='ltr'><strong>sane</strong></span> <span class='ocrx_word' id='word_1_190' title='bbox 1302 1287 1529 1353; x_wconf 82' lang='lat' dir='ltr'><strong>viribus,</strong></span> <span class='ocrx_word' id='word_1_191' title='bbox 1563 1287 1659 1344; x_wconf 90' lang='lat' dir='ltr'><strong>sed</strong></span> <span class='ocrx_word' id='word_1_192' title='bbox 1682 1303 1775 1343; x_wconf 91' lang='lat' dir='ltr'><strong>eas</strong></span> <span class='ocrx_word' id='word_1_193' title='bbox 1804 1300 1964 1344; x_wconf 86' lang='lat' dir='ltr'><strong>sanas</strong></span> <span class='ocrx_word' id='word_1_194' title='bbox 1987 1289 2133 1354; x_wconf 86' lang='lat' dir='ltr'><strong>volo,</strong></span> 
     </span>
    </p>
   </div>
   <div class='ocr_carea' id='block_1_19' title="bbox 508 1380 2137 1454">
    <p class='ocr_par' dir='ltr' id='par_1_19' title="bbox 508 1380 2137 1454">
     <span class='ocr_line' id='line_1_19' title="bbox 508 1380 2137 1454; baseline -0.001 -15"><span class='ocrx_word' id='word_1_195' title='bbox 508 1403 515 1412; x_wconf 72' lang='grc'><strong>’</strong></span> <span class='ocrx_word' id='word_1_196' title='bbox 533 1398 645 1440; x_wconf 88' lang='lat' dir='ltr'><strong>non</strong></span> <span class='ocrx_word' id='word_1_197' title='bbox 658 1383 849 1454; x_wconf 86' lang='lat' dir='ltr'><strong>quales</strong></span> <span class='ocrx_word' id='word_1_198' title='bbox 867 1381 1172 1453; x_wconf 87' lang='lat' dir='ltr'><strong>phrenetici</strong></span> <span class='ocrx_word' id='word_1_199' title='bbox 1189 1380 1390 1437; x_wconf 88' lang='lat' dir='ltr'><strong>habere</strong></span> <span class='ocrx_word' id='word_1_200' title='bbox 1402 1390 1826 1437; x_wconf 87' lang='lat' dir='ltr'><strong>consueverunt.</strong></span> <span class='ocrx_word' id='word_1_201' title='bbox 1842 1380 1973 1435; x_wconf 79' lang='lat' dir='ltr'><strong>Nam</strong></span> <span class='ocrx_word' id='word_1_202' title='bbox 1991 1381 2137 1451; x_wconf 89' lang='lat' dir='ltr'><strong>prius</strong></span> 
     </span>
    </p>
   </div>
   <div class='ocr_carea' id='block_1_20' title="bbox 537 1458 2138 1546">
    <p class='ocr_par' dir='ltr' id='par_1_20' title="bbox 537 1458 2138 1546">
     <span class='ocr_line' id='line_1_20' title="bbox 537 1458 2138 1546; baseline 0 -17"><span class='ocrx_word' id='word_1_203' title='bbox 537 1474 843 1546; x_wconf 81' lang='lat' dir='ltr'><strong>distinguit,</strong></span> <span class='ocrx_word' id='word_1_204' title='bbox 875 1494 894 1527; x_wconf 74' lang='grc' dir='ltr'><strong>ι</strong></span> <span class='ocrx_word' id='word_1_205' title='bbox 914 1472 1060 1530; x_wconf 86' lang='lat' dir='ltr'><strong>aliud</strong></span> <span class='ocrx_word' id='word_1_206' title='bbox 1088 1487 1212 1530; x_wconf 85' lang='lat' dir='ltr'><strong>esse</strong></span> <span class='ocrx_word' id='word_1_207' title='bbox 1240 1487 1489 1544; x_wconf 68' lang='lat' dir='ltr'><strong>quaerere</strong></span> <span class='ocrx_word' id='word_1_208' title='bbox 1511 1487 1577 1528; x_wconf 90' lang='lat' dir='ltr'><strong>an</strong></span> <span class='ocrx_word' id='word_1_209' title='bbox 1599 1458 2138 1544; x_wconf 67' lang='lat' dir='ltr'><strong>possitaliqnidesse</strong></span> 
     </span>
    </p>
   </div>
   <div class='ocr_carea' id='block_1_21' title="bbox 539 1564 3806 1650">
    <p class='ocr_par' dir='ltr' id='par_1_21' title="bbox 539 1564 3806 1650">
     <span class='ocr_line' id='line_1_21' title="bbox 539 1564 3806 1650; baseline -0.002 -27"><span class='ocrx_word' id='word_1_210' title='bbox 539 1568 687 1638; x_wconf 89' lang='lat' dir='ltr'><strong>quod</strong></span> <span class='ocrx_word' id='word_1_211' title='bbox 704 1568 769 1623; x_wconf 89' lang='lat' dir='ltr'><strong>ad</strong></span> <span class='ocrx_word' id='word_1_212' title='bbox 787 1567 960 1624; x_wconf 91' lang='lat' dir='ltr'><strong>solam</strong></span> <span class='ocrx_word' id='word_1_213' title='bbox 976 1566 1391 1639; x_wconf 84' lang='lat' dir='ltr'><strong>possibilitatem</strong></span> <span class='ocrx_word' id='word_1_214' title='bbox 1406 1566 1674 1636; x_wconf 87' lang='lat' dir='ltr'><strong>pertinet:</strong></span> <span class='ocrx_word' id='word_1_215' title='bbox 1692 1564 1860 1630; x_wconf 86' lang='lat' dir='ltr'><strong>aliud,</strong></span> <span class='ocrx_word' id='word_1_216' title='bbox 1884 1572 2139 1623; x_wconf 87' lang='lat' dir='ltr'><strong>utrumne</strong></span> <span class='ocrx_word' id='word_1_217' title='bbox 2242 1591 2499 1650; x_wconf 73' lang='lat' dir='ltr'><strong>peccasse</strong></span> <span class='ocrx_word' id='word_1_218' title='bbox 2523 1590 2735 1641; x_wconf 59' lang='lat' dir='ltr'><strong>omnes,</strong></span> <span class='ocrx_word' id='word_1_219' title='bbox 2762 1588 2868 1631; x_wconf 80' lang='lat' dir='ltr'><strong>non</strong></span> <span class='ocrx_word' id='word_1_220' title='bbox 2893 1583 3115 1646; x_wconf 75' lang='lat' dir='ltr'><strong>propter</strong></span> <span class='ocrx_word' id='word_1_221' title='bbox 3137 1584 3420 1646; x_wconf 77' lang='lat' dir='ltr'><strong>peccatum</strong></span> <span class='ocrx_word' id='word_1_222' title='bbox 3445 1574 3693 1631; x_wconf 74' lang='lat' dir='ltr'><strong>nascendi</strong></span> <span class='ocrx_word' id='word_1_223' title='bbox 3716 1577 3806 1632; x_wconf 78' lang='grc' dir='ltr'><strong>οιιί-</strong></span> 
     </span>
    </p>
   </div>
   <div class='ocr_carea' id='block_1_22' title="bbox 546 1656 3803 1742">
    <p class='ocr_par' dir='ltr' id='par_1_22' title="bbox 546 1656 3803 1742">
     <span class='ocr_line' id='line_1_22' title="bbox 546 1656 3803 1742; baseline -0.003 -23"><span class='ocrx_word' id='word_1_224' title='bbox 546 1656 670 1719; x_wconf 68' lang='lat' dir='ltr'><strong>sit.»</strong></span> <span class='ocrx_word' id='word_1_225' title='bbox 700 1663 851 1717; x_wconf 85' lang='lat' dir='ltr'><strong>lianc</strong></span> <span class='ocrx_word' id='word_1_226' title='bbox 881 1660 1290 1717; x_wconf 82' lang='lat' dir='ltr'><strong>distinctionem</strong></span> <span class='ocrx_word' id='word_1_227' title='bbox 1320 1673 1504 1714; x_wconf 81' lang='lat' dir='ltr'><strong>veram</strong></span> <span class='ocrx_word' id='word_1_228' title='bbox 1533 1672 1656 1714; x_wconf 89' lang='lat' dir='ltr'><strong>esse</strong></span> <span class='ocrx_word' id='word_1_229' title='bbox 1681 1672 1843 1714; x_wconf 83' lang='lat' dir='ltr'><strong>nemo</strong></span> <span class='ocrx_word' id='word_1_230' title='bbox 1869 1656 2158 1727; x_wconf 56' lang='lat' dir='ltr'><strong>ambigitr</strong></span> <span class='ocrx_word' id='word_1_231' title='bbox 2242 1673 2366 1742; x_wconf 59' lang='lat' dir='ltr'><strong>sine</strong></span> <span class='ocrx_word' id='word_1_232' title='bbox 2405 1679 2696 1727; x_wconf 64' lang='grc' dir='ltr'><strong>ηιιιιειιςιυιη</strong></span> <span class='ocrx_word' id='word_1_233' title='bbox 2718 1715 2731 1741; x_wconf 56' lang='grc'><strong>,</strong></span> <span class='ocrx_word' id='word_1_234' title='bbox 2775 1669 2872 1726; x_wconf 72' lang='lat' dir='ltr'><strong>sed</strong></span> <span class='ocrx_word' id='word_1_235' title='bbox 2912 1679 3136 1741; x_wconf 55' lang='lat' dir='ltr'><strong>propter</strong></span> <span class='ocrx_word' id='word_1_236' title='bbox 3175 1669 3537 1725; x_wconf 53' lang='lat' dir='ltr'><strong>imitationem</strong></span> <span class='ocrx_word' id='word_1_237' title='bbox 3581 1689 3599 1723; x_wconf 69' lang='grc' dir='ltr'><strong><em>ι</em></strong></span> <span class='ocrx_word' id='word_1_238' title='bbox 3631 1670 3803 1727; x_wconf 49' lang='lat' dir='ltr'><strong>dictum</strong></span> 
     </span>
    </p>
   </div>
   <div class='ocr_carea' id='block_1_23' title="bbox 544 1750 3805 1834">
    <p class='ocr_par' dir='ltr' id='par_1_23' title="bbox 544 1750 3805 1834">
     <span class='ocr_line' id='line_1_23' title="bbox 544 1750 3805 1834; baseline -0.003 -6"><span class='ocrx_word' id='word_1_239' title='bbox 544 1771 888 1828; x_wconf 73' lang='grc' dir='ltr'><strong>οοηεεειιιοηε</strong></span> <span class='ocrx_word' id='word_1_240' title='bbox 914 1755 1058 1812; x_wconf 55' lang='lat' dir='ltr'><strong>enim</strong></span> <span class='ocrx_word' id='word_1_241' title='bbox 1079 1754 1425 1826; x_wconf 54' lang='lat' dir='ltr'><strong>esi529ut</strong></span> <span class='ocrx_word' id='word_1_242' title='bbox 1446 1752 1591 1824; x_wconf 76' lang='grc' dir='ltr'><strong>(ιυοιι</strong></span> <span class='ocrx_word' id='word_1_243' title='bbox 1610 1759 1712 1820; x_wconf 67' lang='grc' dir='ltr'><strong>εει,</strong></span> <span class='ocrx_word' id='word_1_244' title='bbox 1736 1765 1859 1808; x_wconf 68' lang='lat' dir='ltr'><strong>esse</strong></span> <span class='ocrx_word' id='word_1_245' title='bbox 1878 1750 2133 1821; x_wconf 69' lang='grc' dir='ltr'><strong>Ροῑιιθνῖιε</strong></span> <span class='ocrx_word' id='word_1_246' title='bbox 2167 1759 2215 1820; x_wconf 89' lang='grc' dir='ltr'><strong>Β</strong></span> <span class='ocrx_word' id='word_1_247' title='bbox 2240 1772 2344 1820; x_wconf 90' lang='lat' dir='ltr'><strong>est.</strong></span> <span class='ocrx_word' id='word_1_248' title='bbox 2372 1761 2429 1819; x_wconf 90' lang='lat' dir='ltr'><strong>Si</strong></span> <span class='ocrx_word' id='word_1_249' title='bbox 2472 1777 2603 1834; x_wconf 86' lang='lat' dir='ltr'><strong>ergo</strong></span> <span class='ocrx_word' id='word_1_250' title='bbox 2636 1761 2759 1818; x_wconf 90' lang='lat' dir='ltr'><strong>ideo</strong></span> <span class='ocrx_word' id='word_1_251' title='bbox 2800 1761 3002 1817; x_wconf 90' lang='lat' dir='ltr'><strong>dicitur</strong></span> <span class='ocrx_word' id='word_1_252' title='bbox 3029 1761 3200 1817; x_wconf 75' lang='lat' dir='ltr'><strong>Adam</strong></span> <span class='ocrx_word' id='word_1_253' title='bbox 3231 1770 3423 1816; x_wconf 88' lang='lat' dir='ltr'><strong>auctor</strong></span> <span class='ocrx_word' id='word_1_254' title='bbox 3453 1760 3709 1829; x_wconf 79' lang='lat' dir='ltr'><strong>omnium,</strong></span> <span class='ocrx_word' id='word_1_255' title='bbox 3733 1765 3805 1834; x_wconf 90' lang='lat' dir='ltr'><strong>qui</strong></span> 
     </span>
    </p>
   </div>
   <div class='ocr_carea' id='block_1_24' title="bbox 537 1838 2132 1933">
    <p class='ocr_par' dir='ltr' id='par_1_24' title="bbox 537 1845 2132 1918">
     <span class='ocr_line' id='line_1_24' title="bbox 537 1845 2132 1918; baseline -0.004 -12"><span class='ocrx_word' id='word_1_256' title='bbox 537 1866 648 1906; x_wconf 90' lang='lat' dir='ltr'><strong>non</strong></span> <span class='ocrx_word' id='word_1_257' title='bbox 690 1859 774 1905; x_wconf 87' lang='lat' dir='ltr'><strong>est</strong></span> <span class='ocrx_word' id='word_1_258' title='bbox 813 1857 993 1905; x_wconf 88' lang='lat' dir='ltr'><strong>autem</strong></span> <span class='ocrx_word' id='word_1_259' title='bbox 1036 1861 1404 1918; x_wconf 88' lang='lat' dir='ltr'><strong>consequens,</strong></span> <span class='ocrx_word' id='word_1_260' title='bbox 1453 1855 1532 1911; x_wconf 91' lang='lat' dir='ltr'><strong>ut,</strong></span> <span class='ocrx_word' id='word_1_261' title='bbox 1581 1845 1724 1917; x_wconf 88' lang='lat' dir='ltr'><strong>quod</strong></span> <span class='ocrx_word' id='word_1_262' title='bbox 1766 1859 1891 1901; x_wconf 88' lang='lat' dir='ltr'><strong>esse</strong></span> <span class='ocrx_word' id='word_1_263' title='bbox 1936 1853 2132 1915; x_wconf 81' lang='lat' dir='ltr'><strong>potest,</strong></span> 
     </span>
    </p>
   </div>
   <div class='ocr_carea' id='block_1_25' title="bbox 2237 1838 3807 1933">
    <p class='ocr_par' dir='ltr' id='par_1_25' title="bbox 2237 1838 3807 1927">
     <span class='ocr_line' id='line_1_25' title="bbox 2237 1838 3807 1927; baseline -0.001 -14"><span class='ocrx_word' id='word_1_264' title='bbox 2237 1838 2697 1924; x_wconf 75' lang='lat' dir='ltr'><strong>subsecutisunt,</strong></span> <span class='ocrx_word' id='word_1_265' title='bbox 2734 1863 3102 1927; x_wconf 87' lang='lat' dir='ltr'><strong>peccatorum,</strong></span> <span class='ocrx_word' id='word_1_266' title='bbox 3133 1854 3259 1925; x_wconf 85' lang='lat' dir='ltr'><strong>quia</strong></span> <span class='ocrx_word' id='word_1_267' title='bbox 3286 1854 3495 1924; x_wconf 89' lang='lat' dir='ltr'><strong>primus</strong></span> <span class='ocrx_word' id='word_1_268' title='bbox 3527 1854 3582 1909; x_wconf 91' lang='lat' dir='ltr'><strong>in</strong></span> <span class='ocrx_word' id='word_1_269' title='bbox 3609 1855 3807 1911; x_wconf 82' lang='lat' dir='ltr'><strong>homini-</strong></span> 
     </span>
    </p>
   </div>
   <div class='ocr_carea' id='block_1_26' title="bbox 542 1938 3808 2020">
    <p class='ocr_par' dir='ltr' id='par_1_26' title="bbox 542 1938 3808 2020">
     <span class='ocr_line' id='line_1_26' title="bbox 542 1938 3808 2020; baseline -0.003 -20"><span class='ocrx_word' id='word_1_270' title='bbox 542 1946 705 2000; x_wconf 88' lang='lat' dir='ltr'><strong>etiam</strong></span> <span class='ocrx_word' id='word_1_271' title='bbox 746 1943 837 1999; x_wconf 89' lang='lat' dir='ltr'><strong>sit.</strong></span> <span class='ocrx_word' id='word_1_272' title='bbox 873 1942 1008 2012; x_wconf 86' lang='lat' dir='ltr'><strong>Quia</strong></span> <span class='ocrx_word' id='word_1_273' title='bbox 1047 1942 1192 1997; x_wconf 91' lang='lat' dir='ltr'><strong>enim</strong></span> <span class='ocrx_word' id='word_1_274' title='bbox 1240 1941 1499 1996; x_wconf 86' lang='lat' dir='ltr'><strong>Dominus</strong></span> <span class='ocrx_word' id='word_1_275' title='bbox 1536 1940 1799 1995; x_wconf 87' lang='lat' dir='ltr'><strong>Lazarum</strong></span> <span class='ocrx_word' id='word_1_276' title='bbox 1829 1938 2136 2007; x_wconf 83' lang='lat' dir='ltr'><strong>suscitavit,</strong></span> <span class='ocrx_word' id='word_1_277' title='bbox 2246 1947 2345 2004; x_wconf 67' lang='lat' dir='ltr'><strong>[ius</strong></span> <span class='ocrx_word' id='word_1_278' title='bbox 2372 1957 2624 2020; x_wconf 69' lang='lat' dir='ltr'><strong>peccato;-</strong></span> <span class='ocrx_word' id='word_1_279' title='bbox 2650 1948 2750 2002; x_wconf 76' lang='lat' dir='ltr'><strong>[uit</strong></span> <span class='ocrx_word' id='word_1_280' title='bbox 2783 1964 2799 2002; x_wconf 82' lang='lat'><strong>:</strong></span> <span class='ocrx_word' id='word_1_281' title='bbox 2828 1960 2925 2002; x_wconf 68' lang='lat' dir='ltr'><strong>cur</strong></span> <span class='ocrx_word' id='word_1_282' title='bbox 2955 1961 3063 2001; x_wconf 73' lang='lat' dir='ltr'><strong>non</strong></span> <span class='ocrx_word' id='word_1_283' title='bbox 3095 1948 3279 2017; x_wconf 63' lang='lat' dir='ltr'><strong>potius</strong></span> <span class='ocrx_word' id='word_1_284' title='bbox 3310 1945 3469 2011; x_wconf 63' lang='lat' dir='ltr'><strong>Abel,</strong></span> <span class='ocrx_word' id='word_1_285' title='bbox 3498 1961 3655 2016; x_wconf 65' lang='lat' dir='ltr'><strong>quam</strong></span> <span class='ocrx_word' id='word_1_286' title='bbox 3680 1947 3808 2003; x_wconf 70' lang='grc' dir='ltr'><strong>ειιτί.</strong></span> 
     </span>
    </p>
   </div>
   <div class='ocr_carea' id='block_1_27' title="bbox 540 2032 3808 2112">
    <p class='ocr_par' dir='ltr' id='par_1_27' title="bbox 540 2032 3808 2112">
     <span class='ocr_line' id='line_1_27' title="bbox 540 2032 3808 2112; baseline -0.001 -10"><span class='ocrx_word' id='word_1_287' title='bbox 540 2038 662 2095; x_wconf 76' lang='lat' dir='ltr'><strong>sine</strong></span> <span class='ocrx_word' id='word_1_288' title='bbox 692 2036 879 2102; x_wconf 72' lang='lat' dir='ltr'><strong>dlibioi</strong></span> <span class='ocrx_word' id='word_1_289' title='bbox 910 2034 1087 2108; x_wconf 72' lang='grc' dir='ltr'><strong>Ροῑυίι</strong></span> <span class='ocrx_word' id='word_1_290' title='bbox 1125 2054 1136 2089; x_wconf 75' lang='grc' dir='ltr'>ε</span> <span class='ocrx_word' id='word_1_291' title='bbox 1174 2045 1197 2073; x_wconf 79' lang='lat'><strong>°</strong></span> <span class='ocrx_word' id='word_1_292' title='bbox 1229 2035 1353 2105; x_wconf 62' lang='lat' dir='ltr'><strong>il“ia</strong></span> <span class='ocrx_word' id='word_1_293' title='bbox 1385 2048 1517 2089; x_wconf 66' lang='lat' dir='ltr'><strong>&quot;9T0</strong></span> <span class='ocrx_word' id='word_1_294' title='bbox 1544 2032 1878 2089; x_wconf 69' lang='grc' dir='ltr'><strong>ειυάεηηήοιι</strong></span> <span class='ocrx_word' id='word_1_295' title='bbox 1905 2033 2140 2088; x_wconf 69' lang='grc' dir='ltr'><strong>δυεεῖιίι-</strong></span> <span class='ocrx_word' id='word_1_296' title='bbox 2244 2053 2380 2107; x_wconf 83' lang='lat' dir='ltr'><strong>stus,</strong></span> <span class='ocrx_word' id='word_1_297' title='bbox 2413 2042 2632 2112; x_wconf 83' lang='lat' dir='ltr'><strong>ponitur</strong></span> <span class='ocrx_word' id='word_1_298' title='bbox 2662 2049 2824 2112; x_wconf 89' lang='lat' dir='ltr'><strong>caput</strong></span> <span class='ocrx_word' id='word_1_299' title='bbox 2852 2040 3131 2111; x_wconf 83' lang='lat' dir='ltr'><strong>hominum</strong></span> <span class='ocrx_word' id='word_1_300' title='bbox 3157 2041 3453 2112; x_wconf 77' lang='lat' dir='ltr'><strong>iustorum,</strong></span> <span class='ocrx_word' id='word_1_301' title='bbox 3477 2041 3608 2112; x_wconf 88' lang='lat' dir='ltr'><strong>quia</strong></span> <span class='ocrx_word' id='word_1_302' title='bbox 3637 2041 3808 2112; x_wconf 86' lang='lat' dir='ltr'><strong>primus</strong></span> 
     </span>
    </p>
   </div>
   <div class='ocr_carea' id='block_1_28' title="bbox 542 2122 3807 2207">
    <p class='ocr_par' dir='ltr' id='par_1_28' title="bbox 542 2122 3807 2207">
     <span class='ocr_line' id='line_1_28' title="bbox 542 2122 3807 2207; baseline 0 -18"><span class='ocrx_word' id='word_1_303' title='bbox 542 2135 644 2201; x_wconf 80' lang='lat' dir='ltr'><strong>vit,</strong></span> <span class='ocrx_word' id='word_1_304' title='bbox 675 2133 937 2204; x_wconf 88' lang='lat' dir='ltr'><strong>numquid</strong></span> <span class='ocrx_word' id='word_1_305' title='bbox 964 2132 1251 2188; x_wconf 86' lang='lat' dir='ltr'><strong>dicendum</strong></span> <span class='ocrx_word' id='word_1_306' title='bbox 1277 2140 1381 2197; x_wconf 81' lang='lat' dir='ltr'><strong>est,</strong></span> <span class='ocrx_word' id='word_1_307' title='bbox 1406 2122 1512 2186; x_wconf 80' lang='lat' dir='ltr'><strong>non</strong></span> <span class='ocrx_word' id='word_1_308' title='bbox 1540 2131 1756 2203; x_wconf 79' lang='lat' dir='ltr'><strong>potuit?</strong></span> <span class='ocrx_word' id='word_1_309' title='bbox 1783 2129 1963 2185; x_wconf 80' lang='grc' dir='ltr'><strong>Ροιιιὶι</strong></span> <span class='ocrx_word' id='word_1_310' title='bbox 1986 2143 2139 2200; x_wconf 67' lang='grc' dir='ltr'><strong>θῐεο,</strong></span> <span class='ocrx_word' id='word_1_311' title='bbox 2245 2134 2296 2189; x_wconf 90' lang='lat' dir='ltr'><strong>in</strong></span> <span class='ocrx_word' id='word_1_312' title='bbox 2329 2135 2641 2191; x_wconf 86' lang='lat' dir='ltr'><strong>hominibus</strong></span> <span class='ocrx_word' id='word_1_313' title='bbox 2673 2132 2767 2189; x_wconf 79' lang='lat' dir='ltr'><strong>fuit</strong></span> <span class='ocrx_word' id='word_1_314' title='bbox 2792 2135 3013 2205; x_wconf 83' lang='lat' dir='ltr'><strong>justus?</strong></span> <span class='ocrx_word' id='word_1_315' title='bbox 3033 2133 3140 2190; x_wconf 84' lang='lat' dir='ltr'><strong>Sed</strong></span> <span class='ocrx_word' id='word_1_316' title='bbox 3170 2133 3239 2188; x_wconf 90' lang='lat' dir='ltr'><strong>de</strong></span> <span class='ocrx_word' id='word_1_317' title='bbox 3266 2132 3473 2189; x_wconf 78' lang='lat' dir='ltr'><strong>infante</strong></span> <span class='ocrx_word' id='word_1_318' title='bbox 3498 2150 3603 2207; x_wconf 82' lang='lat' dir='ltr'><strong>non</strong></span> <span class='ocrx_word' id='word_1_319' title='bbox 3624 2134 3807 2206; x_wconf 89' lang='lat' dir='ltr'><strong>loquor.</strong></span> 
     </span>
    </p>
   </div>
   <div class='ocr_carea' id='block_1_29' title="bbox 544 2223 3809 2297">
    <p class='ocr_par' dir='ltr' id='par_1_29' title="bbox 544 2223 3809 2297">
     <span class='ocr_line' id='line_1_29' title="bbox 544 2223 3809 2297; baseline -0.002 -11"><span class='ocrx_word' id='word_1_320' title='bbox 544 2231 640 2286; x_wconf 90' lang='lat' dir='ltr'><strong>sed</strong></span> <span class='ocrx_word' id='word_1_321' title='bbox 687 2231 878 2286; x_wconf 91' lang='lat' dir='ltr'><strong>noluit.</strong></span> <span class='ocrx_word' id='word_1_322' title='bbox 912 2228 1046 2284; x_wconf 85' lang='lat' dir='ltr'><strong>Nam</strong></span> <span class='ocrx_word' id='word_1_323' title='bbox 1082 2228 1127 2283; x_wconf 90' lang='lat' dir='ltr'><strong>si</strong></span> <span class='ocrx_word' id='word_1_324' title='bbox 1172 2224 1462 2293; x_wconf 84' lang='lat' dir='ltr'><strong>voluisset,</strong></span> <span class='ocrx_word' id='word_1_325' title='bbox 1495 2226 1657 2281; x_wconf 88' lang='lat' dir='ltr'><strong>etiam</strong></span> <span class='ocrx_word' id='word_1_326' title='bbox 1693 2227 1795 2279; x_wconf 85' lang='lat' dir='ltr'><strong>lioe</strong></span> <span class='ocrx_word' id='word_1_327' title='bbox 1825 2223 2016 2279; x_wconf 80' lang='lat' dir='ltr'><strong>cadent</strong></span> <span class='ocrx_word' id='word_1_328' title='bbox 2046 2236 2141 2294; x_wconf 87' lang='lat' dir='ltr'><strong>po-</strong></span> <span class='ocrx_word' id='word_1_329' title='bbox 2244 2226 2467 2284; x_wconf 84' lang='lat' dir='ltr'><strong>Juvenis</strong></span> <span class='ocrx_word' id='word_1_330' title='bbox 2511 2227 2600 2284; x_wconf 87' lang='lat' dir='ltr'><strong>vel</strong></span> <span class='ocrx_word' id='word_1_331' title='bbox 2640 2242 2805 2283; x_wconf 81' lang='lat' dir='ltr'><strong>senex</strong></span> <span class='ocrx_word' id='word_1_332' title='bbox 2838 2227 2890 2282; x_wconf 90' lang='lat' dir='ltr'><strong>in</strong></span> <span class='ocrx_word' id='word_1_333' title='bbox 2937 2242 3000 2282; x_wconf 90' lang='lat' dir='ltr'><strong>ea</strong></span> <span class='ocrx_word' id='word_1_334' title='bbox 3041 2226 3265 2297; x_wconf 84' lang='lat' dir='ltr'><strong>regione</strong></span> <span class='ocrx_word' id='word_1_335' title='bbox 3292 2224 3586 2282; x_wconf 77' lang='lat' dir='ltr'><strong>defunctus</strong></span> <span class='ocrx_word' id='word_1_336' title='bbox 3610 2235 3705 2293; x_wconf 91' lang='lat' dir='ltr'><strong>est,</strong></span> <span class='ocrx_word' id='word_1_337' title='bbox 3731 2226 3809 2296; x_wconf 88' lang='lat' dir='ltr'><strong>ubi</strong></span> 
     </span>
    </p>
   </div>
   <div class='ocr_carea' id='block_1_30' title="bbox 538 2306 3813 2394">
    <p class='ocr_par' dir='ltr' id='par_1_30' title="bbox 538 2306 3813 2394">
     <span class='ocr_line' id='line_1_30' title="bbox 538 2306 3813 2394; baseline -0.003 -13"><span class='ocrx_word' id='word_1_338' title='bbox 538 2332 739 2381; x_wconf 85' lang='lat' dir='ltr'><strong>testate</strong></span> <span class='ocrx_word' id='word_1_339' title='bbox 779 2323 996 2380; x_wconf 79' lang='lat' dir='ltr'><strong>iecisset</strong></span> <span class='ocrx_word' id='word_1_340' title='bbox 1036 2341 1051 2379; x_wconf 87' lang='lat'><strong>:</strong></span> <span class='ocrx_word' id='word_1_341' title='bbox 1096 2322 1218 2394; x_wconf 90' lang='lat' dir='ltr'><strong>quia</strong></span> <span class='ocrx_word' id='word_1_342' title='bbox 1259 2331 1308 2377; x_wconf 84' lang='lat' dir='ltr'><strong>et</strong></span> <span class='ocrx_word' id='word_1_343' title='bbox 1350 2319 1555 2384; x_wconf 83' lang='lat' dir='ltr'><strong>Filius,</strong></span> <span class='ocrx_word' id='word_1_344' title='bbox 1599 2335 1728 2391; x_wconf 82' lang='lat' dir='ltr'><strong>quos</strong></span> <span class='ocrx_word' id='word_1_345' title='bbox 1768 2318 1879 2373; x_wconf 80' lang='lat' dir='ltr'><strong>vult</strong></span> <span class='ocrx_word' id='word_1_346' title='bbox 1918 2306 2141 2386; x_wconf 63' lang='lat' dir='ltr'><strong>viviﬁéat</strong></span> <span class='ocrx_word' id='word_1_347' title='bbox 2245 2335 2353 2375; x_wconf 83' lang='lat' dir='ltr'><strong>non</strong></span> <span class='ocrx_word' id='word_1_348' title='bbox 2386 2320 2566 2391; x_wconf 83' lang='lat' dir='ltr'><strong>potuit</strong></span> <span class='ocrx_word' id='word_1_349' title='bbox 2595 2317 2797 2375; x_wconf 84' lang='lat' dir='ltr'><strong>Christi</strong></span> <span class='ocrx_word' id='word_1_350' title='bbox 2844 2334 3039 2374; x_wconf 83' lang='lat' dir='ltr'><strong>nomen</strong></span> <span class='ocrx_word' id='word_1_351' title='bbox 3072 2317 3280 2384; x_wconf 86' lang='lat' dir='ltr'><strong>audire,</strong></span> <span class='ocrx_word' id='word_1_352' title='bbox 3310 2319 3487 2389; x_wconf 88' lang='lat' dir='ltr'><strong>potuit</strong></span> <span class='ocrx_word' id='word_1_353' title='bbox 3520 2318 3633 2373; x_wconf 82' lang='lat' dir='ltr'><strong>ﬁeri</strong></span> <span class='ocrx_word' id='word_1_354' title='bbox 3657 2318 3813 2388; x_wconf 84' lang='lat' dir='ltr'><strong>justus</strong></span> 
     </span>
    </p>
   </div>
   <div class='ocr_carea' id='block_1_31' title="bbox 542 2409 3811 2494">
    <p class='ocr_par' dir='ltr' id='par_1_31' title="bbox 542 2409 3811 2494">
     <span class='ocr_line' id='line_1_31' title="bbox 542 2409 3811 2494; baseline -0.003 -20"><span class='ocrx_word' id='word_1_355' title='bbox 542 2419 728 2494; x_wconf 83' lang='lat' dir='ltr'><strong>(Joan.</strong></span> <span class='ocrx_word' id='word_1_356' title='bbox 761 2436 819 2487; x_wconf 90' lang='lat' dir='ltr'><strong>v,</strong></span> <span class='ocrx_word' id='word_1_357' title='bbox 849 2420 965 2489; x_wconf 71' lang='lat' dir='ltr'><strong>Si).</strong></span> <span class='ocrx_word' id='word_1_358' title='bbox 1000 2418 1107 2475; x_wconf 86' lang='lat' dir='ltr'><strong>Sed</strong></span> <span class='ocrx_word' id='word_1_359' title='bbox 1146 2417 1248 2473; x_wconf 89' lang='lat' dir='ltr'><strong>hae</strong></span> <span class='ocrx_word' id='word_1_360' title='bbox 1285 2416 1635 2473; x_wconf 77' lang='lat' dir='ltr'><strong>distinctione</strong></span> <span class='ocrx_word' id='word_1_361' title='bbox 1676 2429 1802 2469; x_wconf 79' lang='lat' dir='ltr'><strong>vera</strong></span> <span class='ocrx_word' id='word_1_362' title='bbox 1833 2423 1994 2484; x_wconf 90' lang='lat' dir='ltr'><strong>atque</strong></span> <span class='ocrx_word' id='word_1_363' title='bbox 2023 2426 2140 2467; x_wconf 86' lang='lat' dir='ltr'><strong>ma—</strong></span> <span class='ocrx_word' id='word_1_364' title='bbox 2244 2416 2343 2485; x_wconf 75' lang='lat' dir='ltr'><strong>per</strong></span> <span class='ocrx_word' id='word_1_365' title='bbox 2372 2422 2620 2467; x_wconf 89' lang='lat' dir='ltr'><strong>naturam</strong></span> <span class='ocrx_word' id='word_1_366' title='bbox 2647 2420 2702 2467; x_wconf 91' lang='lat' dir='ltr'><strong>et</strong></span> <span class='ocrx_word' id='word_1_367' title='bbox 2732 2411 2963 2467; x_wconf 88' lang='lat' dir='ltr'><strong>liberum</strong></span> <span class='ocrx_word' id='word_1_368' title='bbox 2990 2409 3304 2478; x_wconf 89' lang='lat' dir='ltr'><strong>arbitrium,</strong></span> <span class='ocrx_word' id='word_1_369' title='bbox 3330 2427 3397 2466; x_wconf 88' lang='lat' dir='ltr'><strong>an</strong></span> <span class='ocrx_word' id='word_1_370' title='bbox 3422 2409 3533 2466; x_wconf 84' lang='lat' dir='ltr'><strong>non</strong></span> <span class='ocrx_word' id='word_1_371' title='bbox 3562 2410 3811 2480; x_wconf 83' lang='lat' dir='ltr'><strong>potuit?Si</strong></span> 
     </span>
    </p>
   </div>
   <div class='ocr_carea' id='block_1_32' title="bbox 544 2502 3811 2582">
    <p class='ocr_par' dir='ltr' id='par_1_32' title="bbox 544 2502 3811 2582">
     <span class='ocr_line' id='line_1_32' title="bbox 544 2502 3811 2582; baseline -0.003 -15"><span class='ocrx_word' id='word_1_372' title='bbox 544 2513 741 2568; x_wconf 84' lang='lat' dir='ltr'><strong>nifesta</strong></span> <span class='ocrx_word' id='word_1_373' title='bbox 767 2527 876 2582; x_wconf 91' lang='lat' dir='ltr'><strong>quo</strong></span> <span class='ocrx_word' id='word_1_374' title='bbox 920 2510 1127 2577; x_wconf 87' lang='lat' dir='ltr'><strong>tendat,</strong></span> <span class='ocrx_word' id='word_1_375' title='bbox 1158 2520 1211 2564; x_wconf 92' lang='lat' dir='ltr'><strong>et</strong></span> <span class='ocrx_word' id='word_1_376' title='bbox 1240 2508 1369 2580; x_wconf 90' lang='lat' dir='ltr'><strong>quid</strong></span> <span class='ocrx_word' id='word_1_377' title='bbox 1410 2506 1629 2562; x_wconf 77' lang='lat' dir='ltr'><strong>efficere</strong></span> <span class='ocrx_word' id='word_1_378' title='bbox 1666 2511 1916 2571; x_wconf 89' lang='lat' dir='ltr'><strong>conetur,</strong></span> <span class='ocrx_word' id='word_1_379' title='bbox 1951 2502 2142 2558; x_wconf 86' lang='lat' dir='ltr'><strong>adver-</strong></span> <span class='ocrx_word' id='word_1_380' title='bbox 2246 2505 2489 2579; x_wconf 83' lang='lat' dir='ltr'><strong>potuisse</strong></span> <span class='ocrx_word' id='word_1_381' title='bbox 2529 2505 2753 2574; x_wconf 83' lang='lat' dir='ltr'><strong>dicunt,</strong></span> <span class='ocrx_word' id='word_1_382' title='bbox 2784 2520 2912 2562; x_wconf 86' lang='lat' dir='ltr'><strong>ecce</strong></span> <span class='ocrx_word' id='word_1_383' title='bbox 2942 2503 3086 2577; x_wconf 89' lang='lat' dir='ltr'><strong>quod</strong></span> <span class='ocrx_word' id='word_1_384' title='bbox 3118 2514 3202 2560; x_wconf 87' lang='lat' dir='ltr'><strong>est</strong></span> <span class='ocrx_word' id='word_1_385' title='bbox 3232 2518 3450 2559; x_wconf 90' lang='lat' dir='ltr'><strong>crucem</strong></span> <span class='ocrx_word' id='word_1_386' title='bbox 3484 2502 3684 2561; x_wconf 79' lang='lat' dir='ltr'><strong>CitriSti</strong></span> <span class='ocrx_word' id='word_1_387' title='bbox 3707 2517 3811 2558; x_wconf 82' lang='lat' dir='ltr'><strong>cva-</strong></span> 
     </span>
    </p>
   </div>
   <div class='ocr_carea' id='block_1_33' title="bbox 543 2596 3814 2680">
    <p class='ocr_par' dir='ltr' id='par_1_33' title="bbox 543 2596 3814 2680">
     <span class='ocr_line' id='line_1_33' title="bbox 543 2596 3814 2680; baseline -0.005 -13"><span class='ocrx_word' id='word_1_388' title='bbox 543 2612 667 2667; x_wconf 86' lang='lat' dir='ltr'><strong>tite.</strong></span> <span class='ocrx_word' id='word_1_389' title='bbox 704 2630 723 2663; x_wconf 79' lang='grc'><strong>‹</strong></span> <span class='ocrx_word' id='word_1_390' title='bbox 762 2610 895 2677; x_wconf 86' lang='lat' dir='ltr'><strong>Nos,</strong></span> <span class='ocrx_word' id='word_1_391' title='bbox 929 2610 1123 2680; x_wconf 90' lang='lat' dir='ltr'><strong>inquit,</strong></span> <span class='ocrx_word' id='word_1_392' title='bbox 1153 2608 1221 2664; x_wconf 91' lang='lat' dir='ltr'><strong>de</strong></span> <span class='ocrx_word' id='word_1_393' title='bbox 1261 2608 1377 2663; x_wconf 89' lang='lat' dir='ltr'><strong>sola</strong></span> <span class='ocrx_word' id='word_1_394' title='bbox 1406 2604 1767 2677; x_wconf 60' lang='lat' dir='ltr'><strong>possibilitate</strong></span> <span class='ocrx_word' id='word_1_395' title='bbox 1794 2611 2092 2657; x_wconf 87' lang='lat' dir='ltr'><strong>tractamus</strong></span> <span class='ocrx_word' id='word_1_396' title='bbox 2125 2616 2139 2654; x_wconf 91' lang='lat'><strong>:</strong></span> <span class='ocrx_word' id='word_1_397' title='bbox 2247 2616 2434 2669; x_wconf 87' lang='lat' dir='ltr'><strong>cuare,</strong></span> <span class='ocrx_word' id='word_1_398' title='bbox 2462 2598 2481 2638; x_wconf 72' lang='grc' dir='ltr'>τ</span> <span class='ocrx_word' id='word_1_399' title='bbox 2507 2601 2551 2656; x_wconf 91' lang='lat' dir='ltr'><strong>si</strong></span> <span class='ocrx_word' id='word_1_400' title='bbox 2583 2599 2702 2656; x_wconf 90' lang='lat' dir='ltr'><strong>sine</strong></span> <span class='ocrx_word' id='word_1_401' title='bbox 2729 2599 2816 2655; x_wconf 93' lang='lat' dir='ltr'><strong>illa</strong></span> <span class='ocrx_word' id='word_1_402' title='bbox 2845 2612 3170 2670; x_wconf 87' lang='lat' dir='ltr'><strong>quemquam</strong></span> <span class='ocrx_word' id='word_1_403' title='bbox 3201 2613 3295 2668; x_wconf 90' lang='lat' dir='ltr'><strong>per</strong></span> <span class='ocrx_word' id='word_1_404' title='bbox 3319 2597 3624 2653; x_wconf 86' lang='lat' dir='ltr'><strong>naturalem</strong></span> <span class='ocrx_word' id='word_1_405' title='bbox 3664 2596 3814 2667; x_wconf 73' lang='lat' dir='ltr'><strong>legent</strong></span> 
     </span>
    </p>
   </div>
   <div class='ocr_carea' id='block_1_34' title="bbox 545 2689 3810 2775">
    <p class='ocr_par' dir='ltr' id='par_1_34' title="bbox 545 2689 3810 2775">
     <span class='ocr_line' id='line_1_34' title="bbox 545 2689 3810 2775; baseline -0.005 -16"><span class='ocrx_word' id='word_1_406' title='bbox 545 2702 617 2759; x_wconf 88' lang='lat' dir='ltr'><strong>de</strong></span> <span class='ocrx_word' id='word_1_407' title='bbox 655 2717 763 2775; x_wconf 90' lang='lat' dir='ltr'><strong>qua</strong></span> <span class='ocrx_word' id='word_1_408' title='bbox 805 2702 907 2761; x_wconf 89' lang='lat' dir='ltr'><strong>nisi</strong></span> <span class='ocrx_word' id='word_1_409' title='bbox 949 2701 1081 2774; x_wconf 86' lang='lat' dir='ltr'><strong>quid</strong></span> <span class='ocrx_word' id='word_1_410' title='bbox 1120 2709 1326 2756; x_wconf 88' lang='lat' dir='ltr'><strong>certum</strong></span> <span class='ocrx_word' id='word_1_411' title='bbox 1371 2696 1699 2764; x_wconf 87' lang='lat' dir='ltr'><strong>constiterlt,</strong></span> <span class='ocrx_word' id='word_1_412' title='bbox 1744 2693 2047 2765; x_wconf 80' lang='lat' dir='ltr'><strong>transgredi</strong></span> <span class='ocrx_word' id='word_1_413' title='bbox 2074 2692 2142 2748; x_wconf 90' lang='lat' dir='ltr'><strong>ad</strong></span> <span class='ocrx_word' id='word_1_414' title='bbox 2245 2704 2301 2752; x_wconf 90' lang='lat' dir='ltr'><strong>et</strong></span> <span class='ocrx_word' id='word_1_415' title='bbox 2336 2695 2632 2751; x_wconf 88' lang='lat' dir='ltr'><strong>voluntatis</strong></span> <span class='ocrx_word' id='word_1_416' title='bbox 2681 2694 2965 2751; x_wconf 87' lang='lat' dir='ltr'><strong>arbitrium</strong></span> <span class='ocrx_word' id='word_1_417' title='bbox 2989 2691 3275 2763; x_wconf 84' lang='lat' dir='ltr'><strong>justiﬁcari</strong></span> <span class='ocrx_word' id='word_1_418' title='bbox 3311 2706 3473 2762; x_wconf 90' lang='lat' dir='ltr'><strong>posse</strong></span> <span class='ocrx_word' id='word_1_419' title='bbox 3507 2689 3810 2747; x_wconf 71' lang='lat' dir='ltr'><strong>contendam</strong></span> 
     </span>
    </p>
   </div>
   <div class='ocr_carea' id='block_1_35' title="bbox 548 2781 3817 2867">
    <p class='ocr_par' dir='ltr' id='par_1_35' title="bbox 548 2781 3817 2867">
     <span class='ocr_line' id='line_1_35' title="bbox 548 2781 3817 2867; baseline -0.004 -18"><span class='ocrx_word' id='word_1_420' title='bbox 548 2794 697 2849; x_wconf 88' lang='lat' dir='ltr'><strong>aliud</strong></span> <span class='ocrx_word' id='word_1_421' title='bbox 732 2794 1116 2867; x_wconf 82' lang='lat' dir='ltr'><strong>gravissimum</strong></span> <span class='ocrx_word' id='word_1_422' title='bbox 1147 2806 1268 2847; x_wconf 89' lang='lat' dir='ltr'><strong>esse</strong></span> <span class='ocrx_word' id='word_1_423' title='bbox 1301 2798 1466 2861; x_wconf 87' lang='lat' dir='ltr'><strong>atque</strong></span> <span class='ocrx_word' id='word_1_424' title='bbox 1491 2798 1643 2843; x_wconf 77' lang='lat' dir='ltr'><strong>extra</strong></span> <span class='ocrx_word' id='word_1_425' title='bbox 1676 2786 1922 2842; x_wconf 88' lang='lat' dir='ltr'><strong>ordinem</strong></span> <span class='ocrx_word' id='word_1_426' title='bbox 1949 2781 1976 2821; x_wconf 66' lang='grc' dir='ltr'><strong><em>ἀ</em></strong></span> <span class='ocrx_word' id='word_1_427' title='bbox 2003 2783 2143 2839; x_wconf 84' lang='lat' dir='ltr'><strong>dici-</strong></span> <span class='ocrx_word' id='word_1_428' title='bbox 2249 2788 2291 2861; x_wconf 92' lang='lat' dir='ltr'><strong>(l</strong></span> <span class='ocrx_word' id='word_1_429' title='bbox 2331 2787 2452 2843; x_wconf 85' lang='lat' dir='ltr'><strong>Cor.</strong></span> <span class='ocrx_word' id='word_1_430' title='bbox 2495 2803 2535 2855; x_wconf 86' lang='grc' dir='ltr'><strong>ι,</strong></span> <span class='ocrx_word' id='word_1_431' title='bbox 2578 2786 2695 2852; x_wconf 72' lang='lat' dir='ltr'><strong>i7).</strong></span> <span class='ocrx_word' id='word_1_432' title='bbox 2735 2785 2987 2841; x_wconf 85' lang='lat' dir='ltr'><strong>Dicamus</strong></span> <span class='ocrx_word' id='word_1_433' title='bbox 3026 2792 3081 2839; x_wconf 91' lang='lat' dir='ltr'><strong>et</strong></span> <span class='ocrx_word' id='word_1_434' title='bbox 3108 2782 3218 2852; x_wconf 81' lang='lat' dir='ltr'><strong>hic,</strong></span> <span class='ocrx_word' id='word_1_435' title='bbox 3259 2798 3382 2854; x_wconf 77' lang='lat' dir='ltr'><strong>ergo</strong></span> <span class='ocrx_word' id='word_1_436' title='bbox 3412 2781 3651 2837; x_wconf 76' lang='lat' dir='ltr'><strong>Christus</strong></span> <span class='ocrx_word' id='word_1_437' title='bbox 3679 2782 3817 2851; x_wconf 80' lang='lat' dir='ltr'><strong>gratis</strong></span> 
     </span>
    </p>
   </div>
   <div class='ocr_carea' id='block_1_36' title="bbox 546 2873 3813 2950">
    <p class='ocr_par' dir='ltr' id='par_1_36' title="bbox 546 2873 3813 2950">
     <span class='ocr_line' id='line_1_36' title="bbox 546 2873 3813 2950; baseline -0.005 -9"><span class='ocrx_word' id='word_1_438' title='bbox 546 2904 691 2941; x_wconf 86' lang='lat' dir='ltr'><strong>ntus.</strong></span> <span class='ocrx_word' id='word_1_439' title='bbox 715 2906 734 2939; x_wconf 86' lang='grc'><strong>›</strong></span> <span class='ocrx_word' id='word_1_440' title='bbox 754 2887 868 2942; x_wconf 82' lang='lat' dir='ltr'><strong>Hoc</strong></span> <span class='ocrx_word' id='word_1_441' title='bbox 890 2896 1067 2942; x_wconf 89' lang='lat' dir='ltr'><strong>versat</strong></span> <span class='ocrx_word' id='word_1_442' title='bbox 1091 2885 1278 2941; x_wconf 88' lang='lat' dir='ltr'><strong>multis</strong></span> <span class='ocrx_word' id='word_1_443' title='bbox 1301 2882 1478 2939; x_wconf 91' lang='lat' dir='ltr'><strong>modis</strong></span> <span class='ocrx_word' id='word_1_444' title='bbox 1501 2891 1552 2938; x_wconf 90' lang='lat' dir='ltr'><strong>et</strong></span> <span class='ocrx_word' id='word_1_445' title='bbox 1577 2894 1829 2935; x_wconf 87' lang='lat' dir='ltr'><strong>sermone</strong></span> <span class='ocrx_word' id='word_1_446' title='bbox 1850 2877 2141 2934; x_wconf 90' lang='lat' dir='ltr'><strong>diuturno:</strong></span> <span class='ocrx_word' id='word_1_447' title='bbox 2247 2889 2488 2935; x_wconf 85' lang='lat' dir='ltr'><strong>mortuus</strong></span> <span class='ocrx_word' id='word_1_448' title='bbox 2512 2887 2586 2934; x_wconf 82' lang='lat' dir='ltr'><strong>est</strong></span> <span class='ocrx_word' id='word_1_449' title='bbox 2614 2876 2761 2950; x_wconf 83' lang='lat' dir='ltr'><strong>(Gal.</strong></span> <span class='ocrx_word' id='word_1_450' title='bbox 2795 2893 2855 2941; x_wconf 87' lang='grc' dir='ltr'><strong>ιι,</strong></span> <span class='ocrx_word' id='word_1_451' title='bbox 2888 2878 3007 2944; x_wconf 54' lang='grc' dir='ltr'><strong>ξι).</strong></span> <span class='ocrx_word' id='word_1_452' title='bbox 3034 2876 3155 2931; x_wconf 87' lang='lat' dir='ltr'><strong>lloc</strong></span> <span class='ocrx_word' id='word_1_453' title='bbox 3192 2873 3337 2930; x_wconf 90' lang='lat' dir='ltr'><strong>enim</strong></span> <span class='ocrx_word' id='word_1_454' title='bbox 3376 2889 3573 2929; x_wconf 84' lang='lat' dir='ltr'><strong>omnes</strong></span> <span class='ocrx_word' id='word_1_455' title='bbox 3601 2880 3813 2944; x_wconf 86' lang='lat' dir='ltr'><strong>possent,</strong></span> 
     </span>
    </p>
   </div>
   <div class='ocr_carea' id='block_1_37' title="bbox 546 2967 3813 3051">
    <p class='ocr_par' dir='ltr' id='par_1_37' title="bbox 546 2967 3813 3051">
     <span class='ocr_line' id='line_1_37' title="bbox 546 2967 3813 3051; baseline -0.006 -17"><span class='ocrx_word' id='word_1_456' title='bbox 546 2995 621 3034; x_wconf 84' lang='lat' dir='ltr'><strong>ne</strong></span> <span class='ocrx_word' id='word_1_457' title='bbox 655 2980 777 3051; x_wconf 86' lang='lat' dir='ltr'><strong>quis</strong></span> <span class='ocrx_word' id='word_1_458' title='bbox 802 2994 925 3035; x_wconf 90' lang='lat' dir='ltr'><strong>eum</strong></span> <span class='ocrx_word' id='word_1_459' title='bbox 955 2978 1122 3049; x_wconf 90' lang='lat' dir='ltr'><strong>aliud,</strong></span> <span class='ocrx_word' id='word_1_460' title='bbox 1153 2992 1313 3050; x_wconf 89' lang='lat' dir='ltr'><strong>quam</strong></span> <span class='ocrx_word' id='word_1_461' title='bbox 1341 2976 1410 3031; x_wconf 91' lang='lat' dir='ltr'><strong>de</strong></span> <span class='ocrx_word' id='word_1_462' title='bbox 1436 2988 1545 3031; x_wconf 85' lang='lat' dir='ltr'><strong>non</strong></span> <span class='ocrx_word' id='word_1_463' title='bbox 1577 2971 1836 3045; x_wconf 89' lang='lat' dir='ltr'><strong>peccandi</strong></span> <span class='ocrx_word' id='word_1_464' title='bbox 1864 2967 2142 3041; x_wconf 86' lang='lat' dir='ltr'><strong>possibili-</strong></span> <span class='ocrx_word' id='word_1_465' title='bbox 2248 2975 2463 3031; x_wconf 77' lang='lat' dir='ltr'><strong>etiamsi</strong></span> <span class='ocrx_word' id='word_1_466' title='bbox 2493 2983 2743 3029; x_wconf 75' lang='lat' dir='ltr'><strong>mortuus</strong></span> <span class='ocrx_word' id='word_1_467' title='bbox 2773 2972 2864 3028; x_wconf 77' lang='lat' dir='ltr'><strong>ille</strong></span> <span class='ocrx_word' id='word_1_468' title='bbox 2894 2987 3001 3027; x_wconf 82' lang='lat' dir='ltr'><strong>non</strong></span> <span class='ocrx_word' id='word_1_469' title='bbox 3032 2978 3197 3026; x_wconf 78' lang='lat' dir='ltr'><strong>esset.</strong></span> <span class='ocrx_word' id='word_1_470' title='bbox 3232 2969 3316 3037; x_wconf 57' lang='lat' dir='ltr'><strong>Et,</strong></span> <span class='ocrx_word' id='word_1_471' title='bbox 3346 2969 3390 3023; x_wconf 84' lang='lat' dir='ltr'><strong>si</strong></span> <span class='ocrx_word' id='word_1_472' title='bbox 3424 2978 3452 3015; x_wconf 75' lang='grc' dir='ltr'><strong><em>ε</em></strong></span> <span class='ocrx_word' id='word_1_473' title='bbox 3479 2968 3613 3039; x_wconf 69' lang='lat' dir='ltr'><strong>justi</strong></span> <span class='ocrx_word' id='word_1_474' title='bbox 3638 2976 3813 3032; x_wconf 70' lang='lat' dir='ltr'><strong>essent,</strong></span> 
     </span>
    </p>
   </div>
   <div class='ocr_carea' id='block_1_38' title="bbox 553 3059 3815 3145">
    <p class='ocr_par' dir='ltr' id='par_1_38' title="bbox 553 3059 3815 3145">
     <span class='ocr_line' id='line_1_38' title="bbox 553 3059 3815 3145; baseline -0.004 -17"><span class='ocrx_word' id='word_1_475' title='bbox 553 3082 662 3129; x_wconf 86' lang='lat' dir='ltr'><strong>tate</strong></span> <span class='ocrx_word' id='word_1_476' title='bbox 688 3087 937 3145; x_wconf 67' lang='lat' dir='ltr'><strong>qumrere</strong></span> <span class='ocrx_word' id='word_1_477' title='bbox 965 3072 1262 3128; x_wconf 82' lang='lat' dir='ltr'><strong>existimet.</strong></span> <span class='ocrx_word' id='word_1_478' title='bbox 1298 3068 1454 3126; x_wconf 88' lang='lat' dir='ltr'><strong>Unde</strong></span> <span class='ocrx_word' id='word_1_479' title='bbox 1485 3068 1630 3123; x_wconf 89' lang='lat' dir='ltr'><strong>inter</strong></span> <span class='ocrx_word' id='word_1_480' title='bbox 1656 3065 1823 3121; x_wconf 92' lang='lat' dir='ltr'><strong>multa</strong></span> <span class='ocrx_word' id='word_1_481' title='bbox 1855 3063 2056 3133; x_wconf 91' lang='lat' dir='ltr'><strong>quibus</strong></span> <span class='ocrx_word' id='word_1_482' title='bbox 2090 3059 2141 3115; x_wconf 89' lang='lat' dir='ltr'><strong>id</strong></span> <span class='ocrx_word' id='word_1_483' title='bbox 2248 3073 2373 3144; x_wconf 69' lang='lat' dir='ltr'><strong>quia</strong></span> <span class='ocrx_word' id='word_1_484' title='bbox 2414 3059 2637 3136; x_wconf 66' lang='lat' dir='ltr'><strong>veneat,</strong></span> <span class='ocrx_word' id='word_1_485' title='bbox 2680 3077 2866 3125; x_wconf 81' lang='lat' dir='ltr'><strong>essent</strong></span> <span class='ocrx_word' id='word_1_486' title='bbox 2902 3084 2915 3119; x_wconf 74' lang='grc' dir='ltr'>ε</span> <span class='ocrx_word' id='word_1_487' title='bbox 2957 3081 3087 3133; x_wconf 80' lang='lat' dir='ltr'><strong>non,</strong></span> <span class='ocrx_word' id='word_1_488' title='bbox 3116 3064 3241 3136; x_wconf 87' lang='lat' dir='ltr'><strong>quia</strong></span> <span class='ocrx_word' id='word_1_489' title='bbox 3264 3064 3393 3136; x_wconf 87' lang='lat' dir='ltr'><strong>justi</strong></span> <span class='ocrx_word' id='word_1_490' title='bbox 3420 3074 3553 3119; x_wconf 83' lang='lat' dir='ltr'><strong>esse</strong></span> <span class='ocrx_word' id='word_1_491' title='bbox 3583 3078 3683 3118; x_wconf 90' lang='lat' dir='ltr'><strong>non</strong></span> <span class='ocrx_word' id='word_1_492' title='bbox 3712 3077 3815 3133; x_wconf 83' lang='lat' dir='ltr'><strong>pos-</strong></span> 
     </span>
    </p>
   </div>
   <div class='ocr_carea' id='block_1_39' title="bbox 549 3146 2132 3234">
    <p class='ocr_par' dir='ltr' id='par_1_39' title="bbox 549 3154 2132 3234">
     <span class='ocr_line' id='line_1_39' title="bbox 549 3154 2132 3234; baseline -0.006 -16"><span class='ocrx_word' id='word_1_493' title='bbox 549 3166 705 3234; x_wconf 84' lang='lat' dir='ltr'><strong>agit,</strong></span> <span class='ocrx_word' id='word_1_494' title='bbox 748 3164 912 3219; x_wconf 90' lang='lat' dir='ltr'><strong>etiam</strong></span> <span class='ocrx_word' id='word_1_495' title='bbox 957 3163 1059 3217; x_wconf 85' lang='lat' dir='ltr'><strong>hoc</strong></span> <span class='ocrx_word' id='word_1_496' title='bbox 1099 3162 1250 3219; x_wconf 81' lang='lat' dir='ltr'><strong>dicit.</strong></span> <span class='ocrx_word' id='word_1_497' title='bbox 1289 3179 1309 3213; x_wconf 83' lang='lat' dir='ltr'><strong>t</strong></span> <span class='ocrx_word' id='word_1_498' title='bbox 1344 3160 1494 3216; x_wconf 81' lang='lat' dir='ltr'><strong>Idem</strong></span> <span class='ocrx_word' id='word_1_499' title='bbox 1536 3161 1731 3213; x_wconf 88' lang='lat' dir='ltr'><strong>iterum</strong></span> <span class='ocrx_word' id='word_1_500' title='bbox 1773 3164 1983 3227; x_wconf 88' lang='lat' dir='ltr'><strong>repeto.</strong></span> <span class='ocrx_word' id='word_1_501' title='bbox 2030 3154 2132 3225; x_wconf 77' lang='lat' dir='ltr'><strong>Ego</strong></span> 
     </span>
    </p>
   </div>
   <div class='ocr_carea' id='block_1_40' title="bbox 2237 3146 3815 3234">
    <p class='ocr_par' dir='ltr' id='par_1_40' title="bbox 2246 3158 3815 3231">
     <span class='ocr_line' id='line_1_40' title="bbox 2246 3158 3815 3231; baseline -0.006 -10"><span class='ocrx_word' id='word_1_502' title='bbox 2246 3175 2368 3222; x_wconf 88' lang='lat' dir='ltr'><strong>sent</strong></span> <span class='ocrx_word' id='word_1_503' title='bbox 2398 3184 2411 3220; x_wconf 92' lang='lat'><strong>:</strong></span> <span class='ocrx_word' id='word_1_504' title='bbox 2444 3165 2501 3221; x_wconf 94' lang='lat' dir='ltr'><strong>Si</strong></span> <span class='ocrx_word' id='word_1_505' title='bbox 2528 3174 2707 3221; x_wconf 88' lang='lat' dir='ltr'><strong>autem</strong></span> <span class='ocrx_word' id='word_1_506' title='bbox 2736 3164 2854 3220; x_wconf 89' lang='lat' dir='ltr'><strong>sine</strong></span> <span class='ocrx_word' id='word_1_507' title='bbox 2872 3162 3073 3218; x_wconf 83' lang='lat' dir='ltr'><strong>Christi</strong></span> <span class='ocrx_word' id='word_1_508' title='bbox 3103 3161 3273 3231; x_wconf 83' lang='lat' dir='ltr'><strong>gratia</strong></span> <span class='ocrx_word' id='word_1_509' title='bbox 3300 3158 3595 3229; x_wconf 86' lang='lat' dir='ltr'><strong>justilieari</strong></span> <span class='ocrx_word' id='word_1_510' title='bbox 3624 3159 3815 3213; x_wconf 84' lang='lat' dir='ltr'><strong>omnino</strong></span> 
     </span>
    </p>
   </div>
   <div class='ocr_carea' id='block_1_41' title="bbox 547 3248 3816 3330">
    <p class='ocr_par' dir='ltr' id='par_1_41' title="bbox 547 3248 3816 3330">
     <span class='ocr_line' id='line_1_41' title="bbox 547 3248 3816 3330; baseline -0.006 -4"><span class='ocrx_word' id='word_1_511' title='bbox 547 3256 672 3310; x_wconf 72' lang='grc' dir='ltr'><strong>ἀίθο</strong></span> <span class='ocrx_word' id='word_1_512' title='bbox 698 3268 1000 3326; x_wconf 56' lang='lat' dir='ltr'><strong>P0550055e</strong></span> <span class='ocrx_word' id='word_1_513' title='bbox 1022 3255 1295 3311; x_wconf 71' lang='lat' dir='ltr'><strong>hominem</strong></span> <span class='ocrx_word' id='word_1_514' title='bbox 1321 3254 1440 3311; x_wconf 72' lang='lat' dir='ltr'><strong>Sine</strong></span> <span class='ocrx_word' id='word_1_515' title='bbox 1462 3259 1705 3324; x_wconf 66' lang='grc' dir='ltr'><strong>Ρθεεθιο-</strong></span> <span class='ocrx_word' id='word_1_516' title='bbox 1728 3250 1806 3306; x_wconf 69' lang='lat' dir='ltr'><strong>Tu</strong></span> <span class='ocrx_word' id='word_1_517' title='bbox 1826 3249 1951 3320; x_wconf 69' lang='lat' dir='ltr'><strong>quid</strong></span> <span class='ocrx_word' id='word_1_518' title='bbox 1975 3248 2142 3304; x_wconf 62' lang='lat' dir='ltr'><strong>diem</strong></span> <span class='ocrx_word' id='word_1_519' title='bbox 2247 3275 2355 3315; x_wconf 89' lang='lat' dir='ltr'><strong>non</strong></span> <span class='ocrx_word' id='word_1_520' title='bbox 2379 3257 2990 3330; x_wconf 86' lang='lat' dir='ltr'><strong>potuit,etiamjnstnm,</strong></span> <span class='ocrx_word' id='word_1_521' title='bbox 3008 3256 3051 3311; x_wconf 74' lang='lat' dir='ltr'><strong>si</strong></span> <span class='ocrx_word' id='word_1_522' title='bbox 3075 3252 3528 3320; x_wconf 81' lang='lat' dir='ltr'><strong>audct,absolvat</strong></span> <span class='ocrx_word' id='word_1_523' title='bbox 3549 3253 3816 3308; x_wconf 84' lang='lat' dir='ltr'><strong>secundum</strong></span> 
     </span>
    </p>
   </div>
   <div class='ocr_carea' id='block_1_42' title="bbox 548 3343 2132 3421">
    <p class='ocr_par' dir='ltr' id='par_1_42' title="bbox 548 3343 2132 3421">
     <span class='ocr_line' id='line_1_42' title="bbox 548 3343 2132 3421; baseline -0.006 -16"><span class='ocrx_word' id='word_1_524' title='bbox 548 3348 666 3405; x_wconf 87' lang='lat' dir='ltr'><strong>Non</strong></span> <span class='ocrx_word' id='word_1_525' title='bbox 693 3364 857 3421; x_wconf 86' lang='lat' dir='ltr'><strong>posse</strong></span> <span class='ocrx_word' id='word_1_526' title='bbox 887 3363 1010 3405; x_wconf 87' lang='lat' dir='ltr'><strong>esse</strong></span> <span class='ocrx_word' id='word_1_527' title='bbox 1035 3348 1313 3404; x_wconf 79' lang='lat' dir='ltr'><strong>hominem</strong></span> <span class='ocrx_word' id='word_1_528' title='bbox 1340 3350 1458 3404; x_wconf 88' lang='lat' dir='ltr'><strong>sine</strong></span> <span class='ocrx_word' id='word_1_529' title='bbox 1487 3345 1744 3416; x_wconf 80' lang='lat' dir='ltr'><strong>peccato?</strong></span> <span class='ocrx_word' id='word_1_530' title='bbox 1768 3343 1846 3399; x_wconf 92' lang='lat' dir='ltr'><strong>De</strong></span> <span class='ocrx_word' id='word_1_531' title='bbox 1871 3356 2058 3414; x_wconf 87' lang='lat' dir='ltr'><strong>posse,</strong></span> <span class='ocrx_word' id='word_1_532' title='bbox 2088 3349 2132 3396; x_wconf 90' lang='lat' dir='ltr'><strong>el</strong></span> 
     </span>
    </p>
   </div>
   <div class='ocr_carea' id='block_1_43' title="bbox 2237 3343 3817 3421">
    <p class='ocr_par' dir='ltr' id='par_1_43' title="bbox 2247 3344 3817 3420">
     <span class='ocr_line' id='line_1_43' title="bbox 2247 3344 3817 3420; baseline -0.005 -13"><span class='ocrx_word' id='word_1_533' title='bbox 2247 3352 2410 3407; x_wconf 84' lang='lat' dir='ltr'><strong>verba</strong></span> <span class='ocrx_word' id='word_1_534' title='bbox 2440 3367 2537 3406; x_wconf 85' lang='lat' dir='ltr'><strong>sua</strong></span> <span class='ocrx_word' id='word_1_535' title='bbox 2567 3368 2582 3405; x_wconf 90' lang='lat'><strong>:</strong></span> <span class='ocrx_word' id='word_1_536' title='bbox 2624 3368 2643 3401; x_wconf 77' lang='grc' dir='ltr'><strong>ι</strong></span> <span class='ocrx_word' id='word_1_537' title='bbox 2682 3350 2806 3420; x_wconf 86' lang='lat' dir='ltr'><strong>quia</strong></span> <span class='ocrx_word' id='word_1_538' title='bbox 2838 3348 3042 3405; x_wconf 84' lang='lat' dir='ltr'><strong>idcirco</strong></span> <span class='ocrx_word' id='word_1_539' title='bbox 3072 3346 3194 3403; x_wconf 88' lang='lat' dir='ltr'><strong>talis</strong></span> <span class='ocrx_word' id='word_1_540' title='bbox 3223 3346 3343 3415; x_wconf 90' lang='lat' dir='ltr'><strong>fuit,</strong></span> <span class='ocrx_word' id='word_1_541' title='bbox 3374 3344 3525 3418; x_wconf 91' lang='lat' dir='ltr'><strong>quod</strong></span> <span class='ocrx_word' id='word_1_542' title='bbox 3556 3346 3691 3401; x_wconf 88' lang='lat' dir='ltr'><strong>alius</strong></span> <span class='ocrx_word' id='word_1_543' title='bbox 3715 3357 3817 3399; x_wconf 70' lang='lat' dir='ltr'><strong>es=e</strong></span> 
     </span>
    </p>
   </div>
   <div class='ocr_carea' id='block_1_44' title="bbox 550 3436 2999 3516">
    <p class='ocr_par' dir='ltr' id='par_1_44' title="bbox 550 3436 2999 3516">
     <span class='ocr_line' id='line_1_44' title="bbox 550 3436 2999 3516; baseline -0.004 -20"><span class='ocrx_word' id='word_1_544' title='bbox 550 3455 660 3496; x_wconf 91' lang='lat' dir='ltr'><strong>non</strong></span> <span class='ocrx_word' id='word_1_545' title='bbox 685 3456 843 3512; x_wconf 88' lang='lat' dir='ltr'><strong>posse</strong></span> <span class='ocrx_word' id='word_1_546' title='bbox 874 3460 889 3497; x_wconf 88' lang='lat'><strong>:</strong></span> <span class='ocrx_word' id='word_1_547' title='bbox 920 3456 1027 3497; x_wconf 89' lang='lat' dir='ltr'><strong>non</strong></span> <span class='ocrx_word' id='word_1_548' title='bbox 1055 3440 1123 3496; x_wconf 90' lang='lat' dir='ltr'><strong>de</strong></span> <span class='ocrx_word' id='word_1_549' title='bbox 1148 3455 1292 3507; x_wconf 90' lang='lat' dir='ltr'><strong>esse,</strong></span> <span class='ocrx_word' id='word_1_550' title='bbox 1322 3449 1378 3496; x_wconf 90' lang='lat' dir='ltr'><strong>et</strong></span> <span class='ocrx_word' id='word_1_551' title='bbox 1405 3454 1512 3501; x_wconf 92' lang='lat' dir='ltr'><strong>non</strong></span> <span class='ocrx_word' id='word_1_552' title='bbox 1541 3453 1666 3495; x_wconf 89' lang='lat' dir='ltr'><strong>esse</strong></span> <span class='ocrx_word' id='word_1_553' title='bbox 1686 3436 2086 3492; x_wconf 86' lang='lat' dir='ltr'><strong>contendimus.</strong></span> <span class='ocrx_word' id='word_1_554' title='bbox 2118 3452 2138 3486; x_wconf 75' lang='grc' dir='ltr'><strong>ι</strong></span> <span class='ocrx_word' id='word_1_555' title='bbox 2248 3459 2354 3501; x_wconf 69' lang='grc' dir='ltr'><strong>ιιοη</strong></span> <span class='ocrx_word' id='word_1_556' title='bbox 2386 3445 2585 3516; x_wconf 63' lang='lat' dir='ltr'><strong>pom“,</strong></span> <span class='ocrx_word' id='word_1_557' title='bbox 2614 3442 2772 3513; x_wconf 74' lang='lat' dir='ltr'><strong>culpa</strong></span> <span class='ocrx_word' id='word_1_558' title='bbox 2799 3441 2999 3499; x_wconf 68' lang='lat' dir='ltr'><strong>caruit,</strong></span> 
     </span>
    </p>
   </div>
   <div class='ocr_carea' id='block_1_45' title="bbox 505 3526 3814 3611">
    <p class='ocr_par' dir='ltr' id='par_1_45' title="bbox 505 3526 3814 3611">
     <span class='ocr_line' id='line_1_45' title="bbox 505 3526 3814 3611; baseline -0.005 -8"><span class='ocrx_word' id='word_1_559' title='bbox 505 3536 508 3539; x_wconf 76' lang='grc'>’</span> <span class='ocrx_word' id='word_1_560' title='bbox 552 3534 760 3590; x_wconf 82' lang='lat' dir='ltr'><strong>Deinde</strong></span> <span class='ocrx_word' id='word_1_561' title='bbox 790 3535 1048 3591; x_wconf 78' lang='lat' dir='ltr'><strong>nonnulla</strong></span> <span class='ocrx_word' id='word_1_562' title='bbox 1079 3548 1290 3601; x_wconf 81' lang='lat' dir='ltr'><strong>eorum.</strong></span> <span class='ocrx_word' id='word_1_563' title='bbox 1321 3550 1440 3603; x_wconf 65' lang='lat' dir='ltr'><strong>tum</strong></span> <span class='ocrx_word' id='word_1_564' title='bbox 1480 3533 1743 3588; x_wconf 74' lang='lat' dir='ltr'><strong>adversus</strong></span> <span class='ocrx_word' id='word_1_565' title='bbox 1769 3545 1863 3586; x_wconf 77' lang='lat' dir='ltr'><strong>eos</strong></span> <span class='ocrx_word' id='word_1_566' title='bbox 1893 3526 2143 3584; x_wconf 74' lang='lat' dir='ltr'><strong>de&#39;Scri-</strong></span> <span class='ocrx_word' id='word_1_567' title='bbox 2319 3542 2408 3598; x_wconf 71' lang='lat'><strong>45.</strong></span> <span class='ocrx_word' id='word_1_568' title='bbox 2447 3539 2551 3596; x_wconf 90' lang='lat' dir='ltr'><strong>Sed</strong></span> <span class='ocrx_word' id='word_1_569' title='bbox 2592 3539 2780 3611; x_wconf 87' lang='lat' dir='ltr'><strong>objicit</strong></span> <span class='ocrx_word' id='word_1_570' title='bbox 2808 3539 2908 3595; x_wconf 90' lang='lat' dir='ltr'><strong>sibi</strong></span> <span class='ocrx_word' id='word_1_571' title='bbox 2940 3538 3092 3609; x_wconf 84' lang='lat' dir='ltr'><strong>quasi</strong></span> <span class='ocrx_word' id='word_1_572' title='bbox 3120 3537 3191 3593; x_wconf 86' lang='lat' dir='ltr'><strong>ab</strong></span> <span class='ocrx_word' id='word_1_573' title='bbox 3222 3537 3331 3593; x_wconf 90' lang='lat' dir='ltr'><strong>alio</strong></span> <span class='ocrx_word' id='word_1_574' title='bbox 3357 3538 3601 3604; x_wconf 89' lang='lat' dir='ltr'><strong>dictum,</strong></span> <span class='ocrx_word' id='word_1_575' title='bbox 3641 3546 3694 3593; x_wconf 89' lang='lat' dir='ltr'><strong>et</strong></span> <span class='ocrx_word' id='word_1_576' title='bbox 3723 3536 3814 3590; x_wconf 80' lang='lat' dir='ltr'><strong>ait:</strong></span> 
     </span>
    </p>
   </div>
   <div class='ocr_carea' id='block_1_46' title="bbox 539 3629 3813 3703">
    <p class='ocr_par' dir='ltr' id='par_1_46' title="bbox 539 3629 3813 3703">
     <span class='ocr_line' id='line_1_46' title="bbox 539 3629 3813 3703; baseline 0 -19"><span class='ocrx_word' id='word_1_577' title='bbox 539 3631 721 3703; x_wconf 87' lang='lat' dir='ltr'><strong>ptnris</strong></span> <span class='ocrx_word' id='word_1_578' title='bbox 750 3632 978 3703; x_wconf 88' lang='lat' dir='ltr'><strong>proferri</strong></span> <span class='ocrx_word' id='word_1_579' title='bbox 1009 3633 1209 3703; x_wconf 89' lang='lat' dir='ltr'><strong>solent,</strong></span> <span class='ocrx_word' id='word_1_580' title='bbox 1236 3632 1302 3688; x_wconf 89' lang='lat' dir='ltr'><strong>ad</strong></span> <span class='ocrx_word' id='word_1_581' title='bbox 1322 3633 1478 3687; x_wconf 89' lang='lat' dir='ltr'><strong>istam</strong></span> <span class='ocrx_word' id='word_1_582' title='bbox 1502 3631 1861 3701; x_wconf 58' lang='lat' dir='ltr'><strong>quaestionem</strong></span> <span class='ocrx_word' id='word_1_583' title='bbox 1887 3643 1994 3683; x_wconf 92' lang='lat' dir='ltr'><strong>non</strong></span> <span class='ocrx_word' id='word_1_584' title='bbox 2020 3642 2146 3699; x_wconf 84' lang='lat' dir='ltr'><strong>per-</strong></span> <span class='ocrx_word' id='word_1_585' title='bbox 2254 3652 2274 3687; x_wconf 73' lang='grc' dir='ltr'><strong>ι</strong></span> <span class='ocrx_word' id='word_1_586' title='bbox 2300 3633 2486 3690; x_wconf 85' lang='lat' dir='ltr'><strong>Potest</strong></span> <span class='ocrx_word' id='word_1_587' title='bbox 2509 3632 2724 3703; x_wconf 85' lang='lat' dir='ltr'><strong>quidem</strong></span> <span class='ocrx_word' id='word_1_588' title='bbox 2750 3646 2896 3699; x_wconf 89' lang='lat' dir='ltr'><strong>esse,</strong></span> <span class='ocrx_word' id='word_1_589' title='bbox 2922 3630 3018 3686; x_wconf 89' lang='lat' dir='ltr'><strong>sed</strong></span> <span class='ocrx_word' id='word_1_590' title='bbox 3042 3646 3136 3702; x_wconf 87' lang='lat' dir='ltr'><strong>per</strong></span> <span class='ocrx_word' id='word_1_591' title='bbox 3162 3631 3256 3687; x_wconf 86' lang='lat' dir='ltr'><strong>Dei</strong></span> <span class='ocrx_word' id='word_1_592' title='bbox 3278 3631 3538 3701; x_wconf 83' lang='lat' dir='ltr'><strong>gratiam.</strong></span> <span class='ocrx_word' id='word_1_593' title='bbox 3571 3650 3589 3683; x_wconf 81' lang='grc' dir='ltr'><strong>ι</strong></span> <span class='ocrx_word' id='word_1_594' title='bbox 3617 3629 3813 3692; x_wconf 81' lang='lat' dir='ltr'><strong>Deinde,</strong></span> 
     </span>
    </p>
   </div>
   <div class='ocr_carea' id='block_1_47' title="bbox 549 3712 3818 3797">
    <p class='ocr_par' dir='ltr' id='par_1_47' title="bbox 549 3712 3818 3797">
     <span class='ocr_line' id='line_1_47' title="bbox 549 3712 3818 3797; baseline -0.002 -17"><span class='ocrx_word' id='word_1_595' title='bbox 549 3726 747 3793; x_wconf 88' lang='lat' dir='ltr'><strong>tinere,</strong></span> <span class='ocrx_word' id='word_1_596' title='bbox 776 3728 827 3781; x_wconf 93' lang='lat' dir='ltr'><strong>in</strong></span> <span class='ocrx_word' id='word_1_597' title='bbox 868 3743 970 3797; x_wconf 83' lang='lat' dir='ltr'><strong>qua</strong></span> <span class='ocrx_word' id='word_1_598' title='bbox 995 3728 1275 3797; x_wconf 69' lang='lat' dir='ltr'><strong>quieritur,</strong></span> <span class='ocrx_word' id='word_1_599' title='bbox 1301 3725 1541 3797; x_wconf 86' lang='lat' dir='ltr'><strong>possitne</strong></span> <span class='ocrx_word' id='word_1_600' title='bbox 1564 3740 1759 3779; x_wconf 81' lang='lat' dir='ltr'><strong>annon</strong></span> <span class='ocrx_word' id='word_1_601' title='bbox 1786 3722 1956 3792; x_wconf 85' lang='lat' dir='ltr'><strong>possit</strong></span> <span class='ocrx_word' id='word_1_602' title='bbox 1981 3722 2145 3777; x_wconf 83' lang='lat' dir='ltr'><strong>homo</strong></span> <span class='ocrx_word' id='word_1_603' title='bbox 2251 3712 2398 3782; x_wconf 88' lang='lat' dir='ltr'><strong>velut</strong></span> <span class='ocrx_word' id='word_1_604' title='bbox 2425 3724 2828 3797; x_wconf 73' lang='lat' dir='ltr'><strong>reSpnndendo,</strong></span> <span class='ocrx_word' id='word_1_605' title='bbox 2857 3722 3170 3794; x_wconf 75' lang='lat' dir='ltr'><strong>sulijungit;</strong></span> <span class='ocrx_word' id='word_1_606' title='bbox 3199 3742 3217 3775; x_wconf 75' lang='grc' dir='ltr'><strong>ι</strong></span> <span class='ocrx_word' id='word_1_607' title='bbox 3250 3728 3365 3794; x_wconf 81' lang='lat' dir='ltr'><strong>Ago</strong></span> <span class='ocrx_word' id='word_1_608' title='bbox 3391 3723 3818 3779; x_wconf 64' lang='lat' dir='ltr'><strong>humanitatitttz</strong></span> 
     </span>
    </p>
   </div>
   <div class='ocr_carea' id='block_1_48' title="bbox 550 3806 3820 3892">
    <p class='ocr_par' dir='ltr' id='par_1_48' title="bbox 550 3806 3820 3892">
     <span class='ocr_line' id='line_1_48' title="bbox 550 3806 3820 3892; baseline -0.002 -16"><span class='ocrx_word' id='word_1_609' title='bbox 550 3835 674 3876; x_wconf 88' lang='lat' dir='ltr'><strong>esse</strong></span> <span class='ocrx_word' id='word_1_610' title='bbox 701 3822 818 3876; x_wconf 89' lang='lat' dir='ltr'><strong>sine</strong></span> <span class='ocrx_word' id='word_1_611' title='bbox 846 3806 1231 3891; x_wconf 16' lang='lat' dir='ltr'><strong>peccato,ejam</strong></span> <span class='ocrx_word' id='word_1_612' title='bbox 1259 3828 1653 3875; x_wconf 88' lang='lat' dir='ltr'><strong>commemorat</strong></span> <span class='ocrx_word' id='word_1_613' title='bbox 1687 3836 1698 3871; x_wconf 86' lang='lat'>:</span> <span class='ocrx_word' id='word_1_614' title='bbox 1732 3834 1752 3869; x_wconf 73' lang='grc' dir='ltr'><strong>ι</strong></span> <span class='ocrx_word' id='word_1_615' title='bbox 1781 3815 1911 3870; x_wconf 85' lang='lat' dir='ltr'><strong>Nam</strong></span> <span class='ocrx_word' id='word_1_616' title='bbox 1942 3815 2141 3880; x_wconf 85' lang='lat' dir='ltr'><strong>nullus,</strong></span> <span class='ocrx_word' id='word_1_617' title='bbox 2247 3820 2474 3892; x_wconf 78' lang='lat' dir='ltr'><strong>gratias,</strong></span> <span class='ocrx_word' id='word_1_618' title='bbox 2500 3817 2643 3890; x_wconf 91' lang='lat' dir='ltr'><strong>quod</strong></span> <span class='ocrx_word' id='word_1_619' title='bbox 2676 3818 3035 3873; x_wconf 85' lang='lat' dir='ltr'><strong>assertionem</strong></span> <span class='ocrx_word' id='word_1_620' title='bbox 3074 3831 3246 3872; x_wconf 90' lang='lat' dir='ltr'><strong>meam</strong></span> <span class='ocrx_word' id='word_1_621' title='bbox 3266 3859 3280 3882; x_wconf 89' lang='lat'><strong>,</strong></span> <span class='ocrx_word' id='word_1_622' title='bbox 3312 3826 3479 3888; x_wconf 86' lang='lat' dir='ltr'><strong>quam</strong></span> <span class='ocrx_word' id='word_1_623' title='bbox 3518 3817 3714 3872; x_wconf 90' lang='lat' dir='ltr'><strong>dudum</strong></span> <span class='ocrx_word' id='word_1_624' title='bbox 3741 3829 3820 3886; x_wconf 86' lang='lat' dir='ltr'><strong>op-</strong></span> 
     </span>
    </p>
   </div>
   <div class='ocr_carea' id='block_1_49' title="bbox 548 3905 3821 3987">
    <p class='ocr_par' dir='ltr' id='par_1_49' title="bbox 548 3905 3821 3987">
     <span class='ocr_line' id='line_1_49' title="bbox 548 3905 3821 3987; baseline -0.001 -18"><span class='ocrx_word' id='word_1_625' title='bbox 548 3914 748 3984; x_wconf 89' lang='lat' dir='ltr'><strong>inquit,</strong></span> <span class='ocrx_word' id='word_1_626' title='bbox 781 3914 1007 3967; x_wconf 84' lang='lat' dir='ltr'><strong>mundus</strong></span> <span class='ocrx_word' id='word_1_627' title='bbox 1044 3920 1119 3967; x_wconf 84' lang='lat' dir='ltr'><strong>est</strong></span> <span class='ocrx_word' id='word_1_628' title='bbox 1146 3929 1176 3966; x_wconf 88' lang='lat' dir='ltr'><strong>a</strong></span> <span class='ocrx_word' id='word_1_629' title='bbox 1206 3914 1359 3966; x_wconf 81' lang='lat' dir='ltr'><strong>sorde</strong></span> <span class='ocrx_word' id='word_1_630' title='bbox 1389 3910 1533 3984; x_wconf 82' lang='lat' dir='ltr'><strong>(Job.</strong></span> <span class='ocrx_word' id='word_1_631' title='bbox 1568 3925 1680 3980; x_wconf 79' lang='lat' dir='ltr'><strong>xw,</strong></span> <span class='ocrx_word' id='word_1_632' title='bbox 1713 3909 1769 3980; x_wconf 63' lang='grc' dir='ltr'><strong>ὁ,</strong></span> <span class='ocrx_word' id='word_1_633' title='bbox 1804 3925 1906 3964; x_wconf 80' lang='lat' dir='ltr'><strong>sec.</strong></span> <span class='ocrx_word' id='word_1_634' title='bbox 1941 3905 2140 3980; x_wconf 78' lang='lat' dir='ltr'><strong>LXX).</strong></span> <span class='ocrx_word' id='word_1_635' title='bbox 2251 3914 2551 3987; x_wconf 79' lang='lat' dir='ltr'><strong>pugnabas,</strong></span> <span class='ocrx_word' id='word_1_636' title='bbox 2588 3928 2692 3969; x_wconf 86' lang='lat' dir='ltr'><strong>non</strong></span> <span class='ocrx_word' id='word_1_637' title='bbox 2721 3912 2882 3968; x_wconf 88' lang='lat' dir='ltr'><strong>modo</strong></span> <span class='ocrx_word' id='word_1_638' title='bbox 2908 3927 3017 3967; x_wconf 92' lang='lat' dir='ltr'><strong>non</strong></span> <span class='ocrx_word' id='word_1_639' title='bbox 3044 3926 3363 3982; x_wconf 79' lang='lat' dir='ltr'><strong>oppugnare</strong></span> <span class='ocrx_word' id='word_1_640' title='bbox 3392 3922 3493 3967; x_wconf 90' lang='lat' dir='ltr'><strong>aut</strong></span> <span class='ocrx_word' id='word_1_641' title='bbox 3522 3909 3550 3949; x_wconf 74' lang='grc'><strong>⁸³</strong></span> <span class='ocrx_word' id='word_1_642' title='bbox 3582 3927 3685 3967; x_wconf 82' lang='grc' dir='ltr'><strong>ιιοη</strong></span> <span class='ocrx_word' id='word_1_643' title='bbox 3711 3925 3821 3966; x_wconf 82' lang='lat' dir='ltr'><strong>con-</strong></span> 
     </span>
    </p>
   </div>
   <div class='ocr_carea' id='block_1_50' title="bbox 548 3999 3818 4075">
    <p class='ocr_par' dir='ltr' id='par_1_50' title="bbox 548 3999 3818 4075">
     <span class='ocr_line' id='line_1_50' title="bbox 548 3999 3818 4075; baseline 0.001 -21"><span class='ocrx_word' id='word_1_644' title='bbox 548 4016 605 4061; x_wconf 81' lang='lat' dir='ltr'><strong>et</strong></span> <span class='ocrx_word' id='word_1_645' title='bbox 637 4023 738 4059; x_wconf 86' lang='lat' dir='ltr'><strong>non</strong></span> <span class='ocrx_word' id='word_1_646' title='bbox 771 4019 846 4060; x_wconf 73' lang='lat' dir='ltr'><strong>est</strong></span> <span class='ocrx_word' id='word_1_647' title='bbox 874 4006 1047 4069; x_wconf 83' lang='grc' dir='ltr'><strong>Ιιοιιιο,</strong></span> <span class='ocrx_word' id='word_1_648' title='bbox 1078 4006 1169 4075; x_wconf 84' lang='lat' dir='ltr'><strong>qui</strong></span> <span class='ocrx_word' id='word_1_649' title='bbox 1200 4008 1501 4073; x_wconf 81' lang='lat' dir='ltr'><strong>non&#39;peccet</strong></span> <span class='ocrx_word' id='word_1_650' title='bbox 1531 4002 1622 4073; x_wconf 86' lang='lat' dir='ltr'><strong>(Ill</strong></span> <span class='ocrx_word' id='word_1_651' title='bbox 1654 4002 1930 4073; x_wconf 62' lang='lat' dir='ltr'><strong>Rengttt,</strong></span> <span class='ocrx_word' id='word_1_652' title='bbox 1953 3999 2066 4071; x_wconf 68' lang='grc'><strong>46),</strong></span> <span class='ocrx_word' id='word_1_653' title='bbox 2092 4006 2146 4054; x_wconf 77' lang='lat' dir='ltr'><strong>et</strong></span> <span class='ocrx_word' id='word_1_654' title='bbox 2250 4007 2391 4064; x_wconf 82' lang='lat' dir='ltr'><strong>fitcri</strong></span> <span class='ocrx_word' id='word_1_655' title='bbox 2419 4008 2596 4063; x_wconf 90' lang='lat' dir='ltr'><strong>solum</strong></span> <span class='ocrx_word' id='word_1_656' title='bbox 2626 4015 2914 4063; x_wconf 89' lang='lat' dir='ltr'><strong>contentus</strong></span> <span class='ocrx_word' id='word_1_657' title='bbox 2945 4022 3053 4061; x_wconf 85' lang='lat' dir='ltr'><strong>non</strong></span> <span class='ocrx_word' id='word_1_658' title='bbox 3079 4020 3161 4071; x_wconf 89' lang='lat' dir='ltr'><strong>es,</strong></span> <span class='ocrx_word' id='word_1_659' title='bbox 3192 4020 3383 4061; x_wconf 83' lang='lat' dir='ltr'><strong>verum</strong></span> <span class='ocrx_word' id='word_1_660' title='bbox 3412 4004 3493 4061; x_wconf 85' lang='lat' dir='ltr'><strong>eti</strong></span> <span class='ocrx_word' id='word_1_661' title='bbox 3516 4022 3587 4061; x_wconf 74' lang='lat' dir='ltr'><strong>im</strong></span> <span class='ocrx_word' id='word_1_662' title='bbox 3618 4022 3716 4060; x_wconf 89' lang='lat' dir='ltr'><strong>non</strong></span> <span class='ocrx_word' id='word_1_663' title='bbox 3744 4018 3818 4058; x_wconf 87' lang='lat' dir='ltr'><strong>re-</strong></span> 
     </span>
    </p>
   </div>
   <div class='ocr_carea' id='block_1_51' title="bbox 554 4095 3820 4174">
    <p class='ocr_par' dir='ltr' id='par_1_51' title="bbox 554 4095 3820 4174">
     <span class='ocr_line' id='line_1_51' title="bbox 554 4095 3820 4174; baseline -0.002 -22"><span class='ocrx_word' id='word_1_664' title='bbox 554 4115 661 4152; x_wconf 80' lang='lat' dir='ltr'><strong>non</strong></span> <span class='ocrx_word' id='word_1_665' title='bbox 689 4109 762 4154; x_wconf 77' lang='lat' dir='ltr'><strong>est</strong></span> <span class='ocrx_word' id='word_1_666' title='bbox 782 4097 959 4169; x_wconf 83' lang='lat' dir='ltr'><strong>justus</strong></span> <span class='ocrx_word' id='word_1_667' title='bbox 983 4099 1037 4151; x_wconf 84' lang='lat' dir='ltr'><strong>in</strong></span> <span class='ocrx_word' id='word_1_668' title='bbox 1065 4108 1202 4151; x_wconf 84' lang='lat' dir='ltr'><strong>terra</strong></span> <span class='ocrx_word' id='word_1_669' title='bbox 1226 4095 1426 4167; x_wconf 80' lang='lat' dir='ltr'><strong>(Eccle.</strong></span> <span class='ocrx_word' id='word_1_670' title='bbox 1456 4112 1548 4160; x_wconf 80' lang='lat' dir='ltr'><strong>vu,</strong></span> <span class='ocrx_word' id='word_1_671' title='bbox 1574 4096 1694 4165; x_wconf 60' lang='grc' dir='ltr'><strong>ει),</strong></span> <span class='ocrx_word' id='word_1_672' title='bbox 1721 4103 1776 4150; x_wconf 85' lang='lat' dir='ltr'><strong>et</strong></span> <span class='ocrx_word' id='word_1_673' title='bbox 1805 4111 1906 4148; x_wconf 83' lang='lat' dir='ltr'><strong>non</strong></span> <span class='ocrx_word' id='word_1_674' title='bbox 1937 4104 2034 4160; x_wconf 83' lang='lat' dir='ltr'><strong>est,</strong></span> <span class='ocrx_word' id='word_1_675' title='bbox 2058 4095 2147 4163; x_wconf 83' lang='lat' dir='ltr'><strong>qui</strong></span> <span class='ocrx_word' id='word_1_676' title='bbox 2251 4102 2390 4174; x_wconf 72' lang='lat' dir='ltr'><strong>fugis</strong></span> <span class='ocrx_word' id='word_1_677' title='bbox 2419 4099 2796 4169; x_wconf 81' lang='lat' dir='ltr'><strong>comprobare,</strong></span> <span class='ocrx_word' id='word_1_678' title='bbox 2828 4099 2962 4154; x_wconf 80' lang='lat' dir='ltr'><strong>Nam</strong></span> <span class='ocrx_word' id='word_1_679' title='bbox 2993 4099 3198 4166; x_wconf 72' lang='lat' dir='ltr'><strong>dicere,</strong></span> <span class='ocrx_word' id='word_1_680' title='bbox 3229 4107 3405 4170; x_wconf 77' lang='lat' dir='ltr'><strong>potest</strong></span> <span class='ocrx_word' id='word_1_681' title='bbox 3432 4098 3709 4169; x_wconf 70' lang='lat' dir='ltr'><strong>quidem,5</strong></span> <span class='ocrx_word' id='word_1_682' title='bbox 3740 4096 3820 4153; x_wconf 81' lang='lat' dir='ltr'><strong>sed</strong></span> 
     </span>
    </p>
   </div>
   <div class='ocr_carea' id='block_1_52' title="bbox 543 4188 3819 4268">
    <p class='ocr_par' dir='ltr' id='par_1_52' title="bbox 543 4188 3819 4268">
     <span class='ocr_line' id='line_1_52' title="bbox 543 4188 3819 4268; baseline -0.001 -21"><span class='ocrx_word' id='word_1_683' title='bbox 543 4195 705 4264; x_wconf 73' lang='lat' dir='ltr'><strong>faciat</strong></span> <span class='ocrx_word' id='word_1_684' title='bbox 735 4193 921 4247; x_wconf 82' lang='lat' dir='ltr'><strong>bonum</strong></span> <span class='ocrx_word' id='word_1_685' title='bbox 945 4190 1122 4264; x_wconf 84' lang='lat' dir='ltr'><strong>(Psnl.</strong></span> <span class='ocrx_word' id='word_1_686' title='bbox 1150 4207 1263 4261; x_wconf 81' lang='lat' dir='ltr'><strong>xm,</strong></span> <span class='ocrx_word' id='word_1_687' title='bbox 1288 4191 1651 4264; x_wconf 74' lang='lat' dir='ltr'><strong>l).etcmtera</strong></span> <span class='ocrx_word' id='word_1_688' title='bbox 1685 4188 1769 4243; x_wconf 87' lang='lat' dir='ltr'><strong>Itis</strong></span> <span class='ocrx_word' id='word_1_689' title='bbox 1804 4188 2024 4255; x_wconf 86' lang='lat' dir='ltr'><strong>similia,</strong></span> <span class='ocrx_word' id='word_1_690' title='bbox 2056 4188 2144 4242; x_wconf 85' lang='lat' dir='ltr'><strong>in-</strong></span> <span class='ocrx_word' id='word_1_691' title='bbox 2253 4213 2348 4268; x_wconf 71' lang='lat' dir='ltr'><strong>per</strong></span> <span class='ocrx_word' id='word_1_692' title='bbox 2391 4196 2562 4261; x_wconf 79' lang='lat' dir='ltr'><strong>illum,</strong></span> <span class='ocrx_word' id='word_1_693' title='bbox 2604 4203 2699 4249; x_wconf 90' lang='lat' dir='ltr'><strong>aut</strong></span> <span class='ocrx_word' id='word_1_694' title='bbox 2738 4208 2837 4264; x_wconf 88' lang='lat' dir='ltr'><strong>per</strong></span> <span class='ocrx_word' id='word_1_695' title='bbox 2878 4192 3035 4259; x_wconf 86' lang='lat' dir='ltr'><strong>illud,</strong></span> <span class='ocrx_word' id='word_1_696' title='bbox 3064 4193 3193 4264; x_wconf 90' lang='lat' dir='ltr'><strong>quid</strong></span> <span class='ocrx_word' id='word_1_697' title='bbox 3224 4191 3368 4246; x_wconf 91' lang='lat' dir='ltr'><strong>aliud</strong></span> <span class='ocrx_word' id='word_1_698' title='bbox 3397 4201 3511 4260; x_wconf 86' lang='lat' dir='ltr'><strong>est,</strong></span> <span class='ocrx_word' id='word_1_699' title='bbox 3550 4208 3707 4264; x_wconf 88' lang='lat' dir='ltr'><strong>quam</strong></span> <span class='ocrx_word' id='word_1_700' title='bbox 3730 4208 3819 4246; x_wconf 88' lang='lat' dir='ltr'><strong>non</strong></span> 
     </span>
    </p>
   </div>
   <div class='ocr_carea' id='block_1_53' title="bbox 544 4268 3820 4358">
    <p class='ocr_par' dir='ltr' id='par_1_53' title="bbox 544 4268 3820 4358">
     <span class='ocr_line' id='line_1_53' title="bbox 544 4268 3820 4358; baseline -0 -22"><span class='ocrx_word' id='word_1_701' title='bbox 544 4289 682 4358; x_wconf 80' lang='lat' dir='ltr'><strong>quit,</strong></span> <span class='ocrx_word' id='word_1_702' title='bbox 710 4287 776 4341; x_wconf 67' lang='lat' dir='ltr'><strong>ait</strong></span> <span class='ocrx_word' id='word_1_703' title='bbox 819 4302 925 4341; x_wconf 83' lang='lat' dir='ltr'><strong>non</strong></span> <span class='ocrx_word' id='word_1_704' title='bbox 955 4300 1096 4349; x_wconf 78' lang='lat' dir='ltr'><strong>esse,</strong></span> <span class='ocrx_word' id='word_1_705' title='bbox 1132 4301 1237 4339; x_wconf 86' lang='lat' dir='ltr'><strong>non</strong></span> <span class='ocrx_word' id='word_1_706' title='bbox 1270 4285 1337 4340; x_wconf 86' lang='lat' dir='ltr'><strong>ad</strong></span> <span class='ocrx_word' id='word_1_707' title='bbox 1369 4268 1474 4339; x_wconf 76' lang='lat' dir='ltr'><strong>non</strong></span> <span class='ocrx_word' id='word_1_708' title='bbox 1507 4298 1665 4353; x_wconf 80' lang='lat' dir='ltr'><strong>posse</strong></span> <span class='ocrx_word' id='word_1_709' title='bbox 1694 4282 2003 4352; x_wconf 75' lang='lat' dir='ltr'><strong>proficiunt.</strong></span> <span class='ocrx_word' id='word_1_710' title='bbox 2032 4281 2148 4335; x_wconf 82' lang='lat' dir='ltr'><strong>Hu-</strong></span> <span class='ocrx_word' id='word_1_711' title='bbox 2250 4291 2427 4347; x_wconf 88' lang='lat' dir='ltr'><strong>solum</strong></span> <span class='ocrx_word' id='word_1_712' title='bbox 2473 4287 2786 4344; x_wconf 76' lang='lat' dir='ltr'><strong>consentire</strong></span> <span class='ocrx_word' id='word_1_713' title='bbox 2833 4286 2975 4356; x_wconf 85' lang='lat' dir='ltr'><strong>quod</strong></span> <span class='ocrx_word' id='word_1_714' title='bbox 3021 4294 3203 4356; x_wconf 82' lang='lat' dir='ltr'><strong>posset</strong></span> <span class='ocrx_word' id='word_1_715' title='bbox 3241 4299 3365 4340; x_wconf 85' lang='lat' dir='ltr'><strong>esse</strong></span> <span class='ocrx_word' id='word_1_716' title='bbox 3389 4329 3405 4353; x_wconf 95' lang='lat'><strong>,</strong></span> <span class='ocrx_word' id='word_1_717' title='bbox 3449 4301 3643 4340; x_wconf 87' lang='lat' dir='ltr'><strong>verum</strong></span> <span class='ocrx_word' id='word_1_718' title='bbox 3680 4285 3820 4339; x_wconf 83' lang='lat' dir='ltr'><strong>etiam</strong></span> 
     </span>
    </p>
   </div>
   <div class='ocr_carea' id='block_1_54' title="bbox 540 4368 3821 4455">
    <p class='ocr_par' dir='ltr' id='par_1_54' title="bbox 540 4368 3821 4455">
     <span class='ocr_line' id='line_1_54' title="bbox 540 4368 3821 4455; baseline -0.007 -4"><span class='ocrx_word' id='word_1_719' title='bbox 540 4378 780 4451; x_wconf 70' lang='grc' dir='ltr'><strong>Ῑυεπιοάί</strong></span> <span class='ocrx_word' id='word_1_720' title='bbox 812 4379 956 4439; x_wconf 60' lang='lat' dir='ltr'><strong>cuii“</strong></span> <span class='ocrx_word' id='word_1_721' title='bbox 1000 4375 1268 4447; x_wconf 58' lang='lat' dir='ltr'><strong>“Xi’ml‘lis</strong></span> <span class='ocrx_word' id='word_1_722' title='bbox 1306 4368 1634 4440; x_wconf 68' lang='grc' dir='ltr'><strong>ηδιοιιάίῑύν,</strong></span> <span class='ocrx_word' id='word_1_723' title='bbox 1664 4374 1854 4445; x_wconf 61' lang='grc' dir='ltr'><strong>(Ιητηῦ5</strong></span> <span class='ocrx_word' id='word_1_724' title='bbox 1886 4374 2137 4430; x_wconf 67' lang='lat' dir='ltr'><strong>homines</strong></span> <span class='ocrx_word' id='word_1_725' title='bbox 2250 4379 2523 4455; x_wconf 89' lang='lat' dir='ltr'><strong>quomodo</strong></span> <span class='ocrx_word' id='word_1_726' title='bbox 2560 4378 2645 4435; x_wconf 90' lang='lat' dir='ltr'><strong>vel</strong></span> <span class='ocrx_word' id='word_1_727' title='bbox 2683 4378 2913 4447; x_wconf 81' lang='lat' dir='ltr'><strong>qualiter</strong></span> <span class='ocrx_word' id='word_1_728' title='bbox 2945 4386 3127 4448; x_wconf 85' lang='lat' dir='ltr'><strong>posset</strong></span> <span class='ocrx_word' id='word_1_729' title='bbox 3163 4375 3493 4431; x_wconf 78' lang='lat' dir='ltr'><strong>ostendere!</strong></span> <span class='ocrx_word' id='word_1_730' title='bbox 3534 4375 3717 4431; x_wconf 80' lang='lat' dir='ltr'><strong>Nullus</strong></span> <span class='ocrx_word' id='word_1_731' title='bbox 3739 4374 3821 4428; x_wconf 87' lang='lat' dir='ltr'><strong>ita-</strong></span> 
     </span>
    </p>
   </div>
   <div class='ocr_carea' id='block_1_55' title="bbox 543 4466 3817 4550">
    <p class='ocr_par' dir='ltr' id='par_1_55' title="bbox 543 4466 3817 4550">
     <span class='ocr_line' id='line_1_55' title="bbox 543 4466 3817 4550; baseline -0.001 -24"><span class='ocrx_word' id='word_1_732' title='bbox 543 4472 764 4543; x_wconf 86' lang='lat' dir='ltr'><strong>quidam</strong></span> <span class='ocrx_word' id='word_1_733' title='bbox 797 4480 1043 4540; x_wconf 87' lang='lat' dir='ltr'><strong>tempore</strong></span> <span class='ocrx_word' id='word_1_734' title='bbox 1069 4469 1250 4539; x_wconf 89' lang='lat' dir='ltr'><strong>aliqno</strong></span> <span class='ocrx_word' id='word_1_735' title='bbox 1280 4468 1484 4523; x_wconf 87' lang='lat' dir='ltr'><strong>fuerint</strong></span> <span class='ocrx_word' id='word_1_736' title='bbox 1512 4487 1524 4522; x_wconf 89' lang='lat'><strong>:</strong></span> <span class='ocrx_word' id='word_1_737' title='bbox 1555 4484 1659 4522; x_wconf 92' lang='lat' dir='ltr'><strong>non</strong></span> <span class='ocrx_word' id='word_1_738' title='bbox 1687 4466 1830 4538; x_wconf 85' lang='lat' dir='ltr'><strong>quod</strong></span> <span class='ocrx_word' id='word_1_739' title='bbox 1852 4467 1999 4522; x_wconf 89' lang='lat' dir='ltr'><strong>aliud</strong></span> <span class='ocrx_word' id='word_1_740' title='bbox 2022 4483 2146 4523; x_wconf 82' lang='lat' dir='ltr'><strong>esse</strong></span> <span class='ocrx_word' id='word_1_741' title='bbox 2172 4540 2215 4550; x_wconf 42' lang='grc'><strong>⁸</strong></span> <span class='ocrx_word' id='word_1_742' title='bbox 2251 4493 2358 4550; x_wconf 79' lang='lat' dir='ltr'><strong>que</strong></span> <span class='ocrx_word' id='word_1_743' title='bbox 2399 4475 2567 4545; x_wconf 82' lang='lat' dir='ltr'><strong>magis</strong></span> <span class='ocrx_word' id='word_1_744' title='bbox 2604 4474 2740 4528; x_wconf 90' lang='lat' dir='ltr'><strong>alius</strong></span> <span class='ocrx_word' id='word_1_745' title='bbox 2779 4474 2856 4528; x_wconf 88' lang='lat' dir='ltr'><strong>rei</strong></span> <span class='ocrx_word' id='word_1_746' title='bbox 2890 4470 3304 4541; x_wconf 88' lang='lat' dir='ltr'><strong>possibilitatem</strong></span> <span class='ocrx_word' id='word_1_747' title='bbox 3349 4470 3652 4540; x_wconf 84' lang='lat' dir='ltr'><strong>approbat,</strong></span> <span class='ocrx_word' id='word_1_748' title='bbox 3682 4483 3817 4541; x_wconf 80' lang='lat' dir='ltr'><strong>quam</strong></span> 
     </span>
    </p>
   </div>
   <div class='ocr_carea' id='block_1_56' title="bbox 542 4540 3812 4645">
    <p class='ocr_par' dir='ltr' id='par_1_56' title="bbox 542 4540 3812 4645">
     <span class='ocr_line' id='line_1_56' title="bbox 542 4540 3812 4645; baseline -0.001 -26"><span class='ocrx_word' id='word_1_749' title='bbox 542 4540 654 4620; x_wconf 81' lang='lat' dir='ltr'><strong>non</strong></span> <span class='ocrx_word' id='word_1_750' title='bbox 683 4562 978 4634; x_wconf 89' lang='lat' dir='ltr'><strong>potuerint.</strong></span> <span class='ocrx_word' id='word_1_751' title='bbox 1004 4561 1158 4617; x_wconf 85' lang='lat' dir='ltr'><strong>Unde</strong></span> <span class='ocrx_word' id='word_1_752' title='bbox 1183 4571 1238 4618; x_wconf 91' lang='lat' dir='ltr'><strong>et</strong></span> <span class='ocrx_word' id='word_1_753' title='bbox 1264 4562 1391 4631; x_wconf 89' lang='lat' dir='ltr'><strong>jure</strong></span> <span class='ocrx_word' id='word_1_754' title='bbox 1420 4563 1777 4617; x_wconf 89' lang='lat' dir='ltr'><strong>inveniuntur</strong></span> <span class='ocrx_word' id='word_1_755' title='bbox 1807 4575 1929 4615; x_wconf 63' lang='lat' dir='ltr'><strong>esse</strong></span> <span class='ocrx_word' id='word_1_756' title='bbox 1954 4562 2139 4631; x_wconf 88' lang='lat' dir='ltr'><strong>cnlpa—</strong></span> <span class='ocrx_word' id='word_1_757' title='bbox 2172 4540 2225 4601; x_wconf 80' lang='lat' dir='ltr'><strong><em>D</em></strong></span> <span class='ocrx_word' id='word_1_758' title='bbox 2246 4540 2338 4645; x_wconf 60' lang='lat' dir='ltr'><strong>qui</strong></span> <span class='ocrx_word' id='word_1_759' title='bbox 2378 4540 2513 4641; x_wconf 36' lang='lat' dir='ltr'><strong>ejusv</strong></span> <span class='ocrx_word' id='word_1_760' title='bbox 2537 4568 2700 4624; x_wconf 87' lang='lat' dir='ltr'><strong>etiam</strong></span> <span class='ocrx_word' id='word_1_761' title='bbox 2742 4564 3057 4639; x_wconf 86' lang='lat' dir='ltr'><strong>qualitatem</strong></span> <span class='ocrx_word' id='word_1_762' title='bbox 3091 4564 3311 4631; x_wconf 90' lang='lat' dir='ltr'><strong>fatetur,</strong></span> <span class='ocrx_word' id='word_1_763' title='bbox 3341 4563 3469 4634; x_wconf 88' lang='lat' dir='ltr'><strong>quia</strong></span> <span class='ocrx_word' id='word_1_764' title='bbox 3504 4578 3608 4619; x_wconf 89' lang='lat' dir='ltr'><strong>nec</strong></span> <span class='ocrx_word' id='word_1_765' title='bbox 3633 4540 3812 4632; x_wconf 66' lang='lat' dir='ltr'><strong>alteque</strong></span> 
     </span>
    </p>
   </div>
   <div class='ocr_carea' id='block_1_57' title="bbox 542 4653 2137 4726">
    <p class='ocr_par' dir='ltr' id='par_1_57' title="bbox 542 4653 2137 4726">
     <span class='ocr_line' id='line_1_57' title="bbox 542 4653 2137 4726; baseline -0.001 -15"><span class='ocrx_word' id='word_1_766' title='bbox 542 4656 703 4711; x_wconf 80' lang='lat' dir='ltr'><strong>biles.</strong></span> <span class='ocrx_word' id='word_1_767' title='bbox 736 4653 873 4709; x_wconf 88' lang='lat' dir='ltr'><strong>Nam</strong></span> <span class='ocrx_word' id='word_1_768' title='bbox 920 4653 965 4708; x_wconf 91' lang='lat' dir='ltr'><strong>si</strong></span> <span class='ocrx_word' id='word_1_769' title='bbox 1007 4653 1213 4709; x_wconf 84' lang='lat' dir='ltr'><strong>idcirco</strong></span> <span class='ocrx_word' id='word_1_770' title='bbox 1246 4655 1384 4709; x_wconf 85' lang='lat' dir='ltr'><strong>tales</strong></span> <span class='ocrx_word' id='word_1_771' title='bbox 1416 4653 1656 4720; x_wconf 89' lang='lat' dir='ltr'><strong>fuerunt,</strong></span> <span class='ocrx_word' id='word_1_772' title='bbox 1686 4653 1810 4726; x_wconf 89' lang='lat' dir='ltr'><strong>quia</strong></span> <span class='ocrx_word' id='word_1_773' title='bbox 1840 4654 1982 4710; x_wconf 89' lang='lat' dir='ltr'><strong>aliud</strong></span> <span class='ocrx_word' id='word_1_774' title='bbox 2014 4670 2137 4710; x_wconf 90' lang='lat' dir='ltr'><strong>esse</strong></span> 
     </span>
    </p>
   </div>
   <div class='ocr_carea' id='block_1_58' title="bbox 542 4747 1863 4819">
    <p class='ocr_par' dir='ltr' id='par_1_58' title="bbox 542 4747 1863 4819">
     <span class='ocr_line' id='line_1_58' title="bbox 542 4747 1863 4819; baseline -0.004 -16"><span class='ocrx_word' id='word_1_775' title='bbox 542 4763 651 4803; x_wconf 89' lang='lat' dir='ltr'><strong>non</strong></span> <span class='ocrx_word' id='word_1_776' title='bbox 685 4756 1000 4819; x_wconf 86' lang='lat' dir='ltr'><strong>potuerunt,</strong></span> <span class='ocrx_word' id='word_1_777' title='bbox 1034 4747 1193 4817; x_wconf 88' lang='lat' dir='ltr'><strong>culpa</strong></span> <span class='ocrx_word' id='word_1_778' title='bbox 1217 4755 1428 4803; x_wconf 88' lang='lat' dir='ltr'><strong>carent.</strong></span> <span class='ocrx_word' id='word_1_779' title='bbox 1461 4766 1480 4798; x_wconf 75' lang='grc' dir='ltr'><strong>ι</strong></span> <span class='ocrx_word' id='word_1_780' title='bbox 1860 4748 1863 4749; x_wconf 66' lang='grc'><strong><em>⁷</em></strong></span> 
     </span>
    </p>
   </div>
   <div class='ocr_carea' id='block_1_59' title="bbox 614 4841 2136 4914">
    <p class='ocr_par' dir='ltr' id='par_1_59' title="bbox 614 4841 2136 4914">
     <span class='ocr_line' id='line_1_59' title="bbox 614 4841 2136 4914; baseline 0.003 -20"><span class='ocrx_word' id='word_1_781' title='bbox 614 4843 708 4896; x_wconf 77' lang='grc'><strong>4⁸5.</strong></span> <span class='ocrx_word' id='word_1_782' title='bbox 734 4842 927 4898; x_wconf 82' lang='lat' dir='ltr'><strong>Videte</strong></span> <span class='ocrx_word' id='word_1_783' title='bbox 952 4842 1079 4913; x_wconf 92' lang='lat' dir='ltr'><strong>quid</strong></span> <span class='ocrx_word' id='word_1_784' title='bbox 1111 4841 1327 4897; x_wconf 81' lang='lat' dir='ltr'><strong>dixerit.</strong></span> <span class='ocrx_word' id='word_1_785' title='bbox 1354 4842 1467 4914; x_wconf 87' lang='lat' dir='ltr'><strong>Ego</strong></span> <span class='ocrx_word' id='word_1_786' title='bbox 1493 4850 1676 4898; x_wconf 90' lang='lat' dir='ltr'><strong>autem</strong></span> <span class='ocrx_word' id='word_1_787' title='bbox 1707 4843 1831 4899; x_wconf 90' lang='lat' dir='ltr'><strong>dico</strong></span> <span class='ocrx_word' id='word_1_788' title='bbox 1851 4844 2136 4914; x_wconf 84' lang='lat' dir='ltr'><strong>parvulum</strong></span> 
     </span>
    </p>
   </div>
   <div class='ocr_carea' id='block_1_60' title="bbox 540 4924 2136 5012">
    <p class='ocr_par' dir='ltr' id='par_1_60' title="bbox 540 4924 2136 5012">
     <span class='ocr_line' id='line_1_60' title="bbox 540 4924 2136 5012; baseline 0.003 -21"><span class='ocrx_word' id='word_1_789' title='bbox 540 4947 723 4993; x_wconf 90' lang='lat' dir='ltr'><strong>natum</strong></span> <span class='ocrx_word' id='word_1_790' title='bbox 758 4938 812 4993; x_wconf 93' lang='lat' dir='ltr'><strong>in</strong></span> <span class='ocrx_word' id='word_1_791' title='bbox 839 4954 905 4996; x_wconf 91' lang='lat' dir='ltr'><strong>eo</strong></span> <span class='ocrx_word' id='word_1_792' title='bbox 933 4939 1076 5008; x_wconf 90' lang='lat' dir='ltr'><strong>loco,</strong></span> <span class='ocrx_word' id='word_1_793' title='bbox 1105 4939 1196 4994; x_wconf 89' lang='lat' dir='ltr'><strong>ubi</strong></span> <span class='ocrx_word' id='word_1_794' title='bbox 1222 4939 1271 4994; x_wconf 92' lang='lat' dir='ltr'><strong>ei</strong></span> <span class='ocrx_word' id='word_1_795' title='bbox 1299 4955 1406 4994; x_wconf 90' lang='lat' dir='ltr'><strong>non</strong></span> <span class='ocrx_word' id='word_1_796' title='bbox 1433 4938 1609 5011; x_wconf 89' lang='lat' dir='ltr'><strong>potuit</strong></span> <span class='ocrx_word' id='word_1_797' title='bbox 1638 4924 1735 5012; x_wconf 81' lang='lat' dir='ltr'><strong>per</strong></span> <span class='ocrx_word' id='word_1_798' title='bbox 1762 4950 1782 4976; x_wconf 63' lang='grc' dir='ltr'><strong>εδ</strong></span> <span class='ocrx_word' id='word_1_799' title='bbox 1811 4939 2136 5011; x_wconf 80' lang='lat' dir='ltr'><strong>baptismum</strong></span> 
     </span>
    </p>
   </div>
   <div class='ocr_carea' id='block_1_61' title="bbox 615 5114 1670 5185">
    <p class='ocr_par' dir='ltr' id='par_1_61' title="bbox 615 5114 1670 5185">
     <span class='ocr_line' id='line_1_61' title="bbox 615 5114 1670 5185; baseline 0 -15"><span class='ocrx_word' id='word_1_800' title='bbox 615 5124 639 5153; x_wconf 71' lang='grc'><strong>³</strong></span> <span class='ocrx_word' id='word_1_801' title='bbox 672 5114 778 5170; x_wconf 82' lang='grc' dir='ltr'><strong>ΒΒ.</strong></span> <span class='ocrx_word' id='word_1_802' title='bbox 806 5122 861 5170; x_wconf 88' lang='lat' dir='ltr'><strong>et</strong></span> <span class='ocrx_word' id='word_1_803' title='bbox 886 5114 1137 5170; x_wconf 86' lang='lat' dir='ltr'><strong>Galland.</strong></span> <span class='ocrx_word' id='word_1_804' title='bbox 1169 5114 1433 5171; x_wconf 90' lang='lat' dir='ltr'><strong>omittunt</strong></span> <span class='ocrx_word' id='word_1_805' title='bbox 1453 5116 1670 5185; x_wconf 83' lang='lat' dir='ltr'><strong>majore.</strong></span> 
     </span>
    </p>
   </div>
   <div class='ocr_carea' id='block_1_62' title="bbox 612 5185 1878 5256">
    <p class='ocr_par' dir='ltr' id='par_1_62' title="bbox 612 5185 1878 5256">
     <span class='ocr_line' id='line_1_62' title="bbox 612 5185 1878 5256; baseline -0.001 -15"><span class='ocrx_word' id='word_1_806' title='bbox 612 5187 639 5226; x_wconf 68' lang='lat'><strong>1&#39;</strong></span> <span class='ocrx_word' id='word_1_807' title='bbox 673 5187 747 5242; x_wconf 89' lang='lat' dir='ltr'><strong>Ita</strong></span> <span class='ocrx_word' id='word_1_808' title='bbox 776 5186 1054 5243; x_wconf 84' lang='lat' dir='ltr'><strong>Scltouus.</strong></span> <span class='ocrx_word' id='word_1_809' title='bbox 1086 5187 1190 5241; x_wconf 84' lang='lat' dir='ltr'><strong>BB.</strong></span> <span class='ocrx_word' id='word_1_810' title='bbox 1215 5197 1269 5241; x_wconf 88' lang='lat' dir='ltr'><strong>et</strong></span> <span class='ocrx_word' id='word_1_811' title='bbox 1297 5186 1573 5249; x_wconf 84' lang='lat' dir='ltr'><strong>Galland.,</strong></span> <span class='ocrx_word' id='word_1_812' title='bbox 1606 5185 1695 5239; x_wconf 80' lang='lat' dir='ltr'><strong>sed</strong></span> <span class='ocrx_word' id='word_1_813' title='bbox 1722 5187 1878 5256; x_wconf 84' lang='lat' dir='ltr'><strong>quod.</strong></span> 
     </span>
    </p>
   </div>
   <div class='ocr_carea' id='block_1_63' title="bbox 536 5256 2125 5327">
    <p class='ocr_par' dir='ltr' id='par_1_63' title="bbox 536 5256 2125 5327">
     <span class='ocr_line' id='line_1_63' title="bbox 536 5256 2125 5327; baseline -0.001 -15"><span class='ocrx_word' id='word_1_814' title='bbox 536 5261 544 5271; x_wconf 84' lang='lat'><strong><em>&#39;</em></strong></span> <span class='ocrx_word' id='word_1_815' title='bbox 616 5272 637 5298; x_wconf 72' lang='grc' dir='ltr'><strong>ι’</strong></span> <span class='ocrx_word' id='word_1_816' title='bbox 689 5260 841 5313; x_wconf 86' lang='lat' dir='ltr'><strong>llnne</strong></span> <span class='ocrx_word' id='word_1_817' title='bbox 886 5256 1061 5327; x_wconf 85' lang='lat' dir='ltr'><strong>locum</strong></span> <span class='ocrx_word' id='word_1_818' title='bbox 1106 5257 1377 5312; x_wconf 87' lang='lat' dir='ltr'><strong>laudatum</strong></span> <span class='ocrx_word' id='word_1_819' title='bbox 1420 5258 1853 5327; x_wconf 78' lang='lat' dir='ltr'><strong>explicatnutque</strong></span> <span class='ocrx_word' id='word_1_820' title='bbox 1895 5273 1924 5311; x_wconf 89' lang='lat' dir='ltr'><strong>a</strong></span> <span class='ocrx_word' id='word_1_821' title='bbox 1968 5257 2125 5312; x_wconf 80' lang='lat' dir='ltr'><strong>Petro</strong></span> 
     </span>
    </p>
   </div>
   <div class='ocr_carea' id='block_1_64' title="bbox 535 5325 2125 5399">
    <p class='ocr_par' dir='ltr' id='par_1_64' title="bbox 535 5325 2125 5399">
     <span class='ocr_line' id='line_1_64' title="bbox 535 5325 2125 5399; baseline -0.001 -13"><span class='ocrx_word' id='word_1_822' title='bbox 535 5328 845 5387; x_wconf 80' lang='lat' dir='ltr'><strong>Loinbardu</strong></span> <span class='ocrx_word' id='word_1_823' title='bbox 884 5328 936 5380; x_wconf 91' lang='lat' dir='ltr'><strong>iu</strong></span> <span class='ocrx_word' id='word_1_824' title='bbox 976 5344 991 5381; x_wconf 90' lang='grc' dir='ltr'><strong>ι</strong></span> <span class='ocrx_word' id='word_1_825' title='bbox 1031 5325 1211 5393; x_wconf 85' lang='lat' dir='ltr'><strong>Sent.,</strong></span> <span class='ocrx_word' id='word_1_826' title='bbox 1254 5330 1407 5394; x_wconf 87' lang='lat' dir='ltr'><strong>dist.,</strong></span> <span class='ocrx_word' id='word_1_827' title='bbox 1446 5329 1554 5394; x_wconf 73' lang='grc'><strong>45,</strong></span> <span class='ocrx_word' id='word_1_828' title='bbox 1594 5343 1712 5399; x_wconf 86' lang='lat' dir='ltr'><strong>cap.</strong></span> <span class='ocrx_word' id='word_1_829' title='bbox 1749 5325 1872 5394; x_wconf 83' lang='lat' dir='ltr'><strong>tiit.,</strong></span> <span class='ocrx_word' id='word_1_830' title='bbox 1905 5338 2125 5384; x_wconf 90' lang='lat' dir='ltr'><strong>monent</strong></span> 
     </span>
    </p>
   </div>
   <div class='ocr_carea' id='block_1_65' title="bbox 538 5402 954 5457">
    <p class='ocr_par' dir='ltr' id='par_1_65' title="bbox 538 5402 954 5457">
     <span class='ocr_line' id='line_1_65' title="bbox 538 5402 954 5457; baseline -0.014 0"><span class='ocrx_word' id='word_1_831' title='bbox 538 5403 643 5457; x_wconf 87' lang='lat' dir='ltr'><strong>BB.</strong></span> <span class='ocrx_word' id='word_1_832' title='bbox 676 5402 954 5456; x_wconf 76' lang='lat' dir='ltr'><strong>GALLAND.</strong></span> 
     </span>
    </p>
   </div>
   <div class='ocr_carea' id='block_1_66' title="bbox 607 5468 1443 5536">
    <p class='ocr_par' dir='ltr' id='par_1_66' title="bbox 607 5468 1443 5536">
     <span class='ocr_line' id='line_1_66' title="bbox 607 5468 1443 5536; baseline -0.005 -11"><span class='ocrx_word' id='word_1_833' title='bbox 607 5474 634 5511; x_wconf 78' lang='grc' dir='ltr'><strong>(ι</strong></span> <span class='ocrx_word' id='word_1_834' title='bbox 666 5472 767 5525; x_wconf 83' lang='lat' dir='ltr'><strong>BB.</strong></span> <span class='ocrx_word' id='word_1_835' title='bbox 797 5481 851 5525; x_wconf 88' lang='lat' dir='ltr'><strong>et</strong></span> <span class='ocrx_word' id='word_1_836' title='bbox 879 5468 1155 5536; x_wconf 88' lang='lat' dir='ltr'><strong>Galland.,</strong></span> <span class='ocrx_word' id='word_1_837' title='bbox 1187 5468 1443 5522; x_wconf 83' lang='lat' dir='ltr'><strong>ducimus.</strong></span> 
     </span>
    </p>
   </div>
   <div class='ocr_carea' id='block_1_67' title="bbox 608 5540 2126 5668">
    <p class='ocr_par' dir='ltr' id='par_1_67' title="bbox 608 5540 2126 5668">
     <span class='ocr_line' id='line_1_67' title="bbox 608 5540 2126 5668; baseline 0.001 -73"><span class='ocrx_word' id='word_1_838' title='bbox 815 5556 871 5598; x_wconf 90' lang='lat' dir='ltr'><strong>et</strong></span> <span class='ocrx_word' id='word_1_839' title='bbox 909 5540 1161 5598; x_wconf 84' lang='lat' dir='ltr'><strong>Galland.</strong></span> <span class='ocrx_word' id='word_1_840' title='bbox 1204 5540 1410 5593; x_wconf 87' lang='lat' dir='ltr'><strong>addunt</strong></span> <span class='ocrx_word' id='word_1_841' title='bbox 1450 5555 1637 5596; x_wconf 88' lang='lat' dir='ltr'><strong>vocem</strong></span> <span class='ocrx_word' id='word_1_842' title='bbox 1684 5541 1895 5597; x_wconf 78' lang='lat' dir='ltr'><strong>Christi.</strong></span> <span class='ocrx_word' id='word_1_843' title='bbox 1929 5541 1994 5597; x_wconf 89' lang='lat' dir='ltr'><strong>Ut</strong></span> <span class='ocrx_word' id='word_1_844' title='bbox 2028 5557 2126 5597; x_wconf 92' lang='lat' dir='ltr'><strong>nos</strong></span> 
     </span>
     <span class='ocr_line' id='line_1_68' title="bbox 646 5627 923 5668; baseline -0.004 -2"><span class='ocrx_word' id='word_1_845' title='bbox 646 5627 679 5666; x_wconf 95' lang='lat' dir='ltr'><strong>o</strong></span> <span class='ocrx_word' id='word_1_846' title='bbox 733 5628 816 5668; x_wconf 90' lang='lat' dir='ltr'><strong>us.</strong></span> <span class='ocrx_word' id='word_1_847' title='bbox 920 5662 923 5665; x_wconf 36' lang='grc' dir='ltr'><strong><em>λ</em></strong></span> 
     </span>
    </p>
   </div>
   <div class='ocr_carea' id='block_1_68' title="bbox 534 5615 923 5671">
    <p class='ocr_par' dir='ltr' id='par_1_68' title="bbox 534 5615 923 5671">
     <span class='ocr_line' id='line_1_69' title="bbox 534 5615 923 5671; baseline -0.015 0"><span class='ocrx_word' id='word_1_848' title='bbox 534 5615 816 5671; x_wconf 87' lang='lat' dir='ltr'><strong>Schottus.</strong></span> <span class='ocrx_word' id='word_1_849' title='bbox 920 5662 923 5665; x_wconf 37' lang='grc' dir='ltr'><strong><em>λ</em></strong></span> 
     </span>
    </p>
   </div>
   <div class='ocr_carea' id='block_1_69' title="bbox 609 5680 2130 5750">
    <p class='ocr_par' dir='ltr' id='par_1_69' title="bbox 609 5680 2130 5750">
     <span class='ocr_line' id='line_1_70' title="bbox 609 5680 2130 5750; baseline 0.003 -13"><span class='ocrx_word' id='word_1_850' title='bbox 609 5685 628 5722; x_wconf 74' lang='grc' dir='ltr'><em>τ</em></span> <span class='ocrx_word' id='word_1_851' title='bbox 662 5682 801 5738; x_wconf 88' lang='lat' dir='ltr'><strong>Puto</strong></span> <span class='ocrx_word' id='word_1_852' title='bbox 841 5683 1213 5750; x_wconf 87' lang='lat' dir='ltr'><strong>scribendum,</strong></span> <span class='ocrx_word' id='word_1_853' title='bbox 1254 5680 1449 5735; x_wconf 74' lang='lat' dir='ltr'><strong>scilicet</strong></span> <span class='ocrx_word' id='word_1_854' title='bbox 1479 5681 1592 5735; x_wconf 82' lang='lat' dir='ltr'><strong>sine</strong></span> <span class='ocrx_word' id='word_1_855' title='bbox 1619 5681 1732 5746; x_wconf 84' lang='lat' dir='ltr'><strong>illa,</strong></span> <span class='ocrx_word' id='word_1_856' title='bbox 1774 5694 1879 5737; x_wconf 85' lang='lat' dir='ltr'><strong>etc.</strong></span> <span class='ocrx_word' id='word_1_857' title='bbox 1916 5684 2130 5741; x_wconf 71' lang='lat' dir='ltr'><strong>llaven—</strong></span> 
     </span>
    </p>
   </div>
   <div class='ocr_carea' id='block_1_70' title="bbox 532 5753 1874 5821">
    <p class='ocr_par' dir='ltr' id='par_1_70' title="bbox 532 5753 1874 5821">
     <span class='ocr_line' id='line_1_71' title="bbox 532 5753 1874 5821; baseline 0.001 -12"><span class='ocrx_word' id='word_1_858' title='bbox 532 5768 693 5809; x_wconf 61' lang='grc' dir='ltr'><strong>ολδερ.</strong></span> <span class='ocrx_word' id='word_1_859' title='bbox 727 5782 796 5794; x_wconf 89' lang='grc'><strong><em>--</em></strong></span> <span class='ocrx_word' id='word_1_860' title='bbox 826 5754 932 5810; x_wconf 84' lang='lat' dir='ltr'><strong>BB.</strong></span> <span class='ocrx_word' id='word_1_861' title='bbox 962 5765 1017 5811; x_wconf 90' lang='lat' dir='ltr'><strong>et</strong></span> <span class='ocrx_word' id='word_1_862' title='bbox 1043 5753 1319 5821; x_wconf 81' lang='lat' dir='ltr'><strong>Galland.,</strong></span> <span class='ocrx_word' id='word_1_863' title='bbox 1352 5768 1599 5808; x_wconf 82' lang='lat' dir='ltr'><strong>eracnare</strong></span> <span class='ocrx_word' id='word_1_864' title='bbox 1624 5756 1734 5809; x_wconf 84' lang='lat' dir='ltr'><strong>sine</strong></span> <span class='ocrx_word' id='word_1_865' title='bbox 1758 5753 1874 5810; x_wconf 84' lang='lat' dir='ltr'><strong>illa.</strong></span> 
     </span>
    </p>
   </div>
   <div class='ocr_carea' id='block_1_71' title="bbox 2246 4652 3816 4736">
    <p class='ocr_par' dir='ltr' id='par_1_71' title="bbox 2246 4652 3816 4736">
     <span class='ocr_line' id='line_1_72' title="bbox 2246 4652 3816 4736; baseline -0.01 -15"><span class='ocrx_word' id='word_1_866' title='bbox 2246 4682 2305 4721; x_wconf 89' lang='lat' dir='ltr'><strong>re</strong></span> <span class='ocrx_word' id='word_1_867' title='bbox 2333 4662 2565 4736; x_wconf 86' lang='lat' dir='ltr'><strong>qualitas</strong></span> <span class='ocrx_word' id='word_1_868' title='bbox 2594 4675 2717 4717; x_wconf 89' lang='lat' dir='ltr'><strong>esse</strong></span> <span class='ocrx_word' id='word_1_869' title='bbox 2745 4668 2941 4731; x_wconf 90' lang='lat' dir='ltr'><strong>potest.</strong></span> <span class='ocrx_word' id='word_1_870' title='bbox 2982 4677 3000 4709; x_wconf 78' lang='grc' dir='ltr'><strong>ι</strong></span> <span class='ocrx_word' id='word_1_871' title='bbox 3038 4658 3131 4713; x_wconf 85' lang='lat' dir='ltr'><strong>llis</strong></span> <span class='ocrx_word' id='word_1_872' title='bbox 3156 4657 3316 4712; x_wconf 89' lang='lat' dir='ltr'><strong>dictis</strong></span> <span class='ocrx_word' id='word_1_873' title='bbox 3348 4670 3361 4710; x_wconf 86' lang='lat'>:</span> <span class='ocrx_word' id='word_1_874' title='bbox 3390 4655 3597 4711; x_wconf 86' lang='lat' dir='ltr'><strong>iterum</strong></span> <span class='ocrx_word' id='word_1_875' title='bbox 3619 4655 3715 4713; x_wconf 85' lang='lat' dir='ltr'><strong>sibi</strong></span> <span class='ocrx_word' id='word_1_876' title='bbox 3732 4652 3816 4707; x_wconf 85' lang='lat' dir='ltr'><strong>ob-</strong></span> 
     </span>
    </p>
   </div>
   <div class='ocr_carea' id='block_1_72' title="bbox 2234 4747 3812 4829">
    <p class='ocr_par' dir='ltr' id='par_1_72' title="bbox 2234 4747 3812 4829">
     <span class='ocr_line' id='line_1_73' title="bbox 2234 4747 3812 4829; baseline -0.01 -17"><span class='ocrx_word' id='word_1_877' title='bbox 2234 4757 2374 4829; x_wconf 92' lang='lat' dir='ltr'><strong>jicit.</strong></span> <span class='ocrx_word' id='word_1_878' title='bbox 2412 4773 2431 4807; x_wconf 76' lang='lat' dir='ltr'><strong>t</strong></span> <span class='ocrx_word' id='word_1_879' title='bbox 2465 4753 2573 4810; x_wconf 90' lang='lat' dir='ltr'><strong>Sed</strong></span> <span class='ocrx_word' id='word_1_880' title='bbox 2619 4764 2710 4820; x_wconf 90' lang='lat' dir='ltr'><strong>tu,</strong></span> <span class='ocrx_word' id='word_1_881' title='bbox 2757 4750 3003 4822; x_wconf 86' lang='lat' dir='ltr'><strong>inquies,</strong></span> <span class='ocrx_word' id='word_1_882' title='bbox 3051 4749 3155 4805; x_wconf 85' lang='lat' dir='ltr'><strong>hoc</strong></span> <span class='ocrx_word' id='word_1_883' title='bbox 3198 4749 3252 4803; x_wconf 91' lang='lat' dir='ltr'><strong>in</strong></span> <span class='ocrx_word' id='word_1_884' title='bbox 3285 4748 3409 4802; x_wconf 88' lang='lat' dir='ltr'><strong>loco</strong></span> <span class='ocrx_word' id='word_1_885' title='bbox 3450 4748 3549 4804; x_wconf 91' lang='lat' dir='ltr'><strong>Dei</strong></span> <span class='ocrx_word' id='word_1_886' title='bbox 3580 4747 3812 4818; x_wconf 83' lang='lat' dir='ltr'><strong>gratiam,</strong></span> 
     </span>
    </p>
   </div>
   <div class='ocr_carea' id='block_1_73' title="bbox 2240 4839 3817 4920">
    <p class='ocr_par' dir='ltr' id='par_1_73' title="bbox 2240 4839 3817 4920">
     <span class='ocr_line' id='line_1_74' title="bbox 2240 4839 3817 4920; baseline -0.011 -15"><span class='ocrx_word' id='word_1_887' title='bbox 2240 4846 2691 4920; x_wconf 83' lang='lat' dir='ltr'><strong>quandoquidem.</strong></span> <span class='ocrx_word' id='word_1_888' title='bbox 2720 4858 2840 4900; x_wconf 89' lang='lat' dir='ltr'><strong>eam</strong></span> <span class='ocrx_word' id='word_1_889' title='bbox 2880 4858 2989 4897; x_wconf 92' lang='lat' dir='ltr'><strong>non</strong></span> <span class='ocrx_word' id='word_1_890' title='bbox 3030 4854 3455 4908; x_wconf 72' lang='lat' dir='ltr'><strong>commemoras,</strong></span> <span class='ocrx_word' id='word_1_891' title='bbox 3498 4840 3699 4895; x_wconf 86' lang='lat' dir='ltr'><strong>videris</strong></span> <span class='ocrx_word' id='word_1_892' title='bbox 3734 4839 3817 4904; x_wconf 78' lang='lat' dir='ltr'><strong>alt-</strong></span> 
     </span>
    </p>
   </div>
   <div class='ocr_carea' id='block_1_74' title="bbox 2241 4931 3817 5007">
    <p class='ocr_par' dir='ltr' id='par_1_74' title="bbox 2241 4931 3817 5007">
     <span class='ocr_line' id='line_1_75' title="bbox 2241 4931 3817 5007; baseline -0.011 -8"><span class='ocrx_word' id='word_1_893' title='bbox 2241 4958 2427 4999; x_wconf 88' lang='lat' dir='ltr'><strong>nnere.</strong></span> <span class='ocrx_word' id='word_1_894' title='bbox 2457 4960 2476 4995; x_wconf 71' lang='grc' dir='ltr'><strong>ι</strong></span> <span class='ocrx_word' id='word_1_895' title='bbox 2498 4938 2704 4995; x_wconf 79' lang='lat' dir='ltr'><strong>Deinde</strong></span> <span class='ocrx_word' id='word_1_896' title='bbox 2727 4935 3022 5007; x_wconf 87' lang='lat' dir='ltr'><strong>respondet</strong></span> <span class='ocrx_word' id='word_1_897' title='bbox 3052 4953 3065 4990; x_wconf 91' lang='lat'><strong>:</strong></span> <span class='ocrx_word' id='word_1_898' title='bbox 3101 4952 3120 4987; x_wconf 74' lang='grc' dir='ltr'><strong>ι</strong></span> <span class='ocrx_word' id='word_1_899' title='bbox 3160 4934 3340 5006; x_wconf 82' lang='lat' dir='ltr'><strong>Egone</strong></span> <span class='ocrx_word' id='word_1_900' title='bbox 3366 4933 3582 4998; x_wconf 88' lang='lat' dir='ltr'><strong>abnuo,</strong></span> <span class='ocrx_word' id='word_1_901' title='bbox 3607 4931 3817 5003; x_wconf 80' lang='lat' dir='ltr'><strong>quirem</strong></span> 
     </span>
    </p>
   </div>
   <div class='ocr_carea' id='block_1_75' title="bbox 2310 5107 3818 5185">
    <p class='ocr_par' dir='ltr' id='par_1_75' title="bbox 2310 5107 3818 5185">
     <span class='ocr_line' id='line_1_76' title="bbox 2310 5107 3818 5185; baseline -0.001 -20"><span class='ocrx_word' id='word_1_902' title='bbox 2310 5128 2333 5165; x_wconf 64' lang='grc' dir='ltr'><strong>ιι</strong></span> <span class='ocrx_word' id='word_1_903' title='bbox 2369 5113 2582 5185; x_wconf 81' lang='lat' dir='ltr'><strong>Injttsti.</strong></span> <span class='ocrx_word' id='word_1_904' title='bbox 2619 5112 2695 5168; x_wconf 87' lang='lat' dir='ltr'><strong>lla</strong></span> <span class='ocrx_word' id='word_1_905' title='bbox 2730 5111 2870 5185; x_wconf 66' lang='lat'><strong>88.;</strong></span> <span class='ocrx_word' id='word_1_906' title='bbox 2901 5111 2997 5185; x_wconf 82' lang='lat' dir='ltr'><strong>sed</strong></span> <span class='ocrx_word' id='word_1_907' title='bbox 3027 5109 3313 5185; x_wconf 85' lang='lat' dir='ltr'><strong>Scitott.e_t</strong></span> <span class='ocrx_word' id='word_1_908' title='bbox 3341 5107 3723 5185; x_wconf 83' lang='lat' dir='ltr'><strong>Havercamp.,</strong></span> <span class='ocrx_word' id='word_1_909' title='bbox 3747 5112 3818 5185; x_wconf 66' lang='grc' dir='ltr'><strong>ἱιιτ</strong></span> 
     </span>
    </p>
   </div>
   <div class='ocr_carea' id='block_1_76' title="bbox 2233 5181 3817 5257">
    <p class='ocr_par' dir='ltr' id='par_1_76' title="bbox 2233 5181 3817 5257">
     <span class='ocr_line' id='line_1_77' title="bbox 2233 5181 3817 5257; baseline -0.006 -15"><span class='ocrx_word' id='word_1_910' title='bbox 2233 5181 2502 5257; x_wconf 71' lang='lat' dir='ltr'><strong>sti.&#39;Mox,</strong></span> <span class='ocrx_word' id='word_1_911' title='bbox 2532 5185 2657 5257; x_wconf 81' lang='lat' dir='ltr'><strong>quia</strong></span> <span class='ocrx_word' id='word_1_912' title='bbox 2687 5183 2908 5251; x_wconf 83' lang='lat' dir='ltr'><strong>idcirco,</strong></span> <span class='ocrx_word' id='word_1_913' title='bbox 2940 5183 3147 5257; x_wconf 78' lang='lat' dir='ltr'><strong>absque</strong></span> <span class='ocrx_word' id='word_1_914' title='bbox 3171 5184 3235 5236; x_wconf 79' lang='lat' dir='ltr'><strong>si.</strong></span> <span class='ocrx_word' id='word_1_915' title='bbox 3257 5181 3337 5257; x_wconf 42' lang='grc' dir='ltr'><strong>,ξι</strong></span> <span class='ocrx_word' id='word_1_916' title='bbox 3367 5183 3533 5250; x_wconf 88' lang='lat' dir='ltr'><strong>paulo</strong></span> <span class='ocrx_word' id='word_1_917' title='bbox 3556 5182 3817 5257; x_wconf 58' lang='lat' dir='ltr'><strong>_p0§l,_s£d</strong></span> 
     </span>
    </p>
   </div>
   <div class='ocr_carea' id='block_1_77' title="bbox 2233 5252 3814 5329">
    <p class='ocr_par' dir='ltr' id='par_1_77' title="bbox 2233 5252 3814 5329">
     <span class='ocr_line' id='line_1_78' title="bbox 2233 5252 3814 5329; baseline -0.005 -15"><span class='ocrx_word' id='word_1_918' title='bbox 2233 5276 2325 5329; x_wconf 82' lang='lat' dir='ltr'><strong>per</strong></span> <span class='ocrx_word' id='word_1_919' title='bbox 2355 5256 2450 5312; x_wconf 82' lang='lat' dir='ltr'><strong>Dei</strong></span> <span class='ocrx_word' id='word_1_920' title='bbox 2486 5252 2738 5329; x_wconf 67' lang='lat' dir='ltr'><strong>gratiam,</strong></span> <span class='ocrx_word' id='word_1_921' title='bbox 2773 5257 2977 5329; x_wconf 72' lang='lat' dir='ltr'><strong>omisso</strong></span> <span class='ocrx_word' id='word_1_922' title='bbox 3004 5252 3225 5324; x_wconf 84' lang='lat' dir='ltr'><strong>inquies.</strong></span> <span class='ocrx_word' id='word_1_923' title='bbox 3257 5252 3386 5306; x_wconf 66' lang='lat' dir='ltr'><strong>ilice</strong></span> <span class='ocrx_word' id='word_1_924' title='bbox 3414 5253 3606 5308; x_wconf 87' lang='lat' dir='ltr'><strong>omnia</strong></span> <span class='ocrx_word' id='word_1_925' title='bbox 3636 5269 3699 5310; x_wconf 78' lang='lat' dir='ltr'><strong>ex</strong></span> <span class='ocrx_word' id='word_1_926' title='bbox 3727 5253 3814 5309; x_wconf 77' lang='lat' dir='ltr'><strong>illi.</strong></span> 
     </span>
    </p>
   </div>
   <div class='ocr_carea' id='block_1_78' title="bbox 2235 5325 3626 5386">
    <p class='ocr_par' dir='ltr' id='par_1_78' title="bbox 2235 5325 3626 5386">
     <span class='ocr_line' id='line_1_79' title="bbox 2235 5325 3626 5386; baseline -0.009 0"><span class='ocrx_word' id='word_1_927' title='bbox 2235 5325 2364 5386; x_wconf 79' lang='lat' dir='ltr'><strong>edit.</strong></span> <span class='ocrx_word' id='word_1_928' title='bbox 2391 5325 3046 5384; x_wconf 51' lang='lat' dir='ltr'><strong>restituimusﬁsuann.</strong></span> <span class='ocrx_word' id='word_1_929' title='bbox 3611 5332 3626 5343; x_wconf 80' lang='lat'>&#39;</span> 
     </span>
    </p>
   </div>
   <div class='ocr_carea' id='block_1_79' title="bbox 2305 5393 3813 5466">
    <p class='ocr_par' dir='ltr' id='par_1_79' title="bbox 2305 5393 3813 5466">
     <span class='ocr_line' id='line_1_80' title="bbox 2305 5393 3813 5466; baseline -0.003 -11"><span class='ocrx_word' id='word_1_930' title='bbox 2305 5399 2330 5438; x_wconf 70' lang='grc' dir='ltr'><strong>ι·</strong></span> <span class='ocrx_word' id='word_1_931' title='bbox 2367 5401 2440 5455; x_wconf 69' lang='lat' dir='ltr'><strong>Ita</strong></span> <span class='ocrx_word' id='word_1_932' title='bbox 2479 5402 2624 5463; x_wconf 81' lang='lat' dir='ltr'><strong>Am.,</strong></span> <span class='ocrx_word' id='word_1_933' title='bbox 2657 5398 2749 5453; x_wconf 85' lang='lat' dir='ltr'><strong>Er.</strong></span> <span class='ocrx_word' id='word_1_934' title='bbox 2774 5407 2832 5454; x_wconf 76' lang='lat' dir='ltr'><strong>.et</strong></span> <span class='ocrx_word' id='word_1_935' title='bbox 2888 5397 3094 5465; x_wconf 86' lang='lat' dir='ltr'><strong>aliquot</strong></span> <span class='ocrx_word' id='word_1_936' title='bbox 3119 5408 3251 5451; x_wconf 87' lang='lat' dir='ltr'><strong>mss.</strong></span> <span class='ocrx_word' id='word_1_937' title='bbox 3273 5393 3367 5450; x_wconf 87' lang='lat' dir='ltr'><strong>Sic</strong></span> <span class='ocrx_word' id='word_1_938' title='bbox 3395 5409 3618 5466; x_wconf 82' lang='lat' dir='ltr'><strong>quoque</strong></span> <span class='ocrx_word' id='word_1_939' title='bbox 3639 5395 3813 5452; x_wconf 44' lang='lat' dir='ltr'><strong>Schol.</strong></span> 
     </span>
    </p>
   </div>
   <div class='ocr_carea' id='block_1_80' title="bbox 2234 5467 3633 5531">
    <p class='ocr_par' dir='ltr' id='par_1_80' title="bbox 2234 5467 3633 5531">
     <span class='ocr_line' id='line_1_81' title="bbox 2234 5467 3633 5531; baseline -0.004 -4"><span class='ocrx_word' id='word_1_940' title='bbox 2234 5480 2341 5528; x_wconf 86' lang='lat' dir='ltr'><strong>tus.</strong></span> <span class='ocrx_word' id='word_1_941' title='bbox 2377 5472 2479 5526; x_wconf 86' lang='lat' dir='ltr'><strong>BB.</strong></span> <span class='ocrx_word' id='word_1_942' title='bbox 2513 5479 2695 5527; x_wconf 89' lang='lat' dir='ltr'><strong>autem</strong></span> <span class='ocrx_word' id='word_1_943' title='bbox 2730 5478 2781 5522; x_wconf 90' lang='lat' dir='ltr'><strong>et</strong></span> <span class='ocrx_word' id='word_1_944' title='bbox 2809 5467 3088 5531; x_wconf 87' lang='lat' dir='ltr'><strong>Galland.,</strong></span> <span class='ocrx_word' id='word_1_945' title='bbox 3116 5476 3207 5521; x_wconf 83' lang='lat' dir='ltr'><strong>aut</strong></span> <span class='ocrx_word' id='word_1_946' title='bbox 3237 5482 3343 5521; x_wconf 85' lang='lat' dir='ltr'><strong>non</strong></span> <span class='ocrx_word' id='word_1_947' title='bbox 3369 5469 3633 5528; x_wconf 66' lang='lat' dir='ltr'><strong>conﬁteri.</strong></span> 
     </span>
    </p>
   </div>
   <div class='ocr_carea' id='block_1_81' title="bbox 2313 5536 3815 5609">
    <p class='ocr_par' dir='ltr' id='par_1_81' title="bbox 2313 5536 3815 5609">
     <span class='ocr_line' id='line_1_82' title="bbox 2313 5536 3815 5609; baseline -0.006 -12"><span class='ocrx_word' id='word_1_948' title='bbox 2313 5546 2327 5579; x_wconf 74' lang='grc' dir='ltr'>ί</span> <span class='ocrx_word' id='word_1_949' title='bbox 2362 5543 2438 5597; x_wconf 87' lang='lat' dir='ltr'><strong>Ita</strong></span> <span class='ocrx_word' id='word_1_950' title='bbox 2477 5539 2756 5595; x_wconf 80' lang='lat' dir='ltr'><strong>Scitottus.</strong></span> <span class='ocrx_word' id='word_1_951' title='bbox 2801 5538 2905 5593; x_wconf 79' lang='lat' dir='ltr'><strong>UB.</strong></span> <span class='ocrx_word' id='word_1_952' title='bbox 2934 5549 2986 5593; x_wconf 90' lang='lat' dir='ltr'><strong>et</strong></span> <span class='ocrx_word' id='word_1_953' title='bbox 3023 5537 3298 5603; x_wconf 77' lang='lat' dir='ltr'><strong>Galland.,</strong></span> <span class='ocrx_word' id='word_1_954' title='bbox 3328 5536 3417 5590; x_wconf 81' lang='lat' dir='ltr'><strong>sed</strong></span> <span class='ocrx_word' id='word_1_955' title='bbox 3459 5554 3556 5609; x_wconf 78' lang='lat' dir='ltr'><strong>per</strong></span> <span class='ocrx_word' id='word_1_956' title='bbox 3589 5539 3717 5593; x_wconf 77' lang='lat' dir='ltr'><strong>illud</strong></span> <span class='ocrx_word' id='word_1_957' title='bbox 3738 5547 3815 5590; x_wconf 75' lang='lat' dir='ltr'><strong>aut</strong></span> 
     </span>
    </p>
   </div>
   <div class='ocr_carea' id='block_1_82' title="bbox 2236 5608 3817 5681">
    <p class='ocr_par' dir='ltr' id='par_1_82' title="bbox 2236 5608 3817 5681">
     <span class='ocr_line' id='line_1_83' title="bbox 2236 5608 3817 5681; baseline -0.003 -13"><span class='ocrx_word' id='word_1_958' title='bbox 2236 5615 2390 5668; x_wconf 84' lang='lat' dir='ltr'><strong>illud.</strong></span> <span class='ocrx_word' id='word_1_959' title='bbox 2424 5612 2546 5667; x_wconf 80' lang='lat' dir='ltr'><strong>Mox</strong></span> <span class='ocrx_word' id='word_1_960' title='bbox 2578 5610 2738 5665; x_wconf 89' lang='lat' dir='ltr'><strong>iidem</strong></span> <span class='ocrx_word' id='word_1_961' title='bbox 2769 5611 2905 5681; x_wconf 82' lang='lat' dir='ltr'><strong>quod</strong></span> <span class='ocrx_word' id='word_1_962' title='bbox 2935 5610 3095 5681; x_wconf 80' lang='lat' dir='ltr'><strong>possit</strong></span> <span class='ocrx_word' id='word_1_963' title='bbox 3124 5624 3289 5664; x_wconf 83' lang='lat' dir='ltr'><strong>esse..</strong></span> <span class='ocrx_word' id='word_1_964' title='bbox 3325 5608 3434 5662; x_wconf 71' lang='grc' dir='ltr'><strong>,νει</strong></span> <span class='ocrx_word' id='word_1_965' title='bbox 3461 5608 3685 5679; x_wconf 69' lang='lat' dir='ltr'><strong>qualiter</strong></span> <span class='ocrx_word' id='word_1_966' title='bbox 3713 5626 3817 5680; x_wconf 51' lang='lat' dir='ltr'><strong>pos.</strong></span> 
     </span>
    </p>
   </div>
   <div class='ocr_carea' id='block_1_83' title="bbox 2236 5680 3396 5755">
    <p class='ocr_par' dir='ltr' id='par_1_83' title="bbox 2236 5680 3396 5755">
     <span class='ocr_line' id='line_1_84' title="bbox 2236 5680 3396 5755; baseline -0.005 -16"><span class='ocrx_word' id='word_1_967' title='bbox 2236 5685 2323 5740; x_wconf 83' lang='lat' dir='ltr'><strong>sit.</strong></span> <span class='ocrx_word' id='word_1_968' title='bbox 2355 5684 2422 5740; x_wconf 83' lang='lat' dir='ltr'><strong>Et</strong></span> <span class='ocrx_word' id='word_1_969' title='bbox 2456 5682 2615 5755; x_wconf 85' lang='lat' dir='ltr'><strong>paulo</strong></span> <span class='ocrx_word' id='word_1_970' title='bbox 2643 5689 2784 5753; x_wconf 85' lang='lat' dir='ltr'><strong>post,</strong></span> <span class='ocrx_word' id='word_1_971' title='bbox 2817 5680 3045 5751; x_wconf 76' lang='lat' dir='ltr'><strong>alicujus</strong></span> <span class='ocrx_word' id='word_1_972' title='bbox 3076 5682 3173 5736; x_wconf 80' lang='lat' dir='ltr'><strong>rei.</strong></span> <span class='ocrx_word' id='word_1_973' title='bbox 3387 5693 3396 5699; x_wconf 85' lang='lat'>&#39;</span> 
     </span>
    </p>
   </div>
  </div>
