4110 6168
325 264 465 324 120)

1398 264 1599 322 LIBER
1644 263 1730 322 DE
1772 260 2073 319 ARBITRII
2119 263 2536 322 LIBERTATE.

3488 265 3630 322 1210

323 385 664 454 conﬁtendo,
696 373 970 440 conﬁtear
992 399 1247 448 necesse,
1278 393 1332 440 et
1361 401 1460 456 per
1485 384 1627 455 quod
1659 381 1798 438 efﬁci
1829 397 1918 436 res
1949 383 1991 440 Λ
2023 390 2104 434 est
2132 401 2140 433 :
2191 381 2574 436 Postulationcs
2618 391 2792 436 rcitrre
2821 382 3144 437 innotescunt
3180 399 3352 436 coram
3388 382 3494 436 Deo
3519 399 3537 436 :
3582 393 3632 437 et

325 488 502 552 potest
526 497 538 533 :
563 494 630 532 an
655 487 734 545 ttt,
761 479 850 549 qtti
875 493 986 534 rem
1011 479 1278 548 negamlo,
1302 490 1354 534 et
1377 479 1502 549 quid
1525 478 1634 548 [uid
1659 477 1788 531 illud
1814 485 1918 542 (Μ,

322 587 421 644 per
445 572 587 641 quod
617 585 703 626 res
731 571 988 635 elﬁcitur,
1020 572 1205 641 procul
1235 572 1403 626 dttbio
1431 571 1632 641 negas?
1664 589 1682 622 ι
1710 569 1924 622 Oblitus

323 663 540 734 estjam
567 677 626 717 se
661 663 739 717 illi
771 662 1129 733 respondere,
1159 663 1251 733 qui
1286 675 1532 717 rem‘non
1561 671 1740 732 negat,
1766 659 1923 729 cujus

321 756 687 826 objectionem
709 755 1005 826 pauloante
1020 765 1397 826 pr0posuerat,
1413 756 1646 810 dicentis
1664 775 1670 782 -
1698 773 1716 805 ι
1737 755 1921 808 Potest

320 850 481 922 631
506 848 724 919 quidem
757 862 898 915 esse,
931 849 1026 903 sed
1060 864 1154 918 per
1179 848 1274 903 Dei
1306 847 1556 920 gratiam.
1588 868 1606 900 ι
1641 847 1922 915 Quomodo

320 957 452 1014 ergo
469 943 638 1009 illam,
667 958 763 1014 pro
780 959 881 1013 qua
901 943 1002 998 iste
1017 943 1243 998 multum
1267 941 1920 1012 laborat,possibilitatom

321 1046 514 1107 negat,
546 1037 637 1106 qui
673 1045 698 1073 α
730 1036 892 1090 etiam
925 1035 1094 1091 dicit:
1128 1055 1146 1086 ‹
1175 1035 1362 1090 Potest
1392 1049 1536 1099 esse,
1573 1034 1666 1089 sed
1702 1049 1795 1102 per
1824 1032 1922 1088 Dei

320 1127 549 1196 gratiam
572 1126 626 1180 ?t
665 1126 1056 1182 Verumtamen
1088 1125 1211 1196 quia
1241 1125 1346 1180 isto
1373 1125 1630 1188 dimisso,
1681 1125 1772 1193 qui
1807 1139 1920 1179 rem

316 1218 429 1290 jam
463 1219 776 1282 conlitetur,
808 1219 919 1288 agit
946 1217 1122 1272 adhuc
1151 1217 1414 1272 adversus
1445 1231 1537 1272 eos
1559 1257 1574 1283 ,
1603 1216 1693 1286 qui
1727 1223 1926 1286 negant

322 1327 445 1367 esse
482 1313 742 1383 possibile
773 1313 1050 1368 hominem
1081 1327 1203 1368 esse
1229 1312 1348 1367 sine
1377 1320 1604 1382 peccato
1629 1356 1642 1378 ,
1693 1311 1824 1381 quid
1857 1310 1922 1366 ad

321 1405 468 1460 nos?
495 1404 696 1460 Contra
721 1419 857 1475 quos
879 1405 992 1460 vult
1014 1415 1157 1474 agat,
1189 1404 1314 1459 dum
1342 1413 1521 1461 tamen
1546 1403 1647 1459 hoc
1667 1403 1925 1458 conﬁtea-

319 1507 428 1566 tur,
455 1501 599 1570 quod
631 1501 910 1570 impietate
933 1499 1356 1556 sccleratissima
1390 1511 1636 1571 negatur,
1667 1501 1783 1554 sine
1803 1514 1924 1568 gra-

320 1593 392 1648 tia
425 1592 517 1648 Dei
547 1591 824 1649 hominem
857 1595 975 1649 sine
1008 1603 1233 1664 peccato
1268 1609 1393 1650 esse
1425 1609 1530 1648 non
1563 1609 1745 1663 posse.
1786 1594 1924 1650 Dicit

320 1699 485 1753 ergo,
521 1703 540 1738 t
569 1683 698 1740 Sive
727 1701 823 1754 per
848 1687 1106 1756 gratiam,
1139 1687 1254 1740 sive
1289 1701 1386 1754 per
1411 1686 1773 1755 adjutorium,
1807 1686 1923 1741 sive

2027 493 2132 546 prta:
2157 475 2250 529 Dei
2271 493 2388 547 «μιαν
2415 487 2622 548 supcrat
2655 493 2856 530 omnem
2891 489 3145 541 mentem,
3177 477 3434 531 cttstotliat
3473 479 3631 530 corda

2027 579 2073 622 ct
2105 586 2322 638 corpora
2353 579 2516 624 vestra
2549 571 2600 622 itt
2630 568 2835 622 Christo
2866 567 2993 622 .Irsu
3045 568 3310 639 (Philipp.
3345 585 3414 633 tv,
3461 568 3515 633 6,
3549 570 3626 641 7).

2029 661 2215 716 llabco
2245 664 2422 732 itaque
2464 663 2830 717 inlirmitatcm
2860 681 2870 714 :
2906 671 2960 716 rt
2986 661 3196 730 gaudeo
3229 663 3280 716 itt
3321 662 3632 732 cognitione

2025 755 2355 811 inﬁrmitatis
2401 772 2556 812 mea).
2602 756 2734 811 Cum
2776 758 2912 810 enim
2951 757 3231 826 infirmor,
3281 766 3402 810 tunc
3450 763 3628 824 potens

2025 868 2140 906 sum
2169 851 2235 924 (ll
2261 851 2381 906 Cor.
2409 866 2502 914 xu,
2533 849 2652 922 10):
2689 858 2964 921 potentem
2993 849 3300 903 invocanda
3323 848 3512 915 Deum,
3537 850 3626 917 qtti

2027 961 2115 1000 me
2138 945 2358 1000 exaudit
2386 945 2698 1008 inﬁrmum,
2749 943 2838 1014 qui
2871 941 3028 997 nobis
3085 941 3405 997 ﬁdelissime
3443 957 3633 1011 repro-

2027 1038 2206 1092 misit:
2246 1035 2358 1108 Ego
2389 1046 2558 1090 autem
2586 1035 2844 1090 robiscunt
2868 1052 2980 1089 sunt
3011 1035 3244 1088 omnibus
3266 1035 3443 1087 diebus
3465 1050 3629 1104 usque

2026 1133 2094 1188 ad
2114 1133 2607 1186 consummationem
2631 1129 2808 1184 sazculi
2837 1129 3054 1201 (Matth.
3088 1144 3275 1188 xxvtu.
3305 1126 3422 1196 9.0).
3456 1127 3624 1182 Pecuo

2030 1225 2165 1279 liare
2191 1237 2326 1294 opus
2354 1221 2684 1278 inﬁrmitatis
2713 1231 2817 1289 est,
2850 1223 2905 1277 in
2934 1220 3079 1277 omni
3114 1219 3232 1275 loco
3257 1233 3475 1289 semper
3500 1233 3624 1274 ora-

2028 1331 2110 1382 re,
2141 1326 2197 1372 ut
2217 1317 2565 1387 omnipotens
2593 1316 2754 1381 Deus,
2784 1315 2875 1386 qui
2901 1313 3193 1386 spopondit
3216 1329 3320 1368 non
3345 1311 3624 1377 deserere,

2028 1414 2189 1466 etiam
2233 1409 2422 1477 juvare
2453 1424 2560 1463 non
2595 1416 2794 1463 cesset.
2838 1407 2977 1462 Ecce
3021 1408 3166 1460 enim
3199 1405 3477 1472 Scriptura
3508 1403 3624 1458 cla-

2028 1513 2141 1559 mat
2189 1501 2459 1557 inﬁrmis:
2515 1500 2744 1566 Quterite
2785 1498 3068 1553 Dominum
3114 1509 3160 1553 et
3205 1496 3585 1568 conﬁrmamini
3609 1513 3620 1547 :

2027 1595 2241 1666 qua'rite
2270 1594 2459 1665 facient
2481 1595 2591 1665 ejus
2614 1609 2818 1663 semper
2847 1591 3017 1665 (Psal.
3045 1606 3153 1656 ctv,
3181 1589 3370 1662 4).Cui
3393 1603 3623 1658 respon-

2028 1688 2123 1743 det
2151 1703 2275 1742 vera
2304 1696 2358 1742 ct
2395 1687 2478 1758 pia
2505 1686 2786 1741 confessio
2811 1705 2822 1739 :
2868 1683 3005 1740 Ecce
3031 1686 3160 1740 sicut
3193 1683 3332 1738 oculi
3361 1697 3621 1736 servorum

322 1792 418 1847 per
442 1777 910 1843 misericordiam,
951 1789 1003 1833 ct
1033 1779 1292 1848 quidquid
1325 1779 1456 1832 illud
1490 1787 1608 1843 est,
1653 1795 1750 1846 per
1776 1779 1920 1849 quod
1951 1771 2001 1832 Β
2027 1781 2078 1834 in
2121 1781 2359 1834 manibus
2403 1779 2730 1832 dominorum
2774 1793 3030 1832 suorum:
3080 1778 3153 1832 ita
3192 1777 3332 1830 oculi
3369 1776 3528 1830 nostri
3558 1776 3626 1828 ad

321 1884 444 1926 esse
468 1869 633 1927 homo
663 1871 866 1941 absque
897 1879 1122 1941 peccato
1150 1880 1326 1940 potest
1347 1914 1361 1938 ,
1396 1871 1719 1939 conﬁtetur,
1769 1872 1917 1943 quis-

319 1963 440 2033 quis
470 1977 584 2018 rem
617 1961 790 2034 ipsam
819 1963 1040 2020 fatetur.
1077 1982 1096 2017 ι
1864 1965 1867 1969 ’

391 2055 480 2111 46.
526 2057 725 2113 Fateor
771 2058 1047 2114 dilectioni
1089 2069 1290 2114 vestra:
1341 2074 1464 2114 cum
1496 2060 1598 2115 ista
1648 2058 1915 2130 legerem,

322 2147 511 2205 latitia
546 2159 770 2222 repente
800 2150 1049 2222 perfusus
1079 2165 1223 2218 sum,
1257 2152 1400 2222 quod
1429 2151 1523 2207 Dei
1552 2154 1782 2222 gratiam
1813 2167 1919 2207 non

323 2252 582 2314 negaret,
638 2260 734 2313 per
776 2259 939 2316 quam
985 2244 1156 2299 solam
1195 2243 1359 2300 homo
1399 2244 1683 2314 iustiﬁcari
1725 2254 1920 2314 potest,

324 2335 426 2391 hoc
453 2337 596 2392 enim
631 2337 682 2391 in
715 2337 1177 2408 disputationibus
1202 2335 1386 2392 talium
1418 2337 1652 2392 maxime
1679 2337 1920 2392 detestor

323 2415 376 2487 et
401 2431 728 2496 horreo,scd
755 2446 988 2504 pergens
1019 2431 1202 2502 legere
1229 2440 1450 2498 castora,
1473 2431 1651 2500 primo
1682 2447 1748 2486 ex
1779 2430 1921 2486 datis

322 2523 770 2579 similitudinilms
806 2525 943 2594 cmpi
982 2523 1184 2579 habere
1232 2531 1560 2594 suspectum.
1601 2523 1687 2577 Ait
1732 2523 1916 2578 enim:

330 2635 350 2669 ι
373 2615 398 2654 δ
418 2615 570 2672 Nunc
585 2617 629 2671 si
647 2616 856 2684 dixero,
877 2616 1039 2671 homo
1060 2616 1336 2687 disputare
1353 2625 1553 2686 potest,
1574 2616 1688 2670 avis
1710 2616 1918 2682 volare,

324 2709 476 2780 lepus
502 2724 746 2780 currere,
799 2718 852 2764 et
881 2725 985 2764 non
1019 2710 1180 2764 etiam
1215 2725 1310 2780 per
1334 2725 1452 2780 qua:
1483 2709 1596 2764 hate
1627 2709 1770 2764 efﬁci
1798 2725 1922 2780 pos-

324 2803 435 2856 sint
462 2817 983 2870 commemoravero,
1019 2803 1069 2857 id
1097 2813 1201 2869 est,
1235 2802 1492 2873 linguam,
1527 2802 1662 2870 alas,
1710 2803 1874 2874 pedes
1905 2823 1915 2856 :

324 2908 454 2948 num
502 2908 602 2963 rgo
650 2892 953 2949 ofﬁciorum
986 2893 1278 2965 qualitates
1321 2893 1550 2964 negavi,
1601 2895 1692 2966 qtti
1740 2893 1919 2949 ofﬁcia

327 2984 440 3055 ipsa
469 2984 752 3041 confessus
781 2987 946 3041 sum?
977 3005 994 3039 ι
1055 2987 1278 3041 Videtur
1305 2997 1452 3042 certe
1484 2985 1602 3041 haec
1629 3002 1752 3041 eum
1779 3001 1922 3042 com-

323 3091 691 3143 memorasse,
745 3093 864 3148 qua:
894 3086 1084 3132 natura
1119 3078 1297 3132 valent
1327 3123 1340 3146 ,
1389 3086 1570 3134 creata
1620 3087 1745 3132 sunt
1775 3077 1919 3134 enim

2029 1873 2310 1927 Dominum
2334 1874 2497 1926 Deum
2515 1883 2745 1927 nostrum
2764 1874 2930 1926 donec
2946 1873 3246 1925 misereatur
3268 1873 3430 1924 nostri
3447 1872 3466 1940 (
3477 1858 3625 1926 Psul.

2025 1981 2170 2020 cxxtt
2199 2007 2213 2031 ,
2243 1964 2324 2036 2).
2367 1965 2554 2036 Magna
2583 1975 2636 2019 et
2665 1973 2808 2020 certa
2839 1973 2923 2020 est
2947 1963 3013 2019 de
3042 1963 3374 2034 perfectione
3403 1963 3623 2030 ﬁducia,

2025 2073 2147 2112 cum
2189 2059 2536 2126 omnipotens
2574 2056 2702 2112 facit
2730 2057 2872 2128 quod
2905 2065 3060 2128 optat
3088 2055 3354 2112 inﬁrmus.
3388 2055 3627 2111 Rursus—

2024 2167 2130 2222 que
2163 2166 2355 2221 magna
2391 2160 2444 2204 et
2485 2159 2630 2205 certa
2673 2161 2754 2205 est
2793 2151 2861 2206 de
2894 2152 3307 2206 conﬁrmatione
3337 2152 3624 2218 securitas,

1982 2263 1990 2272 ·
2025 2258 2146 2316 cum
2178 2245 2521 2312 omnipotens
2551 2252 2732 2298 servat
2755 2289 2768 2311 ,
2820 2258 2919 2298 nec
2955 2243 3129 2312 perdit
3165 2242 3439 2310 inﬁrmos,
3486 2245 3626 2298 sient

2024 2338 2288 2407 scriptum
2317 2346 2399 2393 est
2425 2355 2436 2389 :
2472 2335 2538 2389 Ei
2564 2346 2736 2389 autent
2761 2337 2849 2406 qui
2872 2346 3035 2406 potest
3063 2337 3239 2391 omnia
3270 2337 3624 2392 abundantius

2026 2437 2194 2503 facere
2222 2446 2382 2502 quam
2405 2432 2628 2503 petimus
2651 2441 2698 2484 et
2726 2430 3099 2502 intelligimus,
3148 2431 3432 2485 secundum
3458 2431 3624 2484 rirlu-

2024 2535 2124 2582 teut
2154 2544 2255 2596 qua
2287 2536 2533 2596 operatur
2561 2526 2611 2578 itt
2644 2525 2790 2578 nobis
2815 2539 2833 2578 :
2856 2525 2957 2593 ipsi
2984 2525 3155 2595 gloria
3185 2525 3239 2578 in
3267 2523 3470 2578 Christo
3495 2522 3623 2577 Jesu

2027 2620 2247 2692 (Ephes.
2282 2635 2372 2683 ιιι,
2399 2619 2470 2674 20
2490 2662 2505 2686 ,
2531 2618 2648 2686 2i).
2691 2617 3055 2686 Quamobrem
3101 2619 3360 2674 admonet
3389 2620 3625 2689 Aposto-

2025 2716 2111 2771 lus
2137 2734 2148 2767 :
2179 2714 2309 2780 Qua:
2329 2731 2537 2768 sursum.
2565 2723 2683 2768 sunt
2711 2715 2876 2784 sapite
2895 2755 2910 2779 ,
2949 2730 3051 2767 non
3080 2729 3195 2784 qua
3221 2730 3374 2784 super
3392 2723 3579 2767 terram
3606 2729 3626 2768 :

2024 2807 2218 2860 mortui
2235 2807 2373 2860 enim
2398 2806 2520 2859 estis
2541 2817 2588 2860 et
2617 2807 2721 2860 rita
2743 2817 2907 2861 vestra
2925 2806 3227 2860 abscondita
3251 2815 3326 2860 est
3346 2823 3463 2860 cum
3477 2805 3627 2861 Chri-

2025 2908 2103 2954 sto
2130 2900 2187 2952 in
2214 2896 2346 2952 Deo.
2392 2897 2517 2953 Cum
2542 2897 2776 2952 Christus
2803 2901 3104 2967 apparuerit
3133 2901 3232 2954 vita
3261 2913 3430 2954 vestra
3453 2946 3466 2968 ,
3501 2910 3624 2954 tunc

2023 2999 2073 3044 et
2087 3006 2174 3043 vos
2192 2990 2506 3059 apparebitis
2528 3004 2643 3041 cum
2662 2991 2796 3057 ipso,
2827 2990 2879 3042 in
2901 2989 3309 3060 gloria(Coloss.
3336 3007 3414 3057 ttt,
3432 2991 3576 3063 2-4).

2097 3085 2186 3138 47.
2231 3082 2368 3138 Viue
2396 3081 2602 3138 fructus
2629 3093 2710 3136 est
2739 3083 3000 3137 sanctitas
3027 3101 3038 3134 :
3075 3083 3332 3137 sanctitas
3357 3098 3486 3137 vero
3514 3095 3620 3147 est,

323 3170 439 3226 iure
468 3171 708 3226 membra
742 3171 1051 3239 hujusmodi
1077 3171 1309 3237 naturis,
1336 3171 1536 3240 lingua,
1570 3171 1692 3237 alae,
1725 3170 1914 3239 pedes,

2025 3193 2146 3235 esse
2174 3178 2292 3234 sine
2323 3183 2566 3246 peccato.
2609 3175 2665 3230 Si
2707 3189 2839 3243 ergo
2872 3173 3296 3244 incorruptionis
3323 3175 3494 3244 gloria
3527 3175 3621 3228 ab-

321 3278 428 3320 non
466 3264 570 3317 tale
593 3262 792 3332 al'quid
825 3263 1037 3332 posuit,
1083 3263 1242 3332 quale
1269 3263 1334 3316 de
1361 3263 1532 3332 gratia
1565 3264 1790 3334 intelligi
1819 3279 1915 3319 vo-

318 3357 536 3420 lumus.
583 3357 700 3412 sine
728 3372 830 3426 qua
871 3341 1033 3412 hoino
1065 3373 1171 3411 non
1203 3357 1564 3426 justiﬁcatur:
1610 3359 1699 3413 tibi
1726 3358 1793 3414 de
1823 3374 1915 3415 sa-

319 3450 535 3514 nandis,
567 3466 673 3504 non
705 3450 773 3506 de
802 3451 1151 3506 instituendis
1187 3451 1395 3506 naturis
1419 3453 1618 3522 agitur.
1652 3451 1787 3508 llinc
1803 3452 1914 3522 jam

323 3554 346 3581 ε
379 3557 482 3614 ego
512 3543 775 3598 Sollicitus
810 3543 954 3614 εωρί
999 3543 1178 3614 legrre
1209 3551 1264 3598 et
1293 3554 1488 3599 caetera
1517 3585 1530 3608 ,
1582 3553 1637 3600 et
1679 3560 1765 3601 me
1808 3561 1914 3600 non

320 3636 456 3693 falso
492 3639 729 3707 comperi
767 3637 1134 3706 suspicatum:
1186 3653 1293 3706 quo
1327 3638 1637 3708 priusquam
1675 3640 1912 3706 veniam,

318 3728 498 3784 videte
544 3727 670 3797 quid
713 3727 933 3784 dixerit.
975 3729 1110 3783 Cum
1159 3735 1415 3783 tractaret
1451 3729 1803 3799 quaastionem
1847 3731 1915 3786 de

317 3823 620 3880 diﬁ‘erentia
653 3832 995 3892 peccatorum
1017 3865 1030 3887 ,
1087 3831 1140 3878 ct
1171 3821 1437 3891 objiccret
1466 3823 1564 3876 sibi
1592 3863 1605 3887 ,
1661 3841 1679 3873 ι
1708 3819 1732 3858 «³
1769 3822 1913 3892 quod

317 3919 562 3990 quaedam
592 3931 736 3986 smpe
767 3917 975 3971 irruant
999 3958 1013 3980 ,
1066 3931 1172 3970 non
1216 3930 1373 3985 posse
1414 3926 1606 3970 cuncta
1654 3915 1812 3970 vitari
1841 3933 1855 3980 ;
1886 3935 1906 3968 ι

317 4013 531 4084 negavit
559 4011 760 4067 debere
792 4028 810 4061 ι
843 4010 1030 4081 argui,
1065 4025 1132 4064 ne
1161 4010 1262 4065 levi
1293 4010 1514 4080 quidem
1544 4010 1909 4078 correptione,

229 4101 242 4110 ’
324 4109 368 4162 si
409 4105 561 4161 vitari
604 4105 826 4159 omnino
858 4119 962 4158 non
1007 4116 1224 4172 possunt
1258 4121 1268 4155 :
1305 4123 1323 4156 ι
1377 4103 1686 4172 Scripturas
1727 4105 1912 4175 utique

317 4216 426 4256 non
456 4199 746 4254 advertens
776 4196 900 4251 novi
931 4195 1271 4251 TeStatnenti
1303 4196 1392 4252 ubi
1435 4205 1458 4232 ε’
1487 4195 1911 4267 didicimus],si-

314 4306 402 4350 cut
431 4291 720 4363 Apostolus
745 4290 816 4344 ait
844 4308 856 4342 :
903 4288 1169 4359 Numquid
1199 4289 1328 4342 dicet
1356 4289 1660 4357 ﬁgmentum
1681 4289 1726 4341 ei
1747 4289 1838 4358 qui
1859 4304 1911 4342 se

316 4385 489 4456 finxit,
519 4385 650 4455 quid
681 4399 759 4436 me
791 4381 954 4454 fecisti
981 4381 1056 4434 sic
1099 4379 1282 4452 (Rom.
1310 4395 1383 4447 ts,
1411 4379 1552 4448 20)?
1582 4379 1910 4434 lnﬁrmitatis

314 4481 363 4534 ei
396 4477 614 4549 querela
647 4477 880 4546 propriae
900 4473 1114 4530 virtutis
1135 4471 1359 4526 ambitio
1379 4481 1496 4537 est,
1541 4472 1794 4541 quoniam
1819 4487 1910 4537 oc-

2023 3271 2270 3328 scondita
2299 3279 2381 3325 est
2413 3269 2480 3325 ab
2533 3269 2786 3324 omnilms
2813 3269 3122 3324 hominibus
3151 3269 3202 3322 in
3227 3269 3329 3324 hoc
3352 3276 3618 3338 tempore,

2023 3374 2080 3421 ttt
2109 3356 2380 3437 quomodo
2413 3363 2512 3416 hoc
2544 3364 2737 3418 eodem
2769 3372 3015 3432 tempore
3061 3365 3176 3429 ipsa
3209 3362 3620 3432 incorruptione

2015 3474 2185 3530 posse
2207 3467 2257 3514 te
2275 3455 2593 3527 superindui
2609 3455 2896 3525 gloriaris?
2920 3454 3068 3511 Sicut
3090 3455 3232 3509 enim
3258 3455 3620 3525 corruptionis

2022 3551 2350 3622 principium
2377 3549 2473 3603 fuit
2497 3547 2702 3602 homini
2728 3546 3002 3602 declinare
3027 3547 3080 3602 in
3106 3557 3411 3616 peccatum,
3440 3547 3511 3601 ita
3539 3549 3619 3602 in~

2021 3643 2389 3710 corruptionis
2413 3641 2622 3694 initium
2647 3640 2771 3702 erit,
2799 3655 2904 3694 non
2933 3638 3134 3694 habere
3158 3648 3458 3709 peccatum.
3486 3638 3620 3704 Quis

2019 3752 2153 3806 ergo
2167 3733 2703 3802 illudantejudicium
2723 3732 3136 3801 Deiahseondit,
3152 3743 3238 3786 aut
3254 3733 3323 3788 de
3336 3734 3456 3788 sinu
3467 3731 3618 3788 Chri-

2019 3829 2087 3883 sti
2119 3827 2361 3890 abstulit,
2395 3834 2451 3880 et
2486 3825 2581 3879 tibi
2617 3824 2876 3879 tradidit?
2915 3826 2996 3878 An
3031 3822 3172 3879 forte
3199 3825 3322 3894 quia
3359 3840 3466 3879 non
3503 3840 3617 3880 me-

2018 3932 2169 3976 retur
2190 3936 2308 3974 eam
2337 3917 2501 3990 633
2525 3917 2576 3970 in
2603 3917 2782 3970 luturo
2805 3915 2873 3970 de
2901 3931 3062 3970 manu
3084 3915 3294 3971 Domini
3321 3915 3615 3985 intelligis?

2019 4015 2147 4070 Hmc
2179 4027 2538 4084 prmsummus
2570 4011 2790 4064 instruit
2821 4010 3043 4077 Paulus,
3075 4021 3131 4066 et
3153 4011 3284 4066 dicit
3310 4030 3321 4065 :
3361 4010 3490 4068 Cum
3519 4029 3618 4066 au-

2017 4118 2117 4162 tem
2165 4104 2379 4160 mortale
2410 4105 2508 4158 hoc
2561 4104 2792 4157 indtterit
2837 4104 3309 4159 inmortalitatem:
3357 4115 3478 4159 tunc
3531 4107 3620 4175 [iet

2017 4215 2186 4253 sermo
2213 4199 2299 4265 qui
2329 4199 2552 4269 scriptus
2577 4207 2676 4262 est,
2704 4196 2957 4268 Absorpta
2979 4207 3053 4251 est
3079 4215 3216 4250 mors
3246 4198 3296 4251 in
3322 4199 3615 4252 victoriam.

2021 4292 2122 4347 Ubi
2147 4302 2222 4346 est
2245 4308 2381 4345 mors
2408 4291 2619 4345 victoria
2647 4292 2777 4345 tua?
2808 4285 2907 4344 Ubi
2936 4301 3012 4343 est
3037 4307 3174 4363 mors
3195 4291 3434 4344 stimulus
3456 4301 3574 4344 tuus
3593 4292 3618 4344 ?

2017 4383 2276 4439 Stimulus
2297 4392 2465 4436 autem
2491 4383 2668 4435 mortis
2693 4393 2957 4453 peccatum
2976 4391 3048 4435 est
3074 4381 3119 4452 (l
3136 4381 3254 4436 Cor.
3278 4397 3368 4445 xv,
3398 4382 3610 4450 fit-Fili).

2017 4475 2122 4531 Per
2151 4477 2297 4542 quod
2349 4475 2587 4529 ostendit
2631 4473 2925 4544 Apostolus
2953 4517 2967 4540 ,
3021 4474 3168 4528 nullo
3199 4475 3358 4528 modo
3385 4482 3612 4528 eatenus

313 4545 458 4627 culte
488 4571 814 4641 adjut0rium
848 4569 941 4624 Dei
977 4567 1212 4634 fastidit,
1264 4567 1354 4636 qui
1399 4567 1724 4632 peculiarem
1755 4567 1910 4622 forti-
1936 4545 1991 4606 Β
2014 4582 2340 4640 quemquam
2375 4565 2639 4620 insultare
2666 4579 2825 4634 posse
2851 4566 3018 4619 morti
3047 4574 3210 4634 atque
3241 4579 3484 4634 peccato,
3517 4565 3619 4620 do-

315 4667 558 4724 tudinem
594 4665 808 4736 qtuerit.
867 4663 931 4718 Et
963 4662 1050 4717 hic
1076 4661 1328 4715 diabolus
1358 4667 1478 4726 est,
1512 4660 1603 4730 qui
1631 4659 1788 4728 dicit,
1834 4662 1909 4716 vi-

312 4759 462 4814 ribus
487 4757 698 4811 faciant.
729 4756 842 4826 Ego
862 4761 1044 4809 autem
1067 4752 1365 4808 secundum
1389 4752 1728 4820 Apostolum,
1744 4753 1908 4824 632

312 4849 573 4922 gloriabor
601 4863 820 4916 semper
854 4847 908 4900 in
947 4844 1336 4913 inﬁrmitatibus
1376 4844 1501 4896 meis
1556 4843 1624 4915 (ll
1656 4843 1777 4900 Cor.
1810 4860 1904 4910 ιιι,

311 4941 369 5014 9)
392 4959 405 4996 :
435 4950 492 4995 ut
517 4938 900 5010 semperdicat
915 4951 1011 4992 cor
1029 4951 1208 4990 meum
1231 4935 1342 4990 Deo
1363 4953 1374 4986 :
1401 4934 1468 4988 In
1495 4934 1777 4989 velamento
1793 4937 1908 4990 ala-

307 5051 428 5090 rum
453 5045 660 5089 tuarttm
681 5031 973 5097 exsultabo,
996 5030 1214 5084 adhaesit
1237 5030 1415 5082 anima
1437 5045 1550 5082 utea
1577 5038 1692 5098 post
1714 5040 1802 5082 te:
1829 5046 1908 5085 me

307 5129 536 5205 suscepit
561 5129 769 5182 dextera
790 5135 878 5179 tua
905 5122 1086 5197 (Psal.
1118 5137 1248 5186 uti,
1271 5123 1350 5192 8).
1385 5120 1538 5177 Unde
1564 5132 1618 5176 et
1641 5121 1902 5192 scriptum

383 5282 407 5309 ³
450 5270 525 5325 Ita
553 5268 831 5324 Scltottus.
867 5266 970 5320 DD.
1003 5274 1057 5321 et
1085 5257 1374 5328 Gallandf,
1405 5262 1451 5315 ei
1468 5265 1606 5332 jam.

382 5343 409 5382 ι)
454 5343 528 5395 Ita
555 5340 830 5395 Scltottus.
861 5337 963 5392 BD.
997 5347 1050 5392 et
1081 5332 1357 5398 G'tlland.,
1395 5332 1554 5386 Nam.

385 5426 404 5448 τ
451 5412 546 5467 Hic
576 5425 792 5481 quoque
818 5408 1054 5466 Schotto
1083 5407 1426 5460 assentimus.
1472 5402 1725 5460 Galland.
1773 5417 1904 5459 vero

307 5486 415 5540 BB.
442 5496 678 5554 sequens
695 5526 709 5550 ,
725 5498 864 5554 ergo
879 5520 938 5554 ..τ
951 5523 963 5536 .
983 5482 1149 5554 legere
1176 5487 1383 5554 cwtera.

379 5554 404 5594 ἀ
449 5546 548 5609 ΕιΙῖ
581 5546 851 5621 ΒΒζιρεῖι
886 5546 1049 5606 aliter
1072 5549 1215 5603 hunc
1255 5551 1460 5608 locum,
1493 5547 1731 5621 scilicet,
1759 5546 1902 5621 quod

305 5628 526 5698 quidam
558 5626 744 5698 dicunt
767 5619 796 5688 ,⁷
819 5624 954 5698 levia
985 5621 1236 5690 quaedam
1271 5630 1486 5698 peccata
1520 5619 1634 5686 ipsa
1664 5619 1904 5698 multitu.

305 5687 468 5761 dine,
519 5695 658 5767 quod
701 5687 855 5767 stripe
888 5687 1282 5767 irruant,_etc.
1334 5693 1422 5767 Sic
1462 5705 1674 5759 quoque
1708 5687 1908 5767 habent

307 5759 604 5827 Sclmttfet
631 5759 880 5823 Galland.
909 5805 924 5831 ,
975 5765 1067 5834 qui
1098 5762 1454 5819 diﬁ‘erentiam
1488 5775 1794 5818 memorans
1825 5759 1910 5815 di-

2016 4677 2119 4716 nec
2144 4659 2534 4714 mortalitatem
2579 4657 2984 4721 inunortalitas,
3012 4667 3065 4712 et
3092 4661 3496 4729 corruptionem
3533 4660 3614 4713 in—

2013 4753 2294 4824 corruptio
2321 4761 2723 4822 consequatur:
2757 4762 2811 4806 et
2840 4752 2926 4806 ubi
2961 4751 3277 4808 inﬁrmitate
3305 4752 3480 4808 deleta
3511 4754 3614 4808 vir-

2015 4855 2102 4902 tus
2125 4846 2365 4918 perfecta
2389 4845 2652 4913 succedit,
2688 4844 2775 4900 ubi
2807 4860 2913 4901 non
2941 4847 3044 4901 erit
3077 4847 3349 4901 masculus
3375 4862 3430 4901 et
3458 4845 3612 4903 femi-

2015 4957 2106 5007 na,
2140 4939 2232 4995 sed
2257 4949 2418 4994 erunt
2447 4953 2636 4992 omnes
2665 4937 2876 4993 similes
2903 4937 3112 5008 angelis
3165 4937 3277 4993 Dei.
3315 4939 3485 4994 Porro
3516 4954 3612 4994 aud

2015 5042 2123 5088 tem
2175 5031 2222 5086 si
2266 5032 2390 5101 quis
2439 5031 2548 5099 jam
2605 5022 2658 5084 in
2715 5040 2922 5084 tantum
2971 5031 3246 5084 cutnulum
3306 5032 3608 5086 sanctitatis

2012 5125 2317 5193 excrescit,
2352 5132 2411 5178 ut
2450 5125 2638 5178 vivens
2669 5123 2722 5178 in
2753 5122 2853 5177 hac
2877 5137 3073 5187 carne,
3104 5124 3186 5178 vel
3222 5125 3522 5180 masculum
3549 5140 3608 5181 se

2007 5263 2082 5318 cit
2109 5282 2119 5315 :
2179 5280 2198 5314 ι
2227 5263 2293 5316 At
2327 5261 2751 5330 l-lavercampus,
2783 5261 2918 5334 quod
2946 5263 3187 5331 qutedam
3214 5279 3348 5334 saepe
3378 5263 3602 5324 irritant,

2007 5343 2113 5389 etc.
2159 5334 2380 5388 Scilicet
2411 5348 2693 5402 perperam
2737 5333 2974 5402 qutedatn
3008 5349 3103 5400 pro
3146 5333 3395 5403 quidam,
3442 5341 3604 5403 atque.

2007 5404 2328 5460 intermedia
2353 5419 2524 5467 usque
2550 5403 2616 5457 ad
2638 5419 2773 5472 stepe
2797 5403 3002 5456 irritant
3022 5405 3322 5458 oscitanter
3343 5405 3560 5457 omissa.
3577 5423 3595 5456 ι

2083 5485 2106 5512 ο
2150 5475 2401 5530 Dicimus.
2431 5475 2505 5530 lla
2528 5474 2660 5536 ΒΒ..
2685 5475 2775 5541 qui
2799 5483 2977 5529 tamen
3002 5475 3293 5544 coojieiunt
3319 5475 3599 5540 legendum

2009 5548 2278 5602 discimus.
2331 5547 2539 5602 Schott.
2593 5555 2649 5600 et
2689 5545 3076 5615 llavercamp.,
3132 5545 3425 5615 didicimus.
3472 5544 3600 5600 Post

2009 5620 2254 5679 dicimus,
2287 5619 2468 5672 statim
2503 5618 2730 5683 legimus
2755 5619 2893 5686 apud
2923 5614 3302 5683 Augustinum,
3332 5614 3465 5668 hanc
3491 5633 3600 5668 esse

2010 5691 2362 5751 intentionem,
2393 5697 2526 5752 etc.,
2553 5705 2672 5758 qua:
2695 5689 2846 5742 initio
2869 5687 3028 5754 hujus
3048 5687 3290 5757 excerpti
3315 5688 3598 5753 habentur,

2012 5769 2073 5814 ιιι
2101 5776 2167 5816 eo
2197 5761 2294 5816 loci
2327 5761 2657 5815 monuimus.
2697 5758 2970 5816 Causae.
3021 5820 3030 5828 .
