4110 6168
475 226 610 284 ιειι

1890 224 2100 284 PAULI
2134 225 2363 293 0805:"

3638 219 3781 291 ιειε

474 353 616 403 esse,
651 339 734 395 vel
766 338 1023 396 feminam
1054 340 1280 407 nesciat,
1312 340 1358 395 si
1385 340 1496 411 jam
1531 337 1844 410 plenissima
1866 338 1949 394 sui
1970 353 2075 408 pu-
2102 342 2148 401 Α
2180 350 2303 396 neat
2330 340 2395 399 ad
2425 342 2611 410 vitem,
2647 359 2755 399 non
2782 343 2960 401 solum
2996 354 3056 403 ut
3086 346 3285 417 possit,
3312 360 3502 403 verum
3526 346 3690 403 etiam
3722 357 3783 402 ut

480 433 641 485 ritate
670 442 923 501 percepta
949 472 964 499 ,
1010 447 1106 486 nec
1139 431 1349 486 habens
1371 431 1695 486 vestimenta
1728 427 1973 499 sordida,
2006 428 2081 484 si-

479 523 624 577 milis
655 534 737 577 est
760 523 970 595 angelis
1002 524 1119 588 Dei,
1146 533 1200 578 et
1226 524 1271 579 si
1297 523 1407 595 jam
1435 523 1523 578 illa
1555 523 1966 596 qtueprotnissa
1996 530 2082 579 est

480 616 687 670 sanctis
714 615 763 669 in
795 616 1031 683 Speciem
1058 616 1190 671 solis
1220 617 1469 671 claritate
1496 615 1883 683 circumdatur,
1917 615 2080 686 digne

482 703 621 765 hanc
655 705 1040 775 perfectionem
1066 723 1178 760 non
1225 720 1388 771 voce,
1429 707 1525 763 sed
1559 706 1742 762 habitu
1774 707 2074 777 pt'oﬁletur.

484 795 871 852 Verumtamen
902 798 1257 868 prtesumptio
1286 798 1386 853 ista
1413 798 1647 868 perditio
1675 808 1793 854 est:
1826 798 1952 870 quin
1986 814 2080 869 po-

485 891 588 945 tius
632 888 941 958 hnjusmodi
985 890 1191 946 homini
1239 892 1499 959 exnedit,
1544 901 1599 946 ιιι
1630 908 1734 946 non
1762 909 1923 947 suum
1950 907 2078 961 cor,

485 982 576 1037 sed
606 982 854 1047 Paulum,
875 984 1192 1053 magistrum
1211 984 1476 1054 gentium,
1503 983 1685 1038 audiat
1714 994 1773 1039 et
1800 992 2081 1053 sequatur,

489 1075 758 1145 simulque
787 1086 907 1131 oret
940 1091 1060 1130 cum
1093 1090 1178 1142 eo,
1207 1070 1294 1131 cui
1327 1075 1507 1130 oranti
1538 1076 1863 1145 respondeat
1902 1075 2083 1130 Domi-

488 1182 590 1223 nus
614 1185 627 1221 :
655 1167 868 1239 Sufﬁcit
896 1169 985 1222 tibi
1006 1168 1179 1239 gratia
1210 1185 1322 1223 mea
1340 1184 1360 1224 :
1388 1169 1547 1223 virtus
1579 1178 1754 1223 autem
1788 1170 1838 1222 in
1866 1168 2089 1238 inﬁrmi-

492 1269 597 1313 tate
621 1261 887 1333 per/icitur
915 1258 984 1330 (ll
1010 1261 1130 1315 Cor.
1170 1277 1267 1329 xu,
1298 1260 1374 1333 9).

562 1353 659 1408 48.
701 1354 886 1423 Itaque
930 1354 1074 1423 quod
1129 1355 1308 1408 solum
1358 1365 1407 1409 et
1442 1353 1496 1409 in
1540 1371 1647 1427 quo
1690 1354 1810 1411 solo
1858 1355 2090 1411 liberum

492 1446 773 1501 arbitrium
798 1446 1013 1518 proﬁcit
1041 1465 1053 1500 :
1089 1447 1329 1517 praebeat
1355 1462 1415 1503 se
1447 1449 1814 1519 ιιιιιιερυίειιιιε
1840 1458 2091 1503 nostrum

496 1540 603 1596 Deo
639 1549 837 1595 terram
863 1541 1222 1595 voluntariam
1254 1558 1267 1594 :
1303 1540 1401 1595 Dei
1444 1550 1614 1596 autem
1657 1541 1973 1614 agricultura
2002 1558 2092 1596 su-

493 1652 608 1689 mus
632 1652 651 1689 :
702 1633 801 1690 Dei
842 1636 1123 1705 wdi/icalio
1170 1652 1347 1691 smmis
1378 1636 1423 1708 (Ι
1450 1634 1571 1691 Cor.
1617 1651 1692 1703 tu,
1728 1635 1809 1709 9).
1842 1635 2014 1697 Mittat
2043 1637 2094 1690 in

2184 433 2300 488 sit?
2341 434 2591 508 Alioquin
2616 437 2888 493 excidatur
2915 448 2961 492 et
3002 440 3056 494 in
3088 440 3261 511 ignem
3298 424 3529 495 mittetur
3559 440 3779 512 (Matii.

2182 540 2261 590 tu,
2292 524 2403 596 10).
2440 526 2557 583 Νοιι
2582 528 2728 584 enim
2760 520 2992 601 palmes,
3020 530 3118 587 sed
3152 530 3278 587 vitis
3306 540 3522 601 potest:
3557 541 3613 587 et
3640 532 3784 601 quod

2183 618 2309 673 vitis
2331 628 2532 688 potest,
2564 621 2772 691 palmes
2799 622 3059 679 ostendit.
3089 621 3305 679 Sufﬁcit
3333 638 3467 694 ergo
3490 625 3789 694 unicuique

2185 719 2242 765 ut
2268 711 2484 767 habeat.
2513 714 2585 767 At
2612 727 2743 769 vero
2766 714 2911 770 unde
2943 726 2996 770 et
3024 715 3116 772 ubi
3152 715 3353 772 habeat
3377 757 3391 782 ,
3422 724 3478 771 et
3502 714 3791 772 humiliter

2184 812 2468 871 agnoscat,
2501 813 2554 858 ct
2578 804 2857 883 patienter
2892 814 3152 877 expetat:
3189 822 3259 862 ne
3286 806 3417 863 dum
3448 818 3557 863 nco
3589 807 3790 879 habet,

2187 904 2239 949 et
2269 892 2473 965 habere
2498 910 2560 951 se
2585 896 2761 951 credit
2788 939 2803 963 ,
2847 896 3083 969 idipsum
3114 898 3253 967 quod
3298 899 3463 956 habet
3506 900 3794 959 auferatur

2188 987 2256 1051 ab
2299 1003 2386 1044 eo.
2437 988 2677 1045 Primum
2722 989 3000 1055 hominem
3047 1003 3366 1063 peccantem
3420 992 3492 1049 de
3538 992 3796 1063 paradiso

2190 1082 2352 1153 eiecit
2380 1083 2554 1150 Deus,
2583 1083 2779 1140 deinde
2829 1087 2883 1142 in
2910 1100 3072 1142 cruce
3112 1085 3428 1143 credentem
3472 1087 3713 1155 primum
3742 1087 3796 1142 in

2193 1176 2503 1248 paradisum
2529 1178 2778 1236 Cbrisms
2803 1178 3035 1235 induxit.
3068 1179 3259 1239 Merito
3283 1194 3419 1250 ergo
3442 1179 3712 1249 quamdiu
3743 1182 3797 1236 in

2192 1270 2445 1342 paradiso
2478 1287 2583 1326 non
2616 1286 2768 1337 sunt,
2816 1280 2872 1326 et
2902 1270 2956 1326 in
2992 1282 3131 1335 terra
3170 1271 3628 1342 peregrinationis
3669 1272 3800 1330 Adae

2196 1377 2409 1433 maneo,
2434 1361 2554 1420 sine
2579 1372 2803 1432 peccato
2831 1379 2916 1419 me
2944 1377 3068 1420 esse
3094 1349 3200 1421 non
3226 1363 3417 1421 credo.
3445 1363 3501 1420 Si
3526 1371 3713 1419 autem
3743 1365 3798 1420 iu

2197 1455 2502 1527 paradisum
2522 1456 2695 1527 gratia
2722 1456 2821 1513 Dei
2849 1455 3130 1515 traductus
3153 1456 3341 1512 fuero:
3368 1456 3443 1510 ibi
3462 1456 3799 1528 perfectione

2196 1562 2340 1618 mea,
2366 1557 2420 1604 ει
2441 1556 2617 1605 morte
2644 1557 2924 1619 superata,
2950 1557 3285 1620 peccatoque
3307 1548 3509 1611 deleto,
3536 1558 3797 1605 aeternam

2202 1642 2253 1696 in
2283 1650 2578 1713 conspectu
2609 1641 2705 1698 Dei
2750 1641 3009 1712 potentiae
3036 1641 3155 1711 ejus
3193 1641 3425 1710 gloriam
3466 1639 3800 1711 praedicabo.

497 1745 684 1800 agrum
713 1743 868 1784 suum
914 1744 1099 1784 semen
1136 1729 1361 1785 verbum
1386 1774 1398 1797 ,
1445 1730 1632 1787 credat
1663 1731 1712 1785 in
1745 1730 1910 1789 corde
1930 1773 1945 1797 ,
1981 1731 2095 1800 ipse
2126 1717 2170 1781 Β
2201 1734 2327 1791 llaec
2351 1748 2480 1805 ergo
2510 1743 2569 1791 ut
2590 1734 2759 1804 potui,
2784 1734 3092 1795 beatissimi
3114 1732 3453 1799 sacerdotes,
3482 1747 3652 1789 causa
3679 1731 3799 1787 ﬁdei

498 1823 724 1891 plautel,
760 1824 873 1892 ipse
900 1821 1058 1894 riget,
1088 1822 1204 1893 ipse
1247 1822 1521 1888 fecundet,
1551 1824 1665 1893 ipse
1688 1824 1892 1878 tribuat
1923 1825 2097 1879 incre-

499 1924 763 1983 mentum,
795 1914 885 1984 qni
918 1922 1002 1969 est
1031 1929 1196 1969 verus
1227 1915 1486 1984 agricola.
1518 1915 1669 1983 Quod
1709 1916 1882 1979 solum
1916 1925 2096 1972 tamen

499 2004 552 2058 in
589 2005 744 2059 nobis
777 2015 956 2074 potest
1003 2005 1306 2061 voluntaria
1338 2007 1586 2074 devotio,
1620 2008 1687 2062 ad
1712 2010 2097 2065 continendam

500 2098 554 2153 in
588 2112 645 2151 se
680 2098 917 2153 radicem
962 2098 1190 2154 seminis
1233 2109 1286 2154 ct
1327 2100 1648 2154 nutriendos
1693 2101 1887 2158 uberes
1914 2110 2099 2171 partus

500 2190 731 2244 ﬁdeliter
780 2189 1159 2251 subministret
1187 2233 1200 2258 ,
1250 2206 1576 2262 svntpcrque
1619 2194 1957 2255 orationibus
1988 2194 2101 2251 suis

498 2285 799 2354 agricolam
830 2281 1011 2357 suum,
1049 2301 1115 2340 ne
1144 2285 1402 2340 inimicus
1430 2286 1633 2341 zizania
1660 2287 2102 2358 superseminare

501 2376 693 2446 pOSsil,
723 2379 1041 2432 exsuscitet.
1072 2377 1199 2433 Haec
1224 2379 1294 2433 sit
1328 2377 1446 2448 ejus
1477 2380 1528 2433 in
1563 2394 1732 2447 apere
1780 2378 1877 2435 Dei
1903 2393 2104 2452 coope-

504 2468 673 2536 ralio,
707 2483 827 2523 cum
876 2483 972 2538 spe
1001 2484 1106 2533 non
1154 2469 1316 2525 dubia
1346 2480 1400 2525 et
1437 2470 1703 2526 charitatc
1746 2473 1979 2527 sincera.
2012 2471 2105 2527 Ait

504 2560 647 2614 enim
686 2561 944 2616 Dominus
973 2561 1163 2617 Jesus:
1192 2561 1306 2635 Ego
1336 2580 1451 2618 sum
1478 2565 1615 2631 vilis,
1653 2581 1739 2621 vos
1770 2566 1892 2620 estis
1917 2563 2106 2638 palati-

507 2659 580 2705 tes
611 2649 794 2722 (Joan.
822 2670 910 2721 xv,
944 2653 1000 2727 5)
1028 2671 1042 2710 :
1074 2655 1456 2730 quodcumque
1484 2654 1669 2729 habet,
1694 2658 1761 2713 de
1786 2659 1892 2715 vite
1919 2659 2102 2713 habet.

510 2741 633 2797 Non
663 2744 835 2811 enim,
864 2746 1037 2818 inquit
1081 2747 1408 2818 Apostolus,
1441 2757 1497 2803 tu
1527 2749 1753 2805 radicem
1775 2759 1983 2823 portas,
2014 2751 2105 2807 sed

506 2838 662 2891 radix
690 2850 737 2894 te
766 2839 945 2926 (Rom.
992 2858 1078 2913 xt,
1113 2844 1226 2915 18).
1273 2843 1410 2913 Quid
1441 2861 1500 2902 se
1536 2861 1670 2923 ergo
1698 2849 1919 2907 extollit
1943 2848 2108 2925 634

511 2933 564 2988 in
598 2934 901 3005 fructibus,
930 2940 1019 3010 qui
1071 2940 1323 2998 videntur
1351 2943 1406 3000 in
1437 2958 1540 3015 eo,
1573 2958 1695 3001 cum
1728 2953 1899 3009 totum
1931 2963 2019 3020 pet
2035 2950 2105 3004 ti-

581 3082 608 3110 ει
649 3073 812 3135 Forte
839 3078 1144 3133 titillantur.
1169 3078 1419 3149 Sciron.

2200 1837 2256 1883 et
2283 1828 2642 1898 simplicitatis
2664 1828 2912 1896 exposui.
2947 1826 3066 1895 Neu
3096 1826 3227 1881 mihi
3271 1834 3642 1881 succenseant
3664 1865 3680 1893 ,
3711 1824 3802 1895 qui

2204 1922 2491 1991 laeserunt,
2553 1922 2596 1975 si
2658 1921 2710 1975 in
2758 1920 2945 1990 aliquo
2997 1936 3091 1989 per
3142 1902 3586 1988 comparationes
3628 1917 3802 1973 uomi-

2204 2030 2330 2073 num
2357 2023 2381 2050 θ
2416 2014 2720 2069 titulantur.
2750 2012 2827 2071 De
2851 2013 3243 2085 qumstiouibus
3273 2026 3404 2068 vero
3426 2010 3804 2081 :rq'nanimiter

2170 2154 2175 2157 -
2203 2110 2402 2178 ierant,
2435 2109 2738 2180 magisque,
2771 2105 2819 2167 si
2847 2107 3099 2165 timorem
3134 2105 3228 2160 Dei
3259 2084 3502 2170 habent,
3537 2103 3810 2175 gaudeant

2205 2214 2527 2272 resp0usum
2558 2200 2730 2255 fuisse
2762 2198 2904 2270 quod
2932 2213 3124 2255 verum
3153 2206 3261 2253 est.
3290 2196 3407 2266 Ego
3431 2237 3447 2263 ,
3499 2204 3636 2251 teste
3677 2194 3806 2253 Iesu

2204 2290 2446 2359 Christo,
2474 2292 2655 2349 odisse
2687 2307 2774 2349 tne
2802 2290 2980 2345 fateor
3013 2288 3287 2355 haeresim,
3320 2302 3426 2343 non
3455 2287 3804 2343 bmreticum:

2206 2387 2326 2451 sed,
2353 2385 2493 2439 sicut
2516 2383 2725 2453 justum
2752 2394 2835 2443 est
2854 2421 2870 2450 ,
2888 2379 3120 2445 interim
3147 2389 3368 2450 proriter
3390 2378 3680 2443 bzeresim,’
3704 2376 3806 2432 hat-

2208 2476 2433 2537 reticum
2466 2477 2579 2530 vito
2605 2494 2619 2533 :
2669 2474 2794 2547 quia
2828 2484 2879 2531 et
2910 2472 3160 2544 prohibtti
3191 2514 3205 2539 ,
3236 2480 3287 2528 et
3318 2470 3581 2539 corripui.
3617 2468 3799 2524 Detes-

2213 2578 2354 2627 letur
2376 2577 2431 2624 ct
2463 2567 2705 2635 damnet,
2739 2580 2834 2621 ore
2856 2566 3064 2637 pariter
3092 2579 3156 2618 ac
3183 2565 3366 2629 manu,
3392 2571 3449 2617 et
3470 2560 3682 2615 cunctis
3712 2558 3805 2615 ira-

2192 2662 2477 2729 ‘lernitatis
2501 2661 2717 2717 vinculo
2741 2658 3008 2715 bavre'uit:
3053 2656 3181 2729 quia
3214 2656 3476 2726 scriptum
3510 2648 3631 2709 est:
3667 2649 3803 2705 Inri-

2210 2774 2318 2819 σενι
2356 2772 2514 2817 onera
2555 2763 2726 2811 uestra
2771 2762 3010 2824 portate:
3047 2762 3095 2807 et
3142 2751 3217 2807 sic
3261 2747 3609 2820 adimplebitis
3654 2747 3801 2816 legem

2209 2849 2405 2913 Christi
2433 2846 2653 2921 (Matth.
2687 2861 2801 2914 χιιι.
2833 2844 2945 2917 ιε).

516 3234 3782 3267 _______________________________——.————

1052 3391 1662 3506 onosn
1723 3394 1985 3506 an
2035 3365 3275 3552 AUGUSTINUM

892 3592 1823 3687 CONSULTATIO
1899 3593 2194 3677 SIVE
2271 3586 3441 3676 COMMONITORIUM

1263 3754 1346 3806 DE
1388 3753 1643 3824 EBRORE
1686 3753 2371 3808 PRISCILLIANISTARUM
2418 3753 2497 3805 ET
2537 3747 3107 3805 URIGENISTARUM..

514 3880 660 3953 (Non
692 3880 909 3939 habetur
936 3880 988 3934 in
1014 3882 1097 3937 ed.
1127 3878 1480 3950 Havcrcampi
1503 3879 1614 3935 Im
1642 3878 1989 3952 Consultatio,
2012 3897 2169 3954 quam
2195 3882 2691 3957 excerpsimuscutn
2720 3879 2855 3933 uotis
2881 3893 2947 3933 ea:
2973 3874 3244 3933 Gallandii
3270 3876 3521 3935 Bibliolh.
3551 3887 3674 3932 tam.
3699 3873 3803 3943 IX.)

615 4165 1104 4245 Beatissitno‘patri
1141 4140 1451 4223 Aucusrltto
1485 4165 1743 4237 episcopo
1770 4163 2023 4220 OBOSIUS.

601 4349 653 4403 l.
694 4348 811 4404 Jam
843 4346 1060 4420 quidem
1103 4360 1484 4419 suggesseram
1530 4343 1804 4401 sanctitati
1835 4353 1979 4407 tute,
2024 4341 2120 4399 sed

520 4440 1009 4496 Commmtitorinm
1032 4448 1303 4511 suggesta:
1336 4439 1413 4494 rei
1439 4449 1565 4495 tunc
1580 4436 1777 4493 oﬁ‘erre
1797 4436 2119 4507 meditabar,

526 4553 648 4594 cum
682 4546 733 4592 te
759 4534 1075 4607 expeditum
1110 4533 1291 4589 animo
1319 4531 1389 4589 ab
1417 4531 1542 4588 aliis
1592 4530 1833 4589 dictandi
1887 4530 2125 4592 necessi-

525 4629 726 4684 tatibus
770 4644 891 4684 esse
921 4627 1242 4683 sensissem.
1293 4625 1402 4682 Sed
1452 4624 1706 4697 quoniam
1753 4623 1955 4679 domini
1990 4624 2119 4691 mei,

529 4724 622 4779 lilii
654 4724 752 4789 tui,
788 4723 1083 4794 Eutropius
1109 4732 1161 4778 et
1192 4722 1393 4779 Paulus
1417 4721 1680 4792 epise0pi,
1714 4705 1905 4776 eadem
1933 4735 2037 4791 qua
2068 4728 2124 4781 et

529 4833 632 4888 ego
669 4826 692 4853 ε·
726 4831 860 4887 puer
888 4826 1099 4883 vester,
1131 4815 1322 4870 salutis
1364 4815 1605 4871 omnium
1636 4815 1868 4870 utilitate
1911 4827 2125 4884 permo-

528 4911 591 4976 ti,
622 4912 1232 4981 commonitoriumjam
1255 4905 1610 4967 dederunt'de
1635 4911 1925 4981 aliquantis
1952 4910 2125 4969 luere.

530 5002 701 5065 sibus.
735 5020 836 5060 nec
868 5015 1046 5060 tamen
1091 5021 1281 5060 omnes
1312 5005 1681 5076 signiticarnnt
1714 5021 1729 5072 ;
1761 5019 1985 5060 necesse
2029 5004 2129 5059 fuit

535 5110 623 5151 me
665 5093 920 5151 fesunato
964 5096 1129 5152 edere
1165 5105 1224 5151 et
1248 5110 1573 5153 coacervare
1605 5097 1657 5152 in
1718 5111 1882 5153 unum
1939 5109 2129 5159 omnes

535 5188 902 5261 perditionum
932 5192 1157 5247 arbores
1188 5172 1311 5247 cum
1342 5191 1616 5246 radicibus
1637 5199 1693 5247 et
1721 5190 1887 5246 ramis
1917 5188 2053 5254 suis,
2076 5196 2131 5241 et

540 5284 743 5340 oll'erre
777 5284 999 5355 igniculi
1027 5287 1241 5356 spiritui
1271 5295 1386 5353 tuo,
1414 5294 1475 5341 ut
1496 5294 1551 5340 tu
1596 5287 1710 5339 viso
1738 5284 1953 5355 agmine
2007 5297 2131 5353 per-

538 5389 831 5451 spectaqne
854 5378 1117 5450 nequitia,
1152 5379 1536 5449 permetiarisb
1567 5395 1729 5451 quam
1772 5378 1949 5451 possis
2004 5376 2124 5435 dis-

2144 4162 2192 4225 C
2225 4172 2399 4234 pater,
2432 4162 2701 4233 malignas
2730 4162 2969 4220 aliorum
2997 4160 3359 4232 plantationes
3386 4158 3471 4214 vel
3498 4158 3807 4217 insertiones

2222 4271 2354 4313 erue
2381 4265 2543 4326 atque
2573 4256 2820 4320 suceide,
2848 4265 2905 4311 et
2932 4270 3116 4311 verant
3145 4269 3340 4325 sparge
3366 4262 3687 4318 sementem,
3719 4269 3806 4308 no-

2225 4347 2307 4407 bis
2339 4347 2406 4405 de
2433 4347 2539 4403 tuis
2568 4346 2807 4407 fontibus
2836 4346 3109 4417 rigaturis.
3131 4347 3243 4417 Ego
3257 4352 3451 4401 testem
3469 4345 3640 4401 Deum
3662 4360 3809 4415 spon-

2225 4441 2348 4505 deo,
2381 4450 2436 4496 ει
2466 4439 2861 4496 incrementum
2885 4439 3064 4510 operis
3095 4439 3170 4495 tui
3197 4452 3380 4509 spero,
3414 4437 3535 4507 quia
3569 4447 3706 4492 terra
3728 4436 3804 4491 illa

2226 4548 2344 4604 qnte
2374 4547 2520 4591 nunc
2554 4533 2794 4603 ingratos
2833 4533 3044 4586 fructus
3093 4540 3114 4568 ο
3162 4529 3438 4585 insincere
3492 4528 3639 4583 culta
3679 4526 3806 4582 exhi-

2232 4626 2341 4691 bet,
2373 4626 2417 4680 si
2450 4640 2570 4681 eam
2613 4625 2681 4680 de
2726 4639 2926 4679 manna
2972 4624 3065 4679 illo
3112 4621 3393 4677 recondito
3443 4630 3498 4676 tu
3549 4618 3688 4692 apud
3732 4632 3806 4673 nte

2228 4719 2534 4783 mandando
2559 4729 2615 4776 et
2641 4718 2900 4791 replenda
2931 4715 3260 4782 visitareris,
3291 4728 3467 4783 usque
3514 4716 3567 4771 in
3600 4711 3810 4769 centesi-

2231 4805 2377 4871 mum
2429 4817 2662 4873 fructum
2702 4813 2920 4884 pro'usa
2971 4811 3265 4882 aliquando
3316 4809 3545 4867 liberius
3587 4811 3812 4867 ubertate

2237 4909 2504 4979 proliciet.
2540 4907 2641 4962 Per
2681 4915 2732 4963 te
2787 4905 3052 4960 Dominus
3080 4903 3221 4960 Deus
3266 4911 3452 4963 noster
3473 4944 3489 4967 ,
3521 4918 3620 4972 per
3642 4913 3710 4968 te,
3740 4901 3814 4955 in-

2238 5016 2429 5072 quam,
2460 5000 2617 5055 beate
2637 4998 2831 5064 Pater,
2870 5011 3007 5067 quos
3034 4996 3320 5066 castigavit
3351 4996 3403 5053 in
3431 4994 3616 5066 gladio
3650 5008 3820 5049 emen-

2240 5094 2328 5153 det
2353 5093 2405 5150 itt
2430 5092 2615 5149 verbo.
2658 5090 2736 5153 Ad
2770 5099 2821 5147 te
2850 5105 2944 5160 per
2969 5090 3135 5147 Deum
3171 5090 3367 5144 missus
3387 5102 3508 5149 sum
3533 5103 3549 5152 ;
3572 5086 3643 5141 de
3665 5097 3715 5141 te
3738 5099 3822 5156 per

2239 5205 2361 5246 eum
2394 5203 2580 5258 spero,
2612 5185 2739 5241 dum
2777 5183 3068 5243 considero
3092 5182 3328 5252 qualiter
3354 5192 3534 5235 aetum
3556 5188 3663 5246 est,
3691 5176 3825 5248 quod

2240 5280 2347 5335 huc
2376 5279 2640 5334 venirem.
2681 5276 2935 5345 Agnosco
2972 5287 3070 5333 cur
3113 5272 3352 5328 venerim
3386 5288 3397 5323 ε
3431 5271 3553 5325 sine
3595 5271 3828 5323 volunta-

2243 5385 2314 5436 te.
2348 5373 2468 5429 sine
2498 5369 2855 5436 necessitate,
2894 5369 3015 5425 sine
3045 5381 3321 5423 consensu
3352 5365 3421 5421 de
3453 5364 3628 5434 patria
3656 5377 3828 5436 egres-

538 5476 866 5545 positionem
893 5474 1156 5530 adhibere
1183 5475 1423 5531 virtutis.
1453 5474 1533 5530 Tu
1556 5482 1788 5539 tantum,
1824 5470 2137 5528 beatissime
2160 5462 2216 5526 D
2240 5482 2334 5524 sus
2375 5482 2519 5533 sum,
2549 5463 2762 5519 occulta
2789 5461 3020 5533 quadam
3061 5462 3113 5516 vi
3146 5470 3302 5515 actus
3324 5503 3340 5528 ,
3370 5459 3553 5514 donec
3599 5462 3654 5513 in
3686 5457 3837 5513 istius

615 5626 641 5687 ἐι
683 5615 849 5671 Forte
871 5657 885 5681 ,
915 5614 1199 5687 presbyter.

616 5686 642 5759 ιγ
682 5680 926 5759 Vaticani
953 5680 1193 5750 codices,
1228 5700 1333 5757 qua
1357 5685 1525 5759 possis
1550 5682 1888 5757 dispositione
1915 5680 2141 5737 studium

545 5758 789 5814 adhibere
816 5758 1037 5817 virtutis.

2323 5617 2345 5647 ο
2392 5604 2556 5668 Editi,
2588 5605 2643 5658 in
2668 5606 2875 5657 sincera
2898 5602 3102 5657 cultura
3125 5600 3347 5665 exhibet,
3372 5598 3417 5653 si
3437 5597 3678 5652 eamdem
3709 5612 3840 5651 anno

2246 5677 2341 5732 illo
2364 5667 2630 5733 recondito
2654 5673 2792 5746 apud
2819 5685 2865 5728 te
2894 5672 3210 5746 "territando.
3235 5668 3579 5746 Castigantur
3599 5667 3842 5725 subsidio

2251 5765 2353 5804 ms.
2392 5742 2834 5818 Sigirantnensis,
2869 5759 2965 5800 seu
3008 5744 3067 5801 S.
3100 5742 3394 5814 Cigiranni.
