4110 6168
312 253 474 327 .tsts

1415 247 1989 329 CWDNITOBIUM
2028 248 2121 307 AD
2158 247 2628 325 AUGUS’EINQM.

3498 247 3634 305 12M

330 378 495 443 terrm
525 363 677 418 littus
706 362 904 418 allatus
924 375 1067 417 sum.
1092 361 1190 427 Hic
1217 360 1437 429 demum
1468 363 1673 425 ineunt
1729 361 1931 431 resipui
1958 367 2003 425 Α
2039 377 2141 417 non
2166 363 2250 418 vel
2274 378 2431 423 secus
2460 363 2630 430 viam,
2661 363 2746 419 vel
2789 364 2839 419 in
2874 362 3135 432 petrosis,
3185 359 3267 416 vel
3317 360 3369 416 in
3418 361 3489 415 im
3509 364 3636 418 nltis

335 458 695 522 intellectum,
725 454 867 526 quod
898 455 964 509 ad
997 464 1049 510 te
1086 457 1273 509 venire
1304 454 1615 509 mandabar.
1646 453 1931 524 [mpuden-

338 561 443 603 lctn
478 547 843 619 n'onjudices,
878 546 923 600 si
952 545 1154 616 accipis
1195 544 1565 613 confitentem.
1603 544 1706 598 Fac.
1734 560 1819 598 me
1866 545 1931 598 ad

252 650 257 655 ‘
338 652 367 719 υ.
391 639 642 695 dilectam
675 638 951 693 dominam
1001 652 1175 693 meam
1216 637 1473 693 idoneum
1518 636 1928 705 negotiatorem,

336 718 552 788 inventa
601 734 897 801 margarita
941 728 1158 798 (Matth.
1202 729 1603 796 xnt,46),non
1651 728 1930 799 fugitivum

336 810 579 887 servum,
599 835 789 877 eversa
812 819 1132 885 substantia,
1154 820 1374 874 reverti.
1403 819 1695 875 Dilacerati
1714 818 1932 889 gravius

335 934 361 970 a
401 916 717 985 doctoribus
749 916 962 985 pravis,
995 928 1156 984 quam
1187 928 1215 965 a
1263 912 1661 967 eruentissitnis
1691 911 1934 966 hostibus

336 1024 544 1063 sumus.
570 1008 679 1062 Nos
694 1007 1019 1061 confitemur
1036 1004 1295 1059 offensam
1315 1021 1329 1062 ;
1352 1016 1403 1059 tu
1423 1004 1673 1074 pervides
1685 1004 1893 1075 plagam
1916 1021 1928 1055 :

335 1102 477 1174 quod
507 1101 685 1157 solum
713 1097 1289 1170 superest,adjttvante
1310 1097 1565 1162 Domino,
1586 1096 1786 1166 largire
1822 1110 1934 1150 tne-

337 1196 593 1267 dicinam.
629 1193 879 1248 Breviter
899 1206 1028 1263 ergo
1059 1200 1113 1245 et
1141 1190 1267 1261 quid
1311 1202 1437 1245 ante
1466 1175 1607 1244 male
1635 1194 1931 1260 plantatum

336 1285 632 1363 convaluit,
661 1293 713 1341 et
738 1284 865 1355 quid
910 1293 1097 1353 postea
1129 1283 1284 1354 pejus
1320 1283 1581 1337 insertum
1616 1280 1930 1351 prun/aluit,

336 1377 641 1434 ostendam.

405 1471 461 1523 ‘2.
502 1467 898 1541 Priscillianus,
948 1467 1180 1538 primum
1213 1466 1265 1521 itt
1313 1482 1378 1521 eo
1412 1464 1724 1520 Maniehteis
1769 1466 1933 1521 inise-

338 1565 469 1629 rior,
516 1563 656 1634 quod
699 1578 766 1618 ex
813 1560 985 1617 veteri
1014 1574 1227 1632 quoque
1279 1559 1631 1614 Testamento
1681 1557 1933 1613 haeresim

316 1650 700 1721 'confnmavit,
733 1654 935 1710 docens
961 1653 1196 1727 animam
1220 1665 1342 1722 qua:
1384 1666 1413 1705 a
1438 1650 1551 1705 Deo
1580 1657 1703 1704 nata
1733 1650 1833 1709 sit,
1867 1649 1935 1703 de

2032 456 2241 525 jaceret
2269 471 2456 512 semen
2494 475 2505 511 :
2535 456 2719 513 volens
2750 455 2973 526 intelligi
3002 456 3317 511 hunc.esse
3362 457 3639 510 seminan-

2039 556 2144 604 tem
2166 591 2179 614 ,
2211 549 2301 619 qui
2332 548 2541 605 animas
2567 559 2752 619 captas
2780 557 3061 622 spargeret
3084 549 3136 601 in
3163 534 3634 617 corpota'diversa
3654 543 3686 559 ⁸

2037 658 2155 710 qum
2182 642 2372 697 vellet.
2413 641 2533 715 Quo
2560 641 2721 696 etiam
2771 641 2825 695 in
2872 640 3011 696 libro
3062 640 3129 694 de
3175 638 3418 709 principe
3459 638 3637 693 ltntni-

2035 735 2231 790 dorum
2259 744 2314 790 et
2342 734 2409 790 de
2432 735 2679 806 principe
2708 733 2846 803 ignis
2869 716 3097 802 plurima
3117 732 3258 787 dicta
3281 740 3426 795 sunt,
3446 730 3635 791 volens

2040 826 2266 897 intelligi
2287 869 2299 889 ,
2323 835 2470 891 arte,
2502 843 2613 893 non
2649 827 2884 893 potentia
2909 825 3037 888 Dei,
3061 826 3242 881 omnia
3286 824 3424 879 bona
3465 823 3547 894 agi
3582 825 3635 881 in

2038 919 2146 975 huc
2174 917 2399 973 mundo.
2427 917 2568 973 Dicit
2592 918 2735 973 cnim
2775 931 2899 974 esse
2924 916 3185 986 virginem
3226 915 3510 985 quamdam
3559 916 3640 973 lu-

2036 1026 2155 1068 cem
2174 1053 2189 1079 ,
2220 1026 2382 1082 quam
2424 1013 2561 1065 Dens
2588 1051 2603 1077 ,
2638 1010 2826 1065 volens
2855 1008 2990 1065 dare
3014 1008 3252 1080 pluviam
3284 1006 3596 1063 hominibus
3617 1045 3634 1075 ,

2040 1102 2269 1173 principi
2297 1100 2639 1165 humidnrntn
2668 1099 3062 1167 ostendat:qui
3112 1097 3241 1154 dum
3291 1112 3409 1154 eam
3440 1113 3633 1168 appre-

2039 1192 2277 1249 hendere
2302 1194 2477 1263 cupit,
2523 1202 2828 1251 commotus
2852 1191 3144 1260 consudet,
3167 1199 3223 1246 et
3274 1190 3507 1262 pluviam
3563 1190 3640 1246 fa-

2037 1287 2175 1353 ciat,
2207 1295 2260 1339 et
2290 1285 2583 1341 destitutus
2606 1284 2674 1339 ab
2703 1299 2797 1349 ea,
2840 1283 3045 1354 mugitu
3065 1297 3164 1337 suo
3221 1281 3452 1337 tonitrua
3506 1297 3639 1336 con-

2036 1379 2184 1433 citet.
2216 1376 2537 1433 Trinitatem
2564 1386 2743 1432 antem
2771 1376 2891 1430 solo
2915 1377 3081 1431 verbo
3102 1375 3426 1445 loquebatur
3458 1391 3471 1429 :
3513 1390 3637 1429 nam

2037 1472 2292 1527 unionem
2338 1471 2542 1541 absque
2618 1470 2724 1524 ulla
2778 1468 3066 1541 existentia
3134 1476 3228 1522 aut
3300 1469 3637 1539 proprietate

2038 1582 2292 1624 asserens
2312 1609 2327 1636 ,
2358 1567 2572 1624 sublato
2619 1564 2644 1603 δ
2678 1576 2754 1635 et,
2791 1566 3029 1632 Patrem,
3050 1562 3274 1629 Filium,
3304 1572 3359 1619 et
3379 1563 3637 1636 Spiritum

2037 1670 2283 1715 sanctum
2304 1700 2319 1724 ,
2361 1660 2507 1715 hunc
2538 1674 2661 1714 esse
2688 1674 2851 1714 unum
2875 1658 3153 1714 Christum
3184 1657 3421 1714 dicebat.

336 1750 569 1822 quodam
603 1746 975 1819 promptuario
1007 1745 1322 1816 procedere,
1350 1744 1591 1815 proﬁteri
1624 1750 1747 1797 ante
1766 1742 1935 1798 Deum
1969 1748 2013 1808 Β
2115 1751 2166 1805 5.
2198 1749 2353 1804 Tunc
2398 1751 2505 1803 duo
2552 1750 2697 1804 cives
2742 1750 2849 1805 mei
2881 1792 2897 1817 ,
2949 1748 3138 1805 Avitus
3166 1789 3183 1816 ,
3230 1758 3288 1804 et
3322 1748 3477 1815 ,διευς
3516 1748 3644 1802 Avi-

337 1859 397 1898 se
436 1851 789 1917 pugnaturam
817 1882 832 1905 ,
885 1838 1076 1895 instrui
1123 1837 1151 1877 ι’
1190 1824 1503 1892 ’δόΙιοτιθιυ
1549 1837 1868 1908 angelorum
1919 1854 1931 1888 :

338 1936 537 1990 dehinc
612 1933 1031 1989 descendentem
1118 1945 1217 2000 per
1272 1929 1534 2001 quosdam
1614 1928 1848 1985 circulos
1908 1943 1938 1981 a

344 2026 731 2097 principatibus
763 2024 1020 2094 malignis
1051 2023 1169 2092 capi
1198 2062 1212 2087 ,
1243 2034 1292 2077 et
1342 2020 1639 2076 secundum
1691 2021 1939 2081 volunta-

344 2135 453 2176 tem
488 2122 711 2176 victoris
742 2119 1000 2188 principis
1043 2119 1095 2172 in
1126 2132 1357 2187 corpora
1390 2117 1603 2171 diversa
1638 2113 1888 2169 contrndi
1924 2156 1938 2181 ,

339 2214 526 2284 eisque
576 2196 778 2267 ascribi
849 2209 1298 2280 chirographum.
1349 2206 1502 2264 Unde.
1549 2220 1603 2262 et
1658 2205 1940 2261 Mathesim

342 2306 641 2377 praevalere
692 2303 974 2366 firmabat,
1027 2316 1281 2357 asserens
1321 2300 1462 2370 quod
1509 2300 1611 2354 hoc
1667 2299 1944 2369 chirogra-

344 2397 506 2468 phum
538 2395 771 2452 solverit
821 2393 1070 2450 Christus
1098 2439 1112 2463 ,
1146 2404 1203 2449 et
1253 2392 1489 2447 al‘iixerit
1518 2392 1664 2447 cruci
1696 2407 1792 2461 per
1816 2405 1939 2461 pas-

343 2492 551 2546 sionem
603 2503 757 2545 suam
810 2488 998 2542 :sicut
1047 2486 1162 2556 ipse
1206 2485 1583 2540 Priscillianus
1632 2485 1685 2539 in
1714 2482 1942 2555 quadam

344 2585 573 2656 epistola
626 2599 721 2638 sua
752 2583 925 2637 dicit:
964 2600 983 2632 «
1037 2581 1168 2636 llzrc
1197 2582 1367 2651 prium
1408 2580 1680 2650 sapientia
1720 2590 1837 2648 est,
1889 2580 1943 2634 in

344 2678 643 2732 animarum
676 2676 819 2747 typis
847 2673 1156 2729 divinarum
1209 2674 1466 2727 virtutum
1515 2672 1820 2743 intelligere
1851 2688 1945 2726 na-

348 2780 529 2833 turas,
578 2777 633 2822 et
670 2766 922 2838 corporis
952 2766 1386 2834 dispositionem.
1417 2766 1470 2833 l_n
1511 2781 1614 2836 qua
1647 2764 1944 2835 obligatum

344 2864 544 2919 omium
575 2860 789 2914 videtur
818 2869 874 2914 et
909 2869 1085 2925 terra,
1128 2873 1427 2928 omnesque
1473 2858 1807 2928 principatus
1846 2874 1945 2912 Ste-

345 2952 457 3007 culi
508 2950 758 3005 videntur
797 2950 1004 3004 astricti
1054 2956 1365 3003 sanctorum
1421 2949 1808 3019 dispositioncs
1850 2964 1946 3005 su-

349 3060 561 3116 perare.
594 3043 728 3099 Nam
762 3043 995 3112 primum
1042 3042 1134 3097 Dei
1181 3044 1445 3097 circulum
1476 3052 1533 3098 et
1563 3043 1945 3099 mittendarum

2041 1849 2172 1909 tus,
2229 1857 2351 1897 cum
2413 1844 2525 1911 jant
2574 1850 2683 1896 tam
2736 1851 2948 1912 turpem
2998 1840 3375 1897 confusionem
3441 1856 3537 1911 per
3582 1856 3643 1897 se

2041 1935 2213 2005 ipsam
2241 1938 2438 1991 veritas
2460 1938 2571 1992 sola
2598 1936 2826 1993 nudaret
2844 1979 2859 2004 ,
2890 1939 3172 2009 peregrina
3196 1937 3487 2008 petierunt.
3509 1933 3641 2009 Nam

2044 2043 2180 2082 unus
2231 2027 2699 2100 Hierosolymam,
2733 2031 2874 2084 alius
2923 2030 3152 2086 Romam
3199 2006 3478 2101 profectus
3526 2006 3631 2085 est:

2045 2118 2308 2182 Reversi.
2344 2134 2482 2173 unus
2506 2119 3036 2191 retulitOrigenem,
3084 2121 3223 2176 alius
3268 2121 3643 2176 Victorinum:

2045 2227 2112 2266 ex
2138 2210 2221 2265 his
2243 2210 2483 2277 duobus,
2517 2211 2656 2265 alter
2686 2211 2844 2266 alteri
2868 2213 3035 2267 cessit
3072 2231 3082 2264 :
3130 2212 3529 2268 Priscillianutn
3566 2220 3645 2266 ta-

2046 2319 2172 2357 men
2222 2302 2383 2356 atnbo
2436 2300 2788 2357 damnarunt.
2848 2292 3190 2358 Victorinum
3245 2318 3433 2373 parum
3487 2302 3642 2357 novi-

2048 2410 2168 2449 mus
2199 2410 2214 2448 :
2250 2394 2374 2464 quia
2404 2393 2583 2449 adhuc
2617 2410 2755 2464 pene
2781 2402 2907 2449 ante
2937 2394 3212 2450 editiones
3258 2409 3385 2449 suas
3412 2435 3427 2459 ,
3456 2393 3644 2449 Victo-

2049 2488 2150 2542 rini
2179 2495 2420 2543 sectator
2444 2486 2611 2543 cessit
2637 2486 2878 2558 Origeni.
2930 2487 3386 2557 Cmperuntergo
3431 2501 3497 2541 ex
3525 2485 3648 2540 Uri-

2046 2595 2186 2649 gene
2218 2578 2501 2651 magnifica
2537 2580 2690 2649 plura
2723 2578 2992 2649 praponi,
3035 2593 3157 2650 qua:
3185 2594 3252 2634 ex
3296 2577 3505 2633 modica
3548 2592 3646 2632 oc-
3690 2600 3695 2605 ι

2047 2673 2270 2727 casione
2301 2672 2503 2726 veritas
2531 2672 2645 2739 ipsa
2681 2669 3039 2740 praecederet.
3077 2670 3376 2725 Didicimus
3407 2672 3553 2724 enim
3579 2670 3647 2723 de

2049 2765 2321 2820 Trinitale
2347 2764 2654 2820 doctrinam
2683 2764 2816 2817 satis
2851 2778 3065 2827 sanam,
3114 2761 3297 2817 omnia
3339 2776 3463 2832 qua:
3503 2759 3645 2814 facta

2049 2864 2258 2923 essent,
2306 2870 2334 2908 a
2372 2855 2484 2910 Deo
2527 2855 2664 2907 facta
2709 2868 2864 2917 esse,
2894 2865 2948 2908 et
2978 2853 3163 2907 omnia
3210 2852 3349 2906 bona
3382 2851 3559 2916 valde,
3583 2861 3637 2905 et

2038 2946 2188 3003 facta
2221 2949 2289 3005 de
2304 2945 2482 3002 .nihilo
2507 2963 2521 2997 :
2555 2954 2681 2999 tunc
2707 2943 2907 2999 deinde
2950 2945 3343 3014 scripturarum
3370 2953 3393 2978 θ
3418 2943 3646 2997 solutio-

2051 3054 2150 3094 nes
2176 3038 2310 3093 satis
2341 3036 2574 3092 sobrias.
2616 3020 2808 3091 Omnia
2840 3034 3178 3090 lnrcstatitn
3228 3049 3257 3087 a
3309 3032 3645 3102 sapientibus

346 3139 399 3192 in
430 3153 595 3192 carne
642 3137 948 3191 animarum
985 3135 1229 3190 divinum
1286 3135 1735 3206 chirographum,
1782 3151 1945 3208 ange-
1973 3123 2019 3185 C
2052 3133 2195 3191 fideli
2228 3131 2584 3202 pristinorum
2623 3129 3021 3199 expurgatione
3066 3135 3319 3196 suscepta
3360 3136 3509 3180 sunt.
3544 3125 3647 3180 Re-

347 3231 518 3284 lorutn
562 3240 614 3283 et
665 3228 756 3283 Dei
813 3239 867 3283 et
933 3227 1175 3281 omnium
1236 3229 1537 3283 animarum
1586 3229 1944 3296 consensibus

345 3321 662 3376 fabricatum
696 3320 1021 3389 patriarchae
1050 3328 1263 3384 tenent,
1292 3330 1314 3357 ε
1345 3321 1438 3389 qni
1468 3330 1656 3376 contra
1703 3322 1945 3379 fortnalis

356 3414 562 3468 militia!
589 3428 726 3484 Opus
750 3412 1035 3483 possident
1062 3430 1074 3464 :
1106 3432 1126 3464 ι
1156 3421 1211 3467 ει
1239 3412 1467 3481 reliqua.
1492 3411 1739 3469 Tradidit
1763 3423 1943 3469 autem

350 3508 567 3561 nomina
601 3504 1029 3575 patriarcharum
1055 3504 1294 3559 membra
1325 3520 1446 3560 esse
1470 3507 1687 3570 animae,
1713 3522 1781 3561 eo
1801 3508 1943 3577 quod

348 3610 493 3654 esset
529 3599 715 3653 Ruben
757 3597 812 3651 itt
860 3598 1068 3667 capite,
1121 3596 1256 3652 Juda
1298 3597 1350 3650 in
1404 3606 1661 3667 pectore,
1711 3599 1839 3653 Levi
1893 3600 1943 3655 in

350 3690 515 3745 corde
539 3730 555 3756 ,
586 3688 865 3759 Beniamin
895 3690 947 3743 in
996 3687 1292 3744 femoribus
1323 3706 1337 3741 :
1370 3699 1426 3744 et
1472 3689 1693 3743 similia.
1741 3690 1945 3747 Contra

348 3794 529 3838 autem
576 3782 634 3836 in
686 3780 943 3837 membris
966 3780 1244 3851 corporis,
1273 3780 1396 3835 ειεΙί
1420 3780 1570 3850 signa
1614 3796 1736 3836 esse
1765 3780 1947 3853 dispo-

348 3873 553 3940 sita,id
578 3885 693 3939 εει,
740 3874 964 3928 arietem
1018 3872 1067 3925 in
1094 3871 1299 3941 capite,
1347 3880 1557 3927 taurum
1591 3874 1641 3926 in
1689 3874 1945 3942 cervice,

349 3968 592 4035 geminos
624 3965 676 4018 in
706 3962 940 4017 brachiis
965 4003 982 4030 ,
1033 3978 1290 4023 cancrum
1326 3963 1377 4017 in
1423 3973 1673 4031 pectore,
1699 3973 1809 4020 etc.
1845 3964 1949 4019 Vo-

352 4058 469 4112 lens
522 4054 855 4125 subintelligi
887 4054 1140 4108 tenebras
1167 4064 1435 4119 aeternas,
1485 4063 1541 4109 et
1576 4070 1641 4110 ex
1688 4054 1774 4109 his
1801 4056 1948 4125 prin-

336 4150 525 4222 cipem
552 4148 736 4203 mundi
778 4147 1131 4217 processisse.
1166 4147 1231 4201 Et
1257 4146 1357 4202 hoc
1402 4148 1577 4218 ipsum
1617 4147 1946 4219 confirmans

348 4260 415 4299 ex
446 4243 583 4297 libro
610 4241 877 4312 quodam,
922 4240 1012 4310 qui
1063 4240 1375 4295 inscribitur
1416 4241 1670 4296 Memoria
1727 4251 1948 4312 aposto-

350 4335 526 4389 i-Il‘lllll
546 4376 558 4398 ,
586 4334 671 4389 ubi
704 4332 955 4389 Salvator
996 4331 1322 4401 interrogari
1353 4346 1382 4385 a
1404 4332 1685 4402 discipulis
1735 4334 1947 4388 videtur

350 4435 564 4482 secreto
582 4467 598 4493 ,
625 4437 675 4481 et
714 4425 1006 4480 Ostendere
1033 4466 1047 4492 ,
1089 4422 1213 4494 quia
1255 4423 1323 4478 de
1350 4426 1611 4493 parabola
1637 4425 1941 4497 evangelica

350 4535 469 4589 qua:
515 4517 677 4573 habet
725 4534 738 4570 :

353 4610 372 4682 (
400 4610 590 4664 Matth.
622 4624 743 4675 xm,
773 4608 916 4676 46),
949 4622 1054 4662 non
1106 4605 1263 4661 fuerit
1303 4608 1599 4664 seminator
1624 4613 1794 4665 bonus
1826 4626 1943 4666 :as-

346 4717 573 4771 serens,
599 4702 720 4774 quia
746 4702 788 4757 si
812 4700 986 4756 bonus
1016 4698 1241 4765 fuisset,
1273 4715 1379 4755 non
1411 4698 1604 4756 fuisset
1637 4703 1948 4773 negligens;

380 4907 404 4927 ο
424 4902 448 4928 ο
476 4891 643 4959 Editi,
672 4889 919 4945 dilectum
936 4887 1203 4942 dominum
1226 4903 1412 4941 meum.
1436 4887 1505 4959 At
1526 4904 1687 4956 mss.,
1708 4890 1948 4946 dilectam

353 4956 811 5017 dominam—meam
854 4973 871 5013 :
905 4960 1131 5029 patriam
1180 4959 1421 5027 scilicet,
1448 4956 1515 5015 ad
1554 4977 1717 5033 quam
1748 4965 1947 5019 reverti

352 5044 517 5101 cupit.

425 5104 450 5143 ι’
491 5104 563 5159 Ita
599 5103 838 5158 Vaticani
864 5116 995 5158 mss.
1028 5104 1094 5155 At
1122 5100 1278 5170 editi,
1308 5103 1550 5157 adorata.

427 5188 448 5214 ε
492 5170 617 5231 Sola
648 5175 815 5229 editio
838 5173 1000 5238 an.,
1029 5188 1165 5243 ante.

420 5246 446 5284 ἀ
492 5248 545 5300 In
575 5244 846 5300 Vaticanis
875 5260 1005 5299 mss.
1026 5241 1050 5310 ,⁷
1075 5242 1277 5298 sublato
1306 5252 1356 5297 et
1382 5241 1556 5308 Patre,
1577 5243 1802 5309 Filium,
1834 5256 1943 5302 etc.

423 5328 448 5355 ε’
491 5317 546 5370 In
589 5317 779 5370 iisdem
815 5315 1113 5382 codicibus,
1136 5315 1391 5369 solutione
1435 5317 1564 5369 satis
1587 5316 1792 5382 sobria,
1830 5335 1941 5371 om-

350 5391 437 5443 nia
465 5392 575 5442 Ιιαξε
596 5430 611 5450 ,
640 5396 748 5441 etc.

430 5460 448 5499 ῐ
493 5459 587 5513 Vir
604 5457 953 5512 doctissimus
989 5456 1314 5512 Franciscus
1346 5456 1562 5511 Floritts
1592 5458 1643 5509 itt
1671 5456 1941 5515 Disserta-

351 5534 498 5587 tintte
519 5531 569 5597 1,
584 5530 649 5582 ad
665 5527 1024 5592 Bacltiarium,
1044 5526 1072 5598 ᾗ
1089 5529 1143 5590 5,
1164 5544 1282 5597 pag.
1298 5531 1390 5593 ξι,
1413 5528 1501 5581 hic
1516 5530 1798 5596 legendum
1816 5547 1942 5586 con-

345 5602 890 5673 jicit.quiarotautas
919 5605 1176 5673 ιιι-31811111.
1194 5614 1421 5673 essenon
1443 5599 1623 5668 possit.
1642 5598 1722 5653 Ad
1738 5604 1941 5657 confir-

352 5670 602 5729 mandam
637 5671 884 5725 lectionis
912 5670 1309 5725 restitutionem
1338 5671 1589 5725 observat
1615 5672 1755 5735 idem
1789 5673 1850 5726 V.
1878 5676 1937 5726 (Σ.

354 5754 599 5803 sanctum
625 5742 980 5813 Augustinum
1004 5743 1359 5811 quaestionem
1383 5741 1486 5798 sibi
1509 5742 1575 5798 ab
1594 5739 1788 5800 Oresio
1817 5759 1942 5817 pro-

2049 3226 2252 3281 mansit
2274 3223 2388 3281 sola
2415 3223 2623 3291 olfensa
2648 3222 2717 3276 de
2751 3221 2946 3275 nihilo.
2978 3219 3219 3275 Credere
3248 3218 3393 3273 enim
3422 3232 3646 3288 persua-

2048 3334 2168 3374 sum
2198 3328 2318 3372 erat
2347 3332 2470 3371 esse
2514 3315 2753 3370 animam
2791 3333 2802 3367 :
2833 3329 2940 3368 non
2975 3324 3153 3368 tamen
3198 3310 3511 3382 persuaderi
3546 3326 3645 3378 po-

2051 3420 2194 3468 terat
2226 3455 2241 3480 ,
2294 3410 2491 3465 factam
2570 3423 2693 3462 esse
2759 3407 2828 3462 d’e
2874 3405 3101 3460 nihilo:
3163 3411 3646 3478 argumentantes,

2056 3503 2072 3541 ί
2114 3504 2234 3574 quia
2265 3503 2513 3556 voluntas
2538 3501 2604 3556 de
2646 3500 2816 3555 nihilo
2847 3515 2970 3555 esse
3008 3514 3115 3552 non
3146 3498 3334 3565 possit.
3371 3496 3481 3550 lloc
3509 3484 3647 3565 pene

2050 3612 2221 3666 usque
2249 3604 2274 3641 Β
2312 3595 2379 3648 ad
2404 3609 2547 3649 nunc
2579 3602 2782 3647 manet.
2810 3590 2899 3645 Isti
2930 3606 3061 3646 vero
3088 3590 3228 3644 Aviti
3273 3588 3403 3656 duo,
3425 3598 3477 3640 et
3519 3602 3642 3640 cum

2048 3687 2136 3741 his
2166 3694 2385 3743 sanctus
2412 3685 2648 3739 Basilius
2676 3682 2901 3738 Graecus
2933 3682 3024 3752 qui
3060 3685 3175 3735 haec
3205 3678 3517 3735 beatissime
3546 3679 3645 3731 dn-

2050 3778 2264 3843 cebant,
2291 3778 2538 3847 quaedam
2570 3792 2636 3831 ex
2663 3774 2814 3830 libris
2846 3774 3017 3845 ipsius
3046 3772 3302 3844 Origenis
3331 3786 3442 3826 non
3474 3780 3642 3834 recta,

2053 3870 2163 3927 ut“
2197 3885 2368 3941 nuper
2413 3869 2696 3940 intelligo,
2761 3866 3123 3922 tradiderunt.
3177 3864 3418 3919 Primum
3465 3863 3646 3918 omnia

2049 3976 2359 4035 antequam
2393 3963 2534 4019 facta
2562 3971 2910 4033 apparerent,
2940 3975 3158 4030 semper
3183 3960 3237 4013 in
3261 3957 3356 4013 Dei
3380 3957 3647 4029 sapientia

2050 4061 2192 4117 facta
2213 4061 2478 4115 mansisse
2500 4056 2771 4122 dicentes,
2802 4056 2905 4113 hoc
2932 4055 3131 4110 verbo:
3160 4053 3302 4108 Deus
3325 4052 3467 4108 enim
3494 4067 3643 4122 qum-

2049 4168 2284 4226 cumque
2315 4153 2464 4220 fecit,
2497 4150 2745 4207 faciendo
2774 4164 2882 4204 non
2922 4148 3109 4221 coepit.
3144 4145 3349 4220 Deinde
3390 4144 3648 4198 dixerunt

2049 4248 2391 4316 angelorum,
2425 4244 2843 4315 principatuum,
2871 4248 3223 4312 potestatum,
3252 4237 3556 4291 animarum
3581 4248 3645 4287 ac

2050 4340 2377 4402 dmmouum,
2408 4352 2577 4393 unum
2613 4334 2959 4405 principium,
2989 4344 3040 4387 et
3062 4345 3221 4386 unam
3252 4342 3375 4384 esse
3394 4326 3647 4382 substan-

2053 4434 2179 4485 tiam
2212 4447 2224 4484 :
2259 4439 2313 4489 et
2343 4430 2427 4484 vel
2457 4427 2806 4498 archangelo,
2838 4425 2919 4480 vel
2952 4423 3171 4490 animm,
3194 4421 3276 4476 vel
3297 4418 3536 4475 daemoni
3568 4418 3648 4472 lo-

790 4516 931 4571 Exiit
975 4517 1231 4571 seminans
1279 4517 1535 4570 seminare
1582 4534 1751 4571 semen
1794 4536 1946 4573 suum
1977 4509 2027 4567 Ι)
2053 4538 2172 4578 cum
2212 4536 2311 4591 pro
2355 4520 2675 4577 meritorum
2708 4517 2967 4589 qualitate
3020 4515 3205 4570 dattttn
3236 4527 3390 4577 esse,
3432 4518 3647 4566 utentes

2057 4613 2162 4669 hoc
2193 4613 2357 4668 verbo
2394 4630 2405 4666 :
2437 4612 2697 4681 Maiorem
2732 4610 2904 4664 locum
2941 4609 3117 4663 minor
3145 4607 3299 4683 culpa
3329 4602 3645 4677 promeruit.

2059 4706 2316 4763 Mundum
2345 4703 2641 4760 novissime
2661 4703 2785 4759 ideo
2816 4718 2939 4759 esse
2964 4700 3165 4758 factum
3185 4742 3199 4766 ,
3246 4710 3305 4756 ut
3334 4700 3388 4757 in
3420 4715 3486 4756 eo
3532 4699 3650 4755 ani-

2054 4893 2283 4963 positam
2319 4892 2710 4953 excutientem,
2745 4899 2903 4945 acute
2932 4889 3167 4963 probare
3218 4889 3649 4963 luculenterqne,

2055 4959 2120 5019 ex
2153 4980 2218 5019 eo
2264 4964 2407 5033 quod
2438 4964 2613 5017 anima
2660 4962 2871 5016 dicatur
2900 4959 2966 5014 ex
3000 4960 3175 5033 nihilo
3216 4959 3403 5033 facta,
3428 4959 3649 5019 minime

1962 5101 1969 5105 ,
2053 5031 2337 5105 consequi,
2376 5037 2705 5089 voluntatem
2740 5033 2834 5105 Dei
2863 5049 2968 5105 qua
2991 5031 3131 5087 facta
3181 5040 3285 5105 est,
3336 5032 3468 5088 nihil
3500 5048 3645 5105 esse.

2053 5103 2251 5162 Sancti
2266 5106 2513 5161 Doctoris
2544 5105 2702 5160 verba
2726 5103 2991 5172 ejusmodi
3016 5114 3145 5158 sunt
3168 5104 3259 5158 lib.
3292 5115 3479 5158 contra
3503 5104 3649 5159 Pris-

2053 5177 2373 5251 cillianistas
2392 5176 2819 5251 ethigentstas,
2856 5188 2977 5244 cap.
3008 5175 3060 5229 ὃ.
3082 5172 3189 5251 Cui
3213 5175 3422 5251 dicitur.
3442 5177 3642 5251 inquit,

2056 5249 2246 5302 Subest
2280 5249 2414 5301 enim
2436 5247 2546 5311 tibi,
2572 5244 2695 5299 'cum
2716 5245 2875 5317 voles,
2901 5261 3049 5315 posse
3074 5244 3230 5317 (Sap.
3258 5262 3333 5300 xu
3354 5288 3368 5310 ,
3402 5248 3516 5317 18),
3544 5246 3648 5317 sire

2052 5319 2194 5372 adsit
2225 5319 2361 5373 unde
2390 5319 2502 5386 ﬁat,
2530 5320 2632 5372 sive
2677 5332 2781 5371 non
2807 5316 2985 5381 adsit;
3029 5325 3109 5369 sat
3142 5326 3212 5370 est
3255 5316 3513 5377 voluntas,
3560 5316 3645 5369 ubi

2047 5406 2251 5443 summa
2280 5398 2354 5444 est
2378 5397 2624 5458 potestas.
2661 5387 2930 5454 Quomodo
2974 5404 3096 5459 ergo
3126 5388 3176 5439 in
3211 5403 3270 5439 eo
3298 5386 3435 5457 quod
3462 5386 3526 5459 de
3565 5387 3648 5459 ui-

2047 5460 2155 5520 Ιιὲιο
2184 5456 2421 5521 creatur,
2455 5474 2735 5515 νοιυλτλε
2772 5456 3047 5514 ΩΠΕΑΝΤΙέ
3070 5473 3217 5511 NIHIL
3256 5472 3377 5510 ES‘E
3409 5456 3615 5517 per/tibi:

2048 5543 2173 5598 (ur;
2216 5549 2329 5585 cum
2375 5542 2647 5603 propterea
2694 5531 2770 5603 de!
2808 5528 2971 5603 nihilo
3018 5527 3417 5603 creari‘atiquid
3446 5528 3638 5603 possit,

2048 5606 2170 5674 quia
2191 5598 2426 5674 uoluntas
2458 5598 2680 5656 creantis
2702 5601 2859 5655 etiam
2890 5602 3010 5674 sine
3025 5598 3237 5651 materia
3267 5599 3360 5651 sib:
3401 5600 3593 5667 sat/icit
3620 5600 3645 5651 ζ)

2124 5684 2148 5720 ε
2191 5673 2433 5729 Vaticani
2462 5674 2707 5739 codices,
2734 5687 2891 5742 usque
2917 5669 3093 5722 adhuc
3115 5678 3308 5742 manet.

2125 5742 2149 5780 ιι
2193 5746 2282 5801 Stc
2321 5760 2448 5801 mss.
2481 5745 2551 5800 At
2578 5738 2731 5810 editi,
2758 5738 2815 5797 ut
2836 5756 2971 5795 nunc
2998 5754 3086 5810 per
3110 5738 3433 5811 intelligunt.
3488 5807 3497 5813 _
