4110 6168
522 299 667 357 4M5

1540 295 1893 384 LEPORIUS.
1926 295 2303 356 MONACHUS
2343 298 2433 353 ET
2474 296 2903 356 PRESBYTER.

3696 298 3830 357 1216

521 429 630 472 tum
659 421 1040 486 purgarentnr,
1080 427 1202 483 quae
1229 418 1354 466 ante
1386 418 1775 483 peccaverunt.
1822 410 2004 481 Ignem
2036 425 2125 465 sa-
2151 411 2201 473 A
2234 420 2373 466 trem
2401 412 2613 467 veniret
2641 410 2989 467 ascendendo
3037 420 3295 468 tenuasse
3322 432 3335 468 :
3364 413 3434 470 itt
3466 428 3643 486 neque
3673 413 3834 487 depo~

462 560 475 567 -
523 521 594 562 ne
617 513 885 562 aeternum
928 508 1035 576 quo
1067 514 1390 575 peccatores
1421 503 1753 575 puniantur,
1782 512 1958 574 neque
1999 517 2123 558 esse

521 599 704 670 ignem
754 613 968 666 verum,
1016 611 1194 667 neque
1242 606 1510 652 aeternum
1541 595 1999 668 prtedicaverunt,
2040 597 2122 651 di-

520 699 736 756 centes,
763 688 967 745 dictum
1009 702 1132 744 esse
1160 685 1364 759 ignem,
1387 686 1625 759 propriae
1656 686 2004 743 conscientia:
2025 701 2125 757 pu-

521 778 782 849 nitionem
819 796 831 833 :
863 787 1132 835 aeternum
1158 785 1341 833 autem
1372 777 1524 849 juxta
1548 776 1931 850 etymologiam
1972 776 2125 834 Grae-

520 887 664 939 cam,
697 886 804 926 non
834 884 956 927 esse
977 878 1321 942 perpetuum,
1375 870 1536 926 etiam
1567 868 1761 927 Latino
1811 870 2123 928 testimonio

522 964 738 1034 adjecto
769 980 784 1029 ;
817 964 942 1029 quia
967 962 1169 1019 dictum
1200 965 1291 1029 sit,
1320 963 1376 1017 in
1401 972 1670 1028 aeternum,
1714 970 1770 1018 et
1795 963 1849 1018 in
1873 961 2123 1018 saeculum

520 1056 701 1112 swcttli
731 1053 908 1130 (Psal.
932 1070 1019 1125 Ix,
1042 1053 1098 1121 6,
1128 1066 1174 1110 et
1198 1072 1230 1109 x
1264 1096 1278 1119 ,
1302 1054 1405 1127 ¹16)
1460 1056 1832 1137 postposucrit
1872 1064 2120 1112 aeterno:

518 1162 584 1203 ac
609 1147 689 1202 sic
717 1160 910 1203 omnes
943 1156 1290 1217 peccatorum
1339 1148 1547 1203 animas
1576 1156 1701 1220 post
1741 1149 2122 1221 purgationem

521 1240 881 1295 conscientia:
911 1240 965 1295 in
995 1240 1262 1295 unitatem
1310 1240 1557 1311 corporis
1597 1239 1803 1298 Christi
1825 1245 1952 1298 esse
1979 1243 2124 1301 redi—

518 1341 692 1389 turas.
723 1332 1023 1389 Voluerunt
1050 1335 1215 1389 etiam
1243 1334 1313 1388 de
1340 1333 1563 1389 diabolo
1589 1349 1867 1405 asserere,
1895 1336 1990 1393 sed
2014 1351 2121 1393 non

523 1425 933 1497 pra‘valtterunt
961 1441 976 1480 :
1007 1441 1074 1482 eo
1104 1426 1246 1497 quod
1278 1441 1401 1482 cum
1432 1427 1731 1484 substantia
1780 1430 1833 1484 in
1865 1445 1930 1485 eo
1982 1430 2122 1487 bona

518 1517 660 1588 facta
693 1518 869 1587 perire
894 1532 1001 1573 non
1030 1516 1224 1588 possit,
1250 1528 1439 1573 exusta
1464 1518 1518 1573 in
1544 1528 1715 1574 totum
1753 1520 2126 1589 malitia,-dia-

521 1612 633 1691 boli
663 1611 958 1683 aliquando
988 1611 1307 1667 salvandam
1334 1624 1458 1666 esse
1485 1612 1874 1668 substantiam.
1898 1613 1979 1670 De
2003 1628 2126 1670 cor-

522 1718 657 1775 pore
680 1717 811 1758 vero
838 1703 1047 1759 Ilomini
1079 1705 1157 1757 sic
1192 1702 1573 1758 tradiderunt:
1624 1704 1751 1775 quia
1788 1720 1910 1760 cum
1953 1721 2125 1777 usque
2168 1746 2173 1749 -

2226 503 2394 559 situm
2421 500 2450 540 ι’
2483 517 2737 575 umquam
2770 502 2936 557 fuisse
2963 517 3182 573 corpus,
3225 519 3325 559 nec
3357 505 3407 558 in
3456 520 3689 575 corpore
3725 506 3833 561 ullo

2227 603 2548 667 regnantem
2590 594 2969 652 circumscribi
3018 597 3215 652 Deum.
3255 598 3575 654 Creaturam
3615 614 3831 671 quoque

2227 688 2526 759 subiectam
2555 689 2896 758 corruptioni
2946 690 3125 762 (Rom.
3154 708 3247 747 vttt
3272 718 3297 760 ,Α
3337 693 3454 765 20),
3485 708 3590 748 non
3641 693 3833 750 volen-

2229 779 2362 845 tem,
2399 788 2422 818 ο
2468 778 2875 850 intelligendam
2904 795 3027 835 esse
3072 780 3363 858 dicebant,
3421 783 3591 840 solem
3639 792 3699 858 ct
3745 784 3831 839 luo

2228 886 2353 927 nam
2384 879 2440 928 et
2465 870 2658 927 stellas
2687 888 2703 939 ;
2735 881 2790 927 et
2832 871 2949 927 lucc
2978 888 3085 928 non
3138 856 3525 931 elementarios
3572 856 3697 932 esSe
3726 876 3829 932 ful-

2225 977 2409 1033 gores,
2450 963 2545 1019 sed
2590 962 2884 1019 rationales
2937 970 3234 1034 potestates
3286 985 3297 1019 :
3352 967 3596 1036 prtebere
3647 977 3828 1025 autem

2226 1055 2510 1111 servitium
2542 1055 2906 1127 corruptioni,
2956 1068 3181 1127 propter
3234 1073 3360 1113 eum
3383 1060 3474 1131 qui
3509 1059 3751 1131 subjecit
3773 1061 3828 1115 in

2227 1163 2328 1219 spe
2356 1146 2571 1221 (Ibid.).

2299 1243 2355 1296 lt.
2399 1242 2532 1308 Hoc,
2566 1242 2708 1298 sicut
2754 1241 2995 1300 retinere
3027 1244 3200 1314 potui,
3250 1244 3490 1303 breviter
3517 1249 3828 1319 expositum

2228 1342 2336 1400 est,
2367 1342 2428 1389 ut
2452 1334 2755 1405 perspectis
2779 1335 3038 1390 omnibus
3073 1336 3281 1392 morbis
3324 1338 3651 1395 medicinam
3680 1341 3834 1396 adhi-

2228 1420 2359 1485 bere
2381 1428 2625 1485 festines.
2648 1430 2744 1485 Est
2764 1432 2968 1486 veritas
2987 1430 3192 1487 Christi
3208 1431 3261 1486 in
3280 1447 3366 1487 me
3387 1432 3458 1506 (II
3476 1432 3599 1488 Cor.
3622 1450 3706 1501 ιι,
3720 1433 3828 1498 ιοι.

2229 1521 2354 1591 quia
2409 1532 2630 1593 propter
2685 1522 3052 1579 venerabilem
3107 1524 3467 1581 reverentiam
3521 1528 3828 1583 sanctitatis

2231 1622 2336 1668 tum
2359 1627 2479 1667 esse
2504 1613 2794 1682 impudens
2824 1629 2932 1669 non
2974 1615 3262 1682 auderem,
3283 1616 3387 1672 nisi
3411 1617 3657 1673 evidenti
3694 1617 3832 1690 judi-

2229 1700 2315 1757 cio
2336 1713 2393 1759 et
2415 1704 2760 1760 ordinatione
2785 1707 2879 1762 Dei
2909 1707 2976 1760 ad
3020 1708 3161 1762 illitts
3191 1710 3322 1763 tanti
3365 1718 3420 1765 et
3449 1710 3587 1766 talis
3621 1713 3830 1782 populi,

523 1797 590 1851 ad
635 1813 733 1852 nos
765 1797 990 1852 veniens
1020 1797 1190 1852 Filius
1218 1796 1312 1851 Βιιί
1341 1805 1465 1867 post
1496 1806 1572 1852 tot
1623 1797 1792 1854 millia
1832 1815 2123 1873 annorum,
2156 1815 2205 1876 Β
2229 1795 2317 1850 cui
2348 1796 2489 1850 sicut
2514 1799 2762 1867 peccanti
2789 1798 2941 1869 plaga
2966 1798 3219 1870 imposita
3242 1811 3347 1866 cSt,
3370 1802 3449 1854 sic
3470 1812 3593 1872 p05t
3616 1804 3827 1873 plagam

523 1891 732 1945 otiosus
753 1904 821 1944 eo
850 1905 1023 1960 usque
1046 1904 1154 1945 non
1188 1889 1373 1957 fuerit,
1405 1890 1499 1944 scd
1525 1891 1823 1959 praedicans
1848 1894 2123 1950 remissio-

528 1997 650 2036 nctn
684 1981 914 2052 angelis,
949 1982 1307 2052 potestatibus
1351 1989 1514 2052 atque
1561 1984 1832 2040 univorsis
1869 1986 2122 2057 superio-

525 2075 701 2142 ribus,
734 2091 858 2130 cum
900 2075 1216 2145 qualitatem
1271 2075 1460 2132 formae
1480 2092 1669 2132 eorum
1713 2091 1853 2149 quos
1881 2080 2124 2136 visitarct

525 2181 849 2241 assumeret,
873 2188 1047 2245 usque
1090 2174 1158 2229 ad
1212 2174 1639 2246 paipabilitatcm
1667 2175 1849 2230 carnis
1876 2173 2127 2247 assump-

524 2263 692 2318 tionis
720 2263 903 2333 specie
929 2272 956 2300 ιι
992 2264 1306 2321 transivisse
1361 2283 1374 2321 :
1427 2265 1529 2320 hoc
1565 2265 1815 2336 passione
1851 2274 1905 2322 et
1944 2278 2128 2320 resur-

524 2356 768 2412 rectione
797 2355 1197 2425 determinans,
1254 2372 1442 2414 rursus
1486 2357 1663 2440 donec
1699 2374 1869 2429 usque
1911 2357 1979 2413 ad
2022 2356 2126 2413 Pa-

599 2522 625 2549 α
669 2513 814 2589 Edit.
847 2513 1192 2571 Amerbacltii
1221 2524 1276 2572 et
1324 2488 1559 2586 Erasmi,
1589 2517 1760 2589 specie
1804 2516 2032 2573 crassius
2065 2532 2120 2571 se
2233 2569 2237 2572 ,

522 2584 622 2639 hac
648 2586 885 2655 passione
903 2628 918 2653 ,
959 2595 1068 2642 etc.

2229 1903 2361 1945 cura
2390 1890 2643 1957 debetur,
2694 1893 2934 1948 remedia
2977 1893 3298 1963 proferenda
3343 1906 3394 1949 te
3428 1895 3662 1951 electum
3692 1938 3708 1963 ,
3751 1913 3831 1950 me

2227 1984 2455 2040 missum
2489 1999 2613 2038 esse
2636 1999 3047 2055 cognoscerem.
3082 1986 3290 2041 Mentor
3340 1988 3467 2054 mei,
3523 1988 3832 2044 beatissime

2227 2076 2413 2143 Pater,
2452 2077 2852 2147 multorumque
2895 2079 2985 2146 qui
3028 2094 3239 2133 mectttn
3275 2080 3420 2133 velut
3446 2095 3536 2134 ros
3558 2080 3832 2151 eloquium

2231 2179 2382 2225 tuum
2434 2178 2492 2224 ut
2538 2184 2703 2240 super
2765 2184 2865 2226 eos
2919 2169 3219 2226 dcsccttdat
3279 2178 3597 2242 esspcctattt
3641 2212 3658 2237 ,
3712 2184 3834 2225 esse

2232 2261 2480 2333 dignare.

2302 2516 2330 2557 ιι
2373 2516 2783 2592 γειῑῑοίιῐιίνῐηες,
2814 2531 2937 2592 cum
2966 2518 3061 2572 Ar.
3101 2525 3159 2574 et
3187 2517 3282 2575 Er.
3314 2560 3330 2587 ,
3386 2536 3608 2589 usquam
3650 2520 3826 2592 fuisse.

2305 2599 2328 2628 ε
2368 2588 2494 2645 Ant.
2516 2598 2575 2645 et
2603 2591 2727 2658 En,
2758 2589 3077 2645 intellectam
3101 2605 3231 2646 esse.

524 2810 3822 2846 mw

1770 2973 1941 3020 ANNO
1989 2973 2223 3018 DOMINI
2267 2973 2583 3019 CCCCXXVI
2594 3001 2608 3016 .

1537 3150 2812 3373 LEPORIUS,

1323 3411 1986 3497 MONACHUS
2058 3415 2209 3498 ET
2283 3386 3002 3521 PRESBYTER.

1581 3704 1691 3769 (Ex
1716 3706 1955 3759 Bibliotb.
1974 3707 2106 3760 Vett.
2130 3708 2333 3759 Patrum
2348 3706 2607 3769 Gallandii,
2632 3712 2668 3758 t.
2691 3707 2813 3769 IX.)

1968 3851 2357 3871 *-

1556 3944 2787 4109 PROLEGOMENA.

512 4246 517 4251 .
607 4194 658 4249 l.
691 4189 951 4261 Leporins
982 4191 1202 4248 natione
1224 4191 1412 4248 Gallus
1438 4192 1763 4248 monachum
1792 4195 2045 4251 Massilia.-
2067 4205 2130 4253 ut
2153 4196 2202 4259 C
2233 4205 2311 4250 ter
2334 4197 2595 4252 marimos
2625 4197 2789 4253 fuerit
2816 4199 3139 4254 recensitos.
3189 4196 3387 4253 Eadem
3419 4208 3679 4268 przeterea
3709 4210 3810 4251 mc-

532 4287 749 4343 videtnr
786 4285 1021 4357 primum
1066 4287 1210 4358 egit;
1254 4288 1347 4356 qui
1377 4302 1501 4343 cum
1534 4289 1586 4344 itt
1619 4303 1686 4345 co
1716 4291 2015 4345 ntonastico
2044 4292 2127 4346 in-

533 4380 725 4435 stituto
750 4381 873 4434 vitm
908 4379 1181 4449 probitate
1210 4393 1534 4450 morumque
1558 4382 1864 4436 innocentia
1888 4381 2131 4452 reliquos

534 4474 924 4539 antecelleret;
954 4484 1104 4529 ratus
1130 4473 1391 4544 deinceps
1412 4473 1629 4529 arbitrio
1653 4484 1850 4529 tantum
1876 4484 1919 4529 et
1942 4485 2131 4530 conatu

536 4569 750 4639 proprio
771 4611 786 4635 ,
821 4583 925 4622 non
958 4566 1055 4622 Dei
1083 4548 1356 4638 adiutorio
1374 4609 1388 4632 ,
1419 4582 1481 4622 se
1507 4566 1673 4622 fuisse
1705 4567 1757 4621 id
1785 4576 2091 4623 assecutum
2111 4611 2126 4636 ,

534 4662 884 4731 Pelagianum
915 4659 1110 4730 dogma
1144 4659 1387 4728 proﬁteri
1416 4662 1599 4733 coepit.
1626 4660 1700 4715 Ita
1723 4661 1790 4715 de
1811 4676 1878 4715 eo
1902 4668 2130 4715 testatur

532 4751 843 4808 Gennadius
869 4751 971 4824 (a).
1003 4743 1365 4806 llis'censona
1400 4753 1562 4808 tradit
1586 4751 1876 4808 Cassianus
1902 4752 1997 4823 (ιι).
2026 4752 2133 4808 Ne-

531 4862 638 4917 que
665 4862 796 4902 vcro
822 4848 980 4902 unius
1009 4845 1209 4916 Pelagii
1243 4855 1573 4903 sectatorem
1604 4862 1663 4903 se
1695 4826 1931 4918 prtebuit
1950 4836 2127 4917 Lepo-

531 4940 676 5015 rius;
719 4940 813 4994 sed
849 4939 1074 4995 ulterius
1096 4953 1448 5015 progressus,
1493 4940 1546 4994 in
1575 4940 1906 5009 impietatem
1937 4940 2127 4995 incidit

530 5012 691 5102 quam
727 5040 911 5100 postea
947 5012 1232 5087 Nestor-ius
1262 5032 1314 5086 itt
1341 5029 1566 5086 Oriente
1590 5030 1749 5086 latius
1772 5031 2122 5103 propagavit:

530 5125 669 5182 adeo
698 5133 752 5179 ttt
772 5167 787 5190 ,
812 5125 1005 5180 eodcm
1025 5124 1290 5180 Cassiano
1312 5132 1452 5182 teste
1482 5124 1558 5197 (c)
1577 5166 1591 5188 ,
1620 5127 1939 5194 posterioris
1965 5123 2126 5194 hujus

529 5221 803 5277 Ittereseos
837 5228 1076 5276 assertor
1114 5219 1258 5292 apud
1299 5219 1505 5276 Gallias
1536 5220 1671 5275 inter
1700 5221 1896 5291 primos
1924 5229 2014 5275 aut
2045 5221 2126 5275 in-

601 5442 678 5516 (a)
707 5442 948 5516 Gennad.
982 5442 1074 5516 lib.
1104 5442 1173 5516 de
1206 5441 1321 5516 Vir.
1354 5443 1552 5500 illustr.
1588 5457 1708 5513 cap.
1741 5442 1831 5501 59.

599 5511 674 5587 (ὁ)
707 5515 943 5587 (Sassina.
971 5515 1064 5571 lib.
1092 5515 1196 5571 Ide
1220 5513 1432 5572 lncarn.
1461 5530 1580 5586 cap.
1605 5511 1668 5581 4,
1695 5530 1817 5587 pag.
1836 5514 1965 5579 908,
1988 5511 2117 5570 edit.

524 5586 702 5643 Paris.
730 5586 891 5643 1642.

598 5658 672 5728 (c)
706 5657 795 5728 1}].
830 5658 961 5714 ibid.

526 5806 660 5856 tom.
691 5815 726 5854 tt
757 5814 886 5872 opp.
916 5801 1190 5860 Sirmond.

2233 4291 2423 4345 moria:
2463 4292 2807 4361 consignavit
2849 4292 3137 4348 Facundos
3166 4291 3576 4349 llerntianensis
3617 4292 3813 4362 episco-

2235 4382 2462 4452 pns(d).
2507 4380 2704 4439 Scribit
2750 4393 2930 4440 autem
2971 4386 3133 4441 modo
3167 4386 3415 4442 laudatus
3460 4385 3809 4443 Collationum

2232 4484 2421 4530 auctor
2448 4474 2555 4546 (e),
2583 4476 2888 4532 istiusmodi
2919 4493 3248 4534 venenosam
3281 4488 3487 4548 pestem
3531 4482 3685 4534 :e’tate
3722 4496 3806 4532 sua

2232 4569 2526 4624 emersisse
2552 4579 2601 4623 et
2629 4573 2859 4627 maxime
2879 4572 3177 4646 Beligarttm
3207 4574 3352 4639 urbe,
3375 4575 3493 4631 sive
3516 4583 3572 4629 ut
3591 4574 3691 4629 alia
3717 4574 3809 4629 l’crt

2233 4661 2422 4727 lectio,
2459 4678 2523 4716 ea:
2550 4665 2780 4718 maxima
2817 4663 3119 4737 Veligarttm
3145 4666 3269 4721 urbe
3291 4682 3310 4721 :
3337 4677 3393 4721 ttt
3426 4677 3708 4737 propterea
3736 4664 3811 4718 iu-

2240 4762 2449 4809 ccrtum
2487 4757 2553 4810 sit
2586 4771 2653 4811 an
2680 4757 2916 4813 Bt-licam
2947 4758 3013 4812 ad
3045 4757 3368 4812 Rhodanum
3396 4758 3448 4813 in
3483 4758 3721 4823 Bressia,
3750 4772 3811 4809 an

2236 4862 2370 4903 vero
2400 4848 2697 4918 Augustam
2724 4848 3073 4905 Trevirorum
3106 4849 3395 4920 designare
3425 4849 3674 4904 voluerit.
3711 4847 3816 4903 Sir-

2236 4943 2469 4998 mundus
2499 4942 2517 5002 l
2533 4945 2589 5014 f)
2630 4951 2685 4998 et
2710 4942 3011 4999 Garnerius
3039 4944 3118 5015 (g)
3160 4942 3451 5014 posterioti
3486 4943 3705 4997 lecti0ui
3730 4943 3818 4994 ad—

2234 5034 2541 5103 ltmrcntes,
2595 5035 2782 5091 urbem
2829 5036 3210 5093 Trevirenscm
3256 5035 3612 5106 intelligunt:
3653 5049 3818 5102 neque

2231 5132 2417 5186 abnuit
2446 5130 2828 5187 Tillemontius
2859 5130 2960 5202 (It).
3014 5130 3091 5186 Ea
3122 5130 3176 5185 itt
3208 5130 3341 5185 urbe
3368 5129 3577 5185 scilicet
3614 5141 3821 5184 errores

2232 5237 2359 5279 suos
2408 5222 2650 5280 hauserit
2699 5223 2934 5296 primum
2980 5222 3297 5279 docueritve
3344 5220 3643 5292 Leporius,
3687 5234 3820 5291 quos

2300 5443 2376 5514 (ε)
2405 5444 2641 5502 Cassian.
2674 5447 2714 5502 1.
2743 5460 2792 5501 c.
2827 5460 2947 5513 cap.
2979 5444 3044 5508 2,
3072 5458 3196 5515 pag.
3227 5443 3356 5500 909..

2302 5515 2386 5651 (Ῑξ
2419 5516 2685 5574 Sirmond.
2716 5533 2849 5599 opp.
2878 5525 3010 5571 tom.
3043 5515 3093 5581 I,
3127 5530 3252 5585 pag.
3282 5515 3408 5578 545,
3436 5524 3550 5598 not.
3584 5533 3638 5571 α.

2304 5589 2359 5651 (g
2414 5587 2635 5643 Garner.
2668 5589 2890 5644 Dtssert.
2932 5589 2968 5642 2
3008 5591 3075 5643 ad
3108 5587 3242 5644 Mar.
3283 5586 3447 5642 Merc.
3491 5604 3543 5641 tn
3573 5588 3638 5651 At

2304 5586 2382 5659 (g)
2414 5587 2635 5643 Gartter.
2668 5586 2890 5644 Dissert.
2932 5589 2968 5642 2
3008 5591 3075 5643 ad
3108 5587 3242 5644 Mar.
3283 5586 3447 5642 Merc.
3491 5588 3543 5641 in
3573 5588 3825 5660 Append.

1439 5662 1445 5668 ’
1830 5728 1855 5730 ,_
1944 5727 1963 5730 _
2050 5728 2058 5730 _
2150 5656 2745 5730 DAugttstagJaS.

599 5726 682 5800 (ά)
720 5726 1083 5806 ιδήοιιηιξ-Ιίῑγ.
1121 5747 1166 5806 t,
1194 5745 1314 5803 cap.
1347 5730 1379 5790 4
1403 5774 1417 5801 ,
1446 5747 1565 5806 pag.
1596 5730 1702 5788 4‘22
1725 5775 1740 5799 ,
1774 5728 1905 5785 edit.
1943 5727 2112 5785 Paris.
2186 5787 2195 5794 .

2227 5801 2274 5856 Α
2300 5728 2614 5857 (h)s'{:illem.
2648 5741 2780 5787 tom.
2816 5728 2968 5801 XIII,
3014 5745 3138 5803 pag.
3172 5729 3336 5797 1040,
3376 5737 3494 5787 nol.
3525 5728 3597 5784 86
3636 5745 3733 5787 sur
3766 5730 3826 5787 S.

2279 5817 2379 5857 'Iﬂll
2440 5819 2516 5857 III.

2279 5817 2516 5872 ugttsun.
