4074 6170
273 254 404 312 1217
1640 255 1882 324 ῘδΙὶΟΙΑΞε

1962 254 2195 326 utaut.
3430 269 3571 331 ms

261 366 601 431 postmodum
634 346 690 423 in
728 367 1074 429 Provinciam
1097 389 1377 447 regressus
1407 379 1638 446 quadam
1663 380 1716 437 in
1739 381 1858 450 epi-
1890 382 1940 443 Α
1965 381 2196 438 dicenda
2242 382 2317 438 sit
2364 380 2633 437 sententia
2684 381 2752 439 de
2806 382 2971 440 libelli
3003 381 3295 455 Leporiani
3330 394 3567 443 auctore

259 458 398 510 stulti
429 458 705 527 evulgavit
725 502 740 527 ,
772 478 893 530 qua:
920 481 1076 536 grave
1102 468 1408 523 scandalum
1442 474 1656 540 peperit
1695 483 1743 528 et
1776 477 1858 545 of-
1967 474 2291 546 Augustino.
2321 474 2455 529 Nam
2487 475 2631 546 quod
2679 478 2879 533 attinet
2905 477 2974 533 ad
3003 478 3292 534 Concilium
3336 478 3570 536 Chalce-

257 548 894 621 fcndiculumclturitatis,
921 565 974 609 ut
1003 557 1227 627 ipsemet
1254 560 1305 615 in
1330 552 1636 620 Suolibello
1661 565 1864 621 Emeu-
1967 566 2238 632 doneuse,
2284 566 2472 623 eadem
2526 567 2770 624 Leouina
2808 570 3039 639 epistola
3072 570 3125 625 in
3171 584 3239 627 eo
3281 572 3568 629 recitatur.

257 641 495 698 dationis
544 643 752 701 fatetur
801 647 903 717 (α).
953 650 1056 718 Qui
1106 661 1315 720 tamen,
1368 655 1494 728 licet
1527 672 1557 712 a
1593 655 1859 714 Cassiano
1966 658 2328 715 'l‘heodoritus
2376 668 2598 731 autem,
2645 675 2769 716 cum
2811 660 3004 717 eadem
3044 662 3293 733 verhain
3325 662 3564 719 medium

255 734 484 806 aliisque
513 737 809 795 Gallicanis
832 742 1149 800 doctoribus
1176 756 1235 802 ut
1256 748 1592 818 impietatem
1615 751 1859 821 ejurarct
1966 751 2248 821 proferat,
2285 752 2370 805 illa
2399 767 2530 808 vero
2557 768 2623 808 ex
2651 752 2843 809 eadem
2868 752 3074 810 Leonis
3096 754 3323 825 epistola
3360 757 3573 811 exseri-

253 825 595 895 admouitus,
627 831 844 888 salubre
887 835 1175 892 consilium
1213 839 1439 910 insuper
1483 840 1724 908 habens,
1757 859 1857 913 pro
1966 840 2139 910 psisse
2161 842 2778 913 intelligitur.Ca:terum
2794 860 3021 916 magnus
3043 843 3134 900 ille
3157 844 3395 914 pontifex
3420 844 3568 901 haud

262 917 342 973 sui
382 917 600 974 demum
646 924 853 980 erroris
883 930 1308 998 praesumptione
1341 933 1535 989 metito
1561 949 1587 986 a
1622 934 1856 991 l’roculo
1963 933 2129 989 aliain
2151 934 2385 990 fortasse
2407 936 2477 990 ob
2500 951 2719 991 causam
2747 938 3068 1007 Opusculum
3099 938 3234 993 illud
3258 938 3565 1010 Augustino

228 1010 307 1066 'et
335 1011 571 1083 Cylliuio
597 1014 892 1074 Gallicanis
934 1021 1203 1094 episcopis
1241 1040 1307 1081 ex
1339 1026 1577 1083 Ecclesia
1610 1029 1709 1083 l‘nit
1734 1028 1855 1096 eje.
1965 1025 2233 1093 tribueril.
2259 1042 2421 1097 quam
2445 1028 2570 1097 (illia
2594 1030 2804 1085 ιιοιόνῖῑ
2830 1029 2996 1087 misse
3025 1031 3095 1085 ab
3116 1046 3183 1088 εο
3203 1033 3562 1102 οριποὺτιιιιιη

251 1113 389 1160 ctus.
418 1106 577 1173 Quod
607 1109 824 1178 quidem
855 1111 1024 1181 liquet
1048 1130 1114 1169 ex
1137 1116 1368 1187 epistola
1401 1121 1851 1196 patruni_At‘i-iea-
1961 1131 2167 1188 suaque
2196 1118 2603 1188 subscriptione
2634 1126 2922 1178 monitum.
2954 1123 3186 1179 Constat
3212 1124 3355 1180 enim
3381 1140 3410 1179 a
3437 1142 3565 1196 qua-

249 1211 441 1254 ιιοηιιη
491 1200 558 1255 ad
605 1201 827 1260 eosdem
878 1207 1205 1278 episcopos,
1251 1226 1372 1282 quae
1406 1189 1634 1283 [ιοροιὶἷ
1663 1215 1851 1272 hbclto
1964 1221 2088 1265 tuor
2123 1212 2395 1281 episcopis
2424 1212 2570 1269 Afris
2609 1216 2928 1286 quosiiuter
2955 1217 3162 1273 eminet
3203 1189 3560 1292 Augustinus,

247 1286 555 1359 subjicitur.
1856 1336 1861 1341 -
1962 1301 2130 1358 fuisse
2146 1303 2769 1374 subscriptumlibellum
2796 1325 2811 1364 :
2837 1308 2929 1379 qui
2956 1318 3217 1378 praeterea
3244 1325 3308 1368 ea
3320 1317 3564 1373 occasio:

316 1381 370 1436 2.
405 1383 502 1441 llle
539 1401 668 1443 vero
707 1388 777 1444 ab
812 1391 933 1446 snlo
964 1393 1154 1463 patrio
1191 1399 1458 1466 extorris,
1486 1414 1609 1456 cum
1637 1400 1851 1472 aliquot
1962 1409 2031 1449 ne
2062 1393 2293 1450 Ρΐοευιο
2328 1404 2385 1451 οι
2412 1395 2681 1467 (ἷῐυίηυῖο
2710 1400 2985 1469 episcopis
3014 1400 3181 1457 (ἶθηίε
3210 1416 3559 1459 communem

247 1488 359 1529 sua:
387 1478 668 1546 pravitatis
698 1483 1026 1553 sequacibus
1071 1485 1125 1540 in
1160 1487 1401 1547 Africam
1443 1496 1845 1551 transiretavit:
1960 1486 2263 1543 scribentes
2292 1489 2603 1559 (Ῥῖεῑοίθων
2639 1490 2783 1548 illi"
2833 1502 3030 1549 033mm
3063 1495 3179 1551 hinc
3208 1495 3408 1553 habent
3446 1514 3560 1555 ma-

246 1565 333 1622 ubi
365 1569 538 1638 gratia
570 1570 664 1628 Dei
693 1575 1007 1644 aspir-ante,
1049 1577 1433 1638 Africanorum
1479 1587 1843 1656 quorumdam
1960 1578 2105 1635 Simo
2134 1581 2609 1638 animadvertenda
2643 1582 2742 1656 (l):
2772 1584 2949 1655 Sicut,
2981 1586 3265 1656 inquiunt,
3296 1606 3387 1661 per
3412 1606 3562 1646 suam

244 1659 559 1728 praesulum,
592 1664 690 1720 sed
721 1666 1009 1737 Augustini
1041 1674 1368 1741 praesertim,
1392 1678 1570 1732 studio
1594 1695 1845 1736 errorem

1960 1673 2287 1741 praesentiam
2329 1685 2600 1745 susceptus
2627 1686 2703 1730 est
2733 1692 2763 1729 a
2796 1677 2942 1731 nobis
2982 1677 3299 1751 (Leporius)
3321 1724 3335 1748 ,
3366 1683 3443 1737 sic
3471 1700 3563 1754 per

240 1752 458 1822 agnovit
478 1754 859 1829 deposuitque,
882 1776 949 1815 ac
971 1778 1158 1818 sanam
1186 1764 1490 1822 doetrinam
1521 1779 1606 1826 est
1633 1773 1848 1842 proles-

1962 1776 2110 1815 suam
2149 1763 2425 1832 epistolam
2451 1767 2767 1836 suscipiatur
2789 1785 2822 1822 a
2866 1769 3026 1823 vobis.
3059 1770 3157 1825 Cui
3183 1773 3392 1843 quidem
3420 1776 3561 1845 epis-

239 1858 352 1900 sus.
389 1844 589 1902 Verum
618 1863 740 1904 cum
773 1852 824 1905 in
857 1851 1048 1910 Galliis
1077 1858 1394 1914 scandalum
1424 1861 1672 1931 pluribus
1701 1865 1844 1920 iniu.
1958 1854 2079 1910 tela:
2126 1867 2301 1911 nostra
2348 1860 2507 1913 etiam
2550 1876 2706 1915 manu
2746 1862 3178 1918 subscribendum
3227 1867 3557 1937 putavimus,

230 1934 387 1992 tisset
406 1976 421 2001 ,
450 1936 739 2007 epistolam
772 1943 920 1999 dedit
944 1960 1057 2001 sua:
1086 1947 1211 2004 fidei
1243 1958 1437 2008 tcSIcm
1461 1954 1524 2008 ad
1550 1954 1838 2012 Proculum
1957 1963 2121 2005 IPSIUS
2146 1965 2273 2006 ESSE
2298 1967 2629 2008 resumes.
2656 1954 2932 2023 Eiusmodi
2955 1965 3135 2012 autem
3167 1955 3385 2027 patrum
3416 1960 3560 2016 Afri-

236 2035 291 2082 ct
310 2026 608 2099 Cyllinium
631 2033 878 2105 aliusque
901 2037 1198 2094 Galliarqu
1223 2043 1531 2114 episcopos,
1552 2063 1710 2117 quam
1737 2050 1841 2106 hac
1955 2054 2216 2097 εδηονυω
2239 2042 2491 2112 θρίείυιδν
2507 2044 2681 2115 ίιιιιυίι
2707 2045 3030 2104 δίηηοηάυε
3053 2046 3293 2122 ("Opem
3323 2060 3555 2122 (ιιιαιυον

215 2121 640 2194 'subscriptioue
688 2126 926 2183 firmavit
966 2130 1042 2198 (b)
1082 2150 1095 2186 :
1140 2131 1254 2205 Ego
1302 2128 1556 2205 Leporius
1600 2138 1841 2195 libellum
1954 2130 2342 2203 θνίεεσῐδοτυιη
2384 2136 2603 2191 nomine
2629 2137 2829 2207 εενίΡιθ
2859 2146 2942 2193 05‘
2968 2180 2984 2207 ι
3010 2140 3107 2195 ’δίο
3134 2150 3313 2196 tamen
3344 2141 3559 2200 ΐθάοιθι

236 2227 346 2266 meo
372 2229 528 2270 sensu
557 2215 827 2283 dictatum,
861 2221 915 2276 in
942 2239 1046 2293 quo
1070 2224 1227 2294 ﬁdem
1255 2243 1444 2295 meam,
1473 2228 1579 2284 Deo
1609 2232 1833 2302 volente,

1953 2223 2153 2294 stylum
2185 2233 2346 2294 atque
2376 2224 2653 2297 ingenium
2684 2228 2995 2299 Augustini,
3018 2241 3077 2285 ut
3107 2231 3178 2287 ab
3203 2248 3271 2289 eo
3298 2232 3553 2292 dictatam

233 2303 286 2356 in
327 2304 485 2373 ﬁnem
527 2324 690 2380 usque
727 2313 932 2379 tenebo,
983 2316 1284 2374 medullitus
1322 2322 1616 2390 exprimere
1657 2324 1839 2378 colens

1953 2313 2125 2370 fuisse
2145 2314 2371 2371 dubium
2393 2333 2501 2373 non
2535 2317 2800 2375 videatur.
2828 2322 3033 2393 Estque
3050 2338 3183 2413 sane
3204 2324 3347 2382 inter
3370 2328 3553 2398 Augu-

231 2411 409 2451 coram
445 2402 638 2456 sanctis
681 2405 942 2475 episcopis
980 2407 1033 2460 in
1063 2410 1278 2464 ecclesia
1307 2410 1725 2486 Cari/taginiensi
1750 2434 1840 2472 re-

1951 2405 2213 2463 stinianas
2232 2410 2500 2492 recensita
2534 2409 2633 2482 (ιι).
2658 2411 2763 2468 Sed
2788 2411 2888 2468 hac
2901 2412 2968 2470 de
2998 2430 3057 2470 re
3085 2402 3374 2473 consulere
3395 2418 3552 2489 juve-

230 2487 391 2542 latum
410 2490 716 2565 subscripsi.
742 2495 860 2562 Quo
880 2496 946 2553 de
961 2498 1170 2555 Libello
1184 2500 1402 2573 Leporii
1418 2506 1707 2563 Cassianus
1722 2508 1794 2581 (c)
1813 2527 1833 2563 :
1953 2499 2280 2557 ΐίιθῑιιάίῑοε
2303 2487 2556 2560 Πίειοΐῖω
2573 2504 2852 2562 [lucrari-'0
2883 2508 3103 2565 Gallica:
3125 2487 3422 2582 δεύριοτοὲ
3442 2514 3546 2585 (ο),

227 2577 578 2653 lta,inquit,
612 2586 748 2641 unde
787 2597 1510 2665 conceptam:persuasionem
1558 2577 1839 2671 magniﬁce
1950 2596 2042 2664 (ιιιί
2096 2594 2321 2665 Leporii
2376 2597 2546 2653 fetum
2603 2614 2726 2656 esse
2783 2602 3103 2672 opusculqu
3159 2602 3280 2674 ejus
3330 2604 3552 2661 nomine

228 2675 629 2744 condemnavit;
658 2689 713 2732 ut
736 2697 840 2734 non
872 2685 1041 2737 minus
1071 2701 1200 2756 pene
1227 2689 1540 2745 admiranda
1568 2694 1635 2746 sit
1658 2710 1837 2749 corre-

1227 2689 1540 2745 admiranda
1568 2694 1635 2746 sit
1658 2710 1840 2749 corrc.
1950 2686 2270 2756 inscriptum
2297 2688 2495 2745 acriter
2523 2689 2832 2747 adstruunt.

226 2766 331 2820 clio
360 2767 525 2837 illius,
557 2786 713 2840 quam
746 2771 914 2827 illwsa
944 2777 1230 2832 multorum
1256 2781 1424 2849 ﬁdes:
1451 2784 1574 2852 quia
1602 2785 1837 2855 primum
2020 2781 2082 2834 ιε’
2104 2778 2349 2850 Magnam
2380 2780 2548 2838 fuisse
2588 2784 2734 2853 apud
2765 2792 2978 2840 veteres
3026 2782 3191 2857 hujus
3221 2784 3392 2844 libelli
3420 2803 3549 2845 auc-

223 2868 334 2926 est,
369 2876 597 2915 errorem
639 2869 847 2934 penitus
884 2885 987 2922 non
1024 2869 1324 2939 incurrere;
1347 2881 1667 2943 secundum,
1705 2879 1832 2934 bene

1952 2871 2225 2929 toritatem
2249 2914 2264 2940 ,
2305 2873 2586 2945 ipsiusque
2634 2887 2917 2946 parentem
2957 2875 3251 2949 chorium
3303 2879 3548 2937 habitum

223 2951 519 3017 repudiare.
551 2953 888 3028 Snbditque:
922 2959 981 3014 ls
1009 2978 1130 3033 ergo
1158 2963 1215 3018 in
1238 2980 1292 3020 se
1319 2974 1585 3035 reversus,
1606 2987 1712 3024 non
1737 2987 1835 3025 so-
1949 2966 2093 3022 inter
2119 2966 2247 3022 ﬁdei
2284 2967 2569 3024 catholicae
2600 2980 3031 3040 propugnatores
3061 2971 3322 3028 adversus
3350 2972 3550 3031 Nesto-

222 3042 335 3096 lunt
362 3044 417 3097 in
444 3044 625 3115 Africa
647 3091 663 3117 ,
696 3050 780 3103 ubi
811 3058 934 3105 tunc
963 3064 1071 3108 erat
1098 3064 1145 3109 et
1176 3073 1311 3112 nunc
1335 3068 1441 3124 est,
1471 3069 1582 3115 tam
1603 3078 1835 3117 errorem
1948 3058 2089 3112 rium
2119 3058 2506 3127 comperimus.
2539 3059 2596 3115 ld
2626 3074 2758 3116 vero
2775 3068 2991 3115 constat
3019 3059 3074 3115 in
3102 3062 3291 3132 primis
3318 3078 3384 3119 cx
3408 3063 3547 3120 Cas-

221 3151 377 3190 suum
397 3152 515 3191 cum
541 3138 743 3208 dolore,
774 3158 932 3212 quant
960 3145 1071 3200 sine
1089 3148 1288 3218 pudore
1310 3153 1581 3223 confessus
1602 3163 1683 3209 est
1698 3169 1723 3219 ;
1744 3151 1838 3208 sed
1866 3150 1918 3214 Ω
1951 3151 2107 3209 siauo
2123 3153 2217 3224 qui
2241 3163 2523 3224 postquam
2551 3155 2833 3225 complura
2853 3169 2922 3211 ex
2939 3155 3130 3227 eodem
3153 3156 3337 3212 libello
3364 3173 3550 3215 excer—

220 3231 377 3285 etiam
398 3229 470 3285 ad
490 3247 666 3288 omnes
687 3236 974 3292 admodum
996 3238 1187 3295 Gallic
1204 3242 1452 3311 civitates,
1477 3247 1680 3316 [labiles
1706 3261 1834 3300 con-
1946 3246 2122 3314 pserit
2144 3245 2284 3311 loca,
2301 3260 2454 3301 suam
2476 3245 2562 3304 his
2582 3246 2764 3303 verbis
2789 3248 3115 3303 sententiam
3135 3249 3408 3305 concludit
3426 3248 3505 3322 (p)
3532 3267 3549 3305 :

220 3323 463 3395 fessionis
489 3339 551 3380 ac
578 3326 818 3397 planctus
845 3330 929 3383 sui
956 3329 1153 3387 litteras
1182 3333 1368 3389 dedit:
1404 3334 1608 3392 scilicet
1645 3347 1702 3391 ut
1741 3336 1834 3392 ubi
1946 3335 2103 3393 Hanc
2118 3354 2248 3411 ergo
2286 3339 2399 3410 ejus
2429 3337 2696 3413 (Leporii)
2718 3340 3095 3411 confessionem
3114 3386 3127 3408 ,
3152 3341 3208 3395 id
3238 3348 3349 3409 est,
3370 3342 3551 3405 catho—

219 3415 444 3470 deviatio
470 3416 583 3486 ejus
612 3419 759 3488 prius
787 3420 992 3493 cognita
1020 3432 1132 3477 erat
1155 3468 1168 3490 ,
1211 3425 1321 3480 illic
1353 3427 1509 3482 etiam
1536 3429 1834 3489 emendatio
1944 3434 2166 3488 licorum
2206 3432 2442 3487 omnium
2479 3430 2672 3507 ﬁdem,
2719 3444 2767 3488 et
2808 3450 2989 3490 omnes
3041 3433 3299 3504 Africani
3322 3435 3554 3507 episcopi

220 3518 555 3578 nosceretur;
581 3520 630 3566 et
664 3513 757 3584 qui
793 3522 943 3569 testes
982 3517 1171 3574 erroris
1203 3528 1360 3576 antea
1390 3522 1603 3593 fuerant
1623 3568 1638 3593 ,
1670 3524 1832 3579 iidem
1944 3529 2083 3584 unde
2110 3528 2397 3597 scribebat,
2443 3539 2491 3583 et
2519 3544 2692 3585 omnes
2719 3529 2985 3586 Gallicani
3013 3533 3083 3587 ad
3116 3550 3246 3603 quos
3272 3534 3551 3605 scribebat,

220 3613 401 3671 postea
433 3606 765 3662 correctionis
793 3619 980 3665 essent.
1945 3620 2433 3687 comprobaverunt.
2471 3620 2653 3691 Neque
2690 3621 2834 3677 ullus
2876 3623 3050 3679 adhuc
3092 3626 3305 3680 omnino
3331 3627 3553 3694 exstitit,

291 3699 348 3752 5.
392 3696 563 3754 Porro
590 3699 900 3771 hujusmodi
945 3696 1310 3777 Lepos-ianum
1338 3710 1585 3768 libellum
1613 3713 1681 3770 ab
1710 3712 1831 3769 Au-
1946 3714 2032 3767 cui
2053 3713 2183 3782 ﬁdes
2205 3712 2315 3767 [nec
2337 3719 2450 3767 sine
2473 3712 2803 3781 inﬁdelitatis
2831 3713 3048 3769 crimine
3068 3714 3399 3786 displiceret:
3422 3717 3554 3788 quia

216 3788 436 3857 gustino
486 3791 654 3847 fuisse
700 3797 1071 3868 conscriptum
1098 3841 1115 3866 ,
1160 3817 1285 3857 cum
1331 3818 1400 3858 ex
1436 3804 1579 3876 stylo
1611 3816 1720 3861 tum
1759 3822 1832 3862 ex
1946 3806 2202 3877 professio
2230 3806 2510 3876 impietatis
2537 3814 2633 3874 est,
2674 3805 2946 3879 probatam
2973 3823 3164 3879 negare
3189 3809 3366 3877 ﬁdem.
3398 3811 3567 3893 Praef
3662 3811 3668 3817 ’

218 3879 478 3952 loquendi
518 3883 768 3941 formulis
802 3891 1047 3947 nonnulli
1079 3892 1185 3948 viri
1228 3893 1376 3951 docti
1417 3896 1825 3967 existimarunt,
1949 3905 2098 3954 terea
2127 3896 2369 3955 Joannes
2410 3897 2451 3953 ll
2505 3900 2641 3970 papa
2685 3916 2751 3956 ex
2782 3899 2975 3956 eodem
3025 3900 3331 3970 Leporiano
3351 3902 3550 3961 libello

216 3973 523 4031 Garncrius
556 3976 656 4049 (ιι),
678 3977 1029 4046 Quesnellius
1051 3983 1539 4056 (e),Ti|lcmontius
1566 3990 1636 4060 (f)
1661 4000 1828 4062 atque
1946 3989 2321 4046 testimonium
2350 3992 2562 4062 accepit
2581 4007 2688 4063 quo
2715 3991 2836 4047 lidei
2867 3991 3064 4063 dogma
3091 3994 3552 4064 tirmarct,simul—

216 4082 449 4137 cperunt
474 4069 883 4139 Norisianorum
909 4076 1150 4135 editores
1177 4079 1277 4151 (g):
1309 4081 1374 4137 iis
1404 4082 1668 4153 imprimis
1702 4100 1830 4155 per-
1942 4099 2052 4155 quc
2082 4084 2327 4141 libellum
2367 4082 2521 4140 illum
2561 4084 2772 4156 synodo
2820 4083 3093 4140 Africana:
3134 4088 3547 4157 comprobatum

216 4162 353 4216 moti
401 4163 735 4233 rationibus,
768 4167 916 4238 quod
964 4169 1107 4227 inter
1136 4173 1450 4230 testimonia
1489 4176 1734 4246 epistola:
1762 4178 1825 4233 S.
1942 4179 2422 4247 asseruit;quippe
2444 4178 2535 4248 qui
2551 4177 2988 4233 videlicetcoram
3006 4180 3467 4251 sanctisepiscopis
3494 4180 3554 4234 in

214 4252 420 4309 Leonis
468 4254 570 4312 165
614 4257 860 4328 subjecta
904 4260 980 4332 (li)
1027 4261 1248 4333 Leporii
1286 4265 1503 4323 libellus
1537 4268 1833 4341 Augustini
1944 4270 2163 4325 ecclesia
2189 4268 2608 4340 Carthaginiensi
2636 4286 2678 4323 rt
2695 4268 2852 4325 lectus
2883 4271 3067 4338 fuerit,
3099 4281 3157 4326 ut
3185 4271 3375 4327 scribit
3402 4271 3547 4328 idem

218 4345 444 4401 nomine
491 4346 827 4406 inscribitur.
879 4351 1029 4409 Idem
1083 4354 1429 4425 factitatum,
1465 4360 1739 4432 inquiunt,
1771 4362 1832 4418 in
1947 4360 2213 4430 Leporius
2242 4358 2564 4433 (q).Accipe
2591 4361 2792 4416 laudati
2836 4361 3068 4417 Romani
3099 4361 3369 4432 pontiﬁcis
3413 4380 3541 4420 ver-

221 4435 446 4493 actione
498 4453 537 4493 ιι
570 4441 788 4516 concilii
834 4441 1301 4505 Chalcedonensis
1333 4450 1421 4521 (i).
1454 4451 1642 4525 Neque
1667 4455 1830 4510 aliter

1948 4455 2013 4509 ba
2029 4453 2099 4525 (r)
2117 4470 2132 4511 ;
2150 4452 2424 4525 Leporius,
2442 4452 2633 4524 inquit,
2656 4454 2710 4508 in
2727 4455 2947 4525 epistola
2965 4450 3120 4527 actam
3140 4455 3384 4513 Aurelius
3398 4460 3539 4530 epis-

221 4527 426 4600 legitur
444 4531 587 4601 apud
609 4533 999 4592 'l‘heodoritum
1034 4538 1133 4612 (j).
1167 4541 1238 4596 At
1266 4557 1400 4599 vero
1423 4542 1511 4600 hic
1535 4545 1829 4602 adverten-
1851 4535 1915 4600 Ι)
1941 4561 2100 4616 copas
2136 4544 2582 4616 Carthaginiensis
2609 4554 2658 4601 et
2681 4546 2860 4601 beatus
2886 4546 3207 4619 Augustinus
3231 4558 3279 4604 et
3303 4527 3534 4621 synodus

220 4621 381 4689 dum,
406 4639 570 4680 unum
594 4626 954 4700 eumdemqne
975 4643 1099 4687 esse
1124 4631 1303 4689 locum
1320 4649 1387 4690 ex
1400 4634 1621 4706 Leporii
1644 4637 1829 4695 libello

1950 4638 2200 4708 Africana
2225 4638 2470 4708 ﬁrmavit,
2503 4646 2609 4694 etc.
2637 4637 2753 4694 lluc
2772 4640 3002 4707 accedit,
3033 4640 3175 4711 quod
3201 4641 3253 4696 in
3276 4644 3549 4714 supplica-

216 4713 574 4788 desumplum
605 4718 704 4792 (Is),
733 4722 827 4793 qui
852 4723 999 4794 apud
1027 4724 1283 4782 laudatos
1310 4728 1607 4799 scriptorcs
1635 4744 1831 4787 occur-
1950 4735 2095 4789 tione
2144 4730 2327 4787 Basilii
2375 4730 2591 4787 diaconi
2629 4740 2686 4789 et
2731 4732 3170 4791 archimandritas
3208 4735 3548 4809 aliorumque

210 4805 334 4861 rit:
388 4817 449 4864 ut
487 4820 770 4883 prepterea
817 4830 883 4871 ex
934 4830 1038 4872 una
1070 4808 1271 4875 Leonis
1300 4819 1531 4891 epistola
1572 4836 1830 4882 manasse
1949 4824 2342 4883 monachorum
2376 4865 2392 4893 ,
2474 4840 2620 4882 anno
2675 4827 2782 4883 450
2844 4826 3154 4886 Theodosio
3229 4828 3549 4901 imperatori

328 5033 397 5105 a)
427 5032 618 5105 Lepor.
651 5032 845 5090 Libell.
884 5034 1115 5096 Emend.
1148 5041 1177 5113 ᾗ
1208 5038 1275 5111 ‘2,
1295 5042 1457 5101 infra.
1584 5038 1589 5041 Ἴ
2027 5046 2123 5119 (lt)
2154 5046 2343 5120 Lepor.
2374 5047 2569 5108 Libell.
2603 5049 2837 5116 Emend,
2871 5050 2901 5125 ς
2933 5051 2988 5119 5,
3019 5052 3179 5110 intra.

293 5030 389 5248 ξιτ)
420 5102 508 5194 ζα.
538 5104 669 5188 ibid.
2022 5118 2114 5189 (ι)
2142 5118 2319 5246 Εὲιδι.
2346 5120 2517 5192 episc.
2545 5121 2666 5178 Afr.
2690 5122 2833 5205 infra
2862 5124 2971 5179 col.
3000 5124 3165 5193 i23l.

322 5181 385 5246 ε)
411 5176 651 5248 Cassmu.
681 5177 717 5248 l.
746 5191 796 5233 c.
827 5193 947 5248 cap.
977 5182 1011 5238 4
1035 5226 1050 5248 ,
1084 5198 1205 5248 pag.
1235 5182 1363 5243 908.
2020 5189 2147 5248 (ut)
2218 5191 2449 5246 trmond.
2478 5192 2547 5248 ad
2576 5191 2775 5248 Leuor.
2798 5210 2853 5248 in
2874 5209 3005 5248 oon.
3038 5205 3173 5248 tom.

328 5102 389 5205 si
411 5102 693 5205 μηρία..
747 5191 775 5205 Δ
829 5193 885 5205 η
987 5182 1005 5205 ι
1148 5102 1185 5205 ί
1235 5102 1340 5205 l'm
2022 5102 2837 5205 Magia.aequitas;
2862 5102 3165 5193 ἕοῐῖιέῐιῖ

322 5181 385 5246 c)
411 5176 651 5232 Cassian.
681 5177 717 5231 l.
746 5191 796 5233 c.
827 5193 947 5253 cap.
977 5182 1011 5238 4
1035 5226 1050 5253 ,
1084 5198 1205 5257 pag.
1235 5182 1363 5243 908.
2020 5176 2147 5260 (ui)
2176 5176 2457 5246 Sirmon'd.
3194 5197 3239 5272 Ι,
3266 5217 3389 5277 pag.
3413 5204 3545 5275 357,

320 5248 391 5327 Δ)
422 5245 647 5327 (Ξανιιεν.
682 5247 736 5327 in
770 5251 1024 5327 Append.
1045 5256 1148 5327 cit.
1173 5270 1296 5327 pag.
1328 5255 1455 5321 MS,
1486 5264 1603 5312 not.
1632 5257 1670 5311 2
1945 5270 2065 5317 not.
2099 5276 2155 5327 a,
2179 5260 2312 5317 edit.
2344 5262 2519 5319 Paris.
2546 5263 2707 5321 1696.

292 5253 391 5319 (α)
422 5253 647 5302 σανηεν·
682 5253 736 5302 ίη
770 5253 1024 5322 Ανρεηά-
1051 5253 1296 5327 cit-bas.
1328 5255 1455 5321 145,
1486 5264 1603 5312 not.
1632 5257 1670 5311 2
1945 5253 2065 5317 noi.
2099 5253 2155 5327 ά,
2179 5260 2312 5317 edit.
2344 5262 2519 5345 Paris.
2546 5253 2707 5321 toto.
2912 5253 2966 5265 "
3194 5253 3239 5272 "
3266 5253 3366 5277 νο

242 5319 731 5461 mittitis?!
755 5323 925 5449 itit:
952 5325 1011 5439 δέ
1042 5323 1215 5382 LW“
1699 5341 1826 5402 νθεσ
2013 5331 2123 5475 ut
2149 5331 2292 5459 tu:
2317 5345 2487 5462 an:
2513 5335 2961 5475 ἓὲθιηοβιιέξέιῖ·
2979 5336 3221 5475 teat;
3243 5344 3369 5475 8.1.9.;

219 5388 362 5453 sos,
390 5391 521 5445 edit.
554 5388 728 5461 Lugd.
763 5388 925 5449 two.
996 5434 1001 5439 .
1386 5388 1394 5393 '
1653 5388 1715 5400 "
1768 5388 1799 5402 "
2013 5388 2115 5475 (ο)
2149 5388 2288 5459 nisi.
2319 5388 2487 5462 li'ttér.
2518 5388 3221 5483 aé't'ai‘i-snéé',"i6in'.'it',
3243 5388 3393 5487 “5.1;.
3440 5418 3547 5475 175

302 5459 391 5547 ςῙξ
416 5458 623 5547 {illene
660 5471 793 5547 ltt'lll'.
820 5463 965 5547 xiii,
996 5482 1121 5539 pag.
1149 5466 1316 5547 885..“
1523 5541 1621 5547 ﬂ“
1941 5487 2067 5547 seq.
2116 5545 2121 5547 Α
2182 5544 2205 5547 Δ
2470 5546 2477 5547 7

338 5460 391 5531 ί)
416 5460 623 5516 Tillem.
648 5460 793 5515 tum.
820 5463 965 5533 xm,
996 5482 1121 5539 pag.
1149 5466 1280 5524 εει.
1941 5460 2108 5542 δεῖμ’
3204 5460 3221 5483 ⁷
3268 5460 3301 5484 ⁷
3338 5460 3370 5487 ’³

334 5548 367 5602 g
421 5529 618 5586 Baller.
649 5530 720 5585 ad
745 5531 926 5591 Neris.
947 5553 1075 5609 opp.
1111 5549 1218 5593 tom
1248 5537 1339 5605 IV,
1366 5553 1494 5622 pag.
1519 5541 1649 5597 889.
2024 5543 2045 5616 (
2060 5560 2096 5616 ρ
2164 5544 2406 5603 Cassian.
2435 5546 2518 5630 .dc
2546 5547 2765 5607 lucarn.
2792 5550 2888 5607 lib.
2920 5565 2960 5618 t,
2987 5565 3112 5634 cap.
3139 5553 3195 5621 6,
3223 5568 3347 5628 pag.
3379 5559 3519 5618 9l2.‘

333 5610 364 5655 a
417 5600 582 5658 Leon.
612 5618 742 5672 opp.
777 5613 911 5661 tum.
939 5607 982 5673 ι,
1017 5625 1138 5680 pag.
1164 5610 1324 5679 1592,
1353 5609 1488 5667 edit.
1516 5612 1715 5670 Baller.
2022 5618 2096 5686 (η
2158 5617 2351 5691 Lepor.
2385 5618 2584 5679 Libell.
2617 5621 2850 5680 Emend.
2886 5620 2916 5693 5
2947 5622 3015 5677 l0
3036 5622 3196 5679 Infra.

296 5673 352 5741 (ἑ
412 5672 629 5729 Concil.
661 5684 794 5728 tuin.
830 5675 922 5742 IV,
957 5693 1079 5750 pag.
1113 5679 1272 5738 1251.
2021 5686 2121 5757 (r)
2150 5688 2311 5744 Joan.
2344 5690 2388 5746 ll
2424 5705 2457 5746 c
2497 5690 2587 5746 ist.
2628 5704 2711 5757 ut,
2753 5693 2809 5750 in
2834 5692 3055 5750 collect.
3087 5693 3259 5755 Coac.
3286 5704 3423 5758 tum.
3463 5701 3505 5759 V

295 5744 354 5816 (j
428 5741 696 5801 Theudor.
728 5744 865 5802 Dial.
893 5763 953 5817 ιι,
991 5766 1119 5817 opp.
1152 5761 1283 5808 tom.
1317 5751 1408 5817 IV.
1443 5769 1567 5817 non.
1595 5756 1722 5817 108.
1745 5754 1813 5817 Ξ.
1950 5771 2076 5817 nan.
2105 5758 2238 5817 898.
2269 5760 2406 5817 edit.
2446 5705 2577 5817 ie...
2609 5760 2782 5817 Labb.

333 5600 391 5693 ζ’)
412 5600 911 5693 έςξιξςῇηξρςμιοειξπ
939 5600 1336 5693 lictis-1392;
1353 5600 1488 5667 ἑάίῖο
1516 5612 1715 5670 Baller.
2022 5600 2132 5693 (ἢ)
2158 5600 2600 5693 staminea:
2616 5600 3196 5693 usitatissimis:

296 5680 316 5775 ε
412 5672 629 5775 achaei};
661 5684 794 5775 “"3:
829 5675 922 5775 ἓν,
957 5672 1272 5775 νειέςίᾷδι,
1308 5672 1383 5775 'm
1598 5756 1698 5775 mn
1745 5754 1781 5775 α
2002 5672 2587 5775 ἔξίρᾶιῇλῑιέρἶέιξ
2610 5672 3259 5775 ᾗζξίιῖὸοῖιὲὸιῗόιῖιὶο.
3286 5704 3423 5758 tum.
3463 5701 3505 5759 V
3527 5749 3544 5775 ,

294 5741 388 5817 (j)
428 5741 696 5801 Theodor.
728 5744 865 5802 Dial.
893 5741 1119 5822 nfopp.
1152 5761 1283 5808 tom.
1317 5751 1408 5824 IV,
1443 5769 1567 5828 pag.
1595 5756 1722 5824 108,
1745 5754 1839 5835 Ξ..
1950 5741 2076 5827 pag.
2101 5741 2406 5831 ἒῦέξὸδῖἶ.
2430 5741 2586 5820 Veii;

1842 5949 1885 5956 -ιι
