4110 6168
568 299 593 355 Ι
604 298 709 355 ι)ὲὸ

1828 288 2102 353 LEPORll
2142 286 2581 352 PRESBYTER]

3696 289 3802 349 1221

558 430 682 467 cum
729 411 1020 468 multorum
1065 410 1330 468 scandalu-
1354 410 1490 465 tueri
1520 417 1745 465 conatus
1776 425 1894 465 sum
1921 451 1937 476 ,
1989 407 2156 480 quod,
2190 410 2237 469 Α
2263 404 2426 461 credo
2446 402 2576 474 quia
2608 398 2787 472 potuit
2813 415 2829 454 :
2858 398 3111 470 quoniam
3135 404 3308 453 status
3338 395 3427 454 Dei
3450 396 3633 453 nullutn
3664 412 3807 469 p0'est

559 505 698 561 sicut
728 521 871 561 nunc
901 506 1022 561 luce
1056 504 1259 560 clarius
1289 502 1701 568 tnauilcstatur,
1754 516 1941 557 errore
1972 501 2159 555 huma-

564 598 618 653 tti
649 614 841 654 sensus
872 600 1076 670 magis,
1118 611 1278 667 quam
1308 597 1519 651 ratione
1553 593 1678 650 lidei
1709 607 2157 664 praesmupseram

562 689 991 747 defendendum.
1047 697 1072 726 θ
1102 689 1209 745 Sed
1253 688 1379 759 quia
1424 685 1571 741 aliud
1616 685 1732 741 fieri
1780 701 1886 739 non
1920 693 2160 754 poterat,

565 788 671 843 nisi
705 796 764 842 ut
789 786 1008 859 propria
1045 783 1275 840 stultitia
1306 783 1359 837 itt
1389 797 1474 838 me
1520 782 1766 845 viveret,
1813 778 2027 849 quando
2062 794 2163 849 ego

564 881 695 951 mihi
718 879 1020 950 discipulus
1050 876 1347 934 habueram
1372 891 1461 933 me
1487 875 1803 947 magistrum
1830 891 1843 928 :
1879 884 1931 929 ct
1957 874 2161 927 trinam

565 973 1051 1044 prmsumptionem
1080 986 1256 1026 meam
1285 984 1448 1041 quam
1480 970 1817 1024 anitnaverat
1853 966 2162 1032 inscientia,

562 1067 821 1138 fregisset
854 1065 1160 1121 humilitas.
1205 1063 1313 1120 Sed
1347 1063 1450 1117 heu
1483 1060 1615 1116 mihi
1639 1104 1653 1129 ,
1695 1061 1819 1130 quia
1849 1060 1900 1113 in
1933 1069 2166 1128 utroque

566 1163 821 1218 inventus
847 1174 1002 1226 sum,
1051 1165 1107 1214 et
1135 1156 1490 1223 temerarius,
1539 1162 1595 1209 et
1622 1153 1909 1220 superbus.
1961 1150 2164 1219 Atjrttn

567 1255 677 1311 ista
718 1255 877 1311 venia
916 1261 1096 1309 vestra
1129 1251 1455 1324 prmtervolo
1479 1291 1493 1315 ,
1547 1260 1602 1305 et
1635 1248 1778 1319 quod
1808 1260 1950 1301 nunc
1977 1245 2163 1311 instat,

565 1363 729 1419 agere
756 1362 863 1401 non
894 1345 1169 1401 morabor.
1203 1341 1494 1399 Festinaho
1525 1340 1805 1395 vulnerata
1837 1350 2048 1399 curare,
2075 1334 2166 1404 qui

564 1455 695 1495 sana
747 1437 1031 1494 trauslodi.
1086 1437 1202 1491 Non
1249 1436 1358 1491 erit
1404 1435 1455 1489 in
1503 1431 1847 1500 suStipienda
1898 1428 2168 1485 medicina

564 1532 855 1599 confusio,
886 1530 979 1603 qui
1029 1530 1081 1584 in
1126 1527 1488 1608 custodienda
1559 1523 1865 1579 valetudine
1914 1537 2023 1575 non
2070 1518 2171 1573 l‘uit

565 1634 722 1682 cauta
746 1624 1005 1696 provisio.
1047 1621 1202 1680 Unde
1232 1630 1357 1675 nata
1382 1627 1464 1674 est
1487 1616 1783 1683 discordia,
1806 1628 1911 1684 pax
1937 1611 2065 1667 inde
2091 1609 2172 1680 gi-

567 1722 784 1790 gnatur.

636 1813 693 1866 2.
735 1809 976 1881 Epistola
1019 1808 1231 1879 itaque,
1282 1812 1473 1859 auctor
1508 1799 1751 1858 seatnlali
1785 1808 1837 1854 ct
1871 1793 2167 1852 oll‘endicu-
2198 1786 2246 1847 B

570 1904 683 1961 lum
725 1902 1008 1959 eharitatis
1033 1942 1049 1968 ,
1099 1915 1128 1953 a
1171 1914 1258 1953 me
1289 1894 1563 1967 quondam
1605 1891 1924 1961 simpliciter
1963 1887 2167 1957 scripta

571 1997 792 2069 Quidem
816 2037 830 2062 ,
863 1993 959 2050 sed
989 1995 1042 2049 in
1073 1990 1397 2064 quihusdam
1422 2030 1436 2056 ,
1473 1996 1532 2043 ut
1560 2000 1795 2057 agnosco
1822 2028 1837 2053 ,
1882 1980 2172 2037 inﬁdeliter

572 2089 843 2157 ordinata,
878 2100 1066 2159 qumso
1086 2083 1385 2140 secundum
1415 2080 1573 2149 hujus
1600 2076 1843 2149 epistola:
1872 2071 2167 2145 professio.

572 2199 696 2240 nem
733 2192 789 2238 ct
818 2179 1195 2236 sanctimoniae
1238 2185 1431 2231 vestrm
1472 2173 1884 2235 auctoritatem,
1934 2167 2075 2223 utin
2107 2181 2170 2222 ca

574 2278 783 2348 pagina:
814 2283 964 2345 parte
985 2314 1000 2340 ,
1027 2272 1113 2327 vel
1141 2286 1303 2327 causa
1325 2310 1341 2337 ,
1383 2269 1435 2323 itt
1469 2266 1762 2323 abolitione
1787 2261 2044 2319 calcanda
2073 2259 2173 2315 du-

573 2377 748 2437 catur,
782 2366 836 2422 in
869 2376 972 2437 qua
996 2372 1184 2420 contra
1211 2362 1493 2417 veritatem
1523 2354 1619 2429 per
1640 2356 1994 2428 ignorantiam
2027 2352 2172 2409 edita

574 2461 995 2533 comprobatur:
1027 2467 1085 2512 ttt
1114 2458 1326 2513 eunetis
1349 2454 1658 2510 innotescat
1684 2461 1738 2507 et
1766 2458 1977 2521 pateat,
2024 2444 2186 2517 justo

570 2555 777 2628 judicio
810 2552 944 2610 illud
990 2550 1133 2624 quod
1174 2556 1294 2605 erat
1337 2546 1590 2602 annulum
1622 2544 1744 2599 lidei
1774 2585 1787 2610 ,
1840 2540 2171 2597 contrarium

576 2647 828 2712 veritati,
870 2645 940 2701 de
966 2659 1202 2713 corpore
1226 2640 1470 2711 ejusdem
1507 2638 1752 2708 epistolrc
1794 2649 1917 2691 cum
1947 2634 2176 2690 damna-

574 2739 722 2795 tione
752 2752 872 2794 essc
903 2734 1169 2791 decisum.
1211 2730 1239 2769 ιι
1265 2731 1456 2786 Clamo
1483 2771 1497 2794 ,
1542 2742 1727 2783 verum
1763 2725 1970 2792 fateor,
2020 2737 2054 2778 ο
2077 2723 2176 2778 do-

575 2830 707 2886 tnini
738 2828 843 2884 mei
872 2845 884 2881 :
937 2825 1157 2899 quidam
1190 2822 1383 2879 fratres
1414 2819 1611 2876 melius
1644 2817 1901 2874 interiora
1943 2828 2176 2871 cernen-

576 2932 679 2994 tes,
707 2922 804 2981 sed
831 2936 929 2977 nos
954 2920 1125 2976 multo
1153 2916 1437 2975 exteriora
1456 2913 1800 2987 palpavimus
1824 2928 1840 2978 ;
1888 2910 2019 2969 etin
2048 2924 2177 2980 pro-

576 3016 694 3087 pria
722 3014 955 3086 caligine
986 2995 1291 3078 constituti,
1323 3010 1429 3065 illis
1456 3007 1548 3079 qnl
1581 3006 1800 3079 prepius
1821 3005 2175 3061 intuebantur

576 3108 949 3178 reputavitnus
976 3105 1299 3163 cmeitatem.
1332 3103 1399 3158 At
1442 3115 1622 3169 nunc,
1673 3101 1888 3156 favente
1915 3098 2169 3164 Domino,

572 3201 775 3273 apertis
815 3198 1143 3272 quandoque
1186 3196 1362 3254 oculis
1390 3237 1405 3263 ,
1453 3210 1575 3251 cum
1618 3192 1725 3249 illis
1768 3207 1959 3248 verum
1988 3190 2170 3247 lumen

570 3296 891 3366 aspicimus,
922 3284 1165 3365 atquein
1195 3288 1384 3346 eadem
1416 3288 1552 3344 lucis
1575 3286 1773 3358 gratia,
1801 3285 1981 3357 posito
2012 3283 2171 3340 nobis

574 3403 604 3442 a
633 3403 770 3442 vero
800 3384 1013 3443 medico
1038 3382 1286 3439 sanitatis
1313 3383 1427 3437 luto
1461 3396 1626 3451 super
1664 3379 1852 3436 oculos
1878 3419 1893 3446 ,
1947 3392 2176 3434 revoca-

574 3494 696 3535 mus
722 3486 1043 3549 aspectum;
1088 3484 1143 3531 ct
1167 3474 1351 3531 Jesum
1377 3471 1656 3529 Christum
1691 3472 2010 3540 Dominum,
2061 3485 2170 3526 non

478 3620 481 3621 ν
574 3581 633 3628 ut
662 3580 819 3627 antea
852 3568 1172 3626 fallebamur
1198 3608 1213 3633 ,
1244 3566 1340 3623 sed
1372 3564 1513 3621 sicut
1540 3574 1626 3620 est
1650 3565 1878 3630 veritas,
1909 3562 2169 3619 sinceris-

572 3664 715 3720 simo
744 3664 1018 3719 intuemur
1048 3662 1243 3717 obtutu
1269 3677 1282 3714 :
1331 3666 1493 3729 atque
1518 3657 1669 3729 juxta
1701 3656 1933 3729 symbuli
1971 3655 2171 3710 verita-

575 3768 716 3827 tem,
770 3756 822 3813 id
864 3754 1011 3826 quod
1038 3753 1340 3811 secundum
1378 3753 1616 3824 priorem
1656 3750 2027 3808 delinitionem
2075 3765 2171 3806 no-

572 3858 777 3919 stram,
819 3848 909 3906 ubi
941 3864 1049 3904 non
1073 3848 1353 3917 impietate
1379 3845 1555 3915 aliqua
1586 3886 1600 3910 ,
1649 3842 1746 3900 sed
1776 3842 2171 3900 seducebamur

571 3957 799 4010 errore,
847 3928 1393 3997 dicere‘verebatuur
1437 3936 1507 3992 de
1549 3936 1714 3992 Maria
1742 3934 1910 3991 Deum
1959 3943 2168 3999 natum,

572 4052 716 4092 nunc
736 4032 1177 4090 constantissime
1198 4030 1539 4088 conﬁtemur.
1571 4039 1593 4068 ε
1621 4029 1827 4084 Tamen
1848 4026 1994 4097 quod
2013 4025 2171 4082 Chri-

571 4140 716 4188 stum
746 4127 942 4184 Filium
968 4124 1066 4181 Dei
1096 4131 1224 4180 tunc
1260 4123 1425 4179 etiam
1456 4131 1641 4177 natum
1683 4119 1751 4176 de
1788 4128 1973 4176 sancta
2004 4118 2168 4173 Maria

573 4235 898 4295 negaremus
922 4258 938 4286 ,
979 4228 1070 4287 et,
1109 4216 1250 4272 aicut
1280 4223 1336 4271 et
1366 4214 1465 4285 ipsi
1495 4209 1896 4277 recordamini,
1939 4209 2037 4267 sed
2067 4208 2170 4265 mi-

574 4313 722 4371 nime
764 4311 1111 4369 attendentes
1149 4306 1218 4363 ad
1262 4306 1579 4380 mysterium
1615 4303 1742 4361 fidei
1769 4344 1784 4370 ,
1831 4318 1939 4359 non
1988 4302 2165 4372 ipsum

573 4407 742 4464 Deum
772 4405 1045 4461 hominem
1072 4408 1259 4458 natum
1280 4442 1296 4469 ,
1327 4397 1427 4455 sed
1452 4396 1750 4469 perftctum
1780 4410 1904 4452 cum
1933 4394 2046 4452 Deo
2071 4408 2171 4450 na-

571 4510 687 4557 tum
731 4498 1008 4555 hominem
1041 4489 1396 4553 dicebamus:
1442 4492 1896 4564 pertimescentes
1932 4489 2162 4558 scilicet,

2266 502 2570 573 periculum
2597 498 2896 556 sustinere.
2927 496 3037 551 Nec
3084 496 3253 550 homo
3284 503 3493 566 propter
3535 510 3622 550 nos
3648 498 3802 559 lactus.

2262 604 2323 649 ut
2342 593 2600 650 ederetur
2634 607 2703 647 ex
2748 589 2969 646 homine
3018 587 3301 660 indignum
3350 587 3703 660 habuitzquia
3729 606 3810 647 nec

2264 688 2436 759 ipsam
2481 685 2757 741 hominem
2798 683 2980 740 facere
3030 682 3105 738 de
3156 697 3262 752 qua
3315 678 3475 737 homo
3525 692 3809 748 nasceretur,

2264 783 2419 840 duxit
2447 782 2749 852 indignum.
2784 789 2808 817 ε
2837 779 2894 835 Si
2929 793 3062 849 ergo
3086 775 3311 832 minime
3343 773 3679 846 percipientes
3702 776 3813 834 hanc

2265 875 2561 943 potentiam
2609 874 2725 938 Dei,
2770 887 2934 927 sensu
2976 879 3165 926 nostro
3209 876 3268 924 et
3305 867 3514 939 propria
3539 866 3721 926 ratione
3742 885 3814 924 sa-

2268 970 2497 1039 pientes,
2529 983 2598 1021 ne
2629 964 2784 1035 quasi
2817 963 3075 1020 inferiora
3120 977 3178 1018 se
3205 960 3350 1016 Deus
3390 976 3544 1031 agere
3586 961 3816 1031 videatur,

2267 1062 2339 1116 ita
2369 1061 2644 1117 hominem
2675 1073 2800 1114 cum
2831 1057 2947 1112 Deo
2975 1068 3165 1112 natum
3196 1070 3316 1110 esse
3343 1051 3600 1116 dicamus,
3622 1062 3671 1108 ut
3693 1068 3815 1109 seor-

2266 1170 2386 1211 sum
2416 1168 2539 1223 qute
2563 1151 2661 1208 Dei
2691 1159 2820 1207 sunt
2849 1149 2954 1205 soli
2984 1148 3100 1204 Deo
3127 1146 3340 1215 demus,
3372 1154 3429 1201 et
3457 1158 3684 1201 seorsum
3719 1162 3816 1217 qua:

2268 1245 2649 1303 suntltominis
2677 1244 2779 1300 soli
2803 1242 3007 1299 homini
3043 1250 3394 1312 reputemus;
3424 1248 3654 1310 quartam
3680 1239 3819 1294 mani-

2270 1339 2565 1397 festissime
2612 1335 2921 1392 inducimus
2972 1333 3027 1389 in
3074 1332 3345 1388 Trinitate
3390 1345 3656 1401 personam
3696 1331 3819 1387 etde

2273 1448 2378 1487 uno
2413 1431 2522 1486 lilio
2555 1430 2649 1484 Ι)ιεί
2680 1444 2787 1484 ιιοιι
2816 1442 3007 1493 unum,
3038 1425 3136 1482 sctl
3181 1425 3361 1481 facere
3406 1423 3672 1493 incipimus
3713 1425 3815 1480 duos

2270 1524 2516 1592 Christo;-
2550 1540 2562 1575 :
2596 1523 2738 1592 quod
2767 1537 2796 1575 a
2846 1520 3006 1576 nobis
3054 1520 3171 1590 ipse
3190 1517 3303 1589 jam
3355 1516 3605 1572 Dominus
3629 1526 3677 1572 et
3714 1516 3819 1572 Deus

2272 1615 2522 1672 Christus
2579 1624 2817 1670 avertat.
2880 1614 3024 1682 Ergo
3087 1612 3420 1669 conﬁtentur
3471 1610 3725 1666 Dominum
3773 1626 3821 1666 ac

2276 1710 2440 1765 Deum
2470 1719 2709 1765 nostrum
2732 1706 2922 1763 Jesim
2950 1705 3254 1777 Christum,
3288 1704 3507 1762 unicum
3538 1702 3712 1758 Filium
3731 1702 3820 1771 Dei,

2272 1803 2360 1873 qtti
2392 1810 2518 1857 ante
2552 1802 2751 1857 sarcula
2796 1811 2955 1857 natus
2981 1815 3050 1855 ex
3090 1808 3242 1870 patre
3272 1804 3376 1867 est,
3413 1796 3683 1852 novissimo
3719 1805 3825 1851 teta-

2274 1911 2410 1967 pore
2438 1894 2509 1952 de
2544 1894 2745 1966 Spiritu
2776 1907 2969 1950 sancto
2997 1903 3055 1948 et
3098 1891 3262 1948 Maria
3310 1905 3528 1962 semper
3564 1890 3747 1962 virgine
3768 1888 3825 1943 la-

2272 1997 2417 2042 etum
2461 1985 2734 2041 hominem
2770 1986 2934 2040 Deum
2962 1992 3147 2039 natum
3176 2001 3191 2037 :
3233 1990 3291 2039 et
3311 1981 3631 2038 conﬁtentes
3662 1990 3824 2035 utram-

2272 2095 2380 2151 que
2410 2079 2785 2144 substantiam,
2831 2078 3001 2134 Deum
3041 2075 3512 2148 atquehominem
3540 2070 3824 2143 inseparabi-

2274 2172 2379 2230 lem
2431 2174 2515 2244 pia
2564 2172 2690 2230 ildei
2715 2173 3037 2228 credulitate
3083 2169 3435 2241 suscipimus,
3467 2181 3605 2226 ctex
3632 2179 3828 2239 tempore

2275 2275 2542 2337 susceptae
2584 2265 2792 2331 carnis,
2827 2263 2904 2320 sic
2949 2262 3134 2319 omnia
3179 2261 3418 2318 dicimus
3450 2278 3566 2333 qua:
3592 2269 3724 2317 erant
3753 2257 3829 2315 Dei

2276 2358 2535 2413 transisse
2562 2357 2614 2412 in
2648 2356 2944 2424 hominem,
2977 2365 3039 2410 ut
3065 2354 3243 2411 omnia
3287 2368 3415 2425 quae
3445 2362 3595 2409 crant
3638 2350 3831 2407 hominis

2277 2450 2328 2507 in
2363 2436 2529 2507 Deum
2564 2452 2816 2508 venirent
2845 2434 2859 2506 :
2894 2461 2948 2507 et
2981 2451 3081 2507 hac
3128 2450 3492 2522 intelligentia
3538 2449 3747 2511 Verbum
3774 2446 3833 2501 la-

2275 2556 2419 2601 etum
2453 2546 2525 2601 sit
2553 2561 2704 2610 caro,
2756 2560 2860 2600 non
2894 2555 2952 2600 ut
2987 2542 3347 2601 conversione
3396 2553 3490 2599 aut
3531 2541 3834 2599 mutabilitate

2275 2639 2454 2711 aliqua
2481 2639 2708 2709 cmperit
2739 2653 2863 2696 esse
2902 2638 3044 2707 quod
3077 2654 3186 2693 non
3215 2647 3355 2704 crat,
3404 2635 3502 2694 sed
3543 2643 3599 2691 ut
3638 2633 3835 2706 potentia

2275 2731 2473 2787 divinte
2520 2730 2943 2801 dispensationis
2986 2729 3227 2785 Verbum
3272 2729 3468 2799 patris,
3517 2741 3777 2799 numquam
3810 2739 3834 2780 a

2278 2834 2428 2895 patre
2460 2823 2771 2893 discedens,
2820 2822 2985 2878 homo
3014 2824 3234 2894 proprie
3262 2822 3379 2879 ﬁeri
3423 2823 3740 2894 dignaretur,
3769 2821 3832 2875 in-

2275 2926 2643 2988 carnatusque
2660 2917 2733 2973 sit
2750 2916 3060 2987 unigenitus
3086 2924 3304 2971 secreto
3334 2914 3431 2970 illo
3460 2914 3702 2986 mysterio
3724 2909 3834 2982 quod

2278 3011 2393 3083 ipse
2446 3012 2599 3065 novit
2644 3026 2657 3063 :
2713 3016 2963 3065 nostrum
3018 3022 3250 3080 namque
3301 3016 3389 3064 cst
3440 3007 3676 3074 credere,
3722 3004 3836 3061 illius

2277 3120 2459 3162 nosse.
2496 3108 2575 3161 Ac
2605 3103 2685 3161 sic
2715 3114 2769 3160 ut
2793 3104 2908 3176 ipse
2932 3103 3078 3160 Deus
3097 3101 3355 3170 Verbum,
3393 3112 3559 3160 totum
3581 3100 3837 3172 suscipiens

2275 3199 2420 3271 quod
2462 3206 2550 3255 est
2591 3198 2846 3264 hominis,
2893 3196 3058 3253 homo
3109 3197 3211 3263 sit;
3244 3206 3298 3253 et
3354 3206 3660 3268 assumptus
3681 3194 3831 3258 homo,

2280 3302 2451 3349 totmn
2484 3291 2809 3362 accipiendo
2855 3291 3000 3363 quod
3060 3299 3145 3347 est
3173 3290 3292 3355 Dei,
3337 3290 3495 3346 aliud
3544 3298 3692 3362 quam
3728 3288 3839 3342 Deus

2273 3399 2395 3441 esse
2426 3398 2533 3440 non
2560 3383 2750 3455 possit.
2777 3382 2895 3438 Non
2938 3392 3142 3448 tamen,
3182 3381 3309 3453 quia
3343 3382 3658 3439 incarnatus
3683 3378 3839 3435 dicitur

2274 3486 2329 3534 ct
2372 3476 2685 3542 immixtus,
2716 3474 3009 3529 diminutio
3036 3472 3157 3543 ejus
3184 3482 3268 3528 cst
3293 3471 3613 3544 accipienda
3637 3470 3837 3527 substan-

2275 3569 2385 3625 tize.
2417 3567 2581 3624 Novit
2614 3568 2759 3623 enim
2807 3566 2953 3622 Deus
2980 3567 3099 3622 sine
3138 3565 3219 3622 sui
3256 3567 3616 3637 corruptione
3640 3560 3833 3627 misceri,

2272 3673 2328 3720 et
2373 3672 2557 3720 tamen
2605 3661 2657 3716 in
2692 3660 2925 3718 veritate
2961 3659 3177 3716 misceri
3207 3676 3220 3714 :
3265 3659 3415 3714 novit
3448 3659 3506 3716 in
3538 3673 3597 3715 se
3645 3658 3710 3714 ita
3744 3669 3838 3710 sns-

2273 3756 2477 3828 cipere,
2508 3764 2570 3810 ut
2594 3753 2727 3809 nihil
2758 3752 2808 3809 ci
2851 3761 3065 3808 crescat
3102 3751 3402 3824 augmenti,
3446 3753 3539 3824 qui
3567 3767 3625 3807 se
3653 3751 3751 3821 ipse
3771 3757 3836 3803 to-

2274 3860 2385 3906 tum
2418 3849 2568 3905 novit
2599 3847 2905 3916 infundere,
2940 3857 2997 3903 ιιι
3021 3848 3157 3903 nihil
3189 3847 3404 3903 accidat
3438 3844 3754 3902 detrimenti.

2343 3945 2400 3997 4.
2444 3941 2560 3997 Non
2606 3955 2739 4012 ergo
2787 3940 2854 3997 ad
2912 3926 3325 4011 intelligentiam
3370 3937 3744 3997 imbecillitatis
3766 3951 3841 3990 no-

2272 4046 2421 4102 strae,
2453 4034 2752 4092 secundum
2774 4035 3278 4106 experimentorum
3312 4033 3556 4089 visibilia
3586 4031 3839 4088 documen-

2274 4137 2327 4184 ta
2359 4128 2620 4186 facientes
2642 4127 3016 4198 conjecturam
3040 4126 3107 4182 de
3127 4122 3431 4198 aequalibus
3458 4140 3521 4182 se
3546 4124 3755 4181 invicem
3778 4121 3841 4175 itt-

2271 4220 2648 4294 gredientibus
2675 4220 2962 4285 creaturis,
3002 4227 3253 4289 putemus
3287 4218 3460 4274 Deum
3496 4217 3840 4283 hominemque

2272 4313 2648 4379 commixtum,
2671 4320 2727 4367 et
2753 4310 2847 4366 tali
2874 4311 3199 4366 confusione
3225 4310 3407 4364 carnis
3444 4319 3501 4365 et
3524 4307 3684 4365 Verbi
3710 4301 3839 4377 quasi

2272 4405 2491 4479 aliquod
2520 4418 2719 4475 corpus
2741 4402 3021 4459 effectum.
3049 4401 3207 4458 Ab~it
3233 4402 3305 4457 ita
3336 4402 3613 4458 credere:
3656 4407 3708 4454 ut
3732 4411 3839 4453 con-

2273 4500 2425 4557 ﬂatili
2449 4498 2683 4571 quodam
2712 4512 2913 4569 genere
2941 4496 3077 4553 duas
3106 4503 3329 4551 naturas
3371 4494 3427 4549 in
3461 4509 3625 4550 unam
3648 4486 3842 4548 arbitre—

570 4609 641 4650 ne
682 4590 952 4648 divinitati
993 4588 1362 4645 conditionem
1392 4586 1797 4656 assignaremus
1829 4583 2162 4638 humanam:

2273 4608 2397 4650 mur
2416 4584 2664 4648 redactas
2684 4605 2807 4647 esse
2828 4588 3207 4646 substantiam.
3224 4586 3553 4658 llnjnsmodi
3567 4587 3699 4643 enim
3718 4600 3839 4639 cout-

569 4702 604 4742 o
632 4683 800 4741 stulta
830 4680 1093 4754 sapientia
1119 4680 1134 4734 l
1168 4679 1357 4751 quasi,
1404 4677 1453 4733 si
1480 4691 1605 4733 cum
1636 4675 1859 4732 homine
1888 4674 2036 4732 Deus
2064 4689 2166 4730 na-

569 4778 654 4837 sci
680 4793 788 4835 non
818 4784 1231 4848 aspernaretur,
1259 4773 1378 4845 ipse
1408 4770 1733 4843 praeiudicio
1759 4777 1932 4826 status
1960 4770 2044 4826 sui
2073 4785 2170 4825 na-

569 4869 649 4926 sci
681 4870 844 4926 homo
882 4867 1310 4938 dedignaretur:
1362 4872 1456 4921 aut
1484 4862 1623 4920 illud
1661 4872 1895 4933 poterat,
1935 4861 2031 4919 sed
2062 4866 2166 4919 hoc

569 4960 712 5019 [orte
742 4976 850 5016 non
882 4967 1117 5032 poterat.

640 5056 695 5110 5.
728 5051 757 5090 ά
778 5052 959 5109 Credo
988 5053 1147 5124 plane
1177 5051 1346 5109 Deum
1391 5050 1494 5105 hoc
1524 5064 1634 5103 non
1672 5062 1857 5119 posse,
1886 5047 2031 5119 quod
2059 5062 2166 5103 non

568 5146 704 5205 vult.
753 5146 813 5203 Si
868 5147 1018 5204 nasci
1063 5148 1256 5215 voluit,
1303 5160 1422 5217 qua:
1466 5144 1612 5201 Deus
1639 5143 1831 5209 voluit,
1859 5142 2169 5200 certissime

642 5293 670 5322 ⁸
708 5282 1164 5353 Garneriuslegit,
1180 5281 1269 5353 sed
1290 5280 1417 5353 quid
1435 5280 1584 5335 aliud
1603 5279 1716 5348 ﬁeri
1746 5279 2157 5353 poteratiBauu.

646 5353 675 5394 δ
695 5355 994 5413 Garnerius
1016 5350 1163 5422 legit,
1178 5350 1560 5422 Clantaoerunt,
1578 5356 1764 5422 (tueor,
1780 5367 1810 5406 ο
1824 5351 2021 5409 domini
2038 5353 2159 5420 mei,

570 5428 781 5499 quidam
808 5428 1029 5499 fratres,
1050 5432 1155 5499 et_c.
1186 5422 1263 5499 [ρ.

645 5511 668 5539 ο
698 5491 995 5554 Garherius
1017 5494 1166 5566 legit,
1194 5492 1418 5566 Tametsi
1436 5492 1700 5548 Christum
1721 5491 1890 5561 ﬁlium
1905 5491 2023 5566 Dei,
2044 5503 2163 5566 tum:

569 5570 725 5626 etiam
745 5584 924 5625 natum
944 5567 1008 5624 de
1030 5563 1210 5623 sancta
1239 5563 1409 5619 Maria
1431 5581 1533 5618 non
1556 5579 1882 5634 negaremus,
1910 5565 2039 5617 sicut
2061 5564 2166 5635 ipsi

570 5640 956 5696 recordamini:
984 5639 1075 5696 sed
1097 5637 1330 5701 minimc,
1361 5645 1470 5692 etc.
1514 5635 1591 5691 Io.

641 5710 669 5748 ιι
706 5711 1004 5767 Carnarius
1049 5710 1198 5780 legit,
1236 5706 1403 5765 Credo
1456 5706 1613 5780 plane
1652 5705 1817 5763 Deum
1854 5707 1950 5763 hoc
2003 5722 2166 5762 unum

573 5796 673 5836 non
702 5795 872 5850 posse,
894 5792 1003 5837 etc.
1060 5779 1140 5835 lo.

2277 4683 2468 4740 mixtio
2499 4682 2671 4753 partis
2701 4683 2984 4753 utriusque
3014 4680 3293 4751 corruptio
3343 4690 3452 4735 est.
3517 4679 3657 4736 Dens
3699 4676 3835 4738 enim,

2277 4775 2367 4846 qui
2389 4790 2558 4847 capax
2591 4783 2676 4831 est
2697 4789 2801 4830 non
2830 4772 3118 4843 capahilis,
3159 4779 3457 4842 penetrans
3488 4785 3601 4827 non
3630 4776 3840 4841 penetra-

2275 4867 2422 4934 bilis,
2455 4867 2687 4938 implens
2714 4862 3168 4935 non'implebilis,
3202 4862 3296 4933 qui
3335 4863 3544 4935 ubique
3584 4860 3735 4917 simul
3774 4865 3841 4912 to.

2279 4969 2365 5017 tus
2402 4968 2460 5017 et
2503 4958 2706 5030 ubique
2731 4956 2961 5014 dill'usus
2998 4965 3087 5012 est
3110 4970 3210 5029 per
3239 4955 3573 5011 inlusionem
3623 4948 3841 5026 potentiae

2274 5067 2407 5121 suae,
2439 5050 2866 5107 misericorditer
2896 5059 3113 5107 naturte
3139 5048 3339 5104 mixtus
3356 5058 3442 5104 est
3472 5051 3736 5111 humanm,
3757 5057 3841 5099 non

2276 5144 2508 5200 humana
2539 5152 2734 5200 natura
2764 5153 2970 5199 naturte
2990 5150 3076 5199 est
3102 5141 3268 5197 mixta
3290 5141 3516 5199 divinm.
3546 5139 3683 5197 Caro
3711 5136 3843 5207 igitur

2345 5292 2368 5320 ο
2416 5280 2618 5336 Locum
2652 5280 2794 5336 hunc
2819 5279 3112 5351 exscripsit
3138 5280 3431 5337 Cassianus
3459 5281 3529 5336 ad
3577 5282 3675 5335 ista
3696 5289 3843 5347 usque

2268 5353 2480 5408 verba:
2534 5350 2941 5407 Misericorditer
2994 5350 3199 5407 natura:
3238 5354 3432 5407 mixtus
3480 5362 3559 5406 est
3609 5353 3839 5404 Ituinanc.

2269 5422 2373 5493 Ubi
2422 5431 2546 5478 nota
2589 5424 2859 5478 variantes
2912 5422 3217 5479 lectiones:
3249 5424 3398 5493 quasi
3424 5424 3504 5493 fin
3532 5422 3843 5493 inferiora

2267 5492 2407 5549 Dens
2453 5509 2607 5567 agere
2650 5494 2989 5567 videatut-tet
3022 5508 3113 5560 pro
3139 5509 3243 5546 uno
3262 5486 3381 5567 ’[ῑζὶο
3410 5492 3545 5557 Deo,
3578 5486 3624 5546 et
3656 5491 3738 5562 qui
3762 5486 3843 5541 sibi

2268 5575 2388 5619 ante
2415 5562 2608 5620 saecula
2634 5574 2782 5618 natus
2812 5580 2874 5617 ex
2898 5563 3054 5618 Patre
3081 5574 3181 5630 est,
3209 5563 3353 5618 nobis
3378 5581 3407 5615 η
3437 5572 3690 5633 tempore,
3717 5571 3839 5633 etc»

2267 5652 2467 5707 semper
2490 5652 2583 5706 pro
2604 5635 2749 5704 ﬁdei,
2778 5644 2912 5707 etc.,
2944 5637 3080 5707 sicut
3102 5650 3163 5707 Asc
3199 5635 3367 5707 ipsum
3418 5630 3588 5688 totum
3629 5631 3757 5707 navit
3777 5630 3842 5682 itt-

2271 5702 2510 5777 [undere,
2535 5702 2672 5775 etc.,
2697 5705 2953 5776 con/latiti
2973 5705 3359 5777 quodammodo
3381 5719 3593 5778 genere.
3619 5702 3781 5761 Cum
