4110 6168
331 231 468 288 19.9.5

1524 224 1860 287 LIBELLUS
1896 223 2425 288 EMENDATIONIS.

3468 235 3608 293 ωδ

330 350 546 424 proﬁcit
571 349 622 406 in
643 350 902 415 Verbum,
927 362 1034 404 non
1057 347 1293 404 Verbum
1321 347 1548 416 profecit
1575 348 1629 403 in
1660 363 1912 404 carnem:
1939 342 1996 406 Α
2021 360 2258 418 semper,
2288 348 2519 418 geminae
2541 347 2856 405 substantiae
2882 347 3045 404 etiam
3069 346 3338 420 gigantem
3361 350 3613 407 nomina-

326 456 382 503 et
407 456 584 504 tamen
616 445 902 501 verissime
922 443 1163 499 Verbum
1190 456 1318 499 caro
1345 441 1544 498 factum
1572 451 1676 500 est.
1703 441 1832 510 Sed,
1860 450 1918 498 ut

328 542 584 608 diximus,
618 541 792 596 solum
837 539 1056 610 proprie
1094 536 1478 610 personaliter,
1518 553 1626 592 non
1657 551 1778 592 cum
1824 551 1919 606 pa-

330 643 410 690 tre
433 645 525 690 aut
553 650 677 690 cum
706 632 912 702 Spiritu
952 641 1141 688 sancto
1180 631 1501 688 naturaliter
1528 649 1542 685 :
1577 631 1700 702 quia
1733 630 1918 701 unige-

326 726 471 782 nitus
516 726 684 793 Deus,
729 726 874 782 Deus
913 739 1096 791 verus,
1131 726 1221 796 qui
1267 739 1388 790 cum
1415 733 1571 796 patre
1615 733 1669 778 et
1709 722 1916 792 Spiritu

323 831 512 878 saneto
539 837 676 875 unus
705 834 789 877 εει
818 821 873 876 in
908 829 1122 886 natura,
1151 821 1292 876 alter
1311 830 1396 877 est
1422 820 1476 874 in
1509 833 1766 891 persona.
1799 818 1916 874 Non

323 915 468 970 enim
500 917 676 985 ipsum
702 925 906 984 patrem
938 914 1174 971 dicimus
1205 930 1348 982 esse,
1381 930 1542 986 quem
1571 914 1738 969 ﬁlium
1774 931 1788 968 :
1821 928 1920 970 nec

324 1009 520 1066 iterum
547 1008 799 1065 eumdem
833 1010 1000 1064 ﬁlium
1037 1005 1270 1065 dicimus
1309 1025 1450 1074 esse,
1477 1025 1640 1081 quem
1669 1017 1877 1080 patrem
1906 1027 1920 1062 :

322 1110 413 1157 aut
452 1117 640 1158 rursus
666 1102 924 1172 Spiritum
955 1112 1202 1157 sanctum
1241 1109 1448 1173 patrem
1471 1102 1554 1158 vel
1581 1102 1750 1158 ﬁlium
1784 1116 1920 1156 nun-

320 1211 581 1266 enpamus
612 1197 742 1251 :sed
777 1195 1174 1266 distinguentes
1202 1209 1467 1266 personas
1513 1193 1569 1250 in
1621 1193 1736 1250 suis
1785 1208 1917 1264 pro-

321 1287 666 1359 prietatibus,
703 1298 909 1358 patrem
951 1287 1122 1344 Deum
1169 1296 1380 1358 patrem
1417 1286 1639 1358 proprie
1683 1287 1924 1342 nomina.

316 1398 456 1447 mus,
482 1392 536 1440 et
563 1381 731 1438 ﬁlium
761 1383 929 1439 Deum
962 1383 1131 1437 ﬁlium
1163 1383 1387 1453 proprie
1423 1382 1679 1450 dicimus,
1715 1390 1771 1439 et
1795 1381 1920 1450 Spi-

314 1477 477 1534 ritum
521 1487 770 1535 sanctum
830 1479 1025 1545 Deum,
1079 1479 1347 1549 Spiritum
1396 1488 1643 1534 sanctum
1704 1479 1924 1550 pr0prie

315 1571 638 1626 conﬁtemur
671 1590 684 1622 2
719 1580 773 1626 et
803 1585 927 1626 cum
980 1580 1064 1627 ter
1109 1586 1340 1627 numero
1368 1570 1602 1627 dicimus
1649 1570 1840 1640 Deum,
1871 1579 1926 1627 et

314 1663 507 1728 Deum,
532 1670 588 1718 et
606 1663 803 1731 Deum,
830 1679 936 1718 non
968 1673 1082 1719 tres
1125 1663 1401 1720 credimus
1435 1665 1600 1731 Deos,
1633 1663 1728 1721 sed
1759 1680 1923 1719 unum

315 1755 366 1811 in
407 1756 822 1826 omnipotentiae
845 1771 958 1811 suae
984 1756 1246 1812 Trinitate
1275 1757 1597 1827 perlectum.

385 1854 441 1908 5.
484 1863 510 1890 ει
539 1852 792 1908 Nascitur
819 1867 949 1923 ergo
968 1852 1129 1908 nobis
1156 1851 1373 1923 proprie
1393 1851 1462 1908 de
1495 1853 1702 1922 Spiritu
1722 1862 1913 1908 sancto

313 1957 370 2002 et
399 1948 566 2004 Maria
586 1937 812 2020 Semper
838 1949 1071 2020 virgine,
1100 1949 1255 2017 Deus,
1271 1949 1435 2005 homo
1463 1949 1622 2006 Jesus
1663 1949 1914 2006 Christus

318 2041 470 2098 ﬁlius
494 2042 590 2098 Dei
616 2060 632 2098 :
665 2059 730 2099 ac
751 2045 830 2098 sic
861 2044 914 2097 in
942 2043 1265 2099 alterutrum
1310 2059 1476 2099 unum
1507 2045 1564 2099 ﬁt
1590 2043 1829 2100 Verbum
1861 2055 1916 2101 et

316 2149 467 2201 caro,
496 2143 555 2189 ut
585 2146 842 2191 manente
865 2136 920 2190 in
945 2149 1042 2192 sua
1067 2135 1405 2206 perfectione
1433 2136 1751 2193 naturaliter
1773 2147 1917 2194 utra-

321 2242 426 2296 que
453 2227 778 2296 substantia,
821 2229 940 2284 sine
985 2229 1069 2284 sui
1113 2230 1451 2301 prtejudicio,
1495 2239 1552 2286 et
1597 2229 1917 2287 humanitati

324 2319 503 2374 divina
551 2319 976 2386 communicent,
1017 2329 1074 2377 et
1110 2321 1378 2379 divinitati
1424 2322 1657 2379 humana
1701 2324 1921 2394 partici-

324 2421 496 2482 pent:
553 2428 655 2469 nec
701 2413 840 2469 alter
891 2414 1033 2470 Deus
1080 2415 1223 2472 alter
1261 2416 1463 2483 homo;
1491 2417 1587 2473 sed
1626 2417 1767 2473 idem
1805 2417 1922 2488 ipse

325 2502 466 2558 Deus
509 2505 605 2574 qui
651 2512 709 2561 et
750 2503 944 2569 homo;
976 2504 1005 2544 ι)
1043 2514 1099 2560 et
1121 2507 1362 2562 vicissim
1394 2508 1558 2563 homo
1586 2507 1681 2579 qui
1703 2516 1759 2564 et
1779 2508 1923 2564 Deus

321 2598 480 2654 .lesns
508 2597 783 2667 Christus,
812 2614 951 2654 unus
978 2600 1072 2656 Dei
1097 2600 1238 2656 ﬁlius
1266 2609 1324 2656 et
1347 2613 1691 2678 nunc-upetur
1713 2612 1770 2658 et
1793 2617 1925 2660 vere

324 2691 414 2746 sit.
446 2691 511 2746 Et
561 2691 683 2747 ideo
711 2693 977 2762 agendum
1007 2692 1165 2749 nobis
1192 2709 1412 2765 semper
1459 2704 1545 2750 est
1591 2705 1646 2752 et
1693 2695 1926 2752 creden-

324 2783 472 2849 dum,
509 2795 563 2841 ut
591 2785 889 2841 Dominum
917 2785 1105 2843 Jesum
1128 2785 1409 2844 Christum
1435 2789 1603 2845 ﬁlium
1632 2790 1729 2847 Dei
1757 2791 1924 2848 Deum

325 2892 540 2945 verum,
571 2873 882 2950 qucm'cum
924 2891 1078 2952 patre
1120 2897 1337 2953 semper
1367 2892 1423 2940 et
1472 2886 1737 2955 aequalem
1787 2889 1927 2956 patri

325 2982 456 3028 ante
482 2974 680 3028 srecula
710 2976 1056 3040 conﬁtemur,
1103 2978 1357 3034 eumdem
1399 2994 1429 3034 a
1463 2988 1705 3050 tempore
1744 2995 1930 3038 susce-

329 3074 432 3133 pta:
458 3067 658 3133 carnis,
688 3066 888 3123 factum
919 3069 1088 3124 Deum
1117 3069 1398 3125 hominem
1454 3087 1563 3126 non
1624 3087 1883 3144 negemus
1911 3089 1927 3128 :

2020 450 2155 508 tum,
2184 444 2238 498 in
2266 443 2460 499 diebus
2484 443 2670 500 carnis
2693 458 2830 511 sum,
2877 452 2934 517 et
2959 459 3089 500 vere
3129 458 3346 513 semper
3373 445 3612 516 gessisse

2018 537 2199 591 omnia
2245 552 2366 608 qua:
2415 547 2544 594 sunt
2587 537 2847 603 hominis,
2896 546 2950 592 et
2978 553 3109 593 vere
3164 553 3383 608 semper
3425 554 3616 609 posse-

2019 628 2164 685 disse
2189 645 2311 700 qute
2347 629 2443 684 Dei
2472 638 2637 686 sunt:
2689 630 2947 701 quoniam
2984 631 3079 685 etsi
3125 631 3407 698 cruciﬁxus
3437 642 3510 686 est
3550 647 3616 686 ea:

2019 722 2340 792 inﬁrmitate,
2387 724 2477 778 sed
2522 724 2642 778 vivit
2666 741 2729 779 ea:
2753 724 2944 778 virtute
2997 722 3095 779 Dei
3126 723 3335 794 (llCor.
3369 740 3460 779 xttt
3483 770 3497 783 .
3530 723 3614 795 4).

2021 815 2360 888 QuaprOpter
2383 816 2495 888 jam
2545 831 2651 871 non
2680 816 2708 852 ά
2736 817 3173 886 pertimescimus
3195 817 3396 884 dicere,
3420 833 3616 873 secun-

2022 907 2147 963 dum
2172 908 2366 974 Deum,
2417 919 2473 964 et
2520 924 2586 966 ex
2620 910 2841 965 homine
2869 917 3054 964 natum
3099 910 3288 974 Deum,
3315 910 3613 964 secundum

2022 1000 2320 1066 hominem,
2352 1002 2522 1058 Deum
2555 1017 2794 1072 passum,
2822 1002 2991 1058 Deum
3018 1012 3313 1068 mortuum,
3357 1011 3411 1056 et
3455 1012 3621 1057 caete-

2021 1082 2104 1150 ra.
2131 1094 2238 1151 Sed
2281 1095 2578 1166 gloriamur
2601 1095 2785 1151 dicere
2828 1095 2994 1150 Deum
3024 1103 3230 1158 natum,
3262 1093 3620 1163 eumdemque

2024 1188 2320 1244 secundum
2371 1188 2648 1245 hominem
2675 1189 2844 1244 Deum
2884 1202 3128 1259 passum.
3177 1187 3304 1242 Non
3341 1187 3476 1242 enim
3504 1203 3625 1242 eru-

2023 1283 2171 1338 besco
2214 1283 2558 1356 evangelium,
2601 1284 2897 1355 Apostolus
2925 1283 3099 1340 dicit:
3145 1285 3306 1338 virtus
3360 1285 3496 1338 enim
3524 1281 3626 1337 Dei

2025 1387 2120 1443 est,
2152 1379 2206 1431 in
2232 1378 2403 1433 salute
2432 1378 2574 1432 omni
2603 1378 2834 1432 credenti
2855 1377 3034 1447 (Rom.
3076 1392 3126 1444 ι,
3161 1376 3273 1448 16).
3307 1375 3508 1447 Utique
3530 1375 3626 1431 Dei

2004 1495 2008 1498 ν
2028 1472 2201 1528 virtus
2214 1482 2295 1528 est
2309 1473 2362 1527 in
2378 1472 2578 1538 salute,
2593 1471 2898 1528 secundum
2922 1471 3198 1527 hominem
3211 1470 3438 1527 credere
3451 1470 3623 1526 Deum

2029 1581 2268 1636 passum.
2301 1565 2419 1622 Non
2457 1565 2702 1623 credenti
2737 1577 2943 1630 autem,
2973 1564 3069 1620 Dei
3095 1563 3436 1620 existimatur
3479 1562 3629 1617 inﬁr-

2031 1663 2214 1730 mitas,
2263 1663 2316 1716 in
2349 1661 2674 1733 perditione,
2721 1661 2889 1717 Deum
2927 1659 3222 1718 secundum
3266 1672 3484 1714 carnem
3518 1672 3630 1712 non

1941 1745 1988 1806 Β
2017 1755 2244 1812 credere
2290 1755 2634 1810 cruciﬁxum.
2669 1752 2825 1810 Unde
2857 1755 3055 1810 iterum
3087 1752 3234 1808 idem
3288 1749 3626 1821 Apostolus:

2023 1848 2133 1904 Nos
2158 1858 2333 1903 autem
2357 1850 2702 1921 prccdicamus
2735 1846 3015 1912 Christum,
3037 1856 3083 1900 et
3108 1845 3249 1899 hunc
3271 1843 3584 1912 cruci/ictum
3603 1855 3627 1892 .-

2018 1943 2205 2008 utique
2235 1941 2339 1996 Dei
2380 1943 2643 2004 virtutem,
2697 1949 2744 1994 et
2792 1938 2888 1995 Dei
2933 1938 3274 2011 sapientiam;
3323 1938 3449 2007 quia
3491 1936 3640 2014 quod

2018 2037 2237 2092 stultum
2262 2045 2336 2091 est
2382 2034 2502 2103 Dei,
2537 2036 2822 2106 sapientius
2852 2045 2927 2088 est
2956 2033 3279 2096 hominibus;
3302 2042 3350 2087 et
3378 2032 3520 2103 quod
3550 2031 3634 2086 in-

2023 2128 2231 2190 ﬁrmum
2257 2138 2333 2181 est
2355 2124 2478 2193 Dei,
2498 2128 2686 2198 fortius
2701 2137 2775 2181 est
2798 2126 3088 2180 hominibus
3114 2125 3160 2195 (Ι
3183 2124 3305 2180 Cor.
3331 2141 3384 2189 ι,
3403 2121 3626 2194 Ξῦ-Ξῑῆ.

2022 2220 2159 2289 Quid
2185 2221 2328 2276 enim
2361 2231 2466 2274 tam
2495 2220 2723 2276 stultum
2751 2228 2809 2274 et
2836 2228 2941 2274 tam
2986 2219 3256 2274 inﬁrmum
3281 2217 3497 2274 videtur
3527 2217 3632 2271 ho-

2026 2315 2262 2370 minibus
2308 2313 2625 2380 incredulis,
2671 2329 2831 2386 quam
2879 2329 3004 2370 cum
3039 2313 3264 2369 audiunt
3307 2312 3478 2368 Deum
3533 2311 3633 2367 Dei

2025 2409 2195 2464 ﬁlium
2250 2409 2607 2464 cruciﬁxum?
2661 2408 2771 2465 Sed
2827 2407 3024 2480 placuit
3069 2407 3179 2462 Deo
3219 2424 3311 2478 per
3355 2406 3636 2461 stultitiam

2027 2504 2414 2576 praedicationis
2434 2503 2603 2558 salvos
2628 2507 2804 2573 facere
2831 2503 3094 2557 credentes
3116 2501 3312 2572 (Ibid.,
3336 2501 3465 2570 21):
3499 2501 3629 2570 quia

2029 2596 2083 2653 in
2116 2597 2218 2652 hoc
2258 2597 2494 2652 maxime
2527 2596 2662 2652 ﬁdes
2701 2605 2892 2652 nosua
2941 2596 3213 2662 consistit,
3248 2605 3306 2651 ut
3344 2594 3635 2651 credamus

2031 2693 2251 2748 unicum
2291 2691 2462 2747 ﬁlium
2494 2690 2612 2760 Dei,
2645 2706 2757 2746 non
2807 2689 3144 2760 adoptivum,
3176 2689 3271 2744 sed
3304 2688 3585 2760 proprium
3615 2705 3631 2743 ;

2031 2801 2140 2841 non
2195 2784 2622 2855 phantasticum,
2652 2783 2747 2840 sed
2793 2799 3022 2840 verum:
3068 2798 3180 2838 non
3210 2782 3632 2854 temporarium,

2033 2877 2126 2934 sed
2179 2885 2470 2946 aeternum,
2498 2893 2593 2949 pro
2623 2876 2784 2932 nobis
2831 2877 3014 2932 omnia
3061 2875 3357 2932 secundum
3412 2891 3636 2931 carnem

2032 2970 2201 3026 fuisse
2227 2984 2578 3040 perpessum:
2613 2979 2797 3025 etnon
2826 2968 2930 3023 sibi
2950 2968 3292 3040 agonizasse,
3319 2968 3413 3024 sed
3440 2969 3630 3034 nobis;

2036 3079 2137 3119 nec
2165 3073 2390 3134 propter
2416 3077 2500 3128 se,
2528 3061 2624 3118 sed
2650 3072 2872 3134 propter
2894 3077 3015 3129 nos,
3050 3064 3175 3134 quia
3201 3063 3537 3132 jacebamus,
3566 3064 3637 3119 il-

329 3173 430 3214 nec
457 3159 611 3230 quasi
665 3175 762 3230 per
796 3159 996 3230 gradus
1045 3171 1102 3217 et
1159 3171 1403 3232 tempora
1451 3162 1822 3232 proﬁcientem
1875 3165 1929 3221 in
1958 3145 2005 3210 C
2037 3156 2149 3212 lum
2175 3157 2243 3212 ab
2259 3155 2492 3212 excelsis
2515 3155 2946 3216 misericorditer
2975 3155 3042 3210 ad
3073 3156 3178 3210 ima
3199 3154 3413 3211 venisse
3436 3173 3451 3221 ;
3474 3156 3636 3226 quia,

328 3249 521 3317 Deum,
548 3253 774 3308 alterius
809 3262 984 3308 status
1011 3263 1140 3310 ante
1177 3257 1658 3325 resurrectionem,
1703 3259 1931 3314 alterius

329 3355 444 3414 post
476 3346 930 3402 resurrectionem
956 3361 1078 3402 eum
1112 3347 1282 3404 fuisse
1315 3349 1637 3417 credamus;
1670 3351 1767 3408 sed
1785 3351 1933 3422 ejus-

327 3437 450 3493 dem
473 3454 691 3510 semper
713 3440 1070 3509 plenitudinis
1095 3452 1257 3513 atque
1285 3442 1527 3513 virtutis.

398 3534 451 3589 6.
497 3536 563 3593 lit
589 3537 713 3606 quia
747 3551 938 3592 omnes
967 3536 1312 3595 inﬁrmitates
1345 3551 1586 3609 nostras,
1621 3541 1674 3597 id
1716 3552 1801 3599 est
1837 3558 1932 3599 na-

330 3635 462 3682 turre
493 3637 718 3694 nostrze,
768 3630 1028 3700 portavit,
1082 3639 1139 3686 et
1179 3646 1310 3687 vere
1359 3635 1659 3690 secundum
1709 3651 1929 3692 carnem

327 3719 638 3791 suscipiens
686 3721 846 3787 inse
895 3721 1120 3778 aﬁ‘ectus
1175 3734 1416 3793 nostros,
1455 3727 1524 3782 ad
1559 3728 1930 3797 probationem

330 3814 446 3869 veri
474 3813 737 3882 hominis,
771 3825 1033 3871 currente
1059 3817 1112 3872 in
1151 3817 1346 3874 eodem
1387 3819 1745 3877 nihilominus
1768 3837 1931 3878 cursu

329 3916 535 3964 nostra:
563 3909 934 3977 mortalitatis,
980 3920 1250 3982 potestate
1277 3912 1512 3982 scilicet,
1553 3931 1661 3970 non
1695 3918 1934 3973 necessi-

333 4008 464 4065 tate,
505 4010 667 4059 tctate
709 4011 764 4060 et
793 4003 1082 4075 sapientia,
1132 4005 1484 4076 Evangelista
1522 4007 1742 4066 dicente
1774 4009 1931 4082 (Luc.

331 4109 400 4160 ιι,
433 4095 528 4166 52)
561 4114 574 4147 :
607 4095 1124 4166 profecit,esurivit,
1169 4101 1360 4173 sitivit,
1411 4101 1669 4174 fatigatus
1706 4115 1812 4172 est,
1843 4106 1936 4162 ﬂa-

331 4187 561 4260 gellatus
591 4199 694 4259 est,
725 4192 1021 4248 cruciﬁxus
1053 4203 1158 4262 est,
1193 4205 1444 4252 mortuus
1471 4207 1578 4265 est,
1603 4201 1930 4256 resurrexit.

329 4277 446 4335 Non
475 4280 597 4335 ideo
627 4297 658 4336 a
685 4281 987 4338 divinitatis
1009 4293 1201 4340 natura
1229 4299 1468 4344 mutatus
1489 4301 1574 4347 est
1603 4307 1618 4347 :
1647 4293 1932 4350 inconver-

332 4372 542 4430 tibilem
563 4376 735 4441 enim,
761 4385 817 4432 et
861 4377 1387 4447 incommutabilem,
1444 4391 1502 4438 et
1541 4384 1931 4455 impassibilem

336 4475 589 4522 naturam
634 4467 934 4524 divinitatis
980 4471 1091 4538 jam
1143 4472 1392 4542 superius
1440 4475 1672 4545 professi
1723 4494 1933 4535 sumus.

2032 3253 2172 3308 sicut
2193 3249 2488 3321 Apostolus
2517 3249 2649 3305 dicit
2683 3267 2698 3304 :
2745 3248 2876 3304 Cum
2923 3250 2978 3302 in
3007 3249 3178 3318 forma
3209 3249 3304 3303 Dei
3331 3254 3493 3318 esset,
3533 3266 3638 3304 non

2033 3346 2275 3418 rapinam
2325 3344 2604 3398 arbitratus
2653 3350 2730 3397 est
2771 3359 2880 3398 esse
2923 3342 3139 3416 azqualis
3168 3340 3302 3410 Deo,
3330 3344 3421 3398 sed
3451 3353 3638 3398 semet-

2033 3440 2204 3510 ipsum
2247 3437 2552 3503 exinanivit,
2601 3438 2823 3508 formant
2847 3438 2980 3492 servi
3019 3438 3296 3510 accipiens,
3326 3447 3380 3494 et
3425 3438 3638 3510 reliqua

2033 3532 2296 3606 (Philipp.
2330 3549 2399 3601 tt,
2431 3533 2488 3598 6,
2516 3533 2672 3603 etc.).

2106 3628 2159 3681 7.
2201 3625 2341 3693 Quid
2389 3638 2494 3682 tam
2545 3635 2817 3696 apertum,
2865 3641 3026 3696 quam
3073 3641 3139 3682 ex
3177 3606 3294 3681 ’hoc
3322 3628 3636 3684 testimonio

2033 3721 2352 3795 mysterium
2386 3731 2550 3777 tantm
2598 3721 3023 3792 dispensationis
3065 3724 3403 3793 agnoscere?
3432 3721 3489 3776 In
3531 3723 3635 3778 ior-

2035 3831 2122 3871 ma
2152 3817 2296 3872 enim
2319 3813 2418 3871 Dei
2438 3814 2561 3886 quis
2589 3815 2692 3869 nisi
2724 3815 2867 3869 Deus
2898 3814 3414 3884 estithuomodo,
3443 3815 3635 3872 videa-

2035 3923 2192 3975 mus,
2253 3907 2375 3963 l‘uns
2459 3907 2814 3978 plenitudinis
2877 3907 3176 3963 exinauivit
3246 3909 3639 3976 semetipsum?

2034 4002 2225 4060 Nonne
2257 4002 2383 4060 dum
2417 4003 2588 4058 forma
2622 4002 2717 4058 Dei
2773 4001 3002 4058 formam
3051 4005 3264 4074 accepit
3291 4004 3471 4060 servi?
3501 4003 3632 4060 dum

2035 4098 2408 4169 principaliter
2436 4096 2701 4153 Dominus
2724 4111 2788 4151 ea
2823 4112 2944 4166 qua:
2972 4106 3099 4152 sunt
3127 4096 3318 4153 famuli
3344 4097 3638 4170 dignanter

2036 4191 2303 4246 assumit?
2343 4191 2578 4261 dumque
2633 4205 2732 4260 pro
2777 4189 3111 4260 indulgentia
3169 4200 3221 4245 et
3278 4190 3634 4246 miseratione

2035 4284 2232 4350 nostri,
2273 4282 2517 4354 gerendo
2573 4282 2828 4339 inferiora
2880 4297 2940 4338 se
2980 4281 3235 4337 videlicet
3262 4283 3344 4338 vel
3400 4284 3635 4353 agendo,

2040 4376 2277 4432 Verbum
2305 4391 2432 4433 caro
2472 4375 2675 4433 factum
2705 4384 2932 4430 evacuat
2975 4376 3026 4430 in
3063 4391 3290 4444 persona
3333 4376 3476 4446 quod
3510 4392 3633 4447 pos-

2038 4469 2181 4528 sidet
2221 4473 2274 4524 in
2318 4477 2534 4535 natura,
2585 4477 2642 4524 et
2674 4468 2727 4522 in
2775 4483 2908 4524 vero
2952 4467 3302 4523 humanitatis
3337 4469 3520 4524 habitu
3551 4469 3636 4524 fa—

344 4569 366 4595 τ
399 4559 506 4615 Sed
527 4560 654 4630 quia
679 4560 917 4617 Verbum
951 4563 1092 4620 Deus
1120 4565 1172 4618 in
1197 4542 1475 4623 hominem
1519 4568 1811 4640 dignanter
1833 4576 1935 4628 ho-
1961 4542 2018 4605 Ῑ)
2040 4575 2160 4623 ctus
2182 4552 2515 4620 obediens‘in
2544 4563 2787 4629 homine,
2820 4561 2952 4616 illud
2979 4561 3035 4617 in
3066 4578 3126 4618 se
3147 4578 3243 4632 per
3271 4562 3634 4619 humilitatem

344 4653 542 4707 minem
579 4652 928 4724 suscipiendo
959 4654 1259 4724 descendit,
1308 4668 1364 4714 et
1403 4674 1500 4730 per
1529 4664 1932 4733 susceptionem

347 4744 442 4800 Dei
482 4745 645 4802 homo
673 4747 918 4803 ascendit
959 4748 1011 4804 in
1066 4750 1234 4805 Deum
1282 4751 1560 4820 Verbum;
1620 4763 1765 4812 totus
1793 4758 1937 4814 Deus

350 4839 584 4921 Verbum
613 4841 787 4897 laetus
808 4853 894 4898 est
919 4851 1064 4898 totus
1088 4844 1271 4900 homo.
1303 4844 1419 4900 Non
1450 4848 1594 4904 enim
1617 4848 1762 4905 Deus
1785 4862 1940 4921 pater

347 4916 512 4989 homo
541 4935 715 4991 iactus
755 4946 858 5002 est,
892 4951 996 4992 nec
1022 4936 1257 5010 Spiritus
1286 4950 1530 5010 sanctus,
1561 4944 1658 4999 sed
1691 4916 1940 5018 unigeni-

347 5035 434 5081 tus
465 5029 655 5097 patris.
683 5026 922 5100 Ideoque
952 5043 1056 5084 una
1085 5046 1318 5100 persona
1338 5034 1651 5106 accipienda
1689 5047 1776 5092 est
1809 5055 1936 5094 ear-

347 5127 433 5178 nis
463 5134 518 5180 et
542 5125 731 5192 Verbi,
757 5138 814 5183 ut
845 5128 1078 5184 ﬁdeliter
1098 5128 1218 5184 sine
1243 5129 1422 5198 aliqua
1452 5131 1792 5190 dubitatione
1812 5151 1935 5192 cre-

351 5219 565 5288 damus,
593 5236 758 5277 unum
795 5221 1158 5295 eumdemque
1196 5221 1292 5278 Dei
1323 5222 1492 5279 ﬁlium
1520 5225 1942 5299 inseparabilem

430 5433 453 5462 ιι
496 5423 650 5480 llnnc
699 5425 878 5481 locum
920 5424 1205 5482 laudarunt
1237 5424 1548 5488 Cassianus,
1590 5425 1820 5487 Joannes
1851 5448 1939 5490 se-

355 5498 565 5572 cundus
595 5499 647 5552 in
677 5499 777 5572 Ep.
804 5497 871 5551 ad
890 5497 1176 5567 Avienum,
1206 5497 1489 5553 Facundus
1514 5497 1940 5572 Hermianensis,

358 5571 454 5624 lib.
488 5586 533 5634 I,
559 5584 680 5640 cap.
713 5571 746 5622 4
766 5611 780 5632 ,
805 5584 910 5624 non
942 5577 1122 5624 tamen
1153 5585 1345 5626 omnes
1368 5584 1522 5637 atque
1553 5571 1790 5639 prolixe.
1823 5576 1944 5631 Pri-

354 5657 496 5694 mam
526 5652 734 5697 tantum
771 5641 1097 5696 sententiam
1127 5641 1366 5696 Joatmes
1396 5641 1700 5698 secundus:
1731 5645 1945 5704 Cassia-

352 5728 454 5766 nus
497 5714 564 5767 ad
611 5716 726 5768 hare
747 5713 932 5778 verba,
961 5713 1323 5785 plenitudinis,
1353 5722 1507 5783 atque
1544 5713 1743 5770 virtutis
1768 5734 1788 5772 :
1839 5719 1945 5775 Fa-

347 5787 556 5842 cundus
581 5785 648 5840 ad
671 5785 770 5840 ista
799 5792 1027 5850 tantum,
1051 5794 1402 5856 uuncupetur,
1427 5792 1477 5840 et
1499 5799 1612 5842 vere
1635 5787 1724 5843 sit.
1771 5788 1846 5846 In.
1943 5859 1948 5864 ἰ

622 5879 900 5940 ΡΑΤιιοι..
965 5876 1208 5939 XXXI.

2041 4673 2097 4720 et
2123 4661 2488 4719 obedientiam
2514 4669 2724 4714 natura:
2763 4665 2966 4714 nostrae
3023 4658 3281 4723 restituit,
3335 4661 3480 4727 quod
3539 4674 3638 4728 per

2040 4756 2467 4815 inobedientiam
2498 4754 2740 4826 perierat
2768 4754 2820 4807 in
2860 4751 3056 4816 Adam,
3091 4758 3146 4804 et
3175 4751 3227 4805 in
3273 4766 3438 4807 carne
3491 4767 3639 4808 mor—

2043 4863 2166 4908 tuus
2220 4865 2439 4922 semper
2469 4847 2621 4916 vivit,
2672 4846 2727 4900 in
2777 4845 2968 4916 spiritu
3010 4843 3292 4900 viviﬁcans
3323 4859 3444 4899 cum
3487 4856 3642 4915 patre

2043 4947 2224 5003 omnia
2258 4962 2272 5000 :
2291 4934 2405 5016 jam
2433 4956 2725 5012 numquam
2759 4939 2827 4995 de
2855 4948 3055 4996 caetero
3095 4938 3413 5006 moriturus,
3445 4941 3639 4995 eadem

2043 5057 2075 5096 a
2102 5050 2256 5112 patre
2279 5038 2568 5095 suscitatus
2601 5035 2654 5102 in
2679 5048 2860 5090 carne.
2893 5032 2958 5086 Et
2985 5033 3046 5087 ﬁt
3073 5032 3232 5086 nobis
3270 5033 3643 5106 prinwgenitus

2044 5151 2109 5189 ea:
2133 5133 2346 5188 mortuis
2374 5129 2603 5202 (Coloss.
2642 5143 2690 5195 ι,
2724 5125 2837 5198 18),
2872 5124 3076 5196 quiest
3104 5124 3415 5196 unigenitus
3444 5125 3539 5180 Dei
3563 5124 3642 5177 vi-

2050 5228 2123 5297 vi,
2157 5241 2218 5280 ac
2246 5224 2434 5279 vivens
2464 5229 2591 5276 ante
2639 5218 2877 5274 saecula:
2933 5225 3152 5288 propter
3202 5232 3304 5272 nos
3353 5229 3555 5287 pauper
3585 5215 3642 5269 in

2118 5432 2148 5472 b
2186 5424 2481 5483 Garnerius
2510 5422 2660 5491 legit,
2691 5420 2916 5476 vicissim
2945 5419 3078 5474 idem
3119 5419 3229 5490 ipse
3255 5417 3432 5491 homo.
3469 5415 3664 5473 Bws.‘

2125 5507 2148 5534 ε
2192 5499 2262 5553 Ει
2288 5496 2379 5554 hic
2398 5490 2742 5551 etiam’locus
2789 5509 2817 5545 a
2856 5491 3118 5548 Cassiano
3151 5490 3394 5556 prolatus
3437 5500 3524 5544 est
3571 5492 3640 5544 ad

2049 5574 2150 5629 ista
2182 5585 2355 5636 usque
2385 5568 2572 5630 verba,
2600 5581 2663 5620 ea:
2690 5565 2879 5619 virtute
2912 5563 3027 5618 Dei.
3103 5562 3274 5636 Genu.

2122 5640 2150 5676 ά
2189 5633 2492 5697 Garnerius
2525 5636 2672 5708 legit,
2717 5637 3115 5708 pertimescimus
3140 5633 3310 5688 dicere
3330 5649 3410 5708 Aea:
3439 5633 3645 5691 homine

2054 5723 2232 5771 natum
2263 5714 2428 5768 Deum
2454 5720 2500 5767 et
2523 5705 2804 5766 secundum
2832 5707 3107 5774 hominem,
3145 5713 3248 5760 etc.
3329 5705 3496 5763 BAUN.
3637 5725 3645 5735 ο

3133 5869 3210 5932 39
