4110 6168
596 250 740 313 1227
1322 249 1348 259 ”

1885 247 2156 315 LEPOiili
2192 241 2628 318 PRESBYTER!

3693 273 3797 337 nas

593 378 868 454 tempore,
896 380 950 426 et
976 369 1226 444 indigens
1251 363 1306 426 in
1336 368 1580 439 homine,
1609 369 1765 425 nobis
1790 371 2017 442 accepit,
2048 372 2194 442 quod
2220 369 2276 434 Α
2300 373 2506 430 habens
2531 375 2764 431 animam
2792 385 2944 433 suam
2975 384 3198 450 ponere,
3231 389 3286 437 et
3325 389 3610 454 potestatem
3635 389 3797 454 habens

595 453 882 524 abundans
911 467 1012 525 sibi
1041 478 1260 538 semper
1285 466 1448 522 habet
1479 467 1533 521 in
1567 474 1743 536 patre.
1779 467 1825 522 O
1859 467 2086 522 altitudo
2115 467 2198 521 di-

597 561 841 614 uitiarum
862 560 1134 631 sapientia:
1160 569 1210 616 et
1236 559 1463 614 scicntia
1487 557 1619 614 Dei!
1649 572 1803 626 quam
1837 560 2200 614 inscrutobilia

596 664 718 708 sunt
739 653 946 722 judicia
975 658 1108 727 ejus,
1155 663 1202 707 et
1232 653 1605 726 int'estigabiles
1631 654 1726 708 eia:
1755 655 1868 725 ejus
1895 652 2078 726 (Rom.
2109 663 2193 719 xl,

596 747 693 818 33)
721 749 733 802 !
765 744 1003 803 Donatur
1025 746 1100 802 illi
1130 757 1352 818 pmpter
1381 757 1479 803 nos
1513 757 1538 786 ο
1570 758 1771 804 nomen
1805 747 2015 817 accepit
2045 763 2056 799 :
2091 745 2199 802 lar-

593 840 744 910 gitur
785 851 966 896 autem
1017 839 1289 908 omnibus,
1340 842 1466 912 quia
1517 840 1742 912 largitor
1781 839 2024 896 omnium
2057 839 2199 895 Deus

598 937 771 992 Deum
800 949 860 992 se
892 937 944 992 iu
970 935 1226 992 donando
1269 935 1568 1008 cognoscit,
1620 935 1896 992 hominem
1948 935 2002 991 in
2053 933 2198 991 accl-

594 1029 800 1101 piendo
829 1044 888 1086 se
916 1031 1065 1086 novit
1091 1049 1104 1083 :
1133 1037 1187 1085 ut
1218 1032 1273 1084 in
1301 1030 1506 1085 nomine
1528 1027 1656 1084 Iesu
1686 1041 1836 1086 omne
1863 1029 1995 1104 genu
2018 1032 2199 1101 ﬂecta-

596 1131 682 1178 tur
702 1125 1002 1193 ctelestium,
1039 1133 1086 1179 et
1127 1126 1468 1191 terrestrium,
1507 1137 1554 1180 et
1579 1127 1936 1196 infernarum:
1960 1137 2007 1181 et
2033 1125 2199 1180 omnis

596 1219 780 1293 lingua
821 1219 1152 1289 conﬁteatur,
1184 1221 1307 1288 Quia
1347 1219 1603 1276 Dominus
1630 1219 1788 1276 Jesut
1825 1221 1880 1274 in
1908 1220 2079 1292 gloria
2127 1231 2200 1275 est

605 1313 704 1368 Dei
730 1315 896 1385 putris
924 1311 1188 1385 (Philipp.
1223 1327 1260 1370 il
1280 1357 1293 1381 ,
1322 1315 1410 1382 10,
1454 1313 1564 1384 Η).
1599 1314 1726 1370 Hac
1749 1314 1886 1370 [ides
1917 1323 2123 1381 nostra,
2147 1323 2201 1370 et

595 1409 706 1464 hate
735 1413 953 1465 mutatio
993 1410 1222 1466 dextera:
1272 1403 1684 1483 Excrlsi(l’sal.
1739 1420 1927 1479 LXXVI,
1977 1407 2092 1481 ii),
2144 1409 2197 1465 in

596 1502 979 1560 emendatione
1011 1504 1246 1561 meliori.
1297 1503 1388 1560 Sic
1432 1504 1727 1570 credimus,
1777 1505 1855 1560 sic
1900 1515 2193 1560 tenemus:

595 1605 644 1650 et
670 1599 766 1651 hoc
795 1613 899 1652 non
923 1609 984 1652 ea:
1025 1597 1169 1652 nobis
1200 1596 1422 1669 (Ephes.
1458 1613 1529 1666 ll,
1578 1595 1672 1668 8);
1711 1593 1810 1652 Dei
1840 1599 1976 1652 enim
2005 1595 2199 1652 donum

595 1698 711 1745 ost:
746 1703 852 1747 nun
882 1707 946 1748 ex
1004 1692 1199 1748 merito
1228 1693 1461 1763 propria:
1489 1691 1793 1762 sapientiae,
1844 1699 1903 1746 ut
1946 1707 2052 1747 non
2082 1691 2200 1762 glo-

2299 470 2494 526 iterum
2550 485 2768 531 sumere
2803 471 2971 545 illam,
3019 473 3304 550 dignanter
3341 485 3555 558 suscepit
3580 487 3798 550 voltintate

2301 567 2483 638 (Joalt.
2517 581 2574 633 ι,
2604 567 2716 640 18).

2371 659 2425 714 9.
2471 659 2603 716 Illud
2636 673 2658 699 ο
2691 659 2853 718 etiam
2879 657 3103 721 minime
3132 661 3460 724 reticendum
3481 681 3666 740 censeo,
3690 678 3799 745 quod

2299 754 2353 810 in
2395 751 2586 811 eadem
2629 754 2856 829 cpistola
2885 752 3052 815 simili
3101 753 3323 818 devians
3377 772 3547 820 errore
3584 767 3801 840 subjunsi,

2296 849 2575 908 Christum
2609 848 2895 909 Dominum
2945 864 3188 912 IlOSlrtlm
3241 855 3320 914 sic
3363 860 3530 915 omnia
3555 873 3656 933 quae
3691 876 3807 920 erant

2301 943 2614 1013 passionum
2638 943 2973 1018 implevisse,
3000 955 3059 1004 ut
3112 947 3164 1005 in
3212 950 3360 1006 nullo
3403 951 3544 1023 quasi
3596 955 3807 1023 perlectus

2300 1041 2466 1098 homo
2490 1057 2521 1097 a
2546 1037 2849 1101 divinitatis
2876 1043 3086 1104 auxilio
3111 1045 3392 1119 iuvaretur
3424 1065 3439 1103 :
3463 1047 3629 1106 volens
3649 1049 3808 1107 scilicet

2299 1133 2370 1187 ita
2405 1133 2458 1188 in
2486 1129 2707 1191 Christo
2739 1136 3012 1194 hominem
3043 1137 3322 1210 assignare
3358 1139 3646 1212 periecmm,
3670 1157 3753 1212 quo
3773 1153 3812 1196 et

2302 1223 2535 1284 alienum
2579 1229 2649 1284 ah
2679 1225 2767 1286 his.
2799 1228 3147 1302 passionlbus
3185 1228 3420 1291 Vorbum
3465 1235 3613 1306 patris
3651 1249 3812 1290 assere-

2301 1335 2452 1390 rem;
2486 1333 2542 1400 et
2571 1318 2745 1380 solum
2781 1335 2878 1396 per
2924 1339 2985 1383 se
3017 1325 3291 1384 hominem
3345 1327 3511 1401 egisse
3547 1325 3647 1384 hac
3678 1325 3811 1383 omnia

2302 1415 2660 1487 possibilitate
2707 1425 2914 1474 natura!
2960 1419 3228 1488 mortalis,
3283 1420 3398 1477 sine
3443 1420 3611 1492 aliquo
3649 1418 3811 1475 deitalis

2301 1509 2589 1580 adjutorio,
2626 1509 2858 1582 probare
2888 1509 3130 1569 conabar
3164 1531 3176 1568 :
3209 1522 3340 1570 vere
3364 1523 3548 1581 caecus,
3576 1509 3653 1582 qui
3681 1520 3814 1566 susce-

2304 1613 2455 1672 ptum
2486 1601 2539 1658 in
2571 1603 2685 1659 Deo
2735 1599 3011 1661 hominem
3043 1600 3368 1677 conﬁtebar,
3393 1615 3446 1662 et
3468 1619 3576 1678 quae
3601 1613 3729 1661 erant
3760 1604 3815 1674 ip-

2303 1697 2418 1752 sius
2439 1693 2674 1753 hominis
2702 1695 2954 1754 nolebam
3007 1695 3061 1754 in
3092 1700 3204 1756 Deo
3232 1709 3356 1756 esse
3383 1701 3630 1771 stlsCepta.
3671 1699 3716 1753 in
3739 1699 3811 1754 hoc

596 1783 804 1840 riemur
832 1786 884 1840 in
913 1784 1069 1840 nobis
1100 1804 1109 1837 :
1141 1784 1306 1855 ipsius
1333 1786 1467 1840 enim
1488 1787 1691 1854 [actura
1717 1799 1914 1851 sumus,
1937 1784 2050 1855 jam
2086 1783 2200 1854 ι)νί-
2227 1763 2275 1830 Β
2305 1791 2489 1862 utique
2519 1789 2660 1846 haud
2687 1787 2851 1848 dubie
2880 1793 2936 1848 in
2965 1805 3024 1848 se
3065 1803 3386 1865 susceperat
3417 1763 3574 1849 totum
3605 1787 3818 1848 hominem

599 1877 724 1933 dem
754 1877 972 1948 quidem
1024 1879 1187 1932 creati
1217 1878 1270 1931 in
1311 1877 1515 1934 Christo
1539 1876 1705 1949 (Ibid.
1730 1923 1744 1945 ,
1777 1877 1865 1950 10)
1899 1896 1911 1929 :
1954 1885 2010 1932 at
2055 1887 2200 1933 nunc

595 1969 791 2026 iterum
821 1971 1252 2042 parturientibus
1301 1987 1400 2026 nos
1446 1974 1497 2027 in
1546 1973 1664 2028 luce
1691 1970 2008 2040 aposmlicis
2029 1972 2188 2040 viris,

597 2063 654 2120 in
684 2063 874 2120 eodem
907 2066 1166 2135 reparati.
1199 2065 1305 2135 ipsi
1326 2081 1455 2138 ergo
1479 2067 1658 2122 honor
1684 2076 1902 2136 semper
1922 2075 1976 2120 et
2001 2066 2194 2138 gloria.

669 2155 726 2211 8.
770 2154 846 2211 De
869 2171 937 2212 eo
968 2167 1147 2213 autem
1189 2158 1333 2226 quod
1377 2158 1696 2215 stultissime
1740 2160 1792 2214 in
1838 2159 2065 2229 epistola
2110 2159 2198 2215 illa

599 2250 1007 2319 proposuimus,
1042 2248 1141 2304 sed
1188 2249 1525 2320 ignoranter,
1558 2248 1809 2322 quodque
1856 2265 2000 2306 nunc
2044 2259 2200 2306 exse-

599 2341 806 2397 crabile
856 2341 1205 2410 conﬁtemur,
1261 2342 1315 2398 id
1372 2350 1455 2398 est
1503 2349 1756 2414 aptantes
1803 2343 1874 2398 ad
1922 2341 2198 2398 Christum

596 2434 867 2504 laborem,
896 2435 1264 2502 devotionem,
1299 2439 1575 2500 meritum,
1634 2437 1820 2506 iidem,
1874 2439 1927 2493 in
1987 2447 2197 2494 tantum

600 2527 1042 2586 inconvenientia
1075 2531 1191 2584 haec
1221 2530 1316 2584 Dei
1347 2530 1462 2584 lilio
1504 2530 1830 2600 iudicamus,
1884 2537 1942 2585 ut
1976 2531 2199 2586 remini-

597 2631 818 2680 scentes
843 2624 1050 2680 dictum
1083 2639 1110 2677 a
1146 2625 1324 2691 nobis,
1357 2636 1624 2680 summam
1652 2626 1955 2681 caecitatem
1996 2637 2197 2684 nostras

599 2717 932 2790 insipientia:
961 2725 1299 2790 reputemus,
1332 2727 1388 2774 et
1413 2733 1477 2774 ex
1497 2727 2196 2791 apertocerttamus,quam

599 2829 729 2870 vera
757 2813 976 2884 quidam
1021 2816 1129 2870 sint
1158 2815 1446 2870 adversum
1502 2829 1602 2870 nos
1653 2815 1865 2872 ratione
1896 2818 2193 2883 commoti;

598 2911 690 2982 qui
727 2919 996 2980 tamquam
1031 2909 1320 2981 unicuique
1361 2919 1698 2976 sanctorum,
1749 2911 1882 2967 licet
1908 2910 2012 2967 hoc
2044 2921 2200 2966 num-

496 3058 499 3059 .
601 3013 763 3076 quam
793 3002 1142 3060 habuerimus
1173 3005 1225 3060 in
1262 3005 1449 3071 corde,
1482 3015 1620 3075 pene
1654 2999 1935 3062 Chrismm
1962 3004 2195 3061 similem

599 3095 912 3160 fecerimus,
942 3109 995 3155 et
1027 3097 1100 3153 iiii
1129 3099 1222 3171 qui
1251 3113 1405 3170 super
1427 3109 1602 3153 omnes
1633 3107 1706 3153 est
1732 3095 1874 3154 Deus
1903 3097 2081 3170 (Rom.
2116 3109 2192 3168 1x,

2303 1883 2467 1952 Deus,
2501 1891 2559 1939 ut
2587 1881 2706 1941 haec
2731 1895 2850 1954 qua:
2881 1895 2981 1942 nos
3015 1889 3289 1958 tamquam
3324 1887 3438 1943 Deo
3464 1879 3686 1957 putamus
3719 1884 3820 1940 indi-

2299 1990 2425 2048 gna,
2461 1985 2568 2032 non
2599 1989 2700 2049 per
2726 1990 2786 2033 se
2810 1976 2960 2034 solus
2998 1977 3162 2034 homo
3193 1988 3385 2050 ageret
3412 1977 3601 2049 judicio
3628 1973 3823 2040 naturali,

2297 2070 2396 2126 sed
2425 2071 2569 2126 Deus
2600 2069 3024 2141 per'hominem,
3055 2075 3218 2143 atque
3242 2071 3294 2126 in
3323 2070 3558 2137 homine,
3588 2071 3686 2140 ipse
3704 2067 3828 2123 honio

2300 2166 2457 2221 nobis
2484 2165 2684 2232 factus,
2727 2170 2995 2235 potestate
3018 2171 3072 2223 et
3095 2164 3362 2239 mysterio
3394 2161 3581 2221 divinze
3605 2162 3827 2232 dispensa-

2301 2257 2466 2314 tionis
2499 2259 2776 2328 impleret.
2805 2251 3038 2326 Dehinc,
3081 2268 3150 2315 ne
3176 2260 3306 2328 quid
3341 2247 3646 2329 insipientia:
3664 2253 3832 2310 deesset

2299 2358 2457 2418 meae,
2507 2349 2857 2406 doetissimus
2901 2349 3079 2406 scriba
3111 2349 3180 2407 de
3212 2365 3320 2406 non
3365 2348 3633 2406 intellectis
3658 2361 3742 2402 non
3773 2346 3832 2400 itt-

2296 2443 2518 2500 teilecta
2547 2443 2901 2511 conﬁrmans,
2952 2442 3070 2498 hmo
3117 2445 3189 2498 ita
3235 2443 3444 2500 debere
3482 2439 3702 2511 intelligi,
3745 2452 3834 2509 qua

2299 2548 2462 2607 supra
2493 2536 2773 2607 posuimus
2816 2536 3147 2604 arbitrabar,
3192 2546 3250 2591 ut
3297 2536 3604 2593 testimonio
3647 2531 3724 2587 illo
3757 2545 3834 2601 quo

2296 2630 2557 2700 scriptum
2608 2637 2726 2696 est,
2781 2626 2960 2698 Deus,
3018 2628 3155 2684 Deus
3204 2639 3392 2698 lusus,
3435 2622 3838 2699 quamimmut-

2297 2723 2496 2794 liquisti
2523 2720 2698 2795 (Ptol.
2768 2731 2892 2790 ut,
2944 2722 3045 2794 l)?
3093 2722 3195 2777 hoc
3241 2720 3424 2792 ipsum
3461 2718 3681 2776 eniterer
3721 2715 3832 2770 assi~

2297 2831 2469 2887 gnare
2497 2833 2507 2870 :
2560 2827 2617 2872 et
2671 2810 2881 2872 idcirco
2913 2815 3203 2871 Dominum
3250 2815 3443 2886 gloria:
3473 2814 3525 2870 in
3554 2824 3696 2869 cruce
3731 2809 3840 2864 hunc

2297 2909 2554 2966 clamoris
2612 2909 2860 2964 emisisse
2907 2919 3261 2975 sermonem,
3311 2907 3458 2978 quod
3520 2905 3728 2976 perlecta
3769 2901 3838 2955 ho-

2299 3002 2463 3057 minis
2526 3001 2834 3072 patientia,
2897 3001 3121 3055 minime
3190 2999 3486 3070 adiuvante
3552 2998 3758 3058 Deitate,
3800 2993 3840 3046 in

2295 3095 2463 3150 tantis
2499 3094 2784 3150 doloribus
2823 3093 3165 3164 probaretur.
3203 3093 3352 3164 Ergo
3377 3094 3422 3147 si
3466 3103 3616 3148 causa
3661 3087 3840 3159 proban-

600 3191 679 3264 5),
707 3193 823 3249 haec
846 3159 1155 3264 quteitahel
1183 3159 1413 3264 simplex
1454 3201 1509 3248 et
1541 3187 1680 3247 nuda
1713 3159 2019 3247 mortalitas
2063 3159 2272 3248 a‘ssiJ3
2302 3189 2387 3245 dte
2440 3188 2691 3244 humanae
2763 3189 3038 3258 patientia)
3089 3189 3228 3243 hanc
3282 3198 3477 3244 Vocem
3521 3189 3574 3241 in
3619 3181 3843 3240 doloribus

600 3297 851 3360 gnantes,
884 3289 1024 3342 inter
1040 3295 1271 3348 caeteros
1293 3281 1694 3355 quodammodo
1722 3295 1846 3341 eum
1861 3284 2202 3355 posuerimus

599 3381 929 3439 innumero.
963 3375 1117 3438 Licet
1147 3389 1307 3451 eaput
1333 3380 1580 3451 corporis
1606 3379 1814 3434 dicatur
1863 3377 2082 3452 (Ephes.
2134 3389 2198 3446 ν,

597 3475 674 3533 25
693 3491 712 3542 ;
733 3474 935 3532 Coloss.
960 3491 978 3530 ι
1001 3520 1014 3545 ,
1047 3472 1160 3545 18),
1187 3485 1241 3531 et
1269 3490 1396 3530 vere
1437 3476 1507 3528 sit
1539 3471 1803 3530 Ecclesiae
1829 3473 2078 3544 corporis
2110 3480 2202 3528 ea-

604 3565 718 3641 put‘,
751 3579 912 3640 atque
941 3583 1008 3624 ex
1039 3567 1232 3623 eadem
1275 3581 1453 3622 massa
1484 3582 1586 3636 qua
1619 3581 1781 3622 omne
1812 3580 1982 3636 genus
2025 3565 2202 3622 homi-

601 3675 734 3719 num
767 3659 1048 3716 descendit
1091 3657 1389 3715 secundum
1435 3672 1680 3723 carnem,
1729 3657 1936 3728 absque
1975 3667 2201 3728 peccato

601 3755 789 3811 venire
821 3762 1076 3809 noscatur
1103 3773 1116 3808 :
1147 3765 1254 3807 non
1279 3761 1460 3807 tamen
1482 3751 1574 3821 qui
1601 3750 1892 3822 singularis
1915 3759 2017 3814 est,
2059 3751 2200 3807 inter

598 3858 835 3906 cancros
866 3846 1262 3920 computandus
1283 3856 1366 3902 est
1393 3863 1404 3898 :
1447 3859 1548 3901 nec
1579 3844 1671 3899 illa
1701 3845 1768 3900 ad
1816 3845 1992 3913 ipsum
2046 3844 2196 3900 reie-

601 3941 770 4000 renda
803 3951 949 4008 sunt,
981 3957 1102 4013 quae
1129 3949 1359 4012 possunt
1389 3939 1590 3995 habere
1615 3951 1946 4004 mensuram,
1976 3939 2100 4011 quia
2129 3941 2197 3996 ad

602 4039 780 4108 ipsum
807 4035 1007 4091 dictum
1032 4043 1114 4090 est
1147 4052 1161 4087 :
1194 4033 1318 4088 Non
1346 4034 1479 4088 enim
1517 4035 1592 4101 ad,
1615 4049 1908 4088 mensuram
1938 4036 2028 4089 dat
2058 4033 2198 4091 Deus

600 4133 838 4205 ,5me
862 4128 1044 4202 (ιοαη,
1077 4127 1284 4198 “’34).
1324 4126 1427 4184 Ubi
1477 4129 1622 4183 enim
1672 4128 1953 4199 plenitudo
1981 4129 2197 4186 deitatis

602 4237 710 4295 est,
737 4225 848 4282 illic
871 4237 971 4280 nec
997 4233 1268 4289 mensura,
1302 4235 1403 4278 nec
1423 4220 1617 4278 modus
1637 4231 1739 4278 est.
1775 4220 1957 4278 Nescit
1986 4222 2193 4291 labore,

604 4319 915 4386 devotione,
943 4315 1068 4381 ﬁde,
1099 4315 1318 4382 merito,
1348 4314 1510 4370 ﬁnem
1541 4313 1953 4385 apprehendere
1979 4315 2197 4372 merito-

607 4429 752 4485 rum,
802 4417 891 4486 qni
923 4415 1165 4470 inﬁnitus
1193 4421 1249 4469 et
1278 4415 1398 4468 sine
1423 4413 1670 4467 terminis
1699 4413 1808 4483 agit
1828 4415 2008 4467 omnia
2037 4422 2192 4483 pote-

605 4517 766 4565 state.
797 4506 827 4547 δ
860 4505 991 4563 Fide
1016 4505 1231 4578 quidem
1263 4504 1427 4560 homo
1447 4547 1462 4568 ,
1510 4514 1563 4558 et
1590 4512 1718 4560 vere
1748 4504 2044 4558 secundum
2077 4517 2196 4559 car-

603 4603 730 4658 nem
762 4601 925 4656 homo
962 4601 1239 4664 nascitur;
1267 4597 1361 4653 sed
1395 4598 1536 4653 Deus
1565 4611 1689 4652 esse
1717 4611 1825 4652 non
1853 4596 2084 4652 desinit:
2105 4611 2198 4653 nu-

595 4698 786 4762 tritur,
810 4693 1044 4766 proiicit,
1068 4692 1286 4758 crescit,
1313 4689 1597 4753 adolescit,
1617 4698 1666 4742 et
1687 4689 1816 4742 sicut
1837 4703 2001 4760 agnus
2020 4705 2193 4744 coram

604 4793 846 4852 tondente
880 4802 1052 4847 mutus
1098 4788 1279 4862 (Isai..
1311 4801 1437 4857 LIII,
1474 4783 1552 4857 7),
1577 4785 1820 4840 coniicio
1851 4786 2110 4852 sustinet,
2137 4795 2195 4842 et

598 4887 923 4959 "ﬂagellatur,
942 4897 995 4940 et
1013 4881 1355 4940 maledictam
1371 4889 1601 4935 mortem
1626 4889 1814 4934 auctor
1829 4879 1954 4934 Vitae
1973 4881 2198 4935 veniens

599 4984 658 5039 in
683 4996 901 5039 carnem
933 4993 1037 5035 non
1064 4975 1295 5048 respuit.
1321 4973 1428 5030 Sed
1455 4974 1570 5029 haec
1599 4972 1804 5041 omnia,
1837 4987 1946 5030 non
1973 4981 2032 5029 ut
2051 4986 2194 5031 unus

599 5089 667 5136 ex
717 5078 873 5132 nobis
915 5074 1239 5132 necessitate
1273 5075 1614 5127 consummat
1658 5084 1674 5126 :
1726 5067 1822 5124 sed
1869 5077 2192 5139 potestatem

669 5271 693 5302 ο
739 5251 1236 5328 Forielcgendum,
1271 5271 1420 5310 omne
1471 5252 1606 5320 quod
1651 5251 1864 5328 accepit.
1918 5250 2090 5328 Bson:
2115 5279 2185 5291 -

597 5331 810 5392 Mallcm
863 5322 1139 5401 equidem,
1171 5343 1370 5401 nomen,
1392 5327 1527 5395 quod
1561 5325 1790 5401 occepit.
1825 5322 2185 5401 Retinendum

599 5409 744 5464 enim
776 5396 957 5460 nomen
981 5403 1114 5458 satis
1148 5401 1321 5456 innuit
1349 5398 1594 5468 Apostoli
1630 5397 1780 5452 locus
1813 5396 2055 5465 proxime
2103 5410 2189 5450 se-

594 5495 920 5604 Windhaus
959 5542 1262 5617 probabilis
1297 5538 1747 5617 sensuicxtundi
1773 5540 1780 5548 '
1805 5545 2023 5617 potest:
2055 5552 2190 5617 quo-

590 5620 737 5678 circa
759 5607 1047 5684 icgendum
1074 5614 1213 5671 haud
1234 5612 1418 5682 dubie,
1441 5607 1531 5665 Fit
1561 5611 1768 5682 quidem
1797 5609 1973 5675 homo,
2004 5620 2061 5665 ut
2087 5611 2185 5665 ob-

590 5693 832 5748 servavit
859 5692 1183 5745 (inmeritis.
1261 5685 1427 5742 BAUN.

2299 3284 2636 3340 constitutus
2677 3280 2883 3347 emisit,
2927 3279 3117 3337 debuit
3145 3281 3312 3337 etiam
3354 3289 3412 3336 et
3452 3287 3576 3335 tunc
3603 3277 3662 3332 ad
3694 3273 3842 3346 proba-

2299 3379 2502 3433 tionem
2538 3377 2787 3446 ejusdem
2827 3375 3101 3445 patientia!
3146 3374 3355 3431 eisdem
3405 3372 3725 3430 sermonibus
3756 3368 3832 3422 hoc

2301 3471 2563 3536 clamare,
2596 3484 2717 3524 cum
2749 3477 2924 3524 ctesus
2951 3477 3036 3524 est
3057 3487 3070 3522 :
3099 3467 3290 3524 debuit
3311 3475 3368 3524 et
3391 3475 3515 3522 tunc
3535 3467 3704 3522 eadem
3719 3461 3839 3516 verba

2300 3563 2576 3632 proferre,
2609 3575 2732 3616 cum
2777 3560 2874 3615 illa
2915 3560 3202 3630 multiplici
3235 3559 3524 3614 vulnerum
3556 3571 3752 3621 corona,
3778 3553 3840 3606 ubi

2303 3666 2380 3711 tot
2405 3655 2560 3710 fuere
2588 3665 2784 3725 ρωιιω,
2813 3665 2946 3725 quot
2975 3654 3161 3724 spinas
3183 3653 3381 3709 illusus
3414 3653 3633 3722 accepit.
3655 3644 3840 3704 Autfor-

2299 3748 2440 3802 sitan
2470 3747 2686 3804 Christo
2714 3747 2934 3802 fuerunt
2969 3747 3072 3801 ista
3101 3747 3331 3812 leviora,
3371 3746 3460 3800 illa
3486 3745 3738 3817 graviora.
3765 3741 3838 3794 Ar~

2301 3843 2474 3899 bitror
2501 3843 2644 3912 quod
2669 3840 2762 3912 qui
2792 3848 2954 3895 uuam
2977 3840 3045 3895 ad
3067 3839 3420 3910 suscipienda
3452 3839 3569 3894 hac
3597 3833 3752 3891 omnia
3775 3831 3843 3885 lu-

2295 3939 2428 3994 bere
2447 3937 2699 4009 dignatus
2727 3945 2810 3991 est
2827 3937 3181 4004 voluntatem,
3214 3949 3379 3989 unam
3405 3932 3747 4002 eamdemque
3772 3925 3844 3980 bt-

2301 4031 2414 4087 bui-t
2431 4030 2500 4086 ad
2525 4032 2639 4085 llaec
2661 4028 2844 4085 omnia
2866 4029 3118 4100 patienda
3151 4029 3431 4084 virtutem.
3457 4026 3706 4083 Clamavit
3723 4028 3842 4089 ergo.

2293 4125 2442 4180 sicut
2476 4126 2740 4195 scriptum
2769 4132 2881 4189 est,
2909 4133 2967 4178 et
2995 4123 3046 4177 in
3084 4122 3232 4192 ligno
3260 4122 3445 4177 crucis
3484 4118 3714 4190 pendens
3737 4113 3847 4170 hanc

2299 4229 2488 4277 vocem
2519 4219 2694 4290 primo
2714 4217 2877 4274 morti
2903 4217 3084 4273 emisit
3109 4229 3250 4272 zenon
3283 4226 3344 4271 ut
3377 4216 3661 4271 humanam
3689 4206 3840 4282 pelles

2283 4323 2552 4384 clamque
2595 4313 2645 4367 in
2681 4325 2743 4367 se
2781 4311 3101 4382 patientiam
3147 4309 3581 4374 demonstraret,
3611 4317 3719 4377 qua
3755 4299 3848 4355 sine

2299 4399 2613 4463 testimonio
2645 4406 2796 4460 Vocis
2827 4404 3032 4482 causis
3056 4402 3190 4473 ipsis
3233 4411 3291 4458 et
3335 4401 3507 4458 rebus
3553 4392 3845 4456 evidentibus

2299 4504 2620 4572 probaretur
2648 4517 2661 4554 :
2693 4498 2788 4554 sed
2817 4507 2876 4553 ut
2914 4512 3043 4554 vere
3073 4496 3479 4566 manifestoque
3513 4494 3651 4550 illius
3679 4489 3760 4546 Dei
3782 4499 3846 4542 se-

2297 4592 2539 4649 cundum
2569 4604 2792 4646 carnem
2824 4603 2884 4646 se
2921 4591 3237 4646 ostenderet
3281 4587 3630 4657 moriturum,
3654 4595 3705 4641 et
3729 4580 3844 4636 velut

2299 4688 2480 4744 comis
2503 4687 2671 4756 ipsius
2699 4695 2837 4740 voce
2865 4694 3043 4750 mens,
3081 4696 3289 4754 ponens
3315 4685 3650 4754 praeteritum
3676 4691 3762 4748 pro
3785 4672 3846 4726 itt-

2295 4794 2424 4841 turo
2453 4783 2576 4854 quia
2618 4797 2716 4851 per
2751 4790 2987 4836 mortem
3037 4780 3218 4834 crucis
3256 4778 3574 4834 necessario
3615 4781 3844 4832 terrenum

2293 4880 2322 4917 α
2339 4891 2536 4949 corpus
2561 4885 2683 4933 erat
2706 4889 2736 4930 a
2767 4873 2879 4930 Deo
2909 4887 3007 4945 pro
3031 4883 3272 4944 tempore
3313 4871 3736 4944 relinquendum,
3760 4879 3844 4920 non

2293 4975 2470 5029 solum
2511 4986 2540 5024 a
2574 4971 2705 5036 Deo,
2753 4980 2938 5024 verum
2979 4968 3142 5023 etiam
3179 4966 3248 5021 ab
3285 4968 3469 5021 anima
3506 4952 3599 5021 sua
3625 4967 3732 5034 qua:
3755 4964 3846 5013 erat

2295 5069 2444 5123 unita
2473 5079 2596 5121 cum
2621 5065 2759 5131 Deo,
2800 5061 2906 5118 hoc
2933 5063 3110 5133 ipsum
3147 5060 3296 5131 prius
3328 5075 3497 5131 quam
3528 5058 3693 5124 ﬁeret,
3721 5049 3848 5108 nobis

2289 5259 2383 5314 tae,
2412 5247 2703 5314 nimiaque
2729 5243 2890 5301 liberi
2923 5243 3134 5300 arbitrii
3173 5241 3370 5311 laudis,
3412 5251 3584 5313 atque
3609 5230 3848 5295 societatis

2291 5335 2411 5376 cum
2449 5318 2773 5386 Pelagianis.
2848 5316 3019 5373 GARN.

2366 5392 2390 5429 ά
2433 5375 2608 5447 Caute
2635 5389 3011 5466 legendushic
3049 5388 3231 5466 locus;
3273 5375 3850 5466 quamquammonnulli

2290 5473 2497 5535 patres,
2542 5471 2597 5518 et
2644 5455 2755 5516 tr'es
2784 5461 3000 5531 Quidem
3033 5459 3208 5528 magni
3244 5455 3504 5524 nominis,
3557 5455 3785 5581 reicit-tum
3818 5461 3847 5529 ua

2290 5538 2574 5581 divinitate
2595 5545 2814 5581 (ennius-
2839 5533 3021 5581 triduo
3042 5534 3152 5581 tilio
3177 5529 3340 5581 iacuit
3381 5529 3438 5581 in
3469 5543 3604 5581 sonu
3661 5539 3733 5581 ro.
3755 5535 3847 5581 (ψι-

2285 5529 2574 5592 divinitate
2595 5529 2815 5600 Corpus,
2839 5533 3021 5585 triduo
3042 5534 3152 5593 quo
3171 5529 3340 5599 iacuit
3381 5529 3438 5584 in
3469 5529 3733 5600 sepulcro,
3755 5535 3848 5588 opt-

2295 5607 2406 5662 nati
2437 5610 2563 5673 sint,
2593 5599 2935 5675 Epiphanius
2968 5601 3172 5657 Haeres.
3200 5601 3270 5656 id
3291 5612 3345 5657 et
3499 5599 3728 5675 Hilarius
3746 5607 3845 5675 catt.

2287 5679 2358 5735 55
2387 5682 2437 5733 in
2468 5667 2658 5734 Match
2691 5675 3012 5732 Ambrosius
3037 5676 3086 5729 in
3121 5681 3348 5729 tractatu
3376 5667 3448 5728 de
3473 5670 3722 5727 svmbolo
3745 5674 3843 5730 calt-

669 5776 689 5801 ε
733 5763 960 5829 Propter
997 5763 1136 5816 hunc
1165 5759 1510 5818 sententiam.
1560 5763 1724 5829 atque
1774 5751 2173 5829 praecedentem
2277 5751 2372 5807 15.
2404 5749 2574 5809 (ΞΛΜ.

477 5887 483 5898 ,
593 5835 773 5902 aliam,
818 5825 1076 5904 Leporius
1104 5839 1388 5888 accusatus
1427 5838 1509 5887 est
1545 5826 1731 5900 gratia:
1762 5825 1957 5884 divinas
2008 5838 2172 5895 nega-
