4110 6168
545 239 680 299 1251

1044 237 1138 296 AD
1176 233 1450 294 LEPORII
1492 229 1928 293 PRESBYTERI
1961 227 2307 287 LIBELLUM
2349 222 2892 286 PRJECEDENTEM
2931 219 3299 280 APPENDIX.

3636 224 3749 282 ηδε

547 344 3743 378 _______________________________________________.__._.____..

1661 517 2686 638 APPENDIX.

1107 1015 1130 1042 η
1166 984 1721 1075 EPISTOLA
1815 981 1840 1021 ¹³
1874 982 2160 1068 EPISl

2268 979 2726 1064 tPORUM
2821 975 3307 1082 AFRIC/E,

946 1201 1149 1277 Quam
1183 1217 1321 1262 cum
1355 1214 1553 1278 supra
1586 1195 1824 1274 scripto
1853 1191 2112 1270 Leporii
2141 1188 2353 1253 libello
2384 1189 2688 1250 miserunt
2708 1184 2791 1248 ad
2815 1185 3143 1266 episcopos
3169 1183 3403 1248 Gallice.

545 1627 996 1695 Dilectissimis
1025 1633 1086 1692 et
1112 1625 1605 1691 honorabilibus
1647 1624 1954 1688 fratribus
1990 1629 2054 1688 et
2099 1624 2670 1689 consacerdotibus
2699 1624 2997 1687 Paucum
3028 1625 3088 1683 et
3119 1619 3452 1694 CYIJNNlO,
3483 1617 3774 1696 AUREIJUS,

1134 1731 1569 1804 AUGUSTINUS,
1602 1727 2010 1790 FLURENTIUS
2052 1732 2117 1789 et
2141 1729 2546 1792 Sacunnmus
2577 1729 2645 1790 in
2675 1727 2952 1790 Domino
2985 1724 3282 1790 salutem.

618 1945 818 2003 Filium
857 1951 1102 2000 nostrum
1133 1941 1426 2012 Leporium
1461 1940 1603 2011 apud
1628 1950 1864 1997 vestram
1895 1941 2152 1996 sanctita-
2175 1945 2231 2006 Α
2257 1941 2403 1998 Idem
2433 1943 2598 2013 igitur
2619 1949 2675 2000 et
2705 1942 2966 2000 Dominus
2997 1954 3051 2001 et
3077 1947 3326 2006 medicus
3353 1956 3531 2006 noster
3555 1955 3693 2004 utens
3713 1961 3783 2000 va-

545 2050 656 2098 tem
683 2055 782 2112 pro
813 2038 898 2094 sui
920 2035 1126 2092 erroris
1152 2036 1580 2106 praesumptione
1611 2034 1810 2089 merito
1835 2033 2146 2104 idoneeque

545 2144 880 2204 correptum,
912 2147 1037 2188 cum
1066 2131 1134 2186 ad
1165 2145 1265 2186 nos
1295 2138 1486 2202 postea
1514 2144 1676 2201 quam
1722 2127 1850 2184 inde
1879 2128 2146 2184 exturba-

547 2239 637 2287 tus
657 2240 744 2286 est
770 2227 1035 2294 venisset,
1060 2224 1351 2281 salubriter
1367 2224 1743 2295 perturbatum
1767 2222 2151 2294 corrigendum

548 2323 962 2393 sanandumque
1007 2319 1367 2389 suscepimus.
1390 2318 1548 2397 [Nam
1575 2318 1719 2374 sicut
1756 2332 1858 2374 vos
1885 2317 2154 2372 obedistis

545 2414 810 2485 Apostnlo
841 2422 901 2469 ut
930 2410 1277 2482 corriperetis
1308 2410 1602 2481 inquietos,
1635 2411 1707 2466 ita
1735 2419 1792 2466 et
1821 2425 1922 2466 nos
1943 2420 2004 2464 ιιι
2025 2424 2156 2464 con-

542 2510 849 2568 solarentur
897 2507 1281 2579 pusillanimes
1325 2521 1389 2562 ac
1434 2506 1849 2576 susciperemus
1902 2502 2151 2560 infirmos

549 2603 613 2675 (Ι
643 2603 828 2660 Thess.
861 2618 917 2668 v,
953 2602 1077 2672 l4).

621 2697 756 2754 Cum
789 2695 936 2753 enim
979 2702 1396 2766 praeoccupatus
1423 2700 1575 2748 esset
1605 2691 1746 2746 sicut
1776 2691 1943 2745 homo
1974 2689 2028 2744 in
2054 2688 2157 2744 ali-

545 2806 657 2863 quo
677 2789 880 2846 delicto
903 2787 1058 2860 (Gal.
1091 2804 1167 2855 vt,
1203 2786 1290 2858 l),
1321 2785 1626 2856 eodemque
1651 2801 1756 2838 non
1790 2798 1979 2854 parvo,
2006 2792 2065 2837 ut
2091 2781 2160 2837 de

547 2884 834 2956 unigenito
861 2882 977 2938 tilio
1007 2881 1128 2948 Dei,
1161 2880 1306 2952 quod
1345 2889 1455 2935 erat
1499 2881 1554 2934 in
1590 2877 1853 2950 principio
1905 2875 2156 2941 Verbum,

545 2990 596 3036 et
639 2978 869 3034 Verbum
914 2987 1023 3033 erat
1067 2977 1207 3046 apud
1250 2976 1450 3040 Deum,
1491 2983 1540 3026 et
1585 2971 1726 3026 Deus
1774 2981 1884 3026 erat
1934 2969 2158 3025 Verbum

551 3072 748 3144 (Joan.
798 3088 838 3139 t,
891 3071 953 3143 1)
981 3069 1153 3128 :Cum
1201 3077 1375 3124 autem
1420 3067 1555 3122 venit
1597 3064 1865 3138 plenitudo
1917 3065 2160 3136 temmris

547 3165 566 3236 (
595 3163 717 3221 Gal.
751 3180 826 3230 v1,
855 3162 947 3234 4),
991 3161 1211 3217 Verbum
1240 3177 1360 3216 caro
1391 3163 1587 3231 factum
1618 3170 1714 3223 est,
1748 3169 1796 3212 et
1826 3157 2076 3211 habitavit
2105 3156 2160 3210 in

551 3256 698 3311 nobis
725 3255 923 3324 (Joan.
955 3271 996 3320 ι,
1034 3254 1156 3326 14),
1184 3268 1293 3308 non
1320 3261 1468 3308 recta
1498 3250 1748 3322 quaedam
1781 3257 2024 3320 saperet,
2059 3262 2161 3303 nec

2254 2036 2330 2091 sis
2359 2050 2424 2091 ac
2448 2037 2717 2092 ministris
2760 2037 2896 2102 suis,
2927 2040 3020 2110 qui
3050 2041 3190 2097 dixit
3224 2061 3235 2096 :
3271 2042 3390 2116 Ego
3432 2043 3709 2116 percutiam,
3748 2049 3785 2094 et

2255 2147 2348 2204 ego
2377 2130 2573 2186 sanabo
2603 2130 2624 2202 (
2650 2129 2805 2186 Deut.
2837 2148 3008 2198 nm,
3041 2133 3167 2208 33),
3200 2149 3298 2207 per
3328 2151 3425 2192 vos
3453 2135 3693 2206 percussit
3722 2143 3784 2188 tu-

2257 2233 2524 2290 mentem,
2573 2238 2670 2294 per
2714 2239 2813 2281 nos
2851 2226 3064 2284 sanavit
3095 2228 3400 2286 dolentem.
3432 2229 3570 2287 Idem
3595 2244 3688 2286 sua:
3709 2227 3789 2283 do-

2260 2332 2382 2372 mus
2411 2316 2822 2374 administrator
2849 2328 3016 2388 atque
3043 2321 3318 2394 provisor,
3344 2339 3442 2395 per
3459 2338 3552 2380 vos
3572 2321 3792 2380 destruxit

2260 2409 2400 2466 male
2419 2419 2754 2478 constructa,
2778 2427 2876 2483 per
2896 2427 2995 2469 nos
3015 2414 3155 2471 bene
3179 2416 3481 2488 composita
3504 2413 3792 2472 restauravit.

2257 2501 2407 2576 Idem
2437 2502 2674 2571 diligens
2708 2504 2940 2574 agricola
2973 2507 3344 2577 possessionis
3370 2523 3482 2565 suae
3510 2509 3701 2566 sterilia
3722 2522 3796 2577 per

2259 2608 2356 2649 vos
2405 2593 2706 2651 eradicavit
2733 2606 2793 2652 et
2822 2595 3007 2665 noxia,
3060 2599 3209 2655 utilia
3258 2616 3362 2672 per
3411 2615 3509 2657 nos
3536 2610 3587 2657 et
3613 2598 3798 2657 fecunda

2258 2687 2544 2757 plantavit.
2582 2688 2701 2745 Non
2732 2690 2916 2761 itaque
2949 2692 3135 2765 nobis,
3166 2693 3262 2750 sed
3288 2694 3410 2765 ejus
3455 2691 3798 2751 misericordia

2260 2777 2452 2836 demus
2479 2779 2736 2852 gloriam,
2769 2783 2825 2838 in
2855 2783 3012 2854 cujus
3041 2800 3204 2841 manu
3235 2801 3430 2844 sumus
3459 2797 3514 2845 et
3534 2803 3624 2845 nos
3644 2795 3692 2843 et
3713 2801 3803 2843 ser-

2261 2887 2450 2929 mones
2497 2875 2692 2930 nostri.
2744 2875 2814 2931 Et
2856 2877 2996 2934 sicut
3035 2879 3088 2934 in
3135 2895 3304 2951 supra
3337 2881 3486 2938 dicto
3515 2881 3619 2937 lilio
3655 2888 3804 2936 nostro

2263 2966 2630 3022 ministerium
2658 2976 2898 3024 vestrum
2947 2970 3226 3027 humilitas
3255 2982 3449 3029 nostra
3480 2973 3716 3040 laudavit,
3742 2971 3802 3027 sic

2261 3062 2426 3118 etiam
2452 3063 2712 3117 sanctitas
2743 3071 2928 3120 vestra
2959 3075 3149 3122 nostro
3178 3067 3492 3125 ministerio
3516 3067 3792 3141 gratuletur.

2334 3153 2571 3210 Paterno
2592 3153 2756 3226 igitur
2784 3167 2840 3212 et
2870 3157 3111 3215 fraterno
3133 3159 3305 3217 corde
3349 3162 3604 3234 suscipite
3629 3177 3658 3215 a
3685 3158 3809 3215 nobis

2263 3248 2605 3304 misericordi
2646 3251 2942 3307 severitate
2971 3264 3300 3310 correctum.
3347 3255 3415 3311 Et
3444 3257 3490 3311 si
3521 3255 3656 3311 enim
3695 3251 3809 3308 aliud

554 3362 682 3404 vera
710 3345 962 3415 sentiret,
991 3361 1192 3417 negans
1221 3345 1387 3400 Deum
1417 3345 1691 3400 hominem
1722 3343 1945 3408 factum,
1978 3358 2049 3396 ne
2080 3341 2160 3395 vi~
2191 3344 2238 3404 Β
2265 3355 2364 3411 per
2410 3356 2530 3408 nos,
2581 3341 2723 3396 aliud
2771 3358 2870 3414 per
2901 3359 3033 3408 vos;
3067 3355 3364 3416 utrumque
3396 3358 3574 3404 tamen
3601 3346 3812 3402 fraterna

561 3439 762 3498 delicet
799 3438 1122 3496 substantia:
1171 3437 1369 3494 divinae
1417 3451 1540 3508 quae.
1582 3435 1804 3506 aequalis
1848 3442 1935 3491 est
1975 3433 2160 3502 Patri,

558 3533 780 3604 indigna
801 3533 1032 3588 mutatio
1055 3531 1141 3587 vel
1167 3530 1449 3599 corruptio
1470 3538 1790 3599 sequeretur
1809 3544 1824 3584 z
1847 3541 1948 3584 nec
1973 3526 2163 3582 videns

559 3637 811 3698 quartam
853 3641 914 3682 se
955 3624 1412 3683 subintroducere
1440 3624 1493 3678 in
1533 3623 1802 3678 Trinitate
1843 3634 2157 3692 personam,

559 3718 705 3791 quod
729 3735 761 3775 a
788 3719 1023 3776 sanitate
1051 3717 1287 3791 symbuli
1309 3715 1708 3783 catholicmque
1733 3714 1985 3772 veritatis
2008 3729 2166 3784 pror-

457 3861 459 3864 .
554 3830 649 3870 sus
679 3813 920 3870 alienum
942 3822 1065 3870 est:
1089 3829 1216 3869 eum
1246 3811 1410 3867 sicuti
1442 3813 1722 3882 potuimus
1743 3810 2035 3881 adjuvante
2057 3810 2166 3866 Do-

557 3907 709 3963 mino
761 3907 1120 3963 instruximus
1167 3906 1220 3960 in
1263 3905 1462 3976 spiritu
1525 3905 1803 3971 lenitatis,
1857 3904 2163 3975 praesertim

558 3998 684 4069 quia
709 4012 834 4053 cum
863 3997 969 4054 hoc
998 3998 1326 4054 admoneret
1353 4011 1448 4051 vas
1477 3995 1788 4061 electionis,
1822 3995 2040 4067 adjecit,
2071 3995 2166 4051 In-

558 4092 770 4147 tendens
811 4101 860 4148 te
895 4091 1089 4162 ipsum,
1142 4107 1206 4146 ne
1249 4099 1299 4145 et
1330 4100 1387 4144 tu
1417 4090 1626 4144 tenteris
1657 4087 1819 4158 (Gal.
1856 4105 1933 4160 vt,
1967 4088 2062 4160 1):
2096 4105 2166 4146 ne

561 4183 636 4239 ita
674 4199 735 4240 se
763 4181 981 4253 quidam
1015 4181 1083 4238 ad
1113 4189 1433 4253 provectum
1483 4182 1790 4252 spiritalem
1842 4181 2164 4252 pervenisse

560 4277 880 4349 gauderent,
904 4286 966 4333 ut
985 4292 1046 4334 se
1066 4276 1179 4348 jam
1209 4292 1318 4331 non
1345 4290 1507 4348 posse
1540 4275 1737 4332 tentari
1767 4285 2041 4347 tamquam
2067 4274 2168 4330 ho-

562 4374 736 4430 mines
779 4383 1073 4446 putarent;
1104 4372 1422 4444 addiditque
1451 4372 1726 4429 salubrem
1773 4373 2169 4444 paciﬁcamque

559 4468 918 4536 sententiam,
951 4477 1010 4524 ut
1035 4469 1169 4523 alter
1189 4469 1408 4524 alterius
1430 4483 1585 4523 onera
1605 4476 1890 4540 portemus,
1921 4468 2170 4540 quoniam

560 4564 638 4618 sic
662 4563 1063 4634 adimplebimus
1091 4565 1253 4637 legem
1279 4562 1493 4618 Christi.
1525 4562 1628 4630 Qui
1648 4564 1786 4617 enim
1816 4572 1963 4633 putat
1989 4580 2042 4618 se
2063 4580 2171 4619 esse

561 4657 782 4729 aliquid,
814 4675 934 4712 cum
962 4659 1030 4712 sit
1060 4657 1215 4722 nihil,
1246 4673 1300 4712 se
1327 4658 1502 4728 ipsum
1527 4657 1726 4712 seducit
1755 4655 1956 4728 (Ibid.,
1985 4658 2042 4723 2,
2080 4657 2168 4730 5),

2265 3434 2425 3489 saluti
2451 3435 2816 3490 necessarium
2840 3453 2942 3492 una
2964 3437 3204 3495 charitas
3227 3439 3363 3496 fecit
3377 3459 3391 3495 :
3407 3455 3545 3496 unus
3563 3453 3684 3511 ergo
3703 3437 3813 3492 Deus

2265 3524 2412 3593 fecit,
2457 3527 2714 3596 quoniam
2767 3527 2908 3583 Deus
2951 3529 3176 3586 charitas
3225 3542 3301 3588 cst
3333 3531 3579 3606 (lloan.
3626 3548 3700 3599 tv,
3741 3529 3812 3598 l).

2265 3617 2498 3676 Proinde
2529 3621 2673 3676 sicut
2701 3635 2799 3692 per
2825 3637 2981 3678 suam
3014 3625 3366 3694 praesentiam
3400 3633 3673 3697 susceptus
3701 3628 3814 3678 est:

2266 3712 2448 3780 nobis,
2481 3713 2562 3770 sic
2591 3729 2694 3785 per
2728 3731 2886 3771 suam
2916 3717 3206 3787 epistolam
3257 3719 3589 3790 suscipiatur
3616 3732 3645 3772 a
3672 3713 3812 3771 vobis.

2265 3809 2362 3864 Cui
2395 3809 2612 3880 quidem
2640 3811 2886 3881 epistolae
2915 3824 3104 3872 nostra
3130 3814 3295 3870 etiam
3329 3831 3492 3872 manu
3519 3811 3820 3870 subscriben-

2265 3900 2395 3956 dum
2427 3902 2757 3973 putavimus.
2791 3904 2962 3976 ipsius
2991 3921 3115 3963 esse
3145 3916 3437 3965 testantes.

2339 3995 2493 4052 Hanc
2518 3996 2638 4064 eius
2667 3998 3066 4056 correctionem
3102 3999 3452 4058 dilectionem
3486 4009 3709 4058 vestram
3740 3994 3822 4054 mi-

2267 4089 2414 4146 nime
2442 4089 2755 4148 dubitamus
2785 4101 2841 4149 et
2865 4103 3145 4164 gratanter
3174 4095 3454 4167 accipere,
3483 4105 3539 4153 et
3568 4095 3644 4152 eis
3670 4101 3822 4149 notam

2268 4185 2451 4241 facere
2479 4185 2677 4255 quibus
2706 4185 2824 4256 ejus
2851 4202 3011 4242 error
3031 4187 3348 4245 scandalum
3383 4189 3486 4245 fuit
3519 4207 3532 4243 :
3559 4187 3677 4259 quia
3699 4193 3746 4242 et
3763 4180 3824 4238 illi

2267 4279 2358 4350 qui
2382 4294 2503 4335 cum
2533 4293 2601 4337 eo
2626 4291 2896 4336 venerunt
2919 4280 2988 4336 ad
3015 4296 3115 4338 nos
3139 4298 3262 4338 cum
3308 4283 3408 4340 illo
3437 4283 3665 4340 correcti
3693 4288 3825 4348 atque

2269 4371 2444 4427 sanati
2467 4381 2612 4440 sunt,
2640 4372 2781 4427 sicut
2801 4387 2988 4429 eorum
3011 4373 3519 4444 subscriptionibus
3544 4387 3659 4446 qua:
3675 4380 3826 4426 coram

2273 4466 2430 4523 nobis
2455 4466 2612 4522 facta:
2641 4478 2790 4534 sunt,
2821 4476 3038 4525 tenetur
3061 4483 3403 4540 expressum.
3435 4471 3689 4541 Superest
3710 4460 3830 4520 utde

2273 4561 2513 4618 fraterna
2546 4562 2723 4618 salute
2751 4563 2940 4631 laetati,
2973 4565 3260 4636 rescriptis
3289 4563 3645 4622 beatitudinis
3664 4567 3828 4617 vestra

2277 4672 2376 4712 nos
2407 4656 2647 4713 vicissim
2675 4656 2954 4714 lattiticare
2979 4657 3300 4729 dignemini.
3332 4658 3601 4731 Optamus
3627 4672 3736 4722 vos,
3761 4651 3832 4706 die

560 4749 900 4808 dilectissimi
925 4761 981 4808 et
1002 4751 1359 4807 honorabiles
1399 4750 1614 4807 fratres.
1646 4749 1818 4819 Quam
1851 4759 2031 4808 tamen
2053 4752 2173 4822 ejus
2201 4747 2246 4812 C
2278 4749 2559 4807 lectissimi
2588 4758 2644 4806 et
2690 4749 3044 4808 honorabiles
3088 4752 3308 4820 fratres,
3355 4753 3412 4810 in
3467 4751 3694 4810 Domino
3718 4751 3832 4804 bene

561 4841 1000 4900 emendationem
1031 4858 1375 4916 nequaquam
1406 4842 1546 4899 forte
1577 4842 1806 4910 implere
1850 4858 2156 4915 possemus.

562 4932 668 4992 nisi
687 4949 786 4992 vos
815 4948 942 4994 ante
963 4953 1086 5008 quae
1109 4937 1164 4993 in
1186 4951 1254 4994 eo
1279 4935 1543 4994 mendosa
1568 4920 2165 4995 fuerantdamnaretis.

566 5243 604 5287 χ
638 5219 666 5251 λ
703 5208 819 5269 Etsi
867 5218 1100 5287 quatuor
1141 5213 1520 5285 episcoporum
1557 5214 1780 5272 nomine
1815 5217 2014 5287 scripta
2040 5223 2162 5282 est,

561 5285 643 5342 sic
670 5283 1091 5361 t_amen__redolet
1117 5283 1514 5361 s‘tjAlum'atque
1543 5288 1816 5359 ingenium
1847 5283 2160 5361 Augustini,

566 5358 716 5413 utab
741 5372 812 5414 eo
841 5357 1101 5413 dictatam
1139 5357 1306 5413 fuisse
1335 5358 1559 5414 dubium
1591 5357 1697 5415 non
1730 5357 1997 5416 videam}.
2028 5357 2165 5416 For-

563 5440 711 5487 tasse
740 5439 796 5485 et
825 5429 893 5486 ab
920 5427 1043 5483 aliis
1082 5442 1321 5498 quoque,
1355 5432 1436 5484 vel
1475 5431 1712 5487 aliorum
1750 5443 1902 5488 certe
1929 5442 2059 5488 nutu
2097 5447 2161 5488 ac

565 5503 708 5567 vice,
738 5501 1052 5567 conscripta
1082 5507 1189 5556 est.
1219 5499 1484 5557 SIBMOND.

639 5572 664 5610 ιι
710 5573 844 5646 little
873 5572 1122 5646 epistola:
1153 5572 1340 5646 titulus
1361 5573 1422 5646 in
1457 5573 1572 5646 ιιωο
1607 5575 1769 5630 verba
1804 5575 2056 5646 prtulixus
2077 5585 2164 5633 est

567 5645 638 5720 in
669 5644 856 5720 codice
903 5644 1238 5720 [.eodiensi}
1267 5642 1506 5720 Epistola
1557 5647 1754 5720 Aurelii
1777 5642 2117 5720 ,2Augustini
2146 5691 2160 5711 ,

571 5714 828 5770 Florentii
855 5726 901 5769 et
931 5716 1234 5779 Secundini,
1275 5716 1344 5768 ad
1375 5718 1769 5774 consacerdotes
1802 5714 2087 5774 Proculum
2116 5728 2161 5772 et

567 5783 884 5854 Cylinniunt,
919 5787 984 5840 tle
1010 5804 1110 5856 quo
1142 5787 1384 5859 Leporio,
1416 5789 1504 5860 qui
1533 5808 1626 5860 pro
1654 5807 1712 5845 eo
1741 5792 1879 5861 quod
1903 5808 2003 5845 non
2026 5801 2164 5845 recta

2270 4846 2457 4904 valere
2482 4862 2752 4905 memores
2786 4849 2978 4905 nostri.

2274 5216 2512 5288 quietiam
2533 5225 2756 5288 saperet.
2787 5233 2879 5273 nec
2906 5232 3026 5272 uera
3052 5215 3118 5271 de
3143 5215 3246 5287 ﬁde
3275 5213 3508 5276 sentiret,
3549 5229 3640 5286 pro
3664 5207 3838 5288 [iuraui

2272 5281 2505 5358 corporis
2550 5281 2948 5359 prmurnptione
2985 5306 3017 5341 a
3057 5281 3250 5343 sanctis
3286 5281 3594 5359 memoratis
3635 5281 3838 5351 patribus

2272 5359 2502 5416 Proculo
2527 5358 2574 5416 et
2605 5360 2844 5432 Cylinnio
2887 5370 3152 5432 correptus
3180 5371 3230 5415 et
3259 5358 3323 5413 de
3357 5359 3475 5432 loco
3505 5373 3598 5412 suo
3620 5359 3838 5432 Δ(ἀειτιιιης,

2270 5432 2340 5487 ad
2381 5442 2618 5488 sanctum
2647 5429 2994 5503 Augustinum
3027 5429 3074 5486 et
3098 5431 3233 5485 alios
3256 5430 3556 5503 prtemissos
3584 5429 3713 5503 ego:
3736 5441 3838 5494 per-

2270 5506 2409 5578 uenit
2431 5506 2600 5578 gratia
2622 5500 2876 5578 coniugii.
2914 5503 3069 5578 Unde
3093 5503 3157 5557 ab
3185 5500 3264 5557 eis
3281 5500 3564 5556 salubriter
3589 5500 3840 5578 fluctus.

2269 5584 2317 5630 et
2344 5576 2411 5630 ad
2431 5571 2622 5631 sanam
2663 5571 2949 5630 doctrinam
2979 5575 3245 5637 reductus,
3276 5590 3370 5628 suo
3409 5581 3489 5626 est
3516 5571 3745 5644 episcopo
3769 5580 3844 5646 ρετ

2271 5649 2540 5717 propriam
2588 5647 2861 5718 epistolam
2909 5646 3166 5702 catholice
3208 5646 3511 5702 sentientem
3543 5638 3844 5698 'cum'sociis

2270 5721 2654 5776 reconciliatus.
