4032 6340
213 301 2240 606 νῶἷὶιυδ
2366 312 3511 600 ΒΕΧῇξὴ,

1093 701 2678 743 ————-————-—-=====————————-

620 818 1161 898 EPISTOLA
1239 810 1996 890 DEDICATORIA
2068 810 2495 888 BIVARII
2564 812 3101 896 EDITORIS.

214 1046 581 1107 lllustrissimo
602 1063 668 1104 ac
695 1045 1142 1105 Reverendissimo
1170 1043 1394 1101 Domino
1416 1040 1487 1098 D.
1521 1040 1751 1099 Gabrieli
1771 1042 1834 1096 de
1862 1039 2014 1096 Treio
2043 1034 2105 1098 S.
2136 1038 2204 1095 Β.
2239 1035 2309 1098 E.
2336 1003 2604 1097 Cardinali
2625 1041 2952 1115 amplissimo
2978 1043 3079 1101 Fr.
3112 1042 3427 1103 Franciscus
3455 1041 3523 1105 de

1291 1135 1450 1192 Bivar
1474 1135 1536 1192 S.
1564 1134 1824 1190 Bernardi
1856 1131 2182 1188 Procurator
2209 1130 2273 1189 S.
2302 1140 2349 1188 et
2371 1130 2439 1185 F.

293 1256 510 1330 Magnis
536 1272 729 1329 magna
756 1252 1007 1313 donanda
1031 1270 1140 1311 esse
1162 1267 1409 1323 munera,
1441 1265 1569 1324 quos
1599 1249 1844 1305 nimirum
1875 1248 2077 1304 minora
2107 1264 2208 1303 non
2237 1249 2481 1317 deceant,
2509 1250 2651 1325 apud
2681 1267 2856 1307 omnes
2880 1253 2935 1308 in
2961 1261 3227 1325 comperto
3255 1262 3330 1310 est
3353 1269 3373 1311 :
3395 1268 3520 1310 nam

215 1353 660 1426 quo‘major-quis
685 1362 794 1420 est,
822 1352 877 1408 in
904 1349 1230 1407 eminentiori
1269 1348 1384 1403 loco
1423 1346 1624 1418 positus
1664 1344 1730 1399 de
1766 1344 1994 1399 n.inimis
2034 1343 2207 1399 minus
2232 1353 2402 1399 curat.
2443 1343 2549 1400 Ceu
2591 1346 2682 1418 qui
2710 1346 2764 1400 in
2803 1354 2996 1402 terram
3029 1348 3095 1403 ab
3130 1348 3240 1404 alta
3267 1349 3521 1423 prospicit

216 1457 349 1502 turre
371 1492 388 1517 ,
413 1447 677 1518 inferiora
716 1445 967 1516 despiciat
1004 1458 1266 1499 necessum
1292 1451 1366 1496 est
1400 1456 1418 1496 :
1448 1450 1623 1513 utpote
1642 1454 1759 1511 qua:
1787 1437 2077 1493 discernere
2106 1454 2235 1508 pene
2272 1448 2510 1511 nequeat.
2546 1438 2661 1494 Tibi
2684 1456 2836 1511 ergo,
2866 1442 3194 1512 Amplissime
3220 1441 3478 1517 Princeps
3497 1483 3515 1511 ,

219 1542 303 1613 qui
334 1541 406 1595 ad
443 1543 709 1597 excelsum
739 1542 855 1597 caeli
892 1541 1160 1596 cardinem
1197 1538 1374 1602 sedes,
1412 1536 1577 1591 altera
1614 1550 1679 1589 ea:
1722 1534 2020 1588 matricibus
2060 1532 2416 1606 intelligentiis
2450 1536 2614 1605 facta,
2657 1550 2879 1604 quarum
2920 1543 3050 1589 nutu
3085 1537 3351 1592 universus
3380 1537 3522 1594 orbis

215 1632 548 1691 Christianus
576 1634 980 1707 circumquaque
1018 1635 1245 1707 regitur,
1288 1646 1614 1701 nequaquam
1646 1628 2015 1682 munusculum
2048 1636 2154 1681 tam
2195 1626 2443 1697 exiguum
2479 1627 2778 1682 donandum
2810 1628 3013 1699 fuerat,
3045 1627 3201 1700 quale
3227 1628 3524 1685 Chronicon

218 1730 471 1803 ejusmodi
493 1730 676 1787 multis
696 1730 967 1786 videbitur.
995 1729 1247 1785 Ceterum
1266 1727 1311 1782 si
1334 1742 1416 1781 res
1441 1740 1543 1780 non
1564 1722 1947 1796 magnitudine,
1980 1721 2072 1776 sed
2097 1721 2261 1793 pretio
2288 1720 2608 1777 testimanda:
2629 1730 2780 1793 sunt,
2812 1738 3095 1795 numquam
3125 1722 3322 1779 adduci
3347 1733 3526 1796 potero

218 1832 265 1878 ut
290 1825 463 1894 fatear
492 1822 793 1879 Chronicon
827 1824 1006 1879 Dextri
1040 1823 1186 1893 parvi
1223 1818 1516 1875 habendum
1557 1832 1666 1873 esse
1688 1861 1702 1885 ,
1736 1816 1879 1888 quod
1900 1815 2159 1870 volumine
2185 1815 2432 1887 exiguum
2464 1814 2615 1870 valde
2645 1814 2749 1880 sit,
2783 1815 3201 1888 quandoquidem
3236 1817 3305 1871 ad
3324 1818 3527 1889 justam

216 1918 452 1973 libratum
482 1930 735 1975 stateram
775 1919 1004 1990 pondere
1042 1934 1138 1974 suo
1171 1918 1435 1989 multaque
1463 1914 1697 1987 ingentia
1734 1911 1999 1967 volumina
2037 1910 2285 1981 superat,
2331 1924 2447 1979 qua:
2474 1908 2539 1963 de
2564 1925 2621 1964 re
2656 1907 2908 1965 hactenus
2946 1909 3291 1966 ecclesiastica
3322 1912 3523 1983 scripta

215 2022 352 2067 sunt.
379 2011 584 2069 Nescio
609 2030 678 2068 an
702 2016 1044 2087 margaritum
1066 2013 1325 2088 egregium
1342 2052 1357 2077 ,
1384 2011 1509 2065 unio
1530 2052 1545 2077 ,
1573 2026 1660 2064 seu
1684 2008 1901 2062 adamas
1920 2007 2044 2078 jure
2066 2005 2244 2060 vocari
2272 2011 2424 2076 queat
2445 2046 2460 2071 ,
2499 2003 2772 2076 plusquam
2805 2005 2971 2061 codecc
2986 2022 3005 2072 ;
3029 2005 3131 2061 nisi
3151 2008 3268 2079 quis
3291 2006 3526 2062 libellum

221 2117 433 2157 aureum
458 2112 759 2173 nuncupet,
795 2106 1070 2178 peregrina
1106 2104 1301 2176 ingenii
1328 2110 1441 2157 arte
1474 2100 1814 2155 elaboratum.
1844 2100 1972 2167 Quae
2010 2113 2230 2166 namque
2260 2096 2597 2152 historiarum
2638 2107 2740 2152 tam
2768 2098 3049 2154 recondita:
3079 2099 3272 2156 divitire
3304 2118 3525 2173 usquam

217 2197 380 2268 fuere,
408 2212 532 2268 qui:
558 2215 592 2251 a
624 2196 819 2254 Dextro
845 2198 1210 2269 prcetermisste
1233 2197 1375 2253 sint?
1402 2194 1758 2250 Romanorum
1791 2191 2099 2266 pontiﬁcum
2126 2190 2479 2246 successiones
2502 2232 2516 2257 ,
2556 2191 2928 2262 imperatorum
2954 2192 3221 2264 facinora,
3258 2195 3524 2266 exstirpa-

228 2290 383 2344 tiones
410 2289 706 2357 haresum,
732 2291 1073 2346 conciliorum
1102 2298 1289 2345 exacta
1319 2286 1602 2354 discussio,
1640 2284 1923 2340 Doctorum
1955 2284 2155 2355 scripta
2173 2324 2188 2350 ,
2230 2281 2515 2337 eversiones
2547 2299 2827 2357 regnorum
2850 2325 2866 2350 ,
2895 2285 3323 2341 monarchiarum
3351 2296 3524 2343 trans.

223 2381 529 2434 mutationes
549 2421 565 2446 ,
596 2396 715 2452 qua:
742 2398 774 2435 a
800 2392 923 2435 nato
949 2380 1175 2437 Domino
1211 2381 1279 2437 ad
1333 2390 1548 2436 mortem
1590 2396 1749 2452 usque
1784 2380 2014 2435 auctoris
2054 2388 2161 2434 toto
2194 2378 2315 2434 orbe
2352 2379 2600 2452 fuerunt,
2641 2387 2746 2433 tant
2775 2377 3039 2434 luculento
3067 2395 3223 2451 quant
3251 2382 3515 2437 succincta

224 2470 357 2542 ctylo
377 2472 763 2544 complectitur.
796 2471 998 2527 Parum
1027 2472 1132 2529 huc
1159 2489 1179 2529 :
1210 2473 1350 2528 orbis
1378 2474 1545 2546 ipsius
1586 2470 1931 2544 apostolicam
1971 2472 2278 2527 divisionem
2298 2512 2313 2537 ,
2346 2473 2787 2545 peragrationem,
2820 2474 3274 2546 praedicationem,
3311 2491 3525 2533 conver-

223 2568 456 2631 sionem,
502 2568 922 2638 patriarcharum
979 2577 1132 2641 atque
1164 2567 1539 2643 episcopalium
1590 2569 1793 2623 sedium
1842 2568 2060 2633 miram,
2106 2567 2407 2640 variamque
2452 2567 2844 2638 fundationem,
2899 2578 3190 2642 martyrum
3236 2570 3517 2640 victorias,

221 2659 572 2730 confessarunt
595 2660 891 2734 triumphos
908 2706 923 2732 ,
952 2673 1000 2718 et
1022 2663 1080 2718 id
1104 2681 1267 2736 genus
1289 2664 1397 2720 alia
1421 2664 1533 2719 sine
1564 2674 1806 2729 numero,
1836 2676 1942 2715 una
1965 2678 2091 2731 pene
2119 2661 2311 2733 pagina
2340 2661 2590 2732 penicilla
2618 2661 2715 2716 levi
2740 2661 2995 2736 depingit.
3029 2663 3183 2732 Quod
3201 2665 3272 2720 ad
3297 2667 3524 2737 patriam

228 2769 368 2808 suam
390 2751 763 2810 illustrandum
805 2765 1003 2827 spectat
1032 2757 1320 2830 (Hispania
1349 2758 1461 2813 hac
1497 2756 1653 2829 fuit),
1684 2756 1865 2811 erectis
1891 2771 1982 2825 per
2011 2755 2251 2830 singulas
2284 2756 2517 2812 civitates
2540 2767 2862 2829 martyrum,
2896 2768 2946 2813 et
2975 2759 3262 2815 illustrium
3287 2761 3519 2817 virorum

219 2848 415 2919 trapcis
434 2888 451 2911 ,
484 2849 651 2904 multo
675 2866 832 2921 quam
863 2853 1034 2906 caeteri
1065 2852 1372 2925 locupletius
1390 2895 1404 2919 ,
1434 2851 1669 2908 reddidit
1698 2851 2059 2905 illustriorem.
2088 2850 2204 2916 Qua
2224 2849 2278 2903 in
2297 2865 2354 2904 re
2380 2850 2481 2905 soli
2509 2866 2637 2919 pene
2664 2849 2858 2906 Dextro
2889 2852 3035 2908 debet
3064 2852 3349 2923 Hispania,
3378 2856 3522 2927 quod

226 2939 316 2995 sibi
350 2944 546 2997 multos
582 2945 847 3018 egregias,
886 2946 1339 3016 sanctissimosque
1379 2945 1503 3012 ﬁdei
1548 2961 1655 3001 sua:
1683 2954 1921 3017 parentes
1968 2942 2275 3010 vindicavit,
2316 2958 2445 3014 quos
2480 2942 2754 2998 oblivionis
2796 2960 2983 3013 parens
3010 2953 3211 3016 tempus
3249 2947 3314 3001 ab
3343 2948 3513 3021 ipsius

228 3050 410 3091 corona
434 3035 733 3104 reciderat,
763 3055 954 3112 magna
984 3058 1101 3096 cum
1129 3042 1340 3096 honoris
1367 3040 1483 3111 ejus
1514 3042 1745 3113 jactura.
1773 3036 1993 3093 Minime
2021 3037 2181 3109 igitur
2202 3036 2347 3106 parvi
2374 3036 2521 3105 pretii
2553 3034 2867 3091 credendum
2888 3046 2961 3092 est
2989 3038 3250 3111 ejusmodi
3269 3039 3465 3095 donum
3496 3054 3518 3093 :

229 3136 277 3183 ct
305 3145 362 3185 ea
386 3140 608 3203 propter
638 3130 1019 3205 Magnitudinis
1048 3145 1152 3191 tuae
1178 3152 1280 3190 non
1324 3134 1618 3207 indignum.
1649 3130 1763 3204 Ego
1800 3141 1848 3186 et
1883 3130 2109 3185 debitum
2146 3137 2302 3198 puto,
2347 3145 2465 3183 cum
2504 3130 2806 3186 meritorum
2848 3130 3161 3204 exigentiam
3208 3148 3301 3189 seu
3337 3149 3525 3189 conso-

224 3228 449 3283 mtimn
472 3228 720 3284 discutio.
745 3228 959 3284 Clarum
980 3229 1234 3300 siquidem
1258 3227 1399 3299 apud
1425 3226 1707 3293 sarculum,
1738 3234 1792 3281 et
1817 3223 2019 3280 Christi
2046 3222 2167 3278 ﬁdei
2191 3222 2432 3279 deditum
2458 3222 2815 3296 Hieronymus
2839 3226 3038 3280 vocavit
3068 3236 3330 3285 auctorem
3358 3228 3524 3296 hunc,

214 3326 383 3388 utpote
403 3320 500 3392 qui
519 3319 777 3393 sanguine
790 3320 975 3376 nobilis
992 3363 1007 3387 ,
1038 3322 1192 3376 claris
1213 3336 1419 3395 quoque
1443 3321 1763 3394 pratfecturce
1785 3319 2115 3389 prtetariante
2140 3315 2499 3387 functionibus
2516 3360 2531 3387 ,
2561 3333 2622 3371 ac
2640 3317 2867 3390 propriis
2896 3317 3215 3389 facinoribus
3248 3323 3467 3378 eluxcrit
3496 3337 3518 3379 :

223 3410 425 3484 insuper
478 3414 715 3487 inclytus
750 3415 875 3487 ﬁdei
920 3414 1236 3470 Christiana:
1284 3422 1675 3488 propugnator,
1705 3421 1753 3467 et
1794 3414 1987 3483 scripto
2028 3419 2079 3466 et
2106 3426 2260 3481 opere
2300 3408 2538 3477 effectus.
2572 3407 2645 3465 Te
2674 3425 2793 3466 vero
2838 3411 2983 3483 apud
3022 3413 3274 3470 saeculum
3315 3414 3516 3471 clarum

218 3507 375 3562 πίω
403 3524 613 3578 omnes,
651 3492 757 3565 sive
792 3509 1076 3564 notissima:
1114 3506 1403 3564 nobilitatis
1430 3506 1756 3581 progeniem,
1799 3505 1902 3558 sive
1944 3502 2383 3575 archiepiscopale
2425 3500 2567 3573 apud
2606 3500 2967 3558 Salmantinos
3013 3505 3327 3576 collegium,
3358 3508 3514 3579 cujus

220 3599 451 3656 slunnus
483 3601 665 3672 fuisti,
687 3603 792 3657 sive
821 3602 1083 3673 publicum
1118 3600 1437 3676 Vesperarite
1458 3599 1719 3655 cathedra:
1740 3605 2054 3652 rectoratum
2074 3595 2515 3670 jurisprudentiaz
2533 3595 2587 3649 in
2616 3594 2812 3668 inclyta
2837 3595 2935 3652 illa
2954 3599 3221 3654 academia
3249 3599 3479 3672 gloriose
3500 3645 3518 3672 ,

214 3709 290 3749 Ille
340 3695 577 3762 vidente,
612 3696 905 3763 obtentum,
930 3696 994 3751 ob
1034 3697 1210 3752 oculos
1246 3690 1435 3768 feram.
1482 3693 1618 3749 Inde
1654 3691 1859 3748 deditus
1893 3688 2087 3744 Christi
2124 3689 2286 3760 ﬁdei,
2317 3687 2623 3742 militarium
2659 3688 2970 3761 religionum
3011 3689 3147 3746 alter
3189 3708 3219 3747 e
3256 3691 3521 3765 regalibus

210 3787 410 3858 judes,
439 3792 493 3843 in
520 3789 640 3844 albo
664 3790 855 3845 nobilis
881 3790 1179 3845 Alcantarte
1204 3791 1431 3861 equitum
1461 3788 1715 3860 ascriptus
1744 3802 1827 3853 es,
1860 3794 1910 3841 et
1936 3783 2060 3855 ﬁdei
2081 3783 2308 3856 supremi
2332 3781 2608 3836 tribunalis
2638 3790 2746 3836 tota
2774 3780 3041 3855 Hispania
3062 3800 3243 3840 censor
3269 3783 3462 3842 electus
3493 3803 3517 3843 :

210 3895 274 3934 ac
308 3882 512 3938 tandem
554 3883 626 3938 ad
654 3882 901 3939 altissimi
926 3884 1159 3939 cardinis
1201 3884 1423 3955 gloriam
1462 3882 1658 3936 meritis
1701 3876 2027 3951 exigentibus
2063 3874 2391 3943 sublevatus;
2426 3874 2562 3929 unde
2600 3883 2648 3929 et
2676 3874 2861 3942 verba,
2893 3884 2943 3930 et
2980 3877 3177 3949 scripta
3203 3887 3342 3935 totus
3389 3880 3519 3951 ﬁdei

209 3972 432 4039 deditus,
456 3972 780 4040 Ecclesium,
806 3991 1141 4047 propugnare
1169 3974 1339 4029 dicam
1358 4017 1373 4038 ,
1402 3990 1470 4028 an
1495 3970 1808 4026 illustrare?
1832 3977 2111 4037 utrumque
2134 3981 2344 4034 prorsus
2372 3965 2565 4037 efﬁcere
2584 3981 2691 4020 non
2718 3980 2909 4023 cessas.
2931 3963 3157 4023 Debetur
3178 3968 3270 4023 tibi
3299 3969 3520 4041 proinde

226 4066 399 4123 Dextri
424 4069 724 4125 Chronicon
752 4080 975 4143 utroque
1002 4071 1194 4138 titulo;
1221 4079 1270 4125 et
1297 4068 1438 4141 quod
1477 4066 1718 4139 Hispano
1760 4062 2063 4136 Hispanus,
2096 4072 2144 4117 et
2188 4061 2338 4116 dacto
2383 4060 2565 4116 doctus
2601 4060 2878 4117 donandus
2905 4074 3054 4131 erat;
3083 4071 3132 4117 et
3171 4063 3444 4123 thesaurus
3469 4066 3522 4122 ei

205 4161 326 4229 soli,
351 4164 441 4234 qui
470 4162 702 4218 valorem
729 4180 823 4235 pro
847 4164 1047 4219 meritis
1076 4164 1336 4220 aestimare
1365 4160 1573 4217 valebit.
1600 4157 1669 4214 Et
1704 4161 1832 4231 jure
1855 4156 1911 4211 id
1937 4156 2036 4212 sibi
2062 4156 2253 4212 Dexter
2279 4154 2612 4222 vindicabat,
2645 4156 2735 4223 qui
2746 4156 2866 4227 jam
2893 4155 3019 4212 olim
3049 4155 3111 4214 S.
3139 4155 3210 4213 Β.
3239 4156 3308 4214 Ε.
3341 4160 3516 4217 cardi-

204 4253 308 4309 uali
349 4257 653 4328 presbytero
686 4274 812 4329 opus
857 4257 1175 4311 consecravit
1218 4271 1401 4319 suum,
1448 4253 1503 4307 id
1534 4262 1640 4318 est,
1673 4248 2017 4321 Hieronymo.
2058 4246 2195 4302 Mihi
2234 4262 2352 4301 vero
2393 4245 2519 4300 dum
2558 4245 2730 4316 ipsum
2777 4243 3177 4304 Commentariis
3216 4264 3361 4306 novae
3404 4249 3514 4307 luci

199 4347 491 4414 redditum,
521 4348 615 4401 tibi
644 4347 707 4405 S.
731 4348 800 4404 Β.
829 4347 897 4403 Ε.
934 4348 1124 4418 pariter
1151 4346 1412 4403 cardiuali
1439 4345 1731 4416 presbytero
1758 4343 1945 4397 iterum
1971 4356 2217 4396 consecro
2236 4381 2251 4407 ,
2278 4338 2416 4393 illud
2440 4340 2803 4395 verecundiam
2836 4341 3023 4413 ingerit
3052 4358 3329 4417 magnam,
3370 4346 3511 4415 quod

198 4440 258 4491 sb
275 4452 498 4511 utroque
526 4443 682 4512 longo
708 4441 981 4496 intervallo
1001 4457 1080 4494 me
1098 4440 1289 4496 distare
1318 4438 1633 4510 conspiciant
1656 4451 1677 4492 :
1697 4443 1743 4491 et
1767 4436 1882 4489 ideo
1902 4436 2070 4489 ntinus
2093 4443 2272 4507 aptum
2297 4475 2312 4501 ,
2340 4441 2397 4487 ut
2426 4430 2675 4488 Dextrum
2698 4435 2863 4489 virum
2884 4452 3130 4508 magnum
3151 4434 3513 4509 Magnitudiui

196 4536 294 4583 tua
320 4532 646 4603 conjungam
673 4545 693 4583 :
720 4545 996 4602 vereorque
1028 4548 1092 4585 ne
1122 4547 1308 4585 munus
1338 4530 1510 4583 minus
1540 4535 1749 4598 gratum
1784 4528 1882 4594 sit,
1922 4524 2062 4599 quod
2091 4526 2155 4579 ab
2203 4522 2421 4594 indigno
2462 4523 2712 4579 oblatunt.
2754 4524 2988 4582 Praebuit
3033 4525 3373 4587 nihilominus
3415 4540 3510 4590 tua

199 4620 488 4693 benignitas
522 4639 742 4691 ausum;
784 4639 879 4678 nec
907 4624 965 4678 id
990 4623 1288 4688 insolitum,
1322 4639 1435 4678 cunt
1475 4631 1666 4676 natura
1703 4622 1817 4694 ipsa
1846 4637 2037 4694 magna
2073 4634 2294 4689 corpora
2329 4617 2606 4673 insectibili
2641 4620 2929 4686 quantitate
2964 4625 3278 4695 conjungat,
3321 4623 3378 4678 id
3403 4637 3504 4697 est,

194 4711 506 4771 indiuisibili
532 4715 811 4784 superﬁcie
836 4731 854 4769 :
885 4716 1087 4787 qualem
1118 4731 1213 4788 ego
1250 4715 1459 4787 judico,
1481 4713 1905 4783 qualemcumque
1942 4713 1999 4767 in
2026 4711 2338 4766 elucidando
2367 4711 2562 4766 Dextro
2590 4710 2821 4767 laborem
2855 4714 3149 4788 insumpsi;
3174 4731 3326 4789 quem
3365 4735 3508 4777 nunc

191 4804 281 4858 sub
330 4804 521 4860 Dextri
543 4805 709 4877 ipsius
737 4805 920 4860 umbra
946 4806 1036 4861 tibi
1061 4804 1255 4874 offero,
1278 4806 1366 4877 qui
1413 4806 1564 4878 quasi
1593 4805 1945 4876 defensorem,
1976 4812 2024 4860 et
2054 4812 2392 4873 protectorem
2439 4803 2486 4857 ei
2525 4819 2794 4874 qtuerens,
2837 4806 2907 4859 ad
2932 4807 3087 4879 pedes
3114 4818 3228 4864 tuos
3258 4812 3502 4870 accedere

191 4896 385 4954 veritus
411 4914 519 4953 non
549 4914 667 4952 sum
697 4915 716 4953 :
743 4908 921 4971 utpote
947 4899 1002 4954 in
1041 4915 1141 4969 quo
1167 4909 1215 4953 et
1246 4899 1430 4953 turrim
1458 4898 1776 4969 defensionis
1802 4905 1984 4951 contra
2027 4898 2216 4968 ﬂuctus
2244 4896 2699 4964 adversariorum,
2727 4914 2882 4970 quam
2909 4900 2962 4955 in
2998 4903 3159 4958 arntis
3186 4914 3386 4975 gestas,
3416 4907 3500 4964 in-

194 4988 376 5055 venio;
403 4997 456 5042 et
485 4988 641 5043 lunas
660 4988 998 5044 circumcirca
1026 4988 1273 5044 ordinata
1302 4988 1411 5043 acie
1437 4987 1775 5055 dimicantes;
1804 4987 1954 5057 quasi
1974 4986 2039 5041 de
2064 4988 2138 5043 eis
2159 4988 2356 5042 dictum
2378 4989 2571 5059 fuerit:
2591 4987 2780 5045 Stellae
2808 4990 2878 5047 de
2902 4992 3046 5049 coelo
3070 4993 3125 5050 in
3148 4995 3344 5056 ordine
3363 5013 3497 5071 suo,

191 5077 464 5134 adversus
516 5077 757 5136 Sisaram
808 5080 1141 5137 dimicabant
1167 5079 1329 5151 (Iud.
1356 5097 1411 5151 v,
1460 5079 1576 5153 20).
1621 5079 1735 5147 Quo
1784 5081 1899 5137 loco
1944 5080 2080 5137 illud
2122 5080 2336 5139 Seneca:
2386 5098 2482 5155 pro
2531 5086 2917 5158 opportunitate
2963 5088 3092 5144 mihi
3137 5107 3371 5164 usurpo,
3426 5098 3498 5153 ad

192 5169 464 5228 Lucillum
491 5176 760 5229 scribentis
787 5191 806 5229 :
836 5175 1105 5232 Cancrum
1151 5175 1295 5248 quod
1322 5175 1760 5232 Commentarios
1800 5190 1953 5232 meos
1984 5175 2077 5232 tibi
2121 5176 2263 5232 mitti
2294 5176 2600 5248 permittis,
2635 5178 2991 5250 indulgentia:
3021 5182 3137 5239 scio
3164 5184 3309 5244 istud
3340 5202 3496 5260 esse,

198 5282 309 5323 non
337 5266 535 5337 iudicii
570 5285 586 5322 :
612 5276 670 5325 et
692 5268 737 5324 si
767 5270 933 5325 modo
957 5269 1143 5339 iudicii
1188 5280 1272 5327 est
1290 5313 1305 5339 ,
1334 5270 1665 5343 indulgentia
1699 5268 1797 5324 tibi
1822 5270 2102 5341 imposuit.
2132 5269 2242 5327 Sed
2284 5272 2714 5345 qualescumque
2742 5283 2902 5348 sunt,
2935 5283 2993 5332 tu
3022 5276 3147 5335 illos
3176 5281 3256 5338 sic
3281 5282 3451 5355 legito
3472 5326 3492 5355 ,

193 5370 473 5433 tamquam
507 5376 700 5417 verum
725 5378 967 5430 numam
998 5363 1209 5429 adhuc,
1242 5379 1352 5422 non
1384 5366 1585 5433 sciam,
1616 5372 1672 5421 et
1700 5365 2095 5422 contumaciter
2123 5381 2389 5436 quaram.
2421 5366 2541 5423 Non
2571 5369 2719 5426 enim
2752 5385 2841 5426 me
2866 5370 3121 5445 cuiquam
3153 5379 3453 5450 mancipavi
3480 5423 3497 5450 ,

197 5456 405 5512 nullius
436 5472 636 5512 nomen
681 5456 828 5527 fero,
860 5458 1156 5514 multorum
1196 5475 1516 5532 magnorum
1554 5459 1970 5530 judiciocredo
2017 5478 2030 5514 :
2074 5460 2276 5532 aliquid
2308 5470 2365 5518 et
2395 5478 2518 5519 meo
2541 5464 2781 5522 vindico.
2811 5465 2945 5523 Nam
2996 5469 3073 5525 illi
3119 5487 3341 5545 quoque
3386 5492 3496 5534 non

195 5549 416 5607 inventa
451 5592 468 5618 ,
493 5550 592 5608 sed
619 5553 916 5622 quzrrenda
939 5553 1097 5610 nobis
1122 5554 1466 5627 reliquerunt
1493 5554 1703 5627 (Senec.
1732 5553 1881 5628 epist.
1912 5552 2034 5627 45).
2075 5553 2207 5611 Vale
2231 5598 2247 5625 ,
2289 5554 2546 5631 Princeps
2572 5557 2960 5619 Illustrissime.
2986 5561 3173 5623 Romae
3208 5583 3273 5624 ea:
3297 5569 3501 5629 sedibus

187 5641 250 5700 S.
282 5642 576 5710 Bernardi,
606 5643 674 5701 2|
710 5645 1026 5719 Septembris
1061 5649 1188 5702 anni
1213 5646 1372 5704 1624.

243 5805 617 5893 153113932291
646 5806 914 5893 suppleri}:
1082 5804 1271 5893 periri
1283 5810 1486 5893 nomine
1521 5809 1830 5878 evulgatum,
1872 5809 2126 5879 spurltatls
2162 5824 2261 5869 una
2293 5824 2417 5869 voce
2458 5819 2673 5882 arguunt
2715 5821 2894 5872 nostrae
2926 5816 3100 5893 gulis
3132 5820 3461 5893 bibllographl

184 5866 399 5923 παίω
420 5871 619 5923 cuidam
646 5886 729 5921 xv:
751 5872 917 5922 saeculi
939 5874 1058 5924 illud
1083 5875 1445 5929 adscribam”,
1636 5866 1666 5878 "
1815 5866 1828 5876 '
1900 5866 1916 5879 ‘
2254 5866 2261 5869 τ
2461 5866 2672 5882 -ηυππ-
2926 5866 3099 5936 1:31;:—
3134 5866 3461 5893 --υ---ο-υιι...
3488 5868 3504 5896 ,

553 5953 828 6016 ΡΑτιιοι.
874 5953 1115 6018 XXXI.
1684 6039 1689 6047 _

1684 6039 1689 6047 ι
2901 5968 2933 6028 1
