4002 6342
516 241 580 299 ΙΙ
1440 236 1742 296 FLAVIUS
1779 238 2026 297 LUCIUS
2065 240 2096 297 Ε

2244 241 2375 331 1:113
2388 206 2916 315 Cttuou0Loovs.
3755 245 3824 305 ta

1123 470 1673 575 EFISTOLA
1747 486 1899 571 AD
1974 426 2538 571 ammon
2620 473 3229 575 EDITOREM.

513 775 722 833 Gabriel
744 774 805 831 S.
830 773 899 831 Β.
920 774 983 829 Ε.
1008 774 1147 839 tituli
1161 774 1223 831 S.
1257 773 1629 833 Bartholomazi
1656 772 1709 827 in
1732 770 1907 833 insula
1927 769 2205 842 Presbyter
2226 769 2525 828 Cardinalis
2547 774 2611 829 de
2625 772 2804 843 Treio,
2829 786 2930 834 etc.
2966 776 3262 834 Venerabili
3286 777 3396 833 viro
3416 774 3511 832 Fr.
3536 742 3822 833 Fiancisco

1003 848 1208 923 bivario
1232 865 1665 940 Congregationis
1695 862 2002 935 Hispaniae
2027 862 2086 920 S.
2114 860 2374 919 Bernardi
2396 863 2645 921 Generali
2675 866 3040 937 Procuratori,
3078 868 3336 926 Salutem.

589 966 718 1033 Qua:
743 964 1040 1019 communia
1066 964 1212 1018 ttobis
1240 970 1392 1016 antea
1420 966 1638 1035 feceras.
1670 960 2028 1030 ntanuscripta
2051 954 2434 1014 Comtnentaria
2459 968 2548 1013 tua
2580 961 2633 1014 in
2661 960 2908 1017 Flavium
2942 963 3199 1018 Dextrum
3234 964 3599 1035 perantiquum
3623 963 3822 1036 Hispa-

515 1058 639 1114 num
671 1058 935 1122 nostrum,
981 1062 1117 1110 nunc
1154 1054 1290 1127 typis
1318 1052 1623 1110 excutienda
1654 1052 1833 1120 dicas,
1865 1048 2175 1123 publicoque
2203 1050 2401 1106 honore
2421 1097 2435 1122 ,
2475 1061 2825 1126 perpetuoque
2863 1055 3111 1123 bene/icio
3154 1064 3235 1113 ine
3257 1059 3455 1128 ofﬁcis,
3488 1066 3637 1130 quem
3666 1070 3821 1114 antea

513 1153 828 1209 commodati
856 1154 924 1205 ad
948 1149 1208 1204 modicum
1235 1161 1433 1219 tempus
1460 1151 1687 1201 muneris
1708 1144 2059 1219 gratissimum
2087 1146 2330 1217 expertus
2361 1160 2434 1203 es.
2469 1145 2606 1213 Quid
2635 1164 2755 1220 ergo
2783 1165 2883 1201 non
2906 1149 3140 1219 debeam,
3165 1151 3252 1219 qui
3278 1164 3401 1204 tunc
3430 1168 3510 1204 me
3538 1150 3821 1206 debitorem

511 1248 775 1320 professus
803 1243 955 1300 sum?
980 1243 1045 1297 At
1075 1246 1185 1310 iam
1212 1252 1417 1312 partem
1436 1240 1601 1296 debiti
1622 1243 1781 1292 solvo.
1811 1238 1938 1292 dum
1969 1237 2186 1292 libenter
2210 1247 2258 1292 et
2290 1238 2455 1293 alacri
2485 1240 2664 1294 animo
2685 1241 2986 1312 beneﬁcium
3019 1243 3244 1312 recipio,
3268 1245 3572 1317 signumque
3602 1245 3819 1301 notissi-

510 1356 655 1395 mum
677 1338 1012 1412 gratitudinis
1042 1346 1268 1407 praesto;
1295 1337 1442 1392 nulla
1469 1335 1607 1390 enim
1636 1336 1831 1390 clarior
1855 1345 1979 1390 nota
2002 1337 2148 1390 avari
2180 1335 2471 1407 ingratique
2497 1339 2661 1392 animi
2689 1349 2763 1395 est
2786 1379 2803 1406 ,
2829 1356 2984 1410 quam
3007 1340 3256 1410 beneficia
3278 1384 3290 1403 ,
3321 1342 3506 1411 quibus
3531 1352 3740 1412 gratum
3767 1359 3823 1399 se

508 1439 747 1505 futurum
767 1450 873 1487 non
894 1441 1093 1504 sperat,
1119 1447 1360 1502 respuere
1386 1430 1465 1485 vel
1488 1441 1634 1484 torvo
1664 1431 1809 1484 vultu
1843 1430 2131 1485 admittere.
2170 1427 2413 1484 Flavium
2443 1429 2696 1485 Dextrum
2726 1430 3056 1501 Hispanum,
3102 1435 3384 1501 veterisque
3409 1434 3593 1502 patria:
3627 1444 3823 1491 nostra

509 1530 742 1584 historice
785 1528 1042 1599 insignem
1071 1526 1413 1595 scriptorem,
1446 1523 1649 1579 silentii
1674 1532 1720 1577 et
1751 1521 2024 1577 oblivionis
2062 1520 2283 1577 tenebris
2309 1535 2466 1577 antea
2494 1525 2763 1595 obrutum,
2795 1541 2933 1580 nunc
2969 1528 3020 1579 in
3052 1525 3217 1580 lucem
3248 1527 3487 1594 profers;
3526 1530 3824 1599 fontemque

507 1619 955 1693 limpidissimum,
987 1619 1251 1671 occultum
1276 1625 1433 1670 antea
1451 1622 1499 1669 et
1535 1615 1733 1669 invium
1751 1655 1764 1679 ,
1797 1611 2033 1668 omnibus
2062 1612 2398 1681 manifestas,
2424 1613 2688 1687 gentisque
2736 1623 2927 1671 nostra:
2963 1625 3310 1686 perretustnm
3338 1614 3497 1686 fidem
3521 1627 3567 1672 et
3597 1619 3822 1689 religio-

509 1730 650 1779 nem,
674 1713 975 1767 sanclorum
1002 1720 1317 1779 martyrum,
1350 1711 1711 1779 confessorum
1734 1715 1780 1761 et
1805 1705 2064 1777 virginum
2091 1706 2261 1776 gloria
2290 1704 2572 1776 illustrem,
2603 1723 2735 1763 nove
2769 1710 3027 1778 pratconio
3049 1755 3064 1778 ,
3094 1710 3337 1781 claraque
3365 1726 3509 1780 voce,
3536 1727 3599 1769 ea
3620 1721 3821 1768 vetusto

510 1806 658 1860 illius
687 1815 895 1877 pectore
914 1811 1209 1869 resonante,
1243 1801 1471 1867 extollis,
1491 1800 1716 1871 antiquis
1745 1815 1879 1855 nova
1903 1799 2175 1868 adjungis,
2197 1799 2455 1870 ﬁdemque
2481 1801 2665 1855 vetusti
2692 1805 2921 1856 auctoris
2943 1803 3322 1858 neotericornm
3347 1806 3658 1862 auctoritate
3672 1823 3819 1862 com-

514 1898 732 1968 probas,
767 1894 960 1951 similis
991 1892 1210 1962 quidem
1236 1890 1412 1947 factus
1444 1890 1651 1947 homini
1681 1889 2075 1960 patrifamilias.
2105 1890 2197 1962 qui
2220 1888 2435 1962 profert
2464 1892 2533 1948 de
2565 1892 2824 1949 thesauro
2841 1910 2942 1950 suo
2966 1912 3103 1953 um-a
3133 1906 3189 1952 et
3223 1905 3406 1954 vetera
3430 1897 3645 1969 (Matth.
3672 1901 3818 1970 ιηι),

512 1992 732 2046 Omnem
756 2002 878 2061 ergo
908 1985 1211 2045 thesaurum
1229 1982 1485 2049 efl‘udisti,
1515 1981 1643 2051 quid
1671 1989 1831 2037 restat
1857 1980 1950 2037 tibi
1973 1982 1998 2036 ?
2017 1980 2146 2051 quid
2173 1982 2402 2037 ntuneris
2429 1983 2762 2054 exiguitatem
2782 2001 2998 2040 excusas
3020 1987 3046 2040 ?
3065 2004 3135 2041 an
3155 1986 3525 2060 hyperbolice?
3546 2004 3612 2044 an
3636 2000 3822 2045 contra

508 2092 728 2136 mentem
749 2075 1124 2149 loquerished
1148 2075 1319 2129 verius
1341 2085 1537 2144 putem;
1558 2071 1854 2145 evangelica
1884 2088 2048 2139 more,
2084 2089 2198 2129 curn
2224 2074 2418 2140 omnia,
2444 2090 2562 2145 qua:
2594 2086 2737 2146 potes
2764 2078 2964 2149 fecisti,
2991 2077 3123 2134 dicis
3155 2095 3171 2133 :
3205 2079 3360 2136 Servi
3391 2082 3605 2138 inutiles
3624 2097 3820 2145 sumus

505 2176 672 2250 (Luc.
702 2172 873 2243 xm).
908 2168 1144 2241 Exiguus
1175 2168 1303 2223 liber
1331 2166 1541 2233 Flavii,
1574 2167 1619 2221 si
1649 2168 1717 2220 ad
1754 2168 1994 2221 volumen
2025 2167 2194 2235 ipsum
2223 2167 2574 2235 attendimus;
2603 2169 2815 2240 grandis
2836 2210 2851 2234 ,
2883 2172 2930 2224 si
2969 2172 3021 2224 in
3052 2187 3111 2225 eo
3141 2181 3383 2227 contenta
3406 2187 3425 2237 ,'
3446 2188 3606 2245 parvo
3640 2176 3824 2232 codice

510 2284 700 2339 magna
727 2267 957 2321 continet
978 2307 994 2330 ,
1036 2260 1241 2317 nullum
1269 2261 1323 2315 in
1354 2277 1414 2316 eo
1443 2260 1665 2315 otiosum
1693 2257 1806 2331 lego
1836 2258 2073 2327 verbum,
2117 2259 2389 2316 dissimilis
2420 2262 2625 2326 quidem
2655 2274 2731 2318 eet
2761 2264 2985 2319 verbosis
3031 2265 3512 2334 philosonhautium
3553 2286 3825 2331 commen-

507 2364 686 2431 tariis,
739 2361 1069 2427 aliorumque
1118 2356 1355 2427 scriptis,
1410 2354 1463 2411 in
1509 2356 1694 2424 quibus
1726 2370 1840 2408 cum
1886 2352 2246 2425 longissimum
2291 2364 2490 2427 tempus
2541 2357 2879 2423 couttiveris,
2929 2358 3016 2413 via:
3056 2358 3336 2430 quidquam
3364 2361 3504 2433 quod
3534 2373 3700 2419 mente
3728 2380 3818 2421 κ.

508 2461 674 2513 linere
717 2457 941 2521 debeas,
994 2454 1241 2510 invenies.
1291 2452 1414 2509 Non
1459 2469 1581 2526 ergo
1631 2451 1784 2508 illum
1832 2463 2214 2507 contenmernus
2240 2495 2255 2521 ,
2302 2456 2391 2525 qui
2441 2454 2660 2508 breviori
2721 2455 2858 2524 stglo
2924 2453 3131 2528 longum
3195 2458 3419 2513 continet
3484 2459 3826 2531 antiquarunt

508 2570 679 2610 rerum
728 2551 953 2617 seriem;
1010 2565 1100 2605 nec
1158 2546 1292 2604 alios
1344 2547 1803 2619 magnifaciemus,
1852 2545 1940 2617 qui
1984 2546 2137 2615 longo
2180 2545 2452 2602 verborum
2494 2557 2754 2618 apparatu
2807 2547 2981 2601 omnia
3031 2549 3204 2617 potius
3256 2549 3612 2620 confundunt,
3663 2569 3827 2623 quam

506 2648 808 2718 explicant;
852 2647 954 2703 nisi
1005 2643 1203 2703 similes
1253 2648 1301 2700 ei
1343 2659 1453 2700 esse
1504 2645 1772 2709 volumus,
1831 2641 1918 2711 qui
1962 2657 2026 2696 ea:
2076 2656 2236 2701 aureo
2285 2658 2474 2711 magno
2533 2650 2581 2696 et
2626 2641 2842 2714 pulchro
2889 2640 3150 2697 cochleari
3209 2659 3457 2701 venenum
3501 2647 3683 2713 potius
3731 2665 3832 2703 τι-

512 2758 672 2808 mere,
706 2756 859 2811 quam
886 2757 952 2797 ea:
972 2740 1208 2800 minimo.
1239 2746 1290 2794 et
1311 2754 1375 2793 es;
1402 2737 1493 2793 vili
1522 2736 1763 2800 materia,
1792 2733 1893 2790 mel
1916 2748 2100 2808 sugere
2126 2734 2281 2805 elegit
2311 2734 2505 2806 (Cyril.
2534 2735 2630 2791 lib.
2665 2751 2763 2801 vn,
2785 2743 2976 2791 contra
3002 2734 3163 2808 Jul.).
3190 2736 3430 2794 Similem
3464 2757 3561 2813 rgo
3581 2742 3834 2798 conside-

503 2838 691 2891 rubum
723 2835 908 2893 Flavii
935 2835 1134 2890 librum
1162 2833 1370 2889 cuidam
1402 2831 1519 2887 navi
1546 2829 1832 2899 Phoenicia:
1860 2828 2055 2901 (cuius
2086 2828 2319 2882 meminit
2348 2826 2645 2899 Xenophon
2671 2828 2689 2898 )
2719 2827 2827 2898 fabt
2842 2828 2938 2883 ictu
2968 2838 3299 2900 perangusta:
3317 2870 3331 2895 ,
3354 2844 3472 2899 quae
3501 2844 3619 2891 cum
3645 2848 3835 2889 amo-

506 2944 654 2995 rum,
684 2929 1174 2994 instrumentorum,
1210 2926 1461 2981 mercium
1490 2939 1551 2979 ac
1584 2921 1923 2991 supellectilis
1954 2921 2329 2989 cujuscumque
2355 2920 2581 2989 generis,
2615 2919 2866 2974 immensa
2893 2922 3163 2987 varietate,
3193 2929 3239 2976 et
3270 2921 3601 2983 multitudine
3626 2924 3835 2988 repleta

511 3035 665 3090 esset,
694 3023 904 3097 singula
931 3032 1104 3076 tamen
1127 3021 1186 3075 in
1214 3030 1401 3074 catam
1421 3016 1708 3086 artificiose
1738 3012 2026 3079 collocata,
2056 3023 2103 3067 et
2132 3012 2316 3067 solerti
2341 3012 2524 3065 ordine
2545 3012 2801 3084 disposita
2828 3021 2975 3067 erant
2993 3052 3008 3077 ,
3035 3022 3090 3067 ut
3115 3023 3162 3068 et
3184 3013 3298 3070 sine
3341 3015 3707 3087 impedimento
3728 3032 3833 3085 per

504 3121 676 3174 navim
701 3119 1018 3182 discurrere,
1048 3124 1098 3170 et
1121 3115 1177 3169 in
1204 3121 1348 3168 tanta
1380 3125 1555 3167 rerum
1580 3107 1948 3172 multitudine,
1978 3104 2190 3180 singula
2220 3104 2386 3160 oculis
2427 3107 2665 3165 contueri
2692 3147 2707 3172 ,
2735 3116 2782 3161 et
2818 3106 2886 3160 ad
2918 3123 3128 3162 manum
3158 3124 3269 3162 rem
3301 3123 3555 3181 quamque
3580 3121 3831 3183 paratam

510 3213 705 3269 habere
725 3221 773 3267 et
800 3210 1033 3267 invenire
1058 3206 1293 3279 quisquis
1319 3213 1509 3281 posset.
1542 3200 1820 3268 Siquidem
1846 3199 1901 3254 in
1923 3196 2185 3255 Flaviana
2215 3196 2433 3252 historia
2458 3198 2532 3251 ita
2554 3198 2730 3253 omnia
2756 3199 3029 3270 dispositu,
3062 3207 3118 3252 ut
3143 3203 3303 3268 plena
3328 3203 3582 3258 mercibus
3603 3203 3831 3267 ditersiu

504 3322 667 3382 parva
697 3305 868 3372 navis,
901 3303 1077 3358 omnia
1102 3310 1219 3371 qua:
1250 3298 1420 3362 habet,
1450 3297 1502 3350 in
1532 3303 1810 3366 conspectu
1833 3292 2092 3356 ostendat,
2114 3299 2164 3344 et
2184 3292 2239 3346 in
2268 3291 2496 3356 quolibet
2525 3307 2675 3345 versu
2697 3332 2711 3357 ,
2746 3309 2809 3346 ne
2832 3294 3002 3348 dicam
3031 3295 3183 3350 verba
3204 3335 3218 3359 ,
3253 3296 3547 3366 ponderosa
3577 3313 3831 3365 compen-

504 3403 596 3457 dio
623 3400 905 3463 contineat,
929 3402 1046 3466 qud!
1074 3395 1373 3465 longiorem
1393 3386 1654 3460 complere
1684 3395 1891 3457 possent
1920 3384 2213 3439 historiam.
2252 3384 2521 3439 Scribebat
2547 3384 2756 3455 quidem
2786 3401 2888 3447 non
2918 3395 2972 3439 ut
2992 3387 3305 3452 sapientiam
3336 3399 3612 3445 ostentaret
3637 3406 3825 3459 suam,

503 3497 595 3553 sed
624 3494 758 3549 utin
780 3489 1048 3546 remotieri
1069 3487 1189 3543 orbe
1208 3484 1528 3540 habitantem
1551 3480 1936 3552 Hieronymum
1958 3478 2011 3535 H
2018 3483 2059 3535 is
2066 3481 2267 3549 punica:
2288 3477 2561 3551 religionis
2586 3479 2857 3534 certiorem
2885 3481 3100 3552 faceret,
3130 3482 3349 3556 ideoque
3374 3483 3565 3545 librum
3592 3484 3829 3554 longiori

501 3588 678 3645 itineri
706 3584 1157 3648 committendum,
1192 3578 1409 3637 breviori
1440 3575 1741 3649 perstrinxit
1764 3573 1993 3630 calamo.
2030 3577 2218 3633 Verum
2247 3589 2308 3626 ne
2337 3573 2471 3643 forte
2500 3574 2660 3629 alicui
2690 3573 2948 3631 videretur
2983 3576 3141 3639 altior
3166 3576 3461 3648 breviorque
3487 3579 3651 3649 stglus
3692 3592 3830 3649 poe-

501 3685 658 3739 ticam
684 3689 862 3736 notam
885 3676 1191 3742 incurrisse,
1228 3674 1361 3728 Dum
1408 3669 1589 3725 brevis
1617 3682 1742 3724 esse
1773 3667 1992 3732 laboro,
2023 3666 2291 3723 obscurus
2321 3669 2392 3721 lio
2421 3666 2642 3734 (Horat.
2675 3665 2761 3723 do’
2776 3667 2912 3724 Arte
2937 3670 3213 3741 poetica),
3246 3680 3301 3724 tu
3330 3687 3432 3726 non
3460 3673 3630 3731 solum
3671 3688 3827 3729 coru—

500 3777 703 3847 plicata
730 3784 885 3827 antea
907 3770 1066 3841 longo
1088 3764 1323 3833 sile’ittio,
1351 3773 1398 3820 et
1425 3762 1673 3819 brevitate
1694 3759 1950 3817 orationis
1977 3758 2110 3829 folia
2132 3759 2182 3813 in
2206 3760 2372 3814 lucem
2400 3758 2688 3828 deduxisti,
2711 3762 2802 3817 sed
2840 3762 3140 3830 explicasti.
3169 3758 3388 3832 ornasti,
3415 3776 3461 3819 et
3492 3765 3777 3828 declarasti
3803 3786 3831 3835 ;

500 3865 863 3926 coitdecorasti
894 3860 1055 3919 simul
1084 3858 1308 3930 patriam
1335 3864 1605 3911 nostram:
1629 3868 1747 3909 nam
1769 3866 1889 3906 cum
1918 3851 2267 3909 certissimum
2292 3852 2359 3905 sit
2397 3868 2512 3907 eam
2536 3853 2607 3906 ita
2637 3853 3012 3925 pra-dicatione
3036 3856 3329 3929 apostolica
3362 3857 3664 3930 insignitum
3686 3902 3704 3929 ,
3736 3870 3827 3930 με,

499 3970 627 4017 teste
660 3954 1015 4020 Tertulliani),
1039 3955 1217 4005 omnes
1242 3948 1451 4005 termini
1476 3945 1755 4018 Hispania:
1779 3944 1936 4015 ﬁdem
1960 3944 2283 4017 susceperint
2316 3944 2548 4015 ('l‘ertul.
2580 3949 2846 4004 adversus
2877 3950 3120 4014 Julia-os.
3152 3966 3276 4022 cap.
3317 3952 3412 4024 7),
3445 3962 3494 4007 et
3523 3951 3825 4025 Cypria“,

496 4056 639 4112 inea
658 4061 796 4106 recte
826 4042 1265 4116 perseveraverint
1293 4039 1574 4111 (Cypriani.
1609 4038 1775 4108 epist.
1800 4037 1900 4107 68)
1926 4077 1942 4103 ,
1975 4054 2077 4092 non
2101 4038 2308 4104 desunt,
2330 4038 2419 4109 qui
2456 4039 2755 4110 opinionem
2797 4045 3092 4111 fumumque
3123 4052 3356 4096 nostram
3382 4042 3691 4101 calumniari
3728 4062 3825 4101 ve—

502 4150 625 4213 lint,
647 4155 696 4200 et
729 4139 941 4202 ltedere,
975 4136 1230 4208 sugillare
1252 4175 1266 4200 ,
1294 4142 1341 4191 et
1379 4131 1786 4185 commaculare.
1821 4127 1980 4187 Nunc
2022 4143 2195 4184 autem
2232 4131 2333 4184 nisi
2364 4140 2600 4200 proterve
2633 4144 2679 4186 et
2706 4133 3044 4205 pertinaciter
3071 4149 3126 4189 se
3156 4150 3338 4204 gerere
3369 4133 3557 4206 velint,
3601 4138 3827 4197 clariors'

498 4239 656 4314 quam
684 4234 914 4309 phcba‘ta
942 4230 1057 4285 luce
1086 4228 1378 4295 aspicient,
1411 4235 1660 4294 quantum
1691 4221 1755 4279 ab
1793 4223 1943 4281 initio
1984 4223 2244 4278 nascentis
2286 4221 2543 4281 Ecclesite
2568 4226 2882 4299 profecerim
2915 4225 3185 4297 Hispani,
3214 4237 3340 4297 quot
3381 4231 3549 4284 sancti
3577 4244 3642 4286 es
3665 4232 3823 4290 illius

497 4346 646 4407 gente
669 4331 928 4400 Martyres
947 4326 1187 4397 adfuere,
1218 4321 1416 4392 quoties
1440 4337 1545 4375 non
1565 4321 1775 4392 defuere
1802 4319 2047 4391 tyranni;
2073 4331 2197 4392 quot
2219 4320 2543 4391 confessores
2560 4325 2854 4394 ﬂoruerunt
2878 4323 3125 4393 celebres,
3151 4340 3291 4395 cum,
3315 4334 3547 4382 cessante
3573 4340 3824 4399 persecu-

499 4434 660 4492 tione,
690 4427 938 4481 virtutum
963 4417 1213 4475 exercitia
1235 4416 1392 4470 libere
1416 4429 1653 4469 exercere
1681 4412 1937 4469 valuerint
1962 4427 1980 4479 ;
2007 4423 2134 4484 quot
2160 4415 2409 4484 virgines,
2443 4430 2577 4484 (μίαν,
2600 4427 2841 4484 superato
2865 4432 3016 4479 sexu,
3043 4416 3313 4486 carnisque
3332 4426 3383 4474 et
3412 4418 3591 4479 mundi
3622 4421 3824 4491 adepta

499 4521 738 4585 victoria,
770 4533 825 4571 se
850 4518 1022 4570 castas
1049 4509 1387 4565 dilectissimo
1412 4522 1604 4577 sponso
1624 4506 1902 4562 exhibuere
1931 4503 2160 4561 Christo.
2191 4502 2367 4561 Flabit
2392 4509 2569 4577 itaque
2579 4510 2695 4577 jam
2723 4509 2931 4565 dextere
2960 4505 3181 4564 Flavius
3206 4508 3398 4567 Lucius
3420 4507 3637 4579 Dexter,
3655 4529 3823 4584 quem

503 4590 668 4691 (velut
694 4630 722 4668 e
744 4609 980 4666 cavernis
1006 4615 1178 4661 ventos
1204 4600 1345 4657 Juno
1370 4601 1388 4673 )
1419 4617 1485 4657 ex
1516 4600 1791 4655 oblivionis
1817 4616 2023 4655 carcere
2043 4600 2274 4655 eduxisti
2289 4618 2307 4665 ;
2344 4618 2495 4671 quem
2525 4602 2698 4657 lucide
2718 4614 2765 4659 et
2791 4603 3000 4661 dextere
3030 4603 3355 4671 explicuisti,
3385 4607 3642 4677 cujusque
3675 4610 3821 4664 veri—

501 4724 658 4772 tatem
685 4706 914 4764 historiae
939 4699 1308 4770 comprobaui.
1338 4696 1450 4751 Nec
1478 4697 1693 4751 minoris
1724 4693 1967 4750 utilitatis
1992 4696 2270 4766 quisquam
2301 4705 2446 4768 putet
2476 4713 2588 4752 esse
2621 4707 2817 4754 sancta:
2848 4697 3121 4754 catholica:
3154 4696 3408 4755 Ecclesia:
3430 4742 3446 4768 ,
3469 4703 3819 4771 antiquorum

494 4817 745 4870 innovare
772 4811 991 4880 scripta,
1018 4812 1064 4859 et
1088 4814 1368 4867 exornare,
1401 4815 1559 4870 quam
1588 4814 1747 4852 novos
1775 4796 1926 4852 edere
1947 4797 2148 4865 libras;
2177 4814 2298 4852 nam
2327 4798 2373 4852 si
2399 4813 2578 4852 verum
2602 4814 2842 4852 amamus
2867 4841 2882 4865 ,
2918 4798 3134 4871 majoris
3161 4796 3262 4851 hoc
3292 4799 3535 4855 utilitatis
3562 4810 3657 4857 est.
3697 4801 3819 4860 Ve-

499 4921 632 4963 teres
662 4906 798 4960 enim
826 4906 1070 4972 prtestant
1090 4894 1421 4958 auctoritate,
1452 4890 1812 4961 excelluntquc
1833 4888 1940 4960 fide
1967 4888 2321 4944 Recentiores.
2355 4888 2407 4943 Ν
2411 4892 2547 4945 escio
2569 4890 2704 4943 enim
2732 4889 2860 4961 quid
2895 4890 3221 4944 auctoritatis
3248 4889 3347 4944 sibi
3372 4892 3600 4971 vindicat
3624 4904 3817 4953 sancta

498 5010 746 5056 υυιυειηε,
793 4996 907 5062 Quo
939 4992 997 5063 ﬁt
1018 5034 1032 5056 ,
1060 5002 1113 5043 ut
1142 4987 1230 5057 qui
1262 4985 1561 5042 Christiano
1589 4983 1787 5039 nomini
1822 4984 2166 5037 adversantur
2191 4982 2463 5053 inﬁdeles,
2495 4988 2543 5038 et
2567 4984 2656 5055 qui
2680 4991 2875 5037 sancta:
2910 4980 3163 5038 Ecclesia:
3191 4986 3308 5053 plus
3334 4996 3520 5040 nocrnt
3551 4988 3815 5061 hteretici,

510 5095 659 5151 nullo
679 5091 784 5145 alio
815 5097 1119 5160 argumento
1148 5083 1314 5156 magis
1341 5080 1706 5136 convincuntur
1728 5094 1883 5150 quam
1912 5078 2241 5147 antiquorum
2270 5077 2582 5148 scriptorum
2617 5076 2928 5131 auctoritate
2959 5088 3008 5131 et
3042 5078 3300 5133 doctrina.
3344 5076 3494 5134 Unde
3521 5081 3611 5150 qui
3637 5097 3725 5136 eos
3754 5085 3819 5141 in

499 5194 665 5245 lucem
700 5184 1007 5252 producunt,
1034 5186 1149 5231 rere
1169 5174 1275 5229 dici
1304 5181 1513 5246 possent
1546 5171 1845 5242 potentiora
1874 5167 2132 5223 Ecclesia
2156 5182 2350 5222 sancue
2378 5183 2523 5219 arma
2543 5207 2560 5231 ,
2590 5165 2726 5220 velut
2757 5167 2966 5236 clypeos
2994 5167 3047 5221 in
3080 5166 3330 5225 Daridica
3366 5181 3506 5226 turre
3525 5173 3817 5245 pendentes

496 5286 552 5340 in
583 5278 810 5337 medium
832 5277 1084 5348 proferre.
1126 5268 1192 5324 Et
1217 5268 1429 5341 quidem
1458 5267 1514 5321 in
1538 5265 1636 5319 hac
1664 5260 1851 5348 Dextri
1880 5260 2102 5316 historia
2125 5262 2287 5315 elucet
2312 5261 2535 5313 maxime
2562 5258 2784 5329 firmitas
2811 5256 2936 5327 fidei
2962 5262 3017 5313 iu
3041 5260 3359 5333 martyribus
3380 5302 3397 5330 ,
3438 5262 3506 5318 ad
3537 5269 3812 5337 confusio-

501 5386 617 5434 netn
647 5341 1006 5431 hereticorum
1028 5362 1313 5421 dicentium
1333 5376 1483 5436 posse
1509 5341 1842 5432 quemquam,
1866 5365 1922 5410 ut
1948 5357 2064 5411 vita:
2085 5354 2374 5425 periculum
2396 5352 2600 5421 evadat,
2635 5351 2725 5421 βιίι
2741 5367 2793 5404 m
2813 5368 2968 5420 quam
2993 5356 3290 5426 proﬁtetur.
3314 5356 3589 5429 abnegare.
3611 5357 3815 5433 Fulget

498 5478 798 5528 sanctorum
819 5461 1114 5517 antistitum
1142 5458 1454 5521 auctoritas,
1477 5465 1524 5509 et
1550 5455 1605 5508 in
1635 5448 1979 5523 gubernanda
2005 5449 2242 5503 Ecclesia
2267 5445 2513 5511 solertia,
2540 5463 2643 5512 qua
2673 5446 3068 5515 confundantur
3095 5449 3175 5503 illi
3198 5492 3214 5519 ,
3240 5450 3328 5521 qui
3354 5453 3697 5525 episcopalem
3717 5459 3813 5514 αδ-

496 5570 746 5640 gnitatem
776 5570 987 5632 negant,
1020 5566 1071 5613 et
1099 5568 1286 5611 novum
1308 5553 1575 5606 inventum
1606 5558 1793 5602 temere
1812 5547 2010 5600 dicunt.
2042 5543 2309 5618 beguntur
2328 5585 2343 5612 ,
2373 5560 2433 5599 co
2453 5546 2573 5617 jam
2598 5554 2828 5613 tempore
2858 5544 3118 5600 admissus
3148 5547 3621 5616 peregrinationum
3651 5562 3810 5623 tus,

498 5637 814 5731 templorum
836 5652 1118 5723 a'dificatio
1136 5692 1152 5718 ,
1176 5646 1495 5703 sacrosancti
1521 5640 1769 5711 sacrificii
1802 5639 1980 5693 Missa:
2007 5637 2309 5701 celtbratio,
2344 5648 2391 5691 et
2419 5637 2726 5692 exercitium
2755 5639 2982 5692 omniun
3011 5650 3481 5704 sacramentorum,
3516 5648 3817 5702 reuerentia

490 5728 804 5828 imaginum,
826 5746 972 5805 varia
996 5738 1282 5809 miracula,
1318 5735 1579 5793 veneratio
1609 5742 1805 5790 sancta:
1836 5729 2088 5787 Romanis
2113 5729 2269 5797 sedis,
2305 5738 2353 5786 et
2376 5730 2422 5787 si
2447 5745 2564 5801 qua:
2581 5740 2705 5786 sunt
2725 5728 2857 5799 alia,
2886 5746 3003 5806 quia
3032 5738 3298 5788 novatores
3328 5745 3554 5808 negant,
3577 5754 3692 5811 qua:
3719 5749 3812 5794 ta-
