4032 6340
507 259 578 320 15
1422 252 1720 314 FLAVIUS
1759 249 2008 312 LUCIUS
2047 245 2332 309 DEXTER
2368 244 2902 310 CHRONOLOGUS.
3735 252 3805 315 16

499 353 782 412 nobilitate
815 357 871 409 et
913 349 1177 425 martyrio
1219 349 1574 421 conspicuam
1621 367 1635 406 :
1681 349 1985 415 Pbiletum,
2032 362 2097 404 ac
2124 348 2171 407 A
2199 345 2383 415 cieus',
2419 344 2642 416 speciali
2676 344 2834 401 titulo
2862 341 3190 400 Ciceronem
3225 346 3387 401 vocat
3415 353 3610 400 suum:
3647 343 3806 413 Quod
3858 392 3866 401 .

499 447 718 504 Ltedam
764 461 952 504 sacros
993 446 1276 516 coniuges,
1326 459 1389 500 ac
1431 444 1518 499 sui
1564 451 1788 499 senatus
1836 443 2096 506 vi-rtices,

499 560 624 601 cum
654 541 798 609 ﬁliis,
827 551 882 598 et
911 557 978 598 Lv
999 541 1167 598 sociis
1193 538 1547 610 martyribus,
1582 537 1845 608 prmsules
1871 536 2094 603 multos,

495 636 788 693 sanctitate
827 634 1157 708 spectabiles
1199 631 1557 704 martyriique
1597 631 1779 686 laurea
1815 630 2094 700 insignes,

493 728 780 785 Etherium
819 727 876 785 S.
916 727 1105 784 Jacobi
1138 726 1463 796 discipulum
1503 742 1517 780 :
1547 724 1894 795 Severosque
1918 723 2092 790 duos,

494 830 552 879 et
573 822 853 893 egregium
875 820 1080 877 Christi
1109 821 1477 875 confessorem
1509 817 1901 885 Theodosium,
1927 818 2095 874 Ethe-

490 913 558 969 rii
591 928 1002 978 successorem;
1039 923 1096 968 ut
1130 912 1350 968 interim
1389 911 1580 967 sileam
1620 910 1679 967 S.
1718 910 2091 982 Cucupbatem

487 1017 827 1080 martyrem,
879 1021 1039 1078 quem
1074 1005 1255 1061 Africa
1297 1005 1518 1077 quidem
1567 1001 1787 1061 mundo.
1819 1005 2087 1077 protulit,

485 1100 588 1158 sed
621 1101 890 1156 Barcinou
921 1099 1143 1156 Christo
1173 1097 1448 1164 reddidit;
1480 1106 1535 1153 et
1562 1097 1699 1154 alios
1725 1099 1926 1154 multos
1953 1113 2090 1170 quo-

485 1209 610 1249 rum
643 1193 862 1248 nomina
892 1201 1022 1247 sunt
1056 1192 1112 1247 in
1146 1191 1286 1248 libro
1323 1190 1472 1246 vitai.
1508 1189 1602 1246 His
1634 1189 1906 1247 sideribus
1933 1190 2087 1248 velut

480 1287 538 1342 in
589 1287 935 1343 ﬁrmamento
981 1286 1154 1342 nobili
1204 1285 1669 1353 consistentibus,
1718 1283 1906 1341 addita
1955 1279 2100 1342 sunt

480 1382 774 1438 Barcinoui
796 1381 864 1438 ad
885 1381 1144 1438 decorem
1165 1380 1276 1437 duo
1299 1380 1426 1450 alia,
1452 1389 1777 1436 caeterorum
1803 1380 2079 1448 concives,

475 1484 634 1546 pater
653 1489 717 1531 ac
744 1474 929 1530 ﬁlius:
959 1474 1248 1541 Pacianus,
1277 1473 1518 1544 inquam,
1542 1483 1598 1528 et
1630 1472 1848 1530 Dexter.
1881 1472 2079 1540 Quidni

477 1584 576 1626 eos
601 1569 782 1627 sidera
807 1569 1058 1635 dixerim,
1081 1583 1218 1641 quos
1242 1567 1427 1624 claros
1449 1567 1696 1623 doctrina
1725 1575 1780 1622 et
1810 1566 2078 1638 dignitate

475 1672 710 1721 testatur
745 1665 1141 1736 Hieronymus,
1177 1672 1233 1718 et
1263 1673 1446 1719 tamen
1476 1661 1679 1718 Danieli
1706 1661 1914 1717 dictum
1939 1661 2072 1717 fuit:

2203 439 2403 505 Cicero,
2436 440 2629 510 inquit,
2663 452 2804 506 tuus,
2829 440 2919 512 qui
2947 440 2998 494 in
3024 455 3144 494 arce
3172 439 3310 495 stetit
3339 439 3664 511 eloquentiae,
3698 455 3805 496 non

2200 543 2272 588 est
2295 534 2467 605 facere
2483 532 2792 604 dedignatus
2812 532 2867 585 iu
2888 530 3071 601 Bruto,
3097 539 3364 586 oratorum
3384 529 3594 587 Latina:
3610 532 3806 604 lingua:

2199 633 2375 681 texens
2425 624 2744 699 catalogum,
2788 633 2844 682 et
2879 639 3019 682 onus
3061 625 3240 695 ipsum
3277 623 3423 693 quod
3469 623 3804 696 Hieronymo

2196 719 2456 791 imposuit
2480 721 2659 776 adbuc
2676 719 2890 791 juvenis
2919 733 3226 792 provocans
3256 717 3440 787 illum,
3462 729 3544 784 ut,
3568 718 3635 774 ad
3665 719 3803 774 Sue-

2197 815 2333 871 tonii
2361 813 2698 883 exemplum,
2727 815 2910 871 claros
2938 814 3066 871 ﬁdei
3093 813 3425 870 Christianae
3446 823 3713 878 oratores,
3743 821 3800 869 et

2195 910 2438 982 insignes
2472 908 2734 966 Ecclesia:
2770 908 3035 965 Doctores
3059 908 3214 965 brevi
3247 906 3499 978 catalogo
3528 907 3798 979 astringeo

2192 1014 2297 1070 ret,
2330 1013 2379 1059 et
2411 1005 2552 1076 quod
2577 1003 2667 1058 ille
2700 1005 2754 1058 in
2792 1003 3157 1058 enumerandis
3196 1002 3468 1074 gentilium
3503 1002 3797 1058 litterarum

2189 1099 2312 1154 uiris
2337 1099 2634 1155 illustribus
2657 1099 2872 1171 fecerat,
2895 1098 3081 1170 ipsein
3105 1098 3296 1152 nostris
3316 1101 3512 1168 faceret
3535 1111 3553 1151 :
3577 1107 3633 1154 et
3651 1112 3796 1169 prte-

2189 1206 2317 1250 sens
2363 1191 2676 1248 Chronicon
2718 1190 3088 1262 eloquentiam
3134 1188 3372 1246 hominis
3419 1205 3544 1246 cum
3589 1191 3794 1260 pietate

2187 1285 2538 1358 conjunctam
2570 1285 2777 1342 clamat
2807 1303 2824 1344 :
2857 1301 2983 1342 nam
3006 1287 3081 1341 ita
3113 1283 3371 1340 humanis
3390 1282 3622 1339 vacabat
3647 1283 3792 1340 litte-

2184 1379 2286 1442 ris.
2317 1387 2375 1435 ut
2402 1377 2791 1435 ecclesiasticae
2819 1378 3077 1434 historim
3097 1375 3289 1434 sedulo
3316 1374 3676 1432 incumberet.

2255 1473 2528 1530 Caeterum
2560 1472 2947 1529 adolescentiae
2978 1481 3152 1528 metas
3190 1469 3435 1526 nondum
3467 1467 3742 1526 excedens
3765 1510 3782 1536 ,

2182 1567 2547 1625 sacramentis
2570 1566 2898 1624 militaribus
2919 1565 3265 1637 implicatur;
3289 1562 3436 1636 quod
3463 1577 3636 1634 genus
3661 1563 3786 1618 vita:

2181 1679 2247 1719 eo
2279 1663 2586 1734 prmsertim
2631 1671 2880 1732 tempore
2915 1659 3180 1717 nobilium
3219 1661 3463 1716 virorum
3503 1656 3633 1713 ﬁliis
3666 1665 3782 1714 toto

477 1758 585 1827 Qui
603 1757 672 1813 ad
688 1757 954 1830 justitiam
985 1757 1229 1812 erudiunt
1261 1760 1470 1823 multos,
1503 1757 1653 1828 quasi
1682 1753 1848 1811 stella:
1875 1755 1930 1810 in
1951 1771 2071 1828 per-
2101 1739 2152 1801 Β
2181 1755 2412 1812 Roman.
2440 1755 2672 1826 imperio
2694 1754 2920 1811 charum
2942 1763 3084 1822 erat,
3115 1762 3174 1810 et
3200 1751 3478 1825 praecipue
3504 1751 3558 1805 in
3587 1749 3783 1821 Hispa-

471 1861 656 1918 petuas
671 1850 983 1920 teternitates
1001 1851 1024 1904 ?
1039 1848 1116 1906 De
1134 1848 1373 1905 Paciano
1394 1849 1787 1920 Hieronymus:
1807 1847 2073 1906 Pacianus

471 1940 769 2000 Barcilonat
799 1945 1094 2016 episwpus,
1127 1944 1390 2011 castitate,
1435 1943 1642 2014 inquit,
1675 1952 1725 1998 et
1754 1943 2070 2014 eloquentia,

469 2046 520 2092 et
567 2047 674 2092 tam
711 2038 845 2104 rita,
881 2053 1038 2110 quam
1083 2053 1317 2092 sermone
1358 2037 1577 2102 clarus;
1616 2045 1671 2092 et
1715 2036 1784 2092 de
1828 2036 2065 2106 Dextro,

457 2129 669 2188 Dexter
691 2129 936 2197 Paciani,
969 2130 1034 2187 de
1063 2146 1163 2201 quo
1185 2145 1346 2202 supra
1367 2129 1498 2195 dixi,
1531 2128 1693 2198 ﬁlius,
1725 2128 1903 2184 clarus
1927 2129 2070 2202 apud

464 2221 752 2292 steculum,
785 2231 832 2279 et
862 2221 1053 2278 Christi
1091 2222 1214 2293 ﬁdei
1255 2222 1482 2276 deditus.
1514 2220 1659 2278 Sane
1700 2222 1759 2279 S.
1800 2221 2068 2280 Pacianus

468 2330 594 2371 cum
619 2314 858 2372 nondum
875 2322 1026 2372 esset
1041 2314 1331 2385 episcopus
1349 2329 1417 2370 ex
1433 2314 1673 2385 legitima
1692 2328 1862 2371 uxore
1879 2330 2067 2372 susce-

462 2407 612 2479 pisse
647 2407 908 2464 Dextrnm
929 2449 944 2474 ,
983 2407 1116 2464 illud
1147 2406 1452 2475 convincit,
1483 2407 1628 2479 quod
1658 2407 1802 2464 inter
1831 2419 2066 2466 caeteras

463 2497 633 2553 animi
661 2513 726 2554 ac
754 2497 1002 2568 corporis
1033 2497 1189 2553 dotes
1218 2497 1446 2554 castitas
1475 2498 1596 2568 ejus
1626 2499 1890 2571 singulari
1924 2515 2066 2572 prte-

467 2591 631 2646 conio
667 2606 698 2645 a
737 2590 1072 2664 Hieronymo
1108 2591 1548 2648 commendatur.
1596 2591 1866 2649 Pacianus
1911 2593 2062 2667 (ait)

464 2685 703 2739 castitate
733 2693 780 2740 et
802 2685 1094 2754 eloquentia
1118 2685 1312 2754 clarus,
1344 2684 1490 2755 quod
1520 2684 1588 2741 de
1619 2687 1858 2753 moecho,
1889 2702 2062 2758 quan-

463 2788 811 2850 tumcumque
839 2779 1159 2850 ptenitente,
1197 2778 1303 2835 dici
1344 2793 1453 2834 non
1477 2787 1680 2850 posset.
1708 2778 2059 2837 Nobilitatem

461 2870 681 2942 generis
711 2871 802 2927 illa
835 2871 1273 2930 indicantverba
1307 2871 1620 2944 Hieronymi
1657 2891 1668 2926 :
1702 2872 1889 2930 Clarus
1918 2876 2060 2948 apud

460 2963 750 3030 saeculum,
795 2965 1102 3040 praesertim
1151 2963 1342 3020 Dextri
1389 2964 1579 3022 laudes
1622 2966 1801 3023 adhuc
1843 2968 2059 3038 juvenis

460 3055 877 3124 concernentia,
908 3071 977 3111 eo
1009 3055 1264 3113 videlicet
1298 3057 1442 3112 dicta
1471 3067 1740 3130 tempore,
1773 3077 1880 3132 quo
1905 3062 2057 3134 vige-

2177 1851 2306 1921 nia,
2349 1849 2498 1922 quod
2541 1865 2799 1922 magnum
2850 1847 2982 1904 illud
3027 1847 3179 1903 orbis
3221 1845 3390 1902 decus
3434 1841 3778 1900 Theodosius

2174 1945 2382 2014 senior,
2409 1959 2538 2001 vere
2559 1944 2611 1999 in
2634 1943 2846 2000 cunctis
2867 1941 3109 2014 Magnus,
3138 1939 3266 1996 inde
3287 1937 3354 1994 ad
3384 1934 3600 2008 imperii
3625 1933 3777 1991 fasti-

2172 2038 2320 2110 gium
2362 2047 2494 2094 tunc
2532 2045 2759 2095 evectus
2796 2034 3009 2102 fuerat,
3049 2048 3196 2089 anno
3225 2029 3431 2088 Christi
3473 2044 3770 2086 cccuxtx.

2173 2129 2289 2189 Sub
2325 2139 2479 2187 tanto
2512 2131 2677 2202 igitur
2709 2129 2956 2201 principe
2993 2126 3198 2184 Dexter
3226 2125 3478 2181 militiam
3516 2131 3769 2189 secutus,

2170 2234 2226 2283 et
2252 2224 2466 2281 nobiles
2485 2224 2543 2280 in
2565 2239 2627 2280 ea
2653 2223 2857 2280 faciens
2880 2234 3206 2293 progressus
3228 2217 3557 2274 militaribus
3577 2215 3773 2288 grada-

2171 2317 2266 2375 tim
2312 2317 2612 2375 honoribus
2648 2315 2936 2372 sublimari
2969 2332 2985 2371 :
3019 2323 3073 2370 et
3109 2313 3182 2369 ita
3223 2311 3440 2368 tandem
3476 2311 3544 2366 ad
3576 2310 3774 2382 prtere-

2167 2421 2374 2470 cturam
2403 2411 2648 2484 praetorii
2685 2409 2978 2467 Orientalis
3019 2407 3275 2480 Imperii,
3309 2404 3456 2478 quod
3495 2420 3765 2461 summum

2168 2514 2288 2562 erat
2318 2504 2587 2571 munium,
2617 2502 2993 2560 conscendere
3019 2499 3240 2558 meruit.
3265 2499 3452 2555 Annos
3476 2507 3634 2553 natus
3657 2513 3766 2554 non

2167 2599 2406 2671 amplius
2437 2613 2567 2655 xvtu
2607 2596 2921 2653 Theodosio
2970 2596 3162 2668 imper.
3207 2592 3508 2650 adhaesisse
3547 2607 3648 2660 par
3683 2600 3767 2648 est

2166 2689 2395 2746 credere
2415 2731 2430 2756 ,
2461 2687 2681 2760 quando
2709 2704 2744 2743 x
2777 2686 2988 2760 imperii
3017 2686 3180 2742 simul
3209 2701 3330 2742 eum
3361 2681 3603 2739 Arcadio
3652 2684 3764 2739 ﬁlio

2165 2779 2417 2851 Caesare,
2448 2792 2506 2838 et
2533 2780 2920 2837 Valentiniano
2947 2777 3214 2850 Augusto,
3248 2777 3544 2835 Maximum
3573 2789 3764 2848 tyran-

2165 2888 2297 2930 num
2329 2873 2700 2929 debellaturus
2728 2872 2782 2928 in
2812 2871 3019 2928 Italiam
3051 2869 3334 2927 descendit
3360 2887 3374 2927 :
3403 2871 3764 2942 sequentique

2163 2980 2286 3023 cum
2311 2965 2518 3021 eisdem
2552 2964 2778 3019 Romam
2808 2964 3147 3035 ingressum;
3176 2971 3232 3018 et
3254 2962 3380 3018 inde
3401 2961 3456 3018 in
3483 2962 3758 3019 Orientem

2165 3059 2493 3131 profectum.
2539 3059 2744 3116 Verum
2787 3059 3070 3115 enimvero
3109 3059 3185 3114 ita
3226 3058 3390 3116 rebus
3435 3057 3761 3115 militaribus

459 3147 659 3202 simum
695 3147 914 3203 tertium
953 3147 1150 3218 agebat
1189 3161 1390 3204 annum
1411 3192 1426 3217 ,
1464 3152 1524 3205 ut
1557 3165 1688 3206 mox
1729 3151 2056 3210 videbimus.
2086 3141 2134 3206 C
2167 3155 2414 3212 addictus
2444 3164 2595 3223 erat,
2632 3165 2694 3210 ut
2723 3153 2926 3210 litteris
2955 3151 3285 3225 quandoque
3311 3169 3413 3224 pro
3438 3152 3758 3225 opportuni-

460 3235 600 3294 Erat
636 3239 800 3294 etiam
841 3240 1106 3312 sanguine
1151 3240 1477 3310 conjunctus
1512 3241 1681 3298 Paulo
1707 3243 1939 3315 Orosio,
1972 3249 2058 3304 vel

456 3329 579 3402 ipso
609 3331 812 3387 Dextro
841 3330 1044 3388 latente
1071 3332 1138 3387 ad
1163 3347 1368 3388 annum
1402 3333 1614 3389 Domini
1645 3334 1751 3390 417
1779 3352 1790 3390 :
1825 3335 2053 3410 Paulus,

455 3425 667 3497 inquit,
709 3425 964 3494 Orosius,
999 3422 1090 3485 Fl.
1128 3425 1301 3482 Orosii
1329 3427 1504 3498 ﬁlius,
1538 3433 2059 3504 consanguineusque

455 3515 686 3573 Paciani
705 3519 870 3590 patris
892 3520 1014 3586 mei,
1036 3519 1261 3589 civisque
1286 3519 1710 3577 Tarraconensis.
1735 3523 2054 3582 Orosiorum

453 3623 634 3670 autem
656 3629 794 3685 gens
814 3614 1103 3670 nobilitate
1124 3613 1354 3686 insignis
1372 3613 1492 3682 luit,
1516 3626 1704 3686 utpote
1724 3633 1846 3687 qute
1869 3617 2055 3674 Romae

456 3707 514 3763 in
543 3707 768 3764 basilica
806 3709 864 3764 S.
905 3707 1124 3766 Eusebii
1152 3708 1431 3780 prOpriam
1473 3711 1810 3782 sepulturam
1844 3712 2049 3768 habuit.

451 3799 567 3858 Nec
587 3801 767 3857 solum
792 3800 1105 3858 Tarracone
1126 3809 1182 3859 et
1210 3802 1418 3868 Romae,
1444 3804 1539 3860 sed
1563 3804 1728 3860 etiam
1753 3814 1863 3862 tota
1893 3807 2051 3864 Lusi-

456 3893 603 3949 tania
632 3893 880 3963 illustris,
907 3902 964 3950 et
992 3904 1105 3950 toto
1135 3895 1270 3951 orbe
1299 3895 1598 3967 conspicua
1621 3898 1833 3954 reddita
1859 3910 1962 3967 est,
1994 3911 2054 3958 ut

452 3985 724 4042 Maximus
739 3985 1152 4058 Caesaraugusta
1162 4003 1261 4043 nus
1278 3989 1570 4060 episcopus
1589 3990 1778 4048 scribit
1795 3991 1862 4048 ad
1879 4008 2053 4050 annos

450 4077 672 4134 Domini
706 4077 809 4134 471
854 4087 909 4136 et
955 4079 1084 4135 602.
1135 4081 1309 4137 Porro
1352 4082 1618 4140 Pacianus
1662 4095 1838 4156 pater,
1882 4102 2051 4144 uxore

453 4170 767 4240 destitutus,
799 4172 886 4228 vel
918 4171 1100 4228 forsan
1139 4174 1304 4245 (quod
1330 4175 1424 4232 illa
1453 4175 1772 4250 frequenter
1799 4179 2052 4237 ferebant

453 4265 727 4336 tempora)
763 4264 832 4320 ab
873 4280 937 4321 ea
980 4277 1303 4337 separatus,
1347 4270 1699 4343 redditusque
1744 4274 2045 4348 Ecclesiae,

453 4360 623 4416 verbo
651 4369 705 4416 et
731 4361 984 4432 exemplo
1005 4378 1134 4418 oves
1159 4364 1264 4420 sibi
1285 4367 1606 4422 commissas
1625 4370 1855 4427 miriﬁce
1875 4371 2044 4442 pavit,

447 4461 506 4510 ct
524 4467 555 4508 a
575 4452 829 4522 luporum
855 4454 1129 4510 furentum
1153 4455 1376 4512 incursu
1401 4457 1784 4528 (Novatianos,
1809 4471 1865 4517 et
1884 4461 2046 4517 Aria-

449 4559 552 4602 nos
580 4543 799 4617 loquor)
827 4561 934 4601 non
959 4549 1137 4602 solum
1163 4548 1350 4620 verbo,
1381 4549 1475 4606 sed
1501 4551 1662 4607 etiam
1694 4553 1912 4622 scriptis
1943 4553 2039 4610 de-
2069 4539 2126 4601 Ῑ)

450 4640 657 4711 tendit,
695 4655 927 4713 quorum
962 4641 1143 4698 adhuc
1187 4657 1308 4698 cum
1342 4643 1589 4701 doctrina
1631 4648 1894 4703 miramur
1921 4649 2040 4705 elo-

445 4735 756 4804 quentiam,
800 4733 1054 4790 nimirum
1097 4734 1154 4789 in
1193 4733 1447 4807 Epistolis
1482 4739 1551 4792 ad
1598 4739 2043 4813 Symphorianum

447 4828 588 4885 datis
607 4830 662 4883 in
685 4826 940 4898 partenesi
957 4826 1020 4881 de
1044 4830 1367 4897 poenitentia,
1395 4836 1451 4885 et
1471 4832 1735 4900 opusculo
1760 4833 1824 4887 de
1852 4830 2041 4905 Bapti-

447 4937 557 4978 smo
572 4937 592 4988 ,-
614 4919 1064 4989 sanctitatemque
1087 4935 1410 4976 veneramur
1433 4937 1555 4978 cum
1578 4922 1820 4982 Romana
1843 4937 1896 4982 et
1919 4929 2040 4984 uni-

445 5013 649 5072 versali
703 5010 989 5076 Ecclesia,
1045 5027 1168 5082 quae
1221 5028 1417 5070 nomen
1472 5017 1640 5086 ipsius
1684 5019 1737 5076 in
1785 5024 2038 5098 catalogo

444 5115 762 5166 sanctorum
794 5103 923 5174 legit
959 5103 1026 5159 ad
1067 5103 1212 5160 diem
1241 5107 1275 5162 9
1305 5107 1504 5162 Martii.
1539 5109 1708 5167 Natus
1739 5124 1824 5170 est
1856 5128 2036 5176 autem

443 5201 529 5260 ΕΙ.
575 5198 773 5256 Lucius
811 5195 1014 5254 Dexter
1057 5211 1204 5254 anno
1245 5213 1273 5251 a
1319 5199 1484 5254 natali
1528 5201 1744 5260 Domini
1787 5207 1896 5264 368
1922 5251 1936 5275 ,
1982 5221 2039 5267 ut

442 5296 701 5366 colligere
726 5292 854 5348 licet
877 5306 943 5347 ex
967 5305 1034 5347 eo
1055 5289 1197 5360 quod
1225 5291 1290 5346 ad
1314 5292 1518 5349 calcem
1542 5293 1797 5355 Chronici
1821 5303 2032 5372 scribit,

440 5407 524 5460 se,
553 5403 695 5445 anno
715 5385 914 5441 Christi
939 5382 1066 5451 440,
1099 5384 1275 5440 mtatis
1307 5387 1483 5457 egisse
1515 5404 1627 5445 sum
1648 5408 1814 5450 um.

512 5482 619 5541 Sed
659 5494 792 5552 quos
823 5491 928 5533 non
968 5475 1244 5546 profectus
1275 5477 1474 5536 Dexter
1505 5481 1717 5541 laceret
1750 5487 1852 5544 sub
1886 5498 2036 5549 tanto

439 5573 709 5652 parente?
738 5571 797 5626 In
828 5568 1243 5625 humanioribus
1275 5571 1471 5629 litteris
1494 5574 1838 5645 jut'entutem
1869 5599 2034 5642 exer-

439 5668 620 5726 cuisse
648 5707 662 5734 ,
721 5665 1086 5735 Hieronymus
1130 5663 1184 5718 in
1233 5665 1462 5738 prologo
1521 5669 1643 5726 libri
1690 5672 2030 5746 Scriptorum

432 5758 932 5824 ecclesiasticorum
966 5758 1295 5828 manifestat,
1328 5752 1456 5818 dum
1483 5763 1552 5821 ad
1577 5764 1724 5824 illum
1748 5773 1915 5830 verba
1945 5771 2029 5832 fa-

2164 3258 2274 3306 tate
2315 3257 2566 3315 vacaret;
2611 3248 2665 3304 in
2714 3246 2955 3304 Orientis
3003 3257 3184 3303 autem
3230 3247 3571 3318 profectione
3611 3246 3759 3301 viros

2162 3344 2547 3410 doctissimos,
2579 3344 3071 3414 sanctissimosque
3109 3341 3414 3408 consuluit,
3447 3341 3759 3411 audivitque

2160 3455 2267 3510 quo
2291 3437 2556 3509 temporis
2574 3437 3042 3506 ConstantinOpoli
3066 3434 3299 3490 ﬂorebat
3317 3435 3561 3491 Joannes
3580 3433 3759 3505 Chry-

2158 3541 2456 3596 sostomus,
2485 3529 2537 3583 in
2561 3529 2745 3602 Cypro
2767 3527 3127 3598 Epiphanius,
3151 3525 3520 3582 Neoctesareze
3543 3524 3758 3596 Grego-

2156 3627 2320 3694 rius,
2385 3625 2621 3698 Cyrillus
2680 3623 3125 3695 Hierosolymis,
3195 3622 3417 3679 Edessa:
3486 3623 3540 3679 in
3596 3621 3755 3695 Syria

2157 3718 2435 3790 Ephrem,
2484 3719 2627 3774 Nisae
2671 3717 2971 3790 Gregorius
3015 3718 3180 3786 alter,
3222 3716 3409 3773 Basilii
3455 3715 3643 3784 frater,
3695 3725 3755 3772 ut

2156 3813 2527 3885 Sophronium
2560 3824 2615 3869 et
2641 3812 2781 3869 alios
2801 3821 3126 3884 praeteream
3152 3831 3166 3866 :
3197 3827 3310 3884 pra:
3333 3811 3551 3868 caeteris
3573 3819 3753 3867 tamen

2156 3907 2493 3980 Hieronymo
2531 3921 2702 3978 usque
2744 3906 2810 3960 ad
2853 3904 3120 3962 amicitias
3143 3920 3277 3961 usus
3309 3914 3431 3970 est;
3461 3906 3538 3960 uti
3569 3919 3636 3960 ex
3667 3919 3755 3962 se-

2154 3999 2329 4057 cunda
2371 4000 2544 4072 ipsius
2575 4000 2644 4054 ad
2681 3998 2938 4054 Ruﬁnum
2979 3998 3242 4068 Apologia
3275 3997 3473 4068 liquet,
3509 3996 3636 4052 dum
3665 3996 3754 4052 in-

2152 4095 2269 4166 quit
2295 4112 2308 4148 :
2337 4091 2464 4148 Cum
2487 4091 2682 4148 Dexter
2703 4093 2900 4148 amicus
2921 4107 3064 4146 meus
3080 4091 3170 4171 qui
3193 4094 3557 4163 prtcfecturam
3577 4091 3750 4146 admi-

2151 4187 2388 4242 nistrart't
2417 4186 2678 4264 prtutorii,
2719 4194 2829 4241 etc.
2864 4183 2945 4240 Ad
2971 4183 3083 4245 hoc
3122 4199 3255 4240 vero
3296 4198 3583 4242 necessum
3617 4183 3748 4251 fuit,

2151 4295 2264 4335 non
2291 4279 2462 4335 semel
2484 4287 2580 4334 aut
2602 4279 2801 4335 iterum
2825 4293 2950 4334 eum
2973 4277 3289 4345 convenire,
3317 4277 3413 4334 sed
3437 4276 3751 4350 frequenter

2150 4371 2405 4428 familiari
2446 4373 2615 4443 ipsius
2644 4373 2697 4427 in
2732 4370 3117 4428 Betlilemitico
3145 4386 3369 4428 secessu
3392 4412 3407 4437 ,
3450 4370 3552 4426 lrni
3581 4369 3752 4426 collo-

2150 4467 2312 4538 quio,
2341 4477 2397 4523 et
2437 4467 2721 4522 absentem
2753 4467 3033 4522 multoties
3064 4482 3161 4536 per
3199 4466 3410 4521 litteras
3433 4464 3500 4520 ad
3531 4464 3747 4521 diversa

2151 4561 2331 4618 studia
2355 4577 2678 4634 provocare.
2704 4560 2978 4618 Habemus
3005 4561 3126 4633 ejus
3148 4563 3224 4618 rei
3251 4561 3438 4618 nobile
3459 4575 3749 4633 argumen-

2151 4666 2304 4725 tum,
2362 4657 2561 4712 librum
2611 4657 2682 4714 de
2733 4655 3107 4724 Scriptoribus
3152 4653 3558 4711 ecclesiasticis.
3610 4651 3746 4708 Cum

2150 4750 2294 4806 enim
2328 4757 2438 4818 tot,
2481 4749 2781 4821 taliumque
2818 4748 3114 4805 Doctorum
3151 4745 3374 4817 scriptis
3401 4745 3747 4802 Christianus

2149 4843 2302 4900 orbis
2331 4841 2435 4898 sibi
2464 4857 2528 4899 eo
2559 4842 2761 4900 smculo
2782 4840 3137 4898 vehementer
3154 4839 3413 4896 illustrari
3435 4838 3740 4905 videretur,

2148 4936 2205 4993 in
2249 4952 2479 5007 quorum
2519 4935 2930 5007 comparatione
2965 4933 3249 5006 gentilium
3292 4931 3737 5004 philosophorum

2146 5044 2211 5084 ac
2242 5028 2523 5085 rhetorum
2553 5027 2830 5084 subtilitas
2857 5034 2914 5082 et
2946 5025 3260 5096 eloquentia
3291 5024 3524 5080 vluerat
3545 5064 3561 5090 ,
3591 5022 3743 5079 dole-

2147 5120 2236 5176 bat
2264 5119 2513 5186 nimium,
2536 5118 2866 5174 Christianis
2885 5116 3121 5189 gentiles
3146 5116 3350 5188 passim
3380 5114 3738 5172 rusticitatem

2144 5217 2426 5285 objicere;
2459 5213 2639 5270 nullos
2663 5210 2969 5268 Ecclesiam
2994 5208 3389 5283 philosophos,
3423 5215 3516 5264 aut
3545 5207 3738 5264 rheto-

2143 5325 2254 5373 res,
2280 5307 2461 5365 nullos
2488 5307 2753 5362 Doctores
2785 5304 3064 5372 habuisse,
3094 5314 3285 5374 utpote
3312 5317 3342 5356 a
3370 5301 3586 5358 rusticae
3608 5301 3742 5357 sim-

2144 5403 2400 5476 plicitatis
2447 5399 2761 5457 hominibus
2817 5398 3138 5464 fundatam,
3189 5412 3285 5453 seu
3335 5412 3365 5452 a
3415 5394 3737 5469 quibusdam

2136 5497 2507 5571 piscatoribus
2531 5494 2805 5566 prtecipue
2828 5495 3098 5551 edoctum.
3127 5492 3265 5548 Hinc
3297 5493 3500 5548 Dexter
3522 5490 3588 5548 de
3610 5490 3738 5547 Hie-

2139 5589 2352 5661 ronymi
2381 5586 2688 5644 sufﬁcentia
2717 5587 3024 5653 confidens,
3052 5584 3144 5655 qui
3173 5598 3312 5656 pene
3332 5598 3522 5639 omnes
3552 5591 3738 5638 aucto-

2137 5698 2226 5740 res
2258 5683 2372 5738 sive
2393 5680 2824 5750 ecclesiasticos,
2858 5681 2973 5735 sive
3001 5677 3282 5749 profanos,
3307 5675 3528 5733 Grtecos
3556 5685 3612 5732 et
3631 5676 3737 5732 La-

2135 5777 2282 5834 tinos
2301 5775 2526 5850 legerat,
2553 5780 2761 5830 tantum
2786 5773 2835 5829 ei
2860 5785 2996 5846 opus
3019 5769 3270 5844 imponit,
3295 5782 3476 5843 operte
3499 5768 3731 5844 pretium
