4032 6340
214 353 288 409 17

1574 339 1918 400 AUCTORIS
1957 339 2138 399 VITA.

3465 342 3534 401 l8

207 463 396 534 ipsum
420 457 691 516 facturum
713 455 1020 524 afﬁrmans,
1049 455 1098 512 si
1125 455 1419 513 Doctorum
1443 455 1710 525 omnium,
1736 455 1829 528 qui
1855 462 1907 526 Α
1931 455 2122 529 quanti
2149 463 2198 512 et
2227 454 2404 527 quales
2425 455 2522 510 viri
2553 471 2666 512 eam
2694 457 3048 529 fundaverint,
3081 457 3453 525 exstruxerint,
3486 471 3538 516 et

211 556 327 612 vita
359 564 418 612 et
446 554 672 624 scriptis
695 551 998 610 Ecclesiam
1024 551 1121 608 Dei
1156 551 1546 622 illustrassent,
1575 551 1822 617 nomina,

209 658 270 707 ct
298 647 717 706 lucubrationes
741 692 758 720 ,
802 660 957 703 more
985 645 1252 718 catalogi,
1282 645 1350 702 ad
1383 660 1548 703 unum
1577 645 1826 702 brevius-

207 742 399 800 culum
447 742 708 798 volumen
753 739 1145 798 encomiastice
1192 740 1484 798 reduceret
1523 757 1537 796 :
1593 752 1653 796 ut
1699 755 1822 796 cum

205 837 448 911 gentiles
485 837 777 894 rhetorum
815 851 882 893 ac
922 843 1212 908 poetarum
1255 851 1476 893 suorum
1515 836 1822 907 catalogum

209 931 374 988 nobis
409 931 746 1003 objicerent,
773 945 937 1002 quem
965 929 1257 986 Suetonius
1279 929 1654 1002 Tranquillus,
1682 930 1826 986 libro

205 1025 275 1083 de
291 1026 596 1082 illustribus
613 1023 986 1082 Grammaticis
1005 1025 1156 1082 edito
1175 1025 1493 1082 confecerat
1509 1069 1524 1092 ,
1549 1025 1823 1082 Catholici

206 1133 440 1174 suorum
464 1117 783 1188 catalogum
809 1121 1074 1188 promere
1089 1126 1336 1189 possent,
1357 1129 1411 1174 et
1436 1117 1666 1190 gentiles
1687 1133 1824 1188 quos

211 1211 382 1266 inscia
411 1219 666 1266 vetustas
695 1210 1076 1278 venerabatur,
1103 1209 1397 1280 imperitia:
1423 1217 1480 1266 et
1500 1209 1824 1280 ignorantia:

205 1306 569 1378 redarguere.
600 1305 648 1362 Ο
676 1304 898 1376 dignam
928 1304 1234 1360 Christiani
1266 1313 1322 1360 et
1351 1304 1500 1361 docti
1533 1303 1633 1360 viri
1669 1305 1822 1376 cogi-

206 1399 477 1455 tationem
508 1399 524 1453 !
570 1412 606 1454 o
633 1398 879 1458 animum
919 1397 1192 1453 nobilcml
1223 1396 1363 1466 Quid
1395 1397 1594 1452 mirum
1636 1397 1680 1452 si
1713 1411 1821 1453 non

202 1495 377 1551 solum
399 1495 590 1550 clarus
604 1494 749 1565 apud
765 1493 1042 1562 secutum,
1065 1493 1164 1550 sed
1187 1493 1377 1562 etiam,
1398 1495 1540 1563 quod
1568 1495 1620 1549 in
1643 1509 1822 1549 saecu-

206 1587 303 1642 lari
326 1587 566 1642 homine
594 1601 781 1642 rarum
815 1595 922 1653 est,
949 1584 1146 1641 Christi
1176 1585 1300 1654 ﬁdei
1320 1586 1548 1648 deditus,
1571 1585 1822 1642 dicatur?

206 1683 346 1740 Sane
393 1680 550 1753 quod
605 1680 906 1737 Doctorum
949 1679 1208 1736 Ecclesia:
1257 1679 1506 1751 catalogo
1555 1679 1818 1744 fruamur,

204 1771 409 1829 Dextro
437 1789 496 1827 ν.
540 1788 592 1828 c.
636 1771 900 1828 debemus
933 1789 946 1826 :
978 1786 1100 1827 nam
1134 1771 1250 1841 ejus
1279 1771 1495 1827 hortatu
1531 1770 1590 1827 S.
1628 1770 1819 1827 Hiero-

1932 550 2253 618 ornaverint,
2281 559 2328 606 et
2360 549 2599 606 desinant
2628 551 2783 623 ﬁdem
2825 561 3058 608 nostram
3084 552 3294 608 rustica:
3334 561 3534 608 tantum

1927 645 2283 719 simplicitatis
2345 662 2564 721 arguere
2591 687 2609 715 ,
2677 663 2925 719 suamque
2989 648 3161 718 potius
3215 648 3535 721 imperitiam

1929 751 2232 812 agnoscant.
2259 739 2532 798 Hactenus
2560 741 2924 815 Hieronymus
2957 741 3179 800 Dextro.

2000 836 2212 908 Agebat
2238 852 2306 893 eo
2347 846 2598 910 tempore
2634 837 2836 894 Dexter
2874 853 3075 894 annum
3105 839 3283 896 astatis
3310 853 3445 895 xxttt
3475 847 3532 895 et

1930 931 2066 988 licet
2088 931 2476 988 adolescentia:
2503 939 2677 989 metas
2718 949 2829 989 non
2860 933 3212 1002 excessisset,
3242 933 3426 989 animo
3457 941 3539 987 ta-

1927 1040 2053 1081 men
2096 1040 2267 1081 canus
2312 1040 2499 1083 senem
2550 1024 2747 1082 studiis
2798 1041 2910 1097 pra:
2951 1041 3011 1082 se
3041 1025 3282 1093 ferebat;
3312 1025 3454 1083 unde
3480 1035 3537 1082 et

1926 1129 2172 1191 cmperat
2211 1120 2523 1176 Chronicon
2576 1133 2733 1175 suum
2784 1120 3039 1176 Historiae
3087 1119 3421 1176 omnimodae
3472 1119 3528 1175 in

1925 1213 2158 1284 gratiam
2180 1212 2426 1284 ejusdem
2448 1213 2763 1284 Hieronymi
2791 1222 3011 1280 texere;
3035 1228 3145 1285 quo
3175 1213 3436 1270 nimirum
3463 1211 3531 1268 ad

1925 1307 2238 1377 catalogum
2274 1307 2608 1377 scriptorum
2632 1306 2982 1375 ordiendum,
3013 1308 3189 1378 ipsum
3218 1306 3480 1363 excitaret
3511 1327 3525 1361 :

1928 1399 2142 1455 tametsi
2175 1399 2336 1455 rebus
2358 1397 2591 1462 militiai,
2621 1406 2676 1453 et
2706 1397 3090 1468 imperatorum
3117 1397 3344 1454 servitio
3365 1398 3530 1470 longo

1928 1501 2173 1564 tempore
2210 1491 2472 1558 intentus,
2517 1491 2835 1562 ingentique
2878 1500 3298 1548 memoratarum
3339 1507 3522 1548 rerum

1923 1587 2190 1643 varietate
2219 1587 2495 1654 detentus,
2527 1585 2689 1642 linem
2713 1585 2816 1656 ipsi
2842 1585 2946 1641 nisi
2974 1595 3098 1658 post
3127 1585 3328 1642 multos
3352 1601 3530 1643 annos

1927 1694 2032 1736 non
2068 1679 2299 1736 valuerit
2340 1679 2622 1752 imponere
2653 1697 2668 1734 :
2699 1677 2918 1750 quando
2949 1679 3158 1735 scilicet
3197 1679 3352 1736 senio
3391 1694 3526 1736 con-

1927 1775 2118 1842 fectus,
2152 1776 2392 1847 quietem
2428 1775 2575 1830 domi
2601 1789 2734 1842 suae,
2784 1774 2987 1830 exteris
3029 1773 3250 1844 rejectis
3299 1774 3520 1840 muniis,

205 1880 401 1937 nymus
448 1864 792 1935 provinciam
838 1879 959 1920 eam
1008 1864 1278 1940 suscepit;
1327 1865 1488 1934 cujus
1527 1863 1817 1922 deﬁciente
1848 1851 1896 1913 Β
1925 1867 2282 1938 philosomiia:
2322 1865 2646 1922 CltriStianm
2691 1865 3012 1922 exercenda:
3039 1865 3210 1938 gratia
3238 1864 3514 1937 qumsivit.

203 1960 641 2027 lucubratione,
699 1959 1018 2015 innumeros
1067 1959 1416 2030 antiquorum
1478 1960 1809 2028 Doctorum,

201 2069 434 2124 quorum
470 2051 640 2108 modo
667 2067 851 2123 opera:
883 2067 990 2107 non
1023 2059 1268 2118 exsnint,
1299 2066 1590 2108 necessum
1624 2053 1816 2110 luisset

200 2147 478 2219 ignorare.
512 2149 777 2204 Annucns
806 2146 972 2218 igitur
1001 2147 1191 2203 Dextri
1219 2146 1510 2202 desideriis
1542 2147 1812 2222 Hierony-

205 2256 327 2296 mus
359 2255 474 2296 non
505 2240 684 2295 solum
717 2241 1024 2310 catalogum
1051 2239 1297 2310 cupitum
1327 2237 1598 2304 confecit,
1632 2241 1727 2296 sed
1759 2251 1814 2297 et

209 2336 408 2391 librum
434 2335 619 2406 ipsum
645 2334 856 2390 Dextro
878 2332 1097 2400 dicavit,
1121 2342 1178 2389 et
1198 2333 1487 2404 epistolam
1511 2331 1652 2390 libro
1675 2349 1810 2406 prcc-

206 2428 410 2501 posuit,
435 2427 737 2485 videlicet:

707 2536 1045 2579 HIERONYMUS
1083 2535 1317 2578 DBX'I‘RO.

282 2613 547 2685 Hortaris,
582 2613 806 2683 Dexter,
837 2624 893 2670 ut
945 2613 1312 2687 Tranquillum
1363 2629 1612 2682 sequens,
1643 2617 1806 2670 eccle-

197 2711 446 2766 siasticos
473 2711 772 2780 Scriptores
803 2709 858 2764 in
890 2709 1129 2764 ordinem
1169 2710 1443 2781 digeram;
1473 2721 1520 2764 et
1559 2710 1700 2780 quod
1722 2709 1813 2764 ille

203 2804 255 2858 in
284 2803 667 2858 enumerandis
705 2804 975 2877 gentilium
1017 2804 1311 2858 litterarum
1351 2804 1474 2858 viris
1500 2804 1622 2875 fecit
1661 2803 1813 2859 illus-

205 2897 391 2969 tribus,
439 2913 538 2968 ego
565 2898 622 2951 in
671 2897 866 2951 nostris
895 2897 1084 2969 faciam
1113 2912 1132 2952 :
1159 2897 1214 2950 id
1245 2905 1343 2964 est,
1393 2906 1448 2951 ut
1497 2913 1530 2951 a
1571 2897 1812 2968 passione

203 2987 392 3045 Christi
439 3007 609 3063 usque
638 2989 708 3044 ad
747 2991 1003 3045 decimum
1039 3000 1283 3062 quartum
1315 2989 1594 3045 Theodosii
1623 2991 1809 3063 imper.

203 3099 392 3138 annum
422 3099 611 3138 omnes
635 3084 726 3155 qui
752 3083 818 3138 de
871 3083 1161 3156 Scripturis
1193 3083 1384 3138 sanctis
1416 3085 1679 3138 memerita
1711 3081 1812 3137 ali-

201 3180 321 3248 quid
371 3179 756 3250 prodiderunt,
806 3178 897 3233 tibi
951 3177 1168 3233 breviter
1217 3194 1492 3250 exponant.
1552 3176 1812 3233 Fecerunt

1920 1961 2052 2018 Inde
2083 1961 2287 2017 factum
2317 1969 2422 2027 est,
2457 1969 2517 2016 ut
2540 1961 2906 2033 Hieronymus
2927 1961 3049 2032 ejus
3077 1960 3198 2016 libri
3221 1961 3274 2016 in
3296 1975 3399 2017 suo
3429 1975 3520 2016 ca-

1921 2059 2102 2129 talogo
2139 2058 2472 2123 meminerit,
2505 2072 2666 2128 quem
2698 2072 2842 2112 anno
2869 2056 3080 2112 Domini
3112 2057 3221 2112 595
3248 2055 3512 2124 confecit,

1917 2161 1972 2208 et
2002 2151 2352 2207 nihilominus
2383 2150 2626 2206 ultimam
2657 2165 2874 2206 manum
2906 2148 3226 2220 imposuerit
3247 2164 3346 2204 suo
3376 2149 3520 2204 Dex-

1919 2254 2002 2301 ter
2031 2260 2174 2300 anno
2206 2243 2422 2300 Domini
2447 2242 2554 2299 450
2585 2252 2706 2313 post
2734 2243 3050 2316 Hieronymi
3079 2252 3335 2310 mortem,
3367 2249 3426 2297 ut
3451 2257 3518 2298 ex

1915 2336 2148 2408 prologo
2179 2336 2370 2407 liquet.
2401 2334 2740 2406 Quamquam
2782 2333 2832 2391 id
2864 2351 3079 2406 quoque
3108 2333 3391 2406 probabile
3422 2333 3524 2389 ad-

1915 2430 2134 2487 modum
2163 2430 2257 2496 sit,
2291 2444 2397 2484 non
2425 2443 2492 2484 eo
2513 2443 2681 2492 anno,
2703 2441 2810 2498 quo
2831 2426 3112 2497 catalogus
3137 2441 3167 2480 a
3189 2426 3526 2497 Hieronymo

1919 2521 2231 2578 elaboratus
2280 2519 2405 2588 fuit,
2455 2519 2645 2576 Dextri
2697 2518 2983 2574 historiam
3035 2518 3089 2573 itt
3137 2533 3204 2574 eo
3258 2518 3521 2573 insertam

1915 2613 2105 2680 fuisse,
2135 2613 2228 2670 sed
2263 2623 2385 2684 post
2424 2604 2631 2683 aliquot
2661 2626 2867 2677 annos,
2910 2609 3131 2683 quando
3162 2609 3420 2666 videlicet
3445 2609 3515 2665 ad

1915 2707 2035 2776 ejus
2062 2705 2308 2761 notitiam
2339 2707 2588 2776 pervenit
2621 2704 2804 2760 Dextri
2837 2703 3170 2766 lucubratio,
3199 2712 3254 2758 et
3299 2701 3516 2757 dedica~

1917 2800 2080 2856 tionis
2107 2801 2484 2872 propositum;
2519 2796 2974 2869 quemadmodum
3009 2807 3066 2852 ct
3089 2797 3226 2851 alios
3257 2795 3514 2866 paulatim

1915 2893 2217 2948 inseruisse
2258 2907 2516 2949 successu
2551 2891 2834 2962 temporis,
2870 2889 2972 2944 sibi
3012 2898 3140 2945 ante
3179 2887 3508 2960 incognitos,

1915 3001 2014 3043 suo
2043 2986 2166 3043 loco
2187 2985 2384 3043 dicturi
2420 3003 2628 3043 sumus.

1983 3077 2376 3136 Crebrescente
2403 3078 2519 3150 ejus
2545 3079 2706 3145 fama,
2756 3079 2972 3133 tandem
3028 3077 3096 3133 ab
3145 3076 3378 3133 Arcadio
3425 3077 3519 3148 qui

1914 3172 2154 3230 Orientis
2195 3173 2478 3244 imperium
2510 3189 2539 3227 a
2570 3173 2878 3228 Theodosio
2910 3181 3131 3242 parente
3166 3171 3515 3227 hmreditario

201 3238 405 3341 quidem
450 3271 552 3324 hoc
581 3238 903 3342 idem'apud
945 3268 1151 3325 (ἐνωτοε
1182 3238 1504 3341 Hermippus
1535 3267 1806 3341 Peripate-
1835 3238 1880 3301 Ο
1909 3266 2034 3338 jure
2085 3238 2436 3338 susceperat,
2488 3267 2554 3322 ad
2589 3238 2966 3338 pra-tecturam
3022 3267 3260 3337 praetorii
3314 3267 3514 3321 Dexter

202 3364 346 3424 ticus,
365 3363 670 3434 Antigonus
692 3361 983 3433 Carystius,
1008 3362 1230 3434 Satyrus
1250 3362 1433 3416 doctus
1461 3363 1560 3426 vir,
1590 3373 1635 3416 et
1656 3362 1811 3434 longe

205 3457 436 3509 omnium
471 3455 806 3508 doctissimus
842 3455 1181 3509 Aristoxenus
1215 3453 1453 3508 Musicus
1483 3469 1503 3508 :
1532 3453 1676 3525 apud
1707 3451 1811 3506 La-

205 3548 328 3602 tinos
353 3557 537 3602 autem
560 3545 750 3613 Varro,
778 3547 994 3611 Santra,
1028 3545 1228 3619 Nepos,
1255 3545 1518 3618 Hyginus,
1543 3557 1613 3612 et,
1637 3544 1706 3602 ad
1717 3561 1810 3599 cu-

197 3644 283 3712 jns
303 3658 397 3695 nos
416 3642 720 3710 exeruplum
747 3642 821 3695 vis
847 3657 956 3710 pro.
974 3655 1158 3705 orare,
1175 3638 1538 3712 Tranquillus.
1571 3639 1679 3696 Sed
1703 3656 1807 3694 non

208 3752 336 3800 mea,
367 3746 418 3789 ct
461 3735 676 3789 illorum
706 3735 893 3789 similis
917 3743 993 3789 est
1023 3733 1249 3790 conditio
1281 3750 1295 3786 .'
1327 3732 1413 3787 illi
1456 3733 1592 3788 enim
1616 3742 1810 3788 veteres

209 3828 470 3893 historias,
500 3828 820 3898 attnalesque
867 3828 1200 3897 replicantes,
1245 3837 1520 3898 potuerunt
1561 3826 1709 3897 quasi
1745 3825 1810 3880 de

208 3921 403 3992 ingenti
453 3931 608 3991 prato
657 3937 870 3993 parvam
901 3920 1138 3990 apusculi
1183 3921 1264 3974 sui
1310 3937 1557 3974 coronant
1589 3932 1759 3973 texere
1787 3934 1806 3972 :

208 4031 293 4086 ego
320 4015 454 4085 quid
497 4023 708 4069 acturus
751 4031 888 4081 sum,
915 4015 1006 4086 qui
1048 4012 1251 4068 nullunt
1296 4013 1542 4086 praevium
1567 4029 1804 4084 sequens,

209 4110 485 4176 pessimum
514 4109 594 4178 (ut
632 4108 842 4177 dicitur)
874 4109 1183 4182 magistrum
1226 4108 1578 4180 ntentetipsum
1610 4107 1810 4162 habeo?

212 4200 541 4273 Quamquam
571 4199 830 4256 Eusebius
843 4199 1110 4271 Pamphili
1138 4201 1193 4254 in
1225 4201 1396 4254 decem
1427 4199 1807 4255 Ecclesiastica:

209 4293 440 4348 historia
488 4293 660 4358 libris,
711 4294 939 4349 maxime
987 4293 1133 4348 nobis
1180 4294 1482 4366 adjumento
1523 4293 1678 4364 fuerit
1713 4301 1809 4348 :et

206 4387 534 4459 singulorum
560 4387 621 4441 de
649 4387 837 4458 quibus
865 4387 1111 4453 scripturi
1128 4403 1304 4442 sumus
1327 4388 1609 4450 volumina,
1633 4397 1809 4441 wtates

209 4491 482 4534 auctorum
529 4496 742 4534 suorum
785 4497 924 4550 sarpe
969 4489 1243 4534 testantur.
1302 4481 1488 4550 Itaque
1530 4479 1808 4534 Dominum

206 4569 380 4627 Iesum
408 4571 677 4628 Christum
721 4589 928 4646 precor,
973 4584 1027 4628 ut
1067 4574 1204 4644 quod
1235 4571 1412 4628 Cicero
1450 4584 1592 4638 tuus,
1619 4573 1710 4646 qui
1751 4575 1806 4628 in

209 4682 321 4721 arce
351 4665 611 4721 Romana:
637 4667 771 4721 stetit
809 4668 1119 4737 eloquentia:
1169 4684 1270 4721 non
1321 4678 1393 4722 est
1436 4667 1606 4739 facere
1653 4666 1801 4722 dedi-

208 4767 390 4829 gnatus
421 4759 475 4812 in
503 4757 690 4827 Bruto,
721 4769 985 4814 oratorunt
1018 4759 1218 4816 Latina:
1248 4761 1442 4832 lingua:
1467 4772 1642 4816 texens
1672 4771 1808 4816 cata-

209 4850 407 4923 logum,
436 4853 494 4906 id
540 4870 632 4925 ego
673 4855 728 4907 in
768 4855 1017 4911 Ecclesiae
1051 4853 1194 4909 illius
1237 4857 1573 4930 scriptoribus
1602 4873 1808 4911 enume—

209 4947 411 5013 randis,
437 4946 598 5019 digne
620 4945 979 5002 cohortatione
1017 4959 1105 5004 tua
1141 4949 1405 5018 impleam.
1440 4949 1612 5020 Siqui
1635 4960 1806 5005 autent

210 5037 269 5092 de
296 5039 380 5091 his
422 5039 515 5104 qui
547 5055 706 5111 usque
738 5041 892 5095 hodie
921 5041 1235 5112 scriptitarit,
1265 5060 1296 5097 α
1322 5059 1401 5098 nte
1441 5043 1494 5097 in
1538 5043 1634 5098 hoc
1665 5042 1810 5098 volu-

209 5133 340 5187 Iine
380 5135 718 5204 prwtcrntissi
757 5145 898 5201 sunt,
931 5136 1028 5190 sibi
1067 5137 1252 5208 magis,
1282 5153 1437 5208 quam
1477 5136 1606 5191 mihi
1631 5137 1812 5192 debent

207 5227 463 5296 imputare
496 5243 514 5281 :
545 5244 706 5299 neque
733 5229 868 5283 cuint
886 5228 1110 5285 celantes
1131 5233 1322 5303 scripta
1343 5248 1459 5299 sua,
1493 5231 1559 5284 de
1579 5229 1660 5286 his
1693 5248 1810 5303 qua:

209 5337 308 5374 non
336 5321 441 5391 legi
462 5337 619 5374 nosse
645 5321 826 5390 potui;
854 5332 900 5375 et
934 5323 1074 5394 quod
1105 5323 1223 5377 aliis
1254 5323 1475 5393 forsitan
1506 5324 1573 5378 sit
1609 5335 1809 5389 notum,

209 5417 334 5469 mihi
363 5417 419 5470 in
449 5416 546 5470 hoc
578 5427 836 5470 terrarum
861 5416 1056 5489 angulo
1081 5419 1234 5489 fuerit
1261 5421 1513 5491 ignotum.
1533 5416 1680 5474 Certe
1695 5435 1810 5473 cum

209 5508 418 5580 scriptis
463 5509 572 5563 suis
618 5508 922 5575 claruerint,
951 5526 1056 5564 non
1087 5527 1399 5582 magnOpere
1429 5512 1592 5565 nostri
1620 5512 1814 5567 silentii

209 5602 486 5671 dispendio
515 5601 876 5671 suspirabunt.
924 5601 1139 5662 Discant
1169 5621 1292 5676 ergo
1333 5603 1534 5670 Crlsus,
1563 5604 1812 5680 Porphy-

209 5701 342 5764 rius,
368 5694 642 5766 Julianus,
666 5696 837 5751 rabidi
863 5697 1110 5752 adversus
1125 5693 1389 5752 Christum
1417 5715 1590 5762 canes,
1615 5698 1818 5752 discant

213 5805 396 5844 eorum
434 5799 743 5857 sectatores,
777 5786 867 5859 qui
910 5798 1095 5861 putant
1129 5789 1420 5844 Ecclesium
1446 5791 1620 5846 nullos
1649 5789 1821 5862 philo-

214 5883 446 5954 s0phos,
511 5891 559 5939 et
624 5883 952 5955 eloquentes,
1008 5882 1182 5940 nullos
1243 5882 1484 5942 [rubuisse
1535 5881 1819 5952 Doctores;

1913 3368 2135 3415 evectus
2164 3369 2268 3426 est,
2299 3359 2389 3414 cui
2422 3358 2574 3414 nulla
2606 3370 2728 3414 erat
2758 3369 2871 3414 toto
2913 3359 3142 3428 imperio
3172 3358 3407 3428 dignitas
3437 3373 3517 3413 :e-

1911 3452 2106 3524 qualis,
2141 3461 2330 3524 utpote
2359 3454 2501 3509 unde
2533 3453 2732 3508 multos
2776 3452 2842 3507 ad
2870 3467 3129 3508 coronam
3173 3452 3386 3522 imperii
3416 3467 3517 3507 vo-

1911 3555 2062 3602 catos
2109 3561 2180 3602 ex
2230 3545 2471 3603 historiis
2523 3551 2747 3604 scimus.
2776 3548 2896 3616 Quo
2943 3562 3086 3603 anno
3139 3547 3514 3618 praefecturam

1912 3640 2152 3710 praetorii
2195 3640 2396 3696 Dexter
2441 3642 2667 3712 prrecise
2716 3641 2896 3697 inierit
2949 3657 3056 3696 non
3109 3649 3358 3706 constat;
3411 3639 3518 3697 hoc

1912 3748 2074 3787 unum
2099 3740 2279 3788 tamen
2307 3733 2492 3804 liquet,
2519 3749 2664 3790 anno
2691 3733 2892 3789 Christi
2910 3732 3119 3788 Domini
3137 3731 3272 3799 405,
3299 3747 3406 3803 quo
3429 3733 3510 3786 vi-

1911 3826 2110 3882 delicet
2144 3826 2201 3882 S.
2257 3827 2620 3899 llieronyntns
2659 3827 2954 3883 secundant
2987 3827 3055 3881 ad
3083 3826 3336 3881 Rulinum
3367 3826 3516 3882 dedit

1909 3919 2252 3991 Apologiam,
2282 3919 2656 3990 prmfecmram
2691 3920 2802 3990 jam
2843 3936 2997 3974 suam
3033 3918 3357 3988 explevisse,
3385 3935 3509 3975 cum

1911 4023 2088 4067 tamen
2129 4029 2273 4068 anno
2303 4012 2396 4068 illo
2423 4013 2530 4070 595
2559 4030 2666 4085 quo
2697 4014 2999 4083 catalogtnn
3032 4014 3356 4083 scriptorum
3390 4029 3514 4083 per-

1911 4105 2057 4173 fecit,
2093 4106 2334 4161 nondum
2367 4106 2432 4160 ad
2457 4123 2574 4161 cam
2606 4107 2982 4163 ascendisset:
3011 4107 3064 4160 in
3095 4105 3341 4175 catalogo
3363 4107 3508 4162 cnim

1908 4199 2000 4256 illo
2028 4215 2136 4254 non
2168 4217 2233 4253 eo
2265 4199 2422 4255 titulo
2452 4217 2480 4254 a
2514 4199 2845 4272 Hieronymo
2890 4199 3214 4265 honoratur,
3247 4202 3339 4254 sed
3371 4200 3507 4254 sint-

1912 4293 2032 4360 ιηιὶεί
2055 4309 2183 4348 usus
2213 4305 2292 4347 est
2319 4294 2536 4348 nomine
2567 4310 2580 4347 :
2611 4292 2957 4364 Hieronymus
2985 4291 3202 4348 Dextro.
3241 4291 3503 4357 Hortaris,

1908 4383 2118 4440 Dexter.
2168 4385 2225 4438 lit
2259 4384 2514 4456 Apologia
2546 4401 2697 4450 vero,
2741 4388 2873 4440 Ante
2913 4386 3251 4452 decennium,
3295 4385 3506 4455 inquit,

1877 4551 1883 4558 ἱ
1908 4495 2024 4532 cum
2055 4478 2242 4533 Dexter
2263 4480 2457 4533 amicus
2486 4497 2650 4543 meus,
2680 4480 2766 4549 qui
2788 4479 3148 4550 prce/acturam
3173 4480 3513 4535 administra-

1911 4574 1979 4628 rit
2008 4575 2258 4644 praetorii,
2292 4591 2369 4628 nte
2399 4583 2646 4646 rogasset,
2682 4581 2737 4625 ut
2773 4585 3046 4627 auctorum
3088 4582 3277 4628 nostra:
3303 4573 3514 4645 religio-

1911 4668 1991 4722 nis
2019 4668 2068 4723 ei
2113 4667 2336 4722 iudicent
2367 4677 2608 4722 texerem.
2650 4665 2950 4736 'l‘tigesinto
2979 4664 3153 4739 (reor)
3191 4668 3366 4722 astatis
3396 4682 3510 4724 sua:

1911 4775 2054 4813 anno
2086 4759 2324 4830 praetorii
2356 4760 2643 4830 prmfectns
2668 4755 2841 4812 lactus
2864 4756 2961 4812 fuit
2991 4775 3005 4813 :
3039 4767 3093 4814 et
3122 4759 3192 4813 ’53
3213 4757 3325 4830 jam
3367 4774 3510 4828 pra:—

1911 4852 2121 4909 lectnra
2165 4851 2484 4923 perfunctus
2529 4859 2814 4921 tanl0perc
2844 4850 3228 4923 Hieronymum
3261 4851 3512 4908 familiari

1911 4945 2182 5016 colloquio
2211 4955 2265 5001 et
2286 4944 2506 5016 scriptis
2533 4955 2889 5014 convenerat,
2925 4954 2984 5000 ut
3015 4946 3083 5002 ab
3109 4946 3229 5017 ipso
3257 4947 3414 5002 amici
3445 4947 3512 5002 ti-

1912 5041 2082 5096 tulum
2111 5042 2390 5096 meruerit.

1985 5133 2168 5190 Rebus
2208 5133 2448 5205 prmtorii
2492 5133 2724 5190 feliciter
2766 5133 3176 5201 administratis,
3224 5143 3278 5191 et
3329 5136 3512 5192 multis

1913 5228 2070 5282 annis
2101 5229 2153 5282 in
2183 5229 2405 5284 servitio
2451 5231 2814 5298 Augustorum
2866 5231 3106 5299 Arcadii,
3155 5239 3210 5286 et
3261 5230 3508 5300 "Oilol'll,

1913 5335 1977 5375 ac
2000 5319 2236 5390 junioris
2259 5319 2549 5376 Theodosii
2571 5321 2856 5388 confectis,
2889 5322 3105 5378 tandem
3133 5323 3204 5379 de
3229 5339 3418 5380 eorum
3451 5323 3516 5378 li-

1913 5414 2090 5470 centia
2119 5413 2426 5485 iu‘patriam
2455 5415 2779 5483 revertitur;
2808 5417 2896 5472 ubi
2923 5426 3102 5474 tamen
3131 5418 3314 5488 quiete
3329 5428 3512 5488 optata

1919 5525 2026 5564 non
2052 5508 2148 5564 diu
2177 5509 2334 5578 potiri
2363 5508 2698 5578 datum‘fuit,
2734 5527 2854 5566 nam
2883 5510 2948 5566 ad
2973 5510 3211 5582 regimen
3239 5511 3517 5568 Toletana:

1926 5600 2076 5658 urbis
2097 5610 2434 5672 assumptus,
2465 5602 2714 5657 nonnihil
2737 5602 2916 5659 studia
2945 5613 3119 5674 coepta
3149 5604 3514 5661 intermittere

1921 5705 2146 5751 coaetus
2175 5704 2279 5751 est.
2311 5696 2382 5752 At
2410 5711 2509 5752 nec
2550 5697 2630 5752 sic
2658 5697 2880 5752 omnino
2922 5697 2991 5752 ab
3018 5697 3129 5752 illis
3154 5697 3383 5765 destitit,
3421 5699 3517 5754 sed

1925 5804 2025 5860 pro
2046 5788 2312 5858 temporis
2333 5788 2759 5858 opportunitate,
2787 5788 3008 5860 antiqua
3028 5789 3204 5844 Toleti
3221 5789 3512 5847 Tabularia

1929 5879 2156 5936 scrutari
2189 5879 2332 5951 (qua:
2365 5879 2469 5937 sibi
2500 5879 2792 5938 admodum
2831 5881 3068 5954 prolicua
3097 5880 3265 5942 luisse
3297 5882 3517 5954 fatetur)
