4002 6342
222 317 278 394 Ἃ
969 330 1276 388 seuseu
1321 329 1652 395 verentur
1690 328 2111 395 TESTIMONIA
2151 330 2242 390 DE
2283 330 2393 390 rL.
2437 331 2500 392 ι.
2543 333 2846 393 DEXTitO.
3487 335 3562 398 ea

271 438 342 499 I.
362 435 629 523 ὶίλΞιιιιιε
660 489 676 513 ,
717 447 1019 523 episcopus
1048 448 1566 523 Cmmrmtgustanus
1588 493 1609 523 ,_
1636 447 1820 506 Dextri
1884 451 1935 516 Α
1965 450 2190 508 maxima
2219 449 2570 521 quorumdam
2599 449 2850 506 librorum
2874 451 3062 523 pen‘uri
3081 471 3115 506 t.
3144 448 3291 506 Inter
3318 451 3568 510 barbaros

457 515 844 575 Ο⁰⁸³¹λ¹¹¹¹³ιυ¹⁵
870 561 885 586 ν
927 521 1061 575 0M“
1090 537 1233 576 ³¹⁸¹¹θ
1265 520 1478 576 Domini
1511 520 1636 578 ωδ·
1960 544 2095 597 enim
2125 543 2444 600 Sarracenos
2476 560 2578 598 non
2604 546 2831 616 suppetit
2860 544 3012 616 copia
3039 561 3208 600 rerum
3241 545 3564 600 necessaria-

332 638 515 693 Exstat
563 636 688 704 ejus
743 635 982 704 epismia
1027 634 1094 691 ad
1142 635 1473 708 Argvbatum
1537 637 1854 710 episcopum

263 729 727 789 Portucallensem
757 770 772 796 ,
813 728 1068 792 videlicet
1095 747 1108 781 :

327 826 518 883 Sancto
543 837 592 880 et
615 826 900 880 uenerabili
921 827 1132 880 domino
1157 824 1416 896 Argebato
1437 823 1547 896 [ΑΙ.
1568 823 1855 897 Argioeito]

255 920 496 993 episcopo
525 918 917 982 Portucallensi
941 960 956 987 ,
1005 917 1080 976 ll.
1113 917 1382 984 Maximus
1415 918 1634 976 salutent
1661 918 1714 974 in
1751 916 1858 972 Do.

255 1015 418 1067 mino.

321 1105 453 1168 Cum
483 1121 710 1161 essemus
745 1106 799 1160 in
825 1106 951 1161 urbe
989 1106 1130 1177 regia
1169 1105 1236 1168 ad
1280 1106 1556 1162 concilium
1586 1106 1781 1162 euocati
1824 1120 1858 1158 ιι

248 1199 464 1252 domino
504 1206 678 1251 nostro
723 1196 955 1270 gloriosa
993 1213 1111 1269 rege
1156 1196 1246 1252 Fl.
1291 1195 1630 1252 Gundentaro
1656 1238 1671 1263 ,
1720 1213 1858 1266 saepe

247 1291 387 1344 inter
417 1307 514 1358 nos
541 1290 878 1345 convenimus
901 1304 921 1355 ;
967 1306 1182 1358 cumque
1206 1307 1378 1350 sermo
1408 1291 1599 1346 inultus
1626 1299 1764 1354 esset
1795 1291 1858 1343 de

245 1385 471 1440 historia
506 1399 688 1456 regunt
707 1425 722 1450 ,
758 1401 916 1453 quam
939 1375 1043 1440 itan
1075 1383 1238 1440 multo
1259 1393 1380 1440 ante
1405 1385 1459 1440 in
1489 1385 1657 1440 lucem
1682 1383 1859 1443 edide-

244 1494 382 1540 ram.
415 1487 543 1531 tunc
565 1477 632 1532 ad
665 1478 891 1534 relatum
932 1488 1164 1533 nostrum
1197 1477 1418 1536 deduxit
1441 1481 1694 1538 sanctitas
1724 1490 1813 1534 tua
1836 1518 1853 1546 ,

246 1588 303 1624 se
340 1569 474 1626 uelle
507 1567 703 1625 habere
741 1570 1183 1628 continuationem
1219 1571 1532 1628 omnimodo!
1560 1569 1815 1632 Historia:
1837 1610 1854 1637 ,

246 1679 411 1733 quam
451 1664 576 1734 fecit
603 1659 829 1717 Flavius
855 1661 918 1719 L.
955 1663 1142 1720 Dexter
1165 1705 1180 1730 ,
1225 1664 1365 1730 quod
1400 1666 1529 1722 satis
1571 1663 1856 1726 uerecunde

249 1757 314 1808 ab
340 1755 634 1810 humilitate
657 1765 839 1812 nostra
867 1757 1142 1830 ﬂagitasti.
1175 1755 1239 1811 Et
1269 1772 1388 1811 cum
1418 1768 1473 1812 tu
1493 1797 1508 1825 ,
1553 1772 1648 1827 pro
1681 1766 1771 1818 tua
1800 1757 1852 1810 iu

1957 649 2074 687 runt
2101 676 2116 698 ,
2171 635 2364 688 nedum
2404 645 2458 689 ut
2500 633 2735 688 habeatis
2780 634 3030 690 bonorunt
3057 635 3307 692 librorum
3333 637 3560 707 capiant.

1960 723 2122 780 Dolui
2162 725 2370 793 quidem
2413 726 2576 780 vicem
2618 736 2800 791 tuam,
2850 726 2990 798 quod
3034 727 3108 780 ita
3158 728 3361 784 duriter
3401 729 3559 788 vitam

1960 819 2172 889 exigas;
2212 821 2302 876 sed
2332 818 2528 876 soletur
2555 830 2603 874 te
2630 822 2682 875 iu
2714 822 2870 876 tantis
2899 822 3159 893 angustiis
3181 864 3195 889 ,
3244 821 3385 894 quod
3427 824 3562 888 sicut

1959 912 2122 980 bonus
2153 923 2330 978 pasttr
2360 913 2536 969 ovibus
2577 915 2681 970 tuis
2725 932 2778 970 es
2811 913 2998 970 solatio
3044 924 3089 972 et
3138 917 3357 972 auxilio.
3399 915 3562 970 Chro-

1961 1011 2114 1066 nicou
2143 1011 2280 1079 quod
2306 1011 2466 1082 petis,
2500 1012 2551 1064 in
2583 1011 2678 1065 hac
2704 1010 3014 1077 bibliotheca
3041 1012 3246 1081 reperi,
3276 1013 3327 1068 in
3357 1021 3558 1072 vetusta

1961 1103 2255 1159 membrana
2277 1103 2629 1173 descriptum;
2660 1105 2933 1176 adjceique
2961 1114 3013 1162 ut
3039 1106 3222 1175 jussus
3249 1121 3363 1160 sum
3394 1122 3560 1158 anno-

1959 1213 2079 1250 rum
2105 1197 2288 1252 seriem
2318 1196 2386 1252 ad
2417 1198 2524 1251 haec
2555 1214 2713 1268 usque
2739 1208 2972 1268 tempora
2999 1241 3013 1264 ,
3053 1199 3110 1254 itl
3147 1209 3220 1252 est
3246 1239 3261 1262 ,
3304 1197 3372 1256 ad
3397 1213 3560 1254 (erant

1959 1286 2084 1344 960.
2116 1285 2182 1340 Et
2211 1287 2450 1359 gratulor
2474 1288 2625 1356 mihi,
2654 1288 2791 1358 quod
2815 1305 2932 1344 cum
2960 1287 3164 1356 Toleto,
3198 1288 3285 1344 ubi
3315 1291 3406 1346 sub
3429 1307 3557 1345 sau-

1958 1381 2187 1436 ctissimo
2218 1383 2441 1453 praesule
2464 1381 2717 1439 Toletauo
2739 1375 2932 1449 Bonito
2959 1385 3310 1439 subdiaconus
3343 1386 3420 1455 fui
3443 1424 3458 1448 ,
3501 1385 3555 1439 in

1959 1473 2175 1532 Italiam
2213 1476 2572 1549 proﬁciscerer
2600 1517 2616 1544 ,
2662 1475 2867 1546 aliquos
2909 1478 3142 1533 historia:
3173 1479 3330 1540 libros
3359 1494 3558 1534 mecum

1957 1570 2242 1641 asportari,
2275 1571 2331 1625 in
2360 1571 2543 1641 quibus
2572 1571 2755 1628 ordine
2776 1581 2885 1628 erat
2909 1574 3066 1629 series
3102 1572 3319 1634 collecta
3358 1573 3555 1628 mula-

1955 1680 2071 1720 rum
2101 1663 2460 1736 episcoporum
2485 1705 2500 1731 ,
2538 1681 2668 1734 quos
2703 1673 2751 1722 et
2789 1665 2840 1728 in
2873 1663 2971 1720 hac
2999 1664 3309 1722 bibliotheca
3343 1664 3552 1734 reperi,

1956 1756 2105 1821 iussu
2131 1797 2145 1821 .
2196 1765 2250 1811 ut
2296 1755 2449 1811 credo
2474 1800 2488 1825 ,
2534 1754 2719 1814 Sancti
2749 1753 2930 1813 Caroli
2974 1756 3154 1831 Magni
3195 1773 3258 1812 es;
3285 1755 3554 1829 Hispania

254 1864 338 1901 me
363 1844 716 1902 benevolentia
743 1888 758 1915 ,
790 1857 840 1901 et
870 1863 983 1902 mea
1010 1848 1060 1902 in
1090 1857 1138 1903 te
1167 1849 1494 1912 observantia
1523 1846 1649 1904 mihi
1671 1850 1852 1918 jubere
1887 1840 1932 1904 Β
1957 1850 2151 1907 allatas
2176 1867 2193 1918 ;
2243 1866 2372 1925 quos
2420 1851 2517 1923 (ut
2553 1851 2747 1924 aiunt)
2795 1849 2873 1909 illi
2914 1850 3171 1914 obtulerat
3197 1850 3554 1908 sanctissimus

251 1938 507 2006 potuisses
527 1979 544 2004 ,
588 1937 781 1993 maluit
811 1954 842 1992 a
871 1953 952 1992 me
977 1941 1229 1994 sanctitas
1255 1947 1345 1994 tua
1376 1937 1615 2010 precibus
1644 1948 1854 1996 conteu-
1957 1941 2256 2014 Elipandus
2293 1943 2708 2015 archiepiscopus
2736 1942 3017 2002 Toletanus
3043 1989 3056 2015 ,
3090 1955 3366 2018 postquam
3385 1941 3556 2012 {illum

245 2030 369 2088 dere
394 2071 411 2096 ,
442 2032 588 2104 quod
616 2031 768 2108 quasi
805 2048 900 2102 pro
921 2033 1043 2104 jure
1076 2049 1173 2088 suo
1221 2041 1390 2106 posset
1435 2031 1690 2106 imperare
1715 2073 1730 2099 ,
1775 2031 1855 2090 rel
1954 2035 2142 2091 erroris
2187 2035 2270 2092 sui
2311 2035 2375 2091 de
2416 2035 2704 2104 Adoptione
2729 2033 2923 2091 Christi
2949 2037 3202 2108 paenituit.
3254 2034 3379 2090 Feci
3415 2034 3555 2106 quod

243 2124 421 2196 potius
451 2126 666 2199 exigere
693 2125 838 2198 quod
865 2125 1090 2200 juberet.
1126 2125 1417 2197 Sequemur
1446 2127 1698 2182 rationem
1726 2135 1855 2182 tem-
1944 2127 2175 2199 jussisti,
2209 2127 2502 2196 beatissime
2533 2135 2712 2198 pater;
2741 2143 2809 2182 an
2832 2135 2948 2182 rota
2969 2138 3185 2184 coua'us
3208 2125 3551 2199 respottdetil,

243 2234 429 2287 parum
456 2233 606 2273 more
631 2228 812 2273 nostra
837 2235 926 2284 per
947 2236 1083 2274 trras
1104 2217 1347 2284 Cursaris,
1378 2228 1426 2274 et
1449 2235 1614 2275 annos
1637 2218 1852 2286 Christi,

243 2311 410 2383 magis
431 2327 594 2383 quam
621 2325 786 2366 annos
813 2309 991 2381 Urbis,
1016 2309 1328 2378 Cousulum,
1363 2321 1454 2367 aut
1481 2311 1848 2384 Augustorum.

249 2400 465 2456 Utinam
489 2412 599 2456 tant
623 2403 903 2476 diligenter
924 2405 1132 2474 fecerim
1155 2403 1430 2473 imperata,
1460 2420 1613 2474 quam
1637 2414 1852 2459 conatus

245 2508 353 2546 sum
379 2495 595 2565 exsequi
627 2494 843 2550 libenter
865 2496 885 2550 .'
916 2494 1156 2551 Produxi
1194 2511 1418 2570 namque
1457 2512 1630 2550 rerum
1665 2513 1854 2550 narra-

245 2586 431 2640 tionem
462 2583 530 2642 ab
557 2603 665 2642 tera
690 2586 916 2643 Caesaris
944 2586 1050 2644 469
1074 2630 1089 2655 ,
1120 2588 1191 2642 ad
1215 2604 1375 2644 teram
1401 2586 1506 2645 (550
1525 2631 1540 2652 ,
1572 2589 1624 2642 id
1661 2595 1758 2654 est,
1789 2587 1852 2642 ab

243 2696 378 2735 anno
407 2678 614 2736 Christi
643 2680 746 2737 451
781 2698 942 2752 usque
968 2683 1038 2736 ad
1063 2699 1258 2736 annum
1283 2681 1477 2738 Christi
1503 2681 1610 2739 612
1635 2722 1650 2750 ,
1692 2681 1851 2753 paulo

245 2787 354 2848 post
385 2788 608 2831 mortem
639 2774 729 2832 Fl.
756 2774 1098 2832 Cundentari.

316 2870 370 2924 in
411 2868 701 2926 Chronico
728 2884 858 2924 vero
888 2869 954 2924 ad
987 2884 1185 2924 annum
1214 2869 1431 2928 Domini
1473 2867 1582 2930 ιιι
1625 2869 1740 2940 egit
1783 2867 1853 2932 de

250 2959 434 3018 Dextri
466 2975 667 3018 morte.
701 2960 962 3018 Dedimus
993 2961 1110 3032 ejus
1139 2962 1299 3017 verba
1331 2963 1384 3016 in
1411 2961 1530 3015 Vita
1572 2960 1846 3019 Auctoris.

315 3077 567 3145 ﬂauas,
599 3078 898 3150 episcopus
917 3077 1456 3150 Cmsarauaustanus,
1477 3077 1608 3134 vixit
1634 3094 1778 3134 anno

863 3150 1077 3205 Dotttini
1109 3149 1233 3208 860.

1956 2232 2012 2278 tu
2047 2219 2239 2277 ridebis
2267 2220 2354 2290 qui
2373 2220 2608 2294 jussisti.
2646 2218 2776 2276 Vale
2797 2263 2810 2288 ,
2853 2229 2899 2276 et
2918 2235 3123 2276 servum
3151 2229 3297 2274 tuum
3323 2217 3552 2274 ett-sulem

1954 2315 2100 2370 exsul
2126 2311 2234 2366 Deo
2265 2312 2568 2368 commenda
2581 2351 2594 2364 .

2026 2411 2102 2470 Ne
2133 2413 2254 2484 quis
2284 2413 2335 2468 in
2365 2414 2464 2470 bac
2485 2414 2716 2487 epistola
2743 2411 3008 2479 olfendat,
3040 2407 3551 2475 animadverterim,

1954 2503 2246 2560 Auctorem
2292 2520 2457 2560 teram
2503 2521 2628 2562 cum
2676 2519 2821 2562 anno
2866 2502 3202 2560 contundere
3235 2543 3248 2567 ,
3304 2516 3401 2556 seu
3452 2513 3554 2570 pro

1953 2595 2148 2653 eodem
2199 2611 2460 2662 sumere,
2509 2608 2570 2656 ut
2617 2599 2816 2656 multos
2857 2597 2940 2652 sui
2985 2597 3085 2652 teri
3130 2594 3327 2651 iecisse
3359 2593 3560 2663 probat

1956 2688 2190 2744 Morales
2219 2689 2272 2744 in
2297 2690 2564 2760 Antiquit.
2599 2693 2829 2746 Constat
2855 2705 2922 2745 ex
2943 2703 3011 2744 eo
3038 2686 3179 2757 quod
3208 2683 3553 2740 Eutbrandus

1955 2780 2223 2848 protraxit
2254 2780 2630 2850 Antipodosim
2680 2795 2834 2835 suam
2862 2783 2928 2835 ad
2959 2793 3159 2834 annum
3188 2775 3389 2832 Christi
3419 2774 3552 2838 960.

1955 2881 2199 2943 tempore
2231 2871 2542 2928 scitismatis
2589 2871 2786 2948 Leonis
2816 2881 2871 2925 et
2901 2869 3200 2926 Benedicti.
3239 2867 3410 2923 Porro
3443 2865 3549 2920 Bo-

1955 2967 2099 3020 nitus
2126 2965 2425 3020 Toletanus
2449 3010 2464 3035 ,
2507 2966 2663 3035 cujus
2700 2963 2869 3020 fuisse
2911 2961 3278 3017 subdiaconus
3309 2957 3546 3024 dicitur,

1953 3056 2056 3113 fuit
2085 3059 2203 3130 ejus
2231 3060 2468 3114 nominis
2499 3058 2555 3114 in
2586 3057 2715 3112 sede
2737 3056 2995 3112 Tolctnna
3021 3053 3234 3120 tertius,
3257 3053 3382 3126 qui.
3408 3058 3549 3107 teste

1951 3152 2173 3208 Iuliano
2201 3152 2252 3205 in
2277 3149 2509 3220 Cbron.,
2540 3150 2745 3206 clecms
2779 3148 2880 3204 fuit
2910 3162 3053 3202 anno
3084 3145 3299 3214 Domini
3324 3145 3448 3200 956.

318 3244 553 3339 59‘3"“
581 3245 897 3302 “ddl'i‘mes
928 3245 1099 3316 ίρδίιη
1127 3245 1194 3302 ad
1219 3243 1492 3305 (Ϊείπθῖιίθδ
1523 3243 1705 3339 “Qui
1735 3285 1749 3311 ν
1793 3253 1849 3301 οι
1874 3230 1919 3292 C
1956 3267 2109 3336 litigo
2149 3268 2574 3339 Portugallensis
2612 3267 2924 3337 episcopus,
2959 3265 3099 3339 alter
3124 3280 3197 3339 cx
3233 3263 3557 3339 auctoribus

254 3338 460 3392 Maximi
487 3379 502 3401 ,
550 3339 640 3392 ubi
675 3339 818 3394 inter
843 3349 1040 3393 caetera
1070 3339 1135 3393 de
1171 3348 1419 3405 tempore
1445 3353 1543 3393 suo
1575 3337 1805 3409 loquens
1829 3379 1846 3406 ,

251 3448 352 3503 quo
381 3433 644 3503 nimirum
681 3434 941 3502 Hispania
984 3434 1088 3490 sub
1125 3435 1258 3504 jngo
1286 3433 1716 3492 Sarracenorum
1755 3449 1848 3504 ge-

252 3526 446 3593 mebat,
478 3526 558 3580 ait
583 3545 596 3580 :
629 3526 808 3582 Sacrae
836 3527 1125 3593 Scriptura:
1151 3528 1366 3584 Arabice
1393 3528 1658 3583 translatte
1679 3545 1708 3580 a
1732 3544 1849 3598 pre-

249 3617 460 3689 sbgterts
489 3620 766 3676 catholicis
798 3621 1074 3688 haben'ur,
1101 3631 1148 3676 ct
1178 3638 1292 3676 cunt
1323 3620 1538 3676 scito/iis
1567 3623 1848 3690 cireumfe-

250 3720 475 3768 ruutur:
535 3716 803 3784 prtccipue
859 3713 1064 3768 Norant
1113 3713 1532 3780 Testamentum,
1599 3711 1848 3786 Epistolis

259 3799 430 3856 Pauli.
469 3806 829 3877 Apocalypsis
861 3805 920 3860 S.
947 3804 1172 3862 Joannis
1194 3848 1208 3871 ,
1247 3819 1293 3861 et
1325 3806 1452 3861 librr
1480 3811 1544 3862 de
1583 3805 1708 3862 Vitis
1743 3804 1848 3861 Pa-

257 3904 408 3958 trum,
435 3909 478 3948 et
502 3897 730 3951 historia
754 3895 947 3952 Latina
973 3896 1062 3952 Fl.
1090 3896 1241 3952 Lucii
1267 3896 1470 3962 Dextri,
1499 3896 1574 3954 Μ.
1606 3896 1844 3960 Maximi,

251 3994 297 4038 et
320 3987 542 4040 aliorum
567 4029 581 4048 ,
626 3999 676 4041 et
716 3986 1011 4042 Chronicon
1043 3987 1278 4054 Eusebii,
1313 3997 1359 4044 et
1389 3987 1508 4042 libri
1539 3989 1604 4041 de
1630 3987 1845 4047 Civitate

251 4077 342 4133 Dei
370 4081 431 4135 S.
464 4082 750 4154 Augustini
775 4123 790 4146 ,
833 4092 1100 4153 propterea
1130 4083 1269 4152 quod
1291 4083 1410 4150 jam
1450 4082 1628 4152 lingua
1658 4079 1845 4140 Latina

251 4174 590 4229 erat'escebttl.
642 4175 782 4230 Vide
814 4193 918 4243 quo
953 4175 1160 4230 honore
1191 4175 1371 4229 habita
1403 4174 1498 4229 fuit
1527 4172 1842 4230 omnimodo

250 4264 426 4321 Destri
458 4267 698 4322 Historia
733 4269 841 4323 illis
869 4268 1203 4337 temporibus
1236 4268 1288 4322 itt
1324 4267 1602 4338 Hispania.

255 4380 631 4446 i-Turunttunus.
657 4383 1026 4439 subdiaconus
1056 4382 1286 4449 primum
1313 4382 1625 4447 Toletanus‘,
1646 4381 1844 4438 deinde

499 4456 806 4511 Tit-ineusis
843 4455 1103 4510 diaconus
1129 4499 1142 4520 ,
1179 4454 1314 4512 visit
1341 4471 1431 4510 an.
1465 4455 1591 4510 960.

319 4548 508 4603 Exstat
536 4549 654 4618 ejus
686 4550 916 4618 epistola
953 4564 1051 4619 pro
1083 4546 1470 4604 continuandis
1512 4546 1695 4604 Dextri
1723 4588 1738 4614 ,
1790 4555 1842 4600 et

2030 3335 2276 3412 historia:
2303 3335 2820 3412 A'Cotnposwllanac,
2879 3336 3014 3394 vixit
3068 3337 3134 3391 ad
3187 3351 3388 3391 annum
3441 3335 3550 3389 Do-

2024 3411 2156 3467 mini
2189 3410 2345 3466 1100.

2021 3527 2080 3584 In
2109 3529 2298 3584 codice
2331 3536 2642 3599 pervetusto
2673 3543 2777 3586 ms.
2810 3527 2864 3582 in
2889 3526 3234 3590 membrana,
3261 3523 3548 3580 characte-

1951 3621 2099 3677 ribus
2130 3621 2380 3676 Gothieis
2409 3633 2659 3683 exorato.
2683 3622 2774 3690 qui
2805 3629 2988 3676 exstat
3016 3621 3068 3674 in
3100 3617 3264 3689 regali
3287 3615 3546 3672 etnnobio

1950 3715 2163 3770 Sint-uc
2200 3714 2393 3768 Crocis
2431 3714 2914 3781 Conimbricensis,
2949 3712 3015 3766 ad
3058 3713 3263 3767 calcem
3302 3709 3547 3764 historia:

1952 3809 2189 3877 Sampiri
2245 3789 2616 3864 Αδιιιίἱροιιείε
2668 3807 2936 3878 episcopi,
2993 3807 3266 3872 reperitur
3313 3803 3547 3873 epistola

1953 3900 2193 3968 litigouis
2221 3899 2466 3966 ct-iscopi
2498 3898 2926 3970 Portugullensis
2958 3897 3025 3952 ad
3069 3896 3380 3951 Mamilium
3417 3895 3549 3949 Bra-

1947 4008 2228 4048 t-at-cnsem
2261 3991 2738 4062 arrhiepismpum
2765 3991 2994 4061 scripta,
3015 4005 3119 4060 qua
3150 3989 3443 4057 respondet
3473 3986 3543 4042 ad

1951 4086 2438 4156 ittterrogatéonem
2473 4083 2576 4138 sibi
2613 4083 2683 4138 ab
2711 4099 2776 4138 eo
2808 4083 3003 4153 lactant
3036 4099 3049 4135 :
3081 4080 3381 4136 foissentne
3410 4078 3545 4134 olim

1947 4177 2002 4233 in
2054 4193 2114 4232 ca
2167 4179 2296 4232 sede
2353 4178 2518 4245 aliqui
2569 4177 2849 4246 apostolici
2893 4174 3051 4246 legati
3103 4191 3197 4245 per
3241 4173 3546 4228 universam

1949 4269 2303 4340 Hispaniain?
2341 4271 2394 4323 in
2437 4285 2498 4325 ea
2541 4268 2704 4324 refert
2735 4269 2800 4323 ad
2837 4267 3064 4322 verbum
3102 4263 3430 4320 sententiam
3474 4277 3545 4317 ex

1947 4364 2222 4420 Chronico
2266 4363 2450 4418 Dextri
2490 4363 2743 4432 petitam;
2775 4377 2894 4433 (pne
2927 4363 3198 4432 reperitur
3234 4358 3301 4412 ad
3341 4372 3542 4410 annum

1951 4457 2165 4512 Domini
2205 4458 2296 4522 9i,
2332 4459 2638 4525 asseritque
2682 4455 2938 4510 Dextrum
2979 4469 3115 4521 Opus
3161 4467 3317 4506 suum
3349 4448 3544 4504 Orosio

1949 4551 2254 4617 dedicasse,
2287 4560 2341 4603 ut
2367 4549 2562 4614 Codex,
2588 4566 2746 4618 quem
2774 4549 3118 4619 proferimus,
3148 4546 3330 4601 habet.
3362 4544 3549 4598 Placet

257 4637 471 4695 Maximi
521 4639 812 4696 Cltronicis
838 4682 852 4702 ,
911 4640 1065 4710 cujus
1119 4641 1170 4695 in
1219 4640 1555 4696 Bibliotheca
1605 4639 1838 4706 liistiatta
1875 4629 1922 4690 D
1949 4655 2130 4700 autem
2157 4653 2320 4697 totam
2345 4643 2476 4698 dare
2502 4643 2814 4712 epistolam,
2844 4641 2984 4712 quod
3013 4641 3198 4695 multis
3228 4639 3358 4693 locis
3389 4638 3544 4692 nobis

259 4735 451 4784 mentio
499 4732 556 4784 iit
585 4771 601 4797 ,
653 4739 710 4786 et
763 4730 1067 4786 admittitur
1116 4730 1146 4786 it
1197 4730 1256 4784 P.
1301 4728 1556 4786 Gabriele
1601 4729 1845 4801 Vasqucz

262 4831 379 4878 tom.
409 4823 447 4888 Ι,
483 4826 536 4880 in
561 4840 617 4880 ιιι
647 4840 702 4894 p.
737 4823 800 4879 D.
825 4824 1080 4891 Tltomtr,
1114 4823 1369 4880 videlicet
1397 4841 1408 4877 :

339 4937 713 5011 δαείω-[δαιτί
747 4938 1078 5011 iiegiiuundo
1108 4939 1346 5010 episcOpo
1375 4937 1708 5011 liiberritano
1734 4979 1748 5004 ,

520 5009 867 5066 Entlirandus
897 5011 1098 5066 inutilis
1127 5009 1302 5074 servus
1332 5009 1577 5067 salutem.

265 5176 272 5181 '
324 5102 689 5162 Gratissimum
743 5105 842 5175 fuit
873 5146 886 5173 ,
939 5104 1234 5162 beatissime
1279 5103 1462 5170 Pater,
1519 5120 1583 5160 ac
1637 5104 1846 5159 domine

260 5197 467 5254 multum
491 5198 781 5252 uenerande
803 5239 819 5266 ,
861 5199 998 5269 quod
1026 5196 1364 5267 Autipodosis
1397 5208 1575 5253 nostra
1600 5242 1614 5268 ,
1658 5199 1713 5252 iu
1743 5213 1847 5269 qua

259 5304 382 5341 nunc
411 5290 643 5345 carmine
669 5330 686 5356 ,
727 5305 864 5346 nunc
891 5306 1047 5356 prosa
1079 5289 1206 5346 ludo
1233 5331 1248 5356 ,
1295 5290 1504 5346 tandem
1541 5291 1610 5344 ad
1659 5306 1846 5346 manus

257 5387 362 5435 tuas
393 5382 699 5452 peruenerit.
755 5381 868 5436 Nec
908 5385 1076 5438 minus
1098 5384 1394 5453 jucundum
1432 5392 1505 5440 est
1546 5383 1683 5454 quod
1721 5384 1847 5438 mihi

246 5474 410 5543 jebes,
441 5485 496 5528 ut
525 5477 580 5530 in
605 5472 892 5530 Fuldensis
916 5477 1214 5531 monasterii
1243 5477 1570 5541 bibliotheca,
1601 5477 1688 5531 ubi
1711 5494 1845 5531 nunc

253 5568 391 5621 mul
408 5585 726 5631 commoror,
753 5585 1034 5640 qurererem
1056 5569 1147 5624 tibi
1169 5569 1347 5626 Dextri
1366 5570 1681 5634 Chronicon,
1707 5572 1846 5644 quod

254 5657 507 5718 Maximus
528 5661 1042 5735 Ctesarangustanus
1065 5664 1355 5735 episcepus,
1371 5673 1553 5735 rogatu
1567 5665 1848 5737 Argenbati

252 5747 352 5824 [ΑΙ.
381 5753 665 5828 Argiorn'ti]
696 5755 946 5828 episcOpi,
978 5756 1300 5809 continuavit
1323 5798 1336 5822 ,
1370 5768 1416 5811 et
1442 5757 1487 5813 si
1515 5774 1748 5813 vacarem
1777 5758 1845 5812 ad

255 5855 418 5901 nostra
448 5857 693 5920 tempora
719 5846 1046 5919 perducerem
1091 5863 1107 5901 :
1157 5864 1275 5903 nam
1320 5848 1449 5903 dicis
1495 5846 1845 5906 loborareros

1952 4735 2227 4805 profutura
2259 4735 2348 4789 sit.
2381 4735 2511 4788 riam
2539 4749 2666 4789 vero
2687 4749 2750 4788 ex
2783 4735 3121 4803 autographa
3149 4731 3313 4784 traxit
3342 4728 3547 4783 doctis-
3635 4731 3641 4746 ί

1949 4826 2124 4881 simus
2154 4827 2256 4891 vir,
2287 4826 2604 4897 amicusque
2633 4835 2818 4879 noster
2847 4824 3056 4895 Gaspar
3084 4822 3315 4878 Albarez
3343 4821 3409 4875 tie
3433 4819 3538 4875 Lo-

1949 4920 2104 4988 satia,
2130 4920 2283 4990 cujus
2307 4921 2451 4974 dono
2470 4935 2588 4974 eam
2616 4918 2950 4992 Ulysippone
2967 4919 3184 4972 missam
3210 4916 3543 4987 θεουρὶιηυε.

1953 5035 2193 5107 Epistola
2234 5033 2477 5107 Hugouis
2530 5035 2759 5107 episcopi
2804 5032 3219 5107 Portugalleusis
3255 5029 3543 5107 :_Dontino

2024 5124 2136 5162 meo
2181 5104 2432 5162 Maur'itio
2463 5104 2850 5178 nrchiepiécopo
2886 5105 3201 5160 Bracarensi
3225 5104 3468 5158 salutem.

2024 5198 2240 5254 Invenio
2274 5199 2334 5255 S.
2374 5198 2591 5253 Petrum
2619 5195 2966 5252 Ratistenseni
2997 5197 3158 5268 fuisse
3193 5197 3247 5250 iu
3285 5194 3545 5268 Hispania

1951 5293 2202 5347 vicarium
2234 5291 2297 5347 S.
2333 5289 2541 5357 Jacobi,
2583 5290 2707 5345 dum
2741 5291 2794 5344 in
2829 5289 3133 5344 Britannias
3176 5298 3226 5343 et
3260 5289 3392 5342 alias
3422 5305 3546 5360 pro-

1951 5385 2143 5438 vincias
2187 5383 2436 5453 perrexit,
2477 5401 2580 5456 qua
2624 5398 2744 5438 vero
2780 5390 3054 5452 potestate,
3100 5383 3303 5452 penitus
3338 5384 3539 5454 ignoro.

1953 5476 2088 5533 Sunt
2133 5477 2286 5532 etiam
2329 5477 2418 5545 qui
2459 5477 2661 5542 dicunt,
2701 5476 2882 5530 eadem
2925 5476 3180 5548 functum,
3221 5474 3347 5527 dum
3391 5473 3542 5528 vixit.

1952 5569 2136 5642 Hujus
2159 5570 2368 5624 vicariae
2396 5579 2601 5636 auctor,
2633 5577 2678 5622 et
2708 5567 2922 5622 alterius
2949 5584 2979 5620 a
3008 5567 3069 5623 Β.
3096 5565 3255 5619 Petro
3277 5563 3547 5636 apostolo-

1950 5681 2063 5718 rum
2091 5664 2326 5736 principe
2348 5663 2657 5732 commisstc,
2681 5673 2751 5716 est
2775 5661 3088 5718 Caledonius
3119 5657 3450 5715 Bracnrensis
3485 5661 3543 5716 in

1959 5757 2080 5812 Vita
2111 5757 2342 5830 ejusdem
2381 5754 2447 5810 B.
2490 5756 2634 5810 Petri
2675 5755 2828 5828 [SciL
2866 5752 3245 5824 Bracarensis],
3281 5769 3395 5824 qua:
3428 5770 3546 5808 cum

1951 5851 2072 5906 aliis
2101 5861 2400 5904 sanctorum
2427 5846 2783 5926 Hispanorum
2806 5846 2956 5916 actis,
2980 5846 3030 5899 in
3054 5855 3338 5922 peroetttsto
3365 5846 3546 5918 codice
