4032 6340
450 307 528 367 23
1369 307 1669 372 FLAVIUS
1703 308 1953 372 LUCIUS
1991 311 2278 375 DEXTER
2314 312 2841 377 CHBONOLOGUS.
3698 336 3772 405 ξι

457 422 786 481 membraneo
807 424 1001 498 scripto
1032 424 1097 482 de
1118 423 1370 483 mandato
1402 427 1654 501 Argioviti
1672 430 1933 501 quondam
1961 431 2057 485 hu-
2081 431 2134 495 Α
2162 431 2310 500 ﬁlius
2331 431 2622 505 Hispanias
2638 435 2793 504 adiit,
2809 435 3061 512 urbesque
3080 455 3256 499 omnes
3275 449 3389 518 ejus
3405 443 3620 507 lustrat.
3635 448 3770 519 Qua:

448 519 546 590 jus
594 516 732 573 sedis
777 517 934 591 [SciL
978 517 1449 596 Portugallensis],
1492 523 1744 596 episcopi,
1790 524 1932 597 apud
1979 540 2064 584 me
2166 527 2503 584 concordant
2534 529 2762 587 cumbis
2784 546 2907 603 qua:
2932 532 3138 592 Dexter
3160 516 3350 594 scribit
3381 539 3574 598 eodem
3601 516 3765 602 anno.

459 618 540 667 est
565 625 584 664 :
612 611 687 664 sic
706 611 846 667 enim
874 611 1050 668 habet.

532 702 763 761 Sanctus
801 704 994 763 Petrus
1045 709 1171 766 civis
1210 710 1570 777 Bracarensis.
1614 713 1705 782 qui
1748 720 1797 769 et
1841 711 2063 770 Samuel

460 798 653 868 dictus,
683 816 717 855 a
739 799 803 858 S.
828 801 1029 860 Jacobo
1049 803 1271 863 Joannis
1293 809 1473 881 fratre,
1497 806 1736 865 Zebedtei
1752 809 1868 879 ﬁlio
1889 811 2057 867 susci-

459 898 624 961 tatus,
663 892 718 947 in
762 894 1061 968 episcopum
1095 897 1469 960 Bracarensem
1510 908 1837 959 consecratus
1874 911 1983 971 est;
2010 911 2059 959 et

459 987 525 1044 ab
552 1004 614 1044 eo
638 989 850 1058 missus,
885 991 1158 1049 multis‘ibi
1179 996 1295 1066 ejus
1319 996 1518 1067 generis
1552 1012 1581 1051 e
1610 996 1838 1070 tribubus
1862 998 2060 1071 disper—

462 1080 555 1148 sis,
592 1089 642 1136 et
680 1084 894 1157 gentiles
922 1087 1189 1142 convertit.
1222 1086 1359 1142 Inde
1390 1090 1657 1162 digressus
1687 1089 1871 1163 Tydis,
1908 1090 2058 1147 [rite-

460 1190 563 1246 que
587 1177 861 1245 praedicat,
886 1187 933 1233 et
961 1196 1053 1251 per
1083 1188 1246 1236 totam
1287 1183 1605 1238 maritimam
1632 1200 1799 1247 oram,
1826 1183 1896 1238 ad
1938 1200 2061 1255 pro-

463 1271 786 1326 montorium
812 1290 975 1343 usque
997 1273 1352 1353 Cinthiumﬂd
1374 1288 1460 1334 est
1485 1277 1758 1334 Promoat.
1777 1277 1942 1333 Lunw
1962 1294 2058 1336 seu

464 1358 909 1438 ngssiponensre]
933 1367 1036 1422 sive
1059 1378 1105 1423 et
1132 1367 1409 1441 Ulysseum
1432 1386 1450 1426 :
1470 1372 1794 1443 instituitque
1812 1389 1876 1428 ex
1904 1372 2061 1427 disci-

460 1455 600 1525 pulis
642 1457 722 1510 sui
758 1458 1022 1529 magistri,
1055 1477 1183 1531 quos
1219 1478 1395 1517 secum
1435 1463 1730 1519 adduxerat
1767 1466 2055 1538 episcopos,

456 1544 788 1618 Portucalle,
817 1546 1054 1618 Eminio,
1088 1550 1451 1622 Conimbrica',
1479 1556 1816 1629 Olysippone,
1841 1566 1890 1612 et
1920 1557 2060 1611 ultra

459 1635 687 1694 Nerium
718 1645 1135 1711 promontorium
1176 1645 1370 1721 [Hodie
1409 1648 1546 1704 Cabo
1577 1649 1641 1703 de
1683 1648 1840 1704 Finis
1885 1647 2058 1722 terrae]

457 1730 592 1787 alios
604 1747 625 1798 ,'
659 1744 706 1789 et
728 1735 799 1788 ad
827 1738 939 1807 ejus
966 1738 1259 1811 exemplum
1282 1757 1384 1796 non
1410 1743 1467 1795 in
1497 1759 1601 1796 una
1629 1751 1831 1797 tantum
1850 1743 2055 1797 civitate

458 1828 896 1901 commorabatur,
931 1832 1022 1886 sed
1062 1834 1171 1886 zelo
1200 1833 1361 1903 ﬁdei,
1395 1836 1772 1891 mediterranea
1794 1877 1810 1903 ,
1844 1836 1979 1891 citra
2006 1844 2056 1891 et
2083 1830 2135 1892 B
2234 1856 2429 1914 pater
2449 1905 2463 1930 ,
2514 1860 2680 1915 ραεία

457 1917 601 1973 ultra
645 1919 865 1992 Tagum,
919 1925 1244 1997 populosque
1299 1926 1395 1981 sibi
1443 1930 1744 1983 commissos
1803 1929 2053 1995 ambiens,

458 2011 774 2085 At‘gitaniaz,
808 2014 1107 2078 Callensice.
1137 2017 1402 2082 Emerita,
1432 2020 1737 2088 Ambratiar,
1766 2030 1815 2077 et
1844 2022 1897 2076 in
1936 2020 2058 2076 aliis

469 2104 769 2173 Vettonum,
803 2118 851 2163 et
872 2107 1253 2166 Lusitanorum
1282 2113 1496 2169 urbibus
1527 2117 1736 2169 verbum
1765 2114 1864 2169 Dei
1896 2115 2060 2169 disse-

459 2203 626 2258 minat
653 2220 673 2260 :
702 2214 748 2258 et
786 2214 1051 2262 transacto
1087 2207 1157 2261 ad
1190 2207 1500 2264 Pannonias
1530 2209 1720 2279 Durio,
1764 2211 1819 2263 in
1859 2208 2054 2264 Braca-

459 2312 577 2350 ram
622 2295 912 2369 Augustam
960 2301 1138 2355 rediit.
1189 2302 1495 2369 Quindecim
1535 2303 1797 2358 mensibus
1836 2305 1923 2360 vix
1952 2306 2060 2374 fere

460 2387 680 2460 elapsis,
704 2392 820 2463 ejus
840 2392 1090 2463 magister
1109 2390 1333 2448 Iacobus
1358 2395 1428 2449 ad
1455 2389 1912 2467 Cwsaraugustam
1934 2397 2063 2453 ardi-

460 2478 637 2534 culam
663 2484 941 2549 excitarat,
971 2485 1026 2538 in
1050 2483 1305 2541 honorem
1339 2485 1591 2559 Deiparae
1625 2487 1879 2560 Virginis,
1917 2505 2062 2546 crea-

461 2577 613 2640 toque
648 2572 778 2626 inibi
825 2573 1115 2631 Athanasio
1155 2577 1415 2647 discessit,
1450 2588 1498 2633 et
1549 2577 1842 2635 Bracaram
1879 2583 2060 2650 venit;

460 2664 553 2718 ubi
577 2673 749 2719 sacrat
770 2666 939 2721 eidem
968 2667 1227 2737 Dominae,
1253 2687 1372 2725 cum
1400 2669 1501 2726 Pio
1535 2671 1863 2743 Hispalensi,
1891 2684 1940 2729 et
1962 2673 2063 2730 El-

462 2757 609 2831 pidio
638 2759 894 2816 Toletano
923 2763 1198 2838 episcopis,
1235 2775 1282 2820 et
1312 2765 1433 2820 aliis
1464 2782 1529 2821 ex
1553 2767 1735 2839 primis
1760 2770 1875 2841 ejus
1905 2769 2064 2824 disci-

461 2852 603 2926 pulis
631 2855 792 2910 aliam
817 2857 1094 2913 aediculam
1119 2861 1171 2914 in
1193 2861 1415 2932 quadam
1438 2872 1642 2935 crypta,
1669 2879 1829 2937 prope
1851 2864 2058 2935 balnea,

456 2944 620 3016 juxta
651 2949 899 3018 templum
924 2949 986 3004 ab
1017 2951 1287 3023 .«Egyptiis
1326 2951 1463 3007 Isidi
1492 2954 1757 3024 quondam
1802 2956 2058 3011 dicatum.

462 3036 533 3093 Et
566 3038 689 3094 inde
729 3038 1008 3114 Brigantio
1046 3045 1219 3098 navim
1245 3047 1633 3114 transcenderis,
1673 3049 1729 3102 in
1760 3040 2062 3105 Britannias

464 3132 694 3204 appulit,
745 3134 926 3189 relicto
964 3133 1212 3193 Bracarte
1256 3137 1317 3195 S.
1350 3139 1526 3207 Petro,
1584 3143 1697 3213 ejus
1746 3142 1960 3212 vicario,
2010 3151 2061 3199 et

463 3225 717 3295 primario
745 3227 881 3283 inter
894 3229 1049 3299 alios,
1074 3244 1214 3303 quos
1227 3244 1461 3288 sacrarat
1484 3236 1537 3289 in
1570 3233 1834 3309 Hispania
1861 3240 2057 3309 episco-
2086 3228 2135 3294 C

466 3331 581 3388 pos.
598 3319 896 3391 Hactenus,
914 3323 1168 3393 utcredo,
1185 3340 1250 3381 ex
1271 3326 1589 3383 Caledonio.
1606 3327 1884 3386 Subinlert
1898 3347 2026 3388 vero
2048 3350 2061 3387 :

535 3409 618 3467 De
663 3413 835 3484 printa
883 3414 1101 3489 Legatia
1149 3419 1218 3471 ad
1266 3418 1559 3489 Hispanias
1613 3439 1646 3475 a
1696 3421 1762 3478 Β.
1805 3425 2065 3481 Clemente

464 3503 644 3573 missa,
668 3505 741 3561 sic
761 3508 958 3563 Dexter
981 3508 1202 3565 Paciani
1223 3512 1367 3582 ﬁlius
1388 3513 1443 3567 in
1462 3512 1683 3569 historia
1703 3515 1771 3570 ad
1797 3515 2059 3584 Orosium,

465 3613 623 3668 quam
649 3599 702 3653 in
729 3602 913 3656 eodem
941 3603 1116 3657 codice
1145 3603 1457 3677 dcscriptam
1497 3608 1705 3662 invenio
1728 3624 1749 3664 :
1783 3608 2066 3681 Philippus

468 3702 814 3761 cognomento
843 3691 1179 3760 Philothcus.
1209 3697 1300 3767 qui
1339 3699 1486 3770 prius
1515 3715 1738 3772 corpora
1765 3709 2065 3757 sanctorum

463 3794 755 3854 martyrum
777 3785 990 3842 Gerrasi
1013 3800 1058 3844 et
1090 3788 1359 3847 Prothasii
1388 3792 1578 3847 civium
1608 3810 1825 3849 suorum
1855 3793 2064 3851 Medio-

466 3876 757 3933 lanensium
781 3877 1070 3937 Mediolani
1092 3885 1392 3957 sepelierat,
1415 3904 1790 3962 conversusque
1809 3891 1861 3946 in
1883 3907 2064 3964 campo

466 3968 832 4028 Laminitaneo
852 3991 884 4028 a
909 3975 971 4034 ll.
996 3975 1169 4033 Paulo
1190 3977 1463 4051 Apostolo,
1486 3983 1638 4037 illum
1658 3991 1866 4039 secutus
1889 3986 2067 4041 adlue-

467 4064 534 4119 sit
563 4061 835 4133 Clementi,
872 4083 904 4120 a
934 4084 1035 4139 quo
1059 4068 1261 4141 legatus
1290 4073 1475 4128 missus
1501 4076 1553 4128 in
1590 4074 1899 4150 Hispanias,
1932 4077 2065 4134 Bar-

466 4156 709 4226 chinonc,
743 4159 1175 4230 Ctzsaraugustte,
1215 4164 1493 4237 Valentius,
1530 4168 1719 4240 Toleti,
1752 4171 1987 4244 Hispali,
2018 4183 2063 4229 et

467 4250 524 4305 in
553 4250 732 4308 multis
762 4255 882 4339 aliis
907 4256 1119 4313 urbibus
1150 4261 1419 4331 prwdicat.
1458 4265 1559 4319 Au.
1597 4266 1805 4323 Cornel.
1852 4268 2061 4339 Palma,

478 4343 540 4399 V.
571 4346 631 4401 C.
673 4349 776 4402 sive
808 4336 1097 4420 'Toletano,
1144 4354 1517 4430 duumviroque
1552 4358 1850 4418 Christiano
1891 4364 2067 4437 [deest

472 4435 550 4490 Μ.
581 4437 889 4513 Marcellus]
923 4441 1161 4500 Toletum
1182 4449 1340 4518 venit,
1369 4450 1533 4522 ibique
1555 4456 1728 4509 sedem
1752 4435 1913 4513 totius
1934 4457 2067 4513 Car-

470 4532 695 4600 petania:
739 4532 955 4605 [melius
985 4536 1283 4614 Hispanin
1322 4544 1625 4609 primariam
1666 4550 1955 4604 constituit.
1986 4549 2064 4607 De

2164 640 2440 723 Hoxontus
2460 643 2967 723 Aecusronunsums
2992 647 3044 703 in
3075 648 3214 723 libro
3236 651 3304 708 de
3325 652 3528 723 Script.
3555 657 3767 716 Ecclcs.

2237 716 2343 769 sub
2383 718 2870 800 numero.l§:t_,nad
2899 735 3102 778 annum
3146 721 3361 781 Domini
3412 716 3552 800 590,
3583 728 3770 788 ﬂoruit

2238 800 2388 842 anno
2420 787 2634 845 Domini
2660 790 2825 850 1120.

2235 899 2453 970 Dexter,
2481 900 2705 959 Paciani
2724 903 2889 978 ﬁlius,
2917 908 3093 964 clarus
3114 910 3183 965 ad
3202 913 3474 985 saeculum,
3498 924 3546 974 et
3569 917 3765 978 Christi

2163 995 2289 1067 ﬁdei
2318 996 2548 1064 deditus,
2578 1001 2742 1055 texuit
2781 1003 3132 1061 omnimodam
3162 1005 3477 1066 Historiam.

2171 1109 2432 1169 Rarum.
2497 1113 2922 1245 Vout'renntiutts
2986 1118 3088 1263 lili5
3151 1138 3223 1178 xv
3289 1123 3759 1204 Anthropologire,

2851 1203 3009 1246 itera
3097 1233 3111 1248 .

2851 1203 3009 1246 Illera
3044 1203 3111 1248 υ.

2236 1274 2451 1346 Dexter,
2491 1278 2712 1335 Paciani
2742 1285 2985 1354 praesulis
3016 1284 3185 1355 ﬁlius,
3218 1290 3297 1343 uir
3335 1290 3685 1363 clarissimus,
3712 1306 3762 1352 et

2163 1366 2359 1425 Christi
2406 1372 2533 1442 ﬁdei
2578 1375 2822 1441 deditus,
2866 1377 3035 1448 fertur
3069 1381 3424 1440 omnimodam
3469 1386 3763 1445 Historiam

2166 1464 2411 1531 edidisse,
2448 1470 2622 1538 patria
2662 1466 3161 1541 Barrinoneusibus,
3192 1472 3484 1550 Pra'fectus
3521 1478 3765 1538 Prwtorii

2166 1555 2443 1614 Theodosii
2466 1562 2748 1634 principis;
2773 1565 2857 1617 cui
2876 1563 3251 1639 Hieronymus,
3276 1572 3369 1644 qui
3390 1571 3501 1629 ha'c
3522 1582 3759 1645 testatur,

2163 1647 2353 1705 librum
2379 1652 2444 1705 de
2480 1651 2622 1708 Viris
2647 1654 2935 1713 illustribus
2969 1658 3189 1717 dicavit.

2217 1764 2502 1824 CONRADUS
2528 1768 2808 1827 Cassianus
2829 1772 2882 1826 in
2905 1771 3170 1848 Catalogo
3197 1781 3414 1836 teSIinm
3437 1785 3703 1842 veritatis.

2684 1864 2739 1917 ni
2786 1863 2951 1935 ﬁlius,
2995 1869 3164 1925 clarus
3218 1875 3361 1945 apud
3400 1877 3670 1944 socculum,
3710 1889 3761 1935 et

2162 1948 2359 2006 Christi
2397 1953 2524 2023 ﬁdei
2558 1954 2791 2022 deditus,
2840 1959 2911 2013 ad
2960 1977 3040 2016 me
3079 1966 3432 2022 omnimodam
3465 1968 3760 2029 Historians

2164 2046 2352 2109 texuit,
2384 2062 2541 2116 quam
2582 2049 2806 2103 necdum
2844 2052 2969 2124 legi.
3015 2052 3086 2110 D.
3123 2055 3478 2131 Hieronymus
3518 2063 3577 2118 in
3621 2065 3765 2123 Viris

2161 2135 2450 2192 illustribus
2488 2141 2688 2213 Script.
2726 2141 2871 2198 Eccl.
2897 2162 3027 2216 quas
3058 2145 3253 2204 Dextro
3283 2150 3406 2207 huic
3430 2153 3522 2227 (ut
3550 2157 3764 2229 opinor)

2163 2228 2421 2283 inscribit.
2454 2229 2782 2300 Saphronius
2810 2234 3134 2310 Hieronymo
3168 2242 3471 2315 familiaris,
3498 2228 3591 2320 qui
3625 2228 3765 2306 hunc

2163 2320 2355 2377 librum
2384 2322 2564 2380 Graece
2586 2328 2753 2396 vertit,
2773 2329 2969 2387 indicat
2998 2335 3136 2391 hunc
3156 2335 3411 2395 Dextrum
3431 2342 3596 2414 fuisse
3620 2359 3761 2416 prie-

2162 2414 2354 2485 fectum
2379 2421 2646 2490 prcctorio.

2164 2528 2444 2588 Anromus
2492 2532 2815 2593 Possnvmus
2855 2542 3325 2672 soclietatisDJesu,
3374 2549 3430 2607 in
3475 2551 3757 2626 Apparatu

2719 2625 2899 2672 sacro,
2956 2624 3115 2671 ntera
3193 2661 3207 2672 .

2719 2625 2899 2679 sacro,
2937 2624 3115 2671 littera
3144 2624 3207 2676 Ι).

2235 2693 2438 2752 Eadem
2469 2696 2633 2755 babct
2657 2702 2820 2758 verba
2843 2720 2967 2777 quin
2993 2707 3289 2769 Gesncrus.

2164 2850 2403 2940 Joannes
2440 2855 2652 2940 Riocun
2691 2861 2902 2919 ordinis
2932 2866 3204 2925 Miuorum
3255 2871 3323 2928 de
3365 2875 3765 2940 Observantia:

2237 2928 2293 2980 in
2320 2926 2660 2998 Conipendio
2685 2942 3011 3008 letttporum,
3049 2941 3143 2999 lib.
3175 2926 3398 3019 "paup:
3419 2926 3534 3018 Ξῖ

2241 3037 2453 3110 Dexter,
2482 3041 2627 3112 ﬁlius
2650 3044 2871 3123 {faciam
2886 3096 2901 3120 ,
2920 3042 3219 3111 Historiam
3245 3061 3598 3119 omnimodam
3625 3068 3695 3123 ad

2645 3116 3030 3193 Hieronymum
3052 3130 3286 3202 scripsit.

2271 3227 2469 3284 Cressa
2503 3229 2862 3317 Brittannos
2895 3238 3410 3317 R.__E._Carilinalis,
3441 3258 3571 3308 tom.
3596 3268 3653 3308 tv

2627 3307 2928 3365 Annalium
2960 3313 3329 3375 Ecclesiastic.

2241 3411 2423 3481 Agens
2452 3411 2521 3469 de
2541 3412 2601 3469 S.
2634 3413 2870 3473 Paciano
2896 3420 3295 3482 Barcinoncnsi
3340 3431 3632 3505 episcopo,
3692 3435 3761 3493 ad

2167 3517 2368 3559 annum
2398 3504 2613 3562 Domini
2646 3509 2773 3580 588,
2803 3513 2994 3570 subdit
3023 3533 3037 3569 :
3072 3516 3155 3571 Ad
3181 3524 3334 3592 cujus
3363 3524 3533 3591 ﬁlium
3555 3531 3775 3599 prtefcc-

2168 3605 2286 3651 tura
2307 3600 2539 3668 praetorii
2566 3601 2892 3675 insignitum,
2922 3607 3061 3662 idem
3088 3609 3443 3684 Hieronymus
3462 3656 3478 3683 ,
3524 3627 3581 3672 ut
3628 3621 3774 3675 dicc-

2168 3705 2301 3759 mus,
2332 3692 2539 3762 scripsit
2574 3692 2767 3749 librum
2796 3697 2861 3751 de
2887 3698 3243 3772 Scriptoribus
3272 3704 3677 3768 Ecclesiasticis.

2241 3780 2401 3838 Anno
2429 3801 2557 3840 vero
2584 3785 2797 3843 Domini
2825 3790 2959 3845 592:
2988 3792 3096 3848 Sed
3124 3805 3199 3851 est
3230 3796 3452 3872 (inquit)
3481 3812 3538 3857 ut
3560 3803 3621 3860 S.
3640 3804 3774 3861 Hic-

2168 3877 2374 3946 ronymi
2402 3876 2793 3937 lucubrationes
2818 3884 3052 3958 singulas
3081 3889 3133 3942 in
3174 3890 3314 3946 hunc
3365 3910 3528 3965 usque
3575 3913 3771 3954 annum

2172 3986 2260 4025 ειν
2294 3970 2576 4028 Theodosii
2598 3976 2924 4048 imperatoris
2950 3982 3140 4050 editas,
3166 3986 3417 4056 perfacile
3463 4006 3764 4063 enumeras,

2169 4064 2355 4135 siqute
2396 4068 2466 4119 ad
2514 4066 2671 4136 ﬁnem
2712 4067 2868 4124 habet
2912 4073 2965 4127 in
3019 4072 3402 4133 Commentario
3441 4081 3507 4135 de
3565 4082 3765 4139 Eeclcs.

2171 4157 2525 4231 Scriptoribus
2555 4159 2711 4232 leges.
2741 4163 2971 4231 Scripsit
3002 4167 3153 4222 illum
3174 4172 3245 4224 ad
3275 4170 3532 4229 Dextrum
3559 4193 3604 4230 v.
3632 4176 3765 4232 clar.

2169 4266 2316 4317 quem
2338 4252 2645 4321 pra’fectura
2663 4256 2897 4324 prwtorii
2916 4257 3214 4316 decoratum
3228 4265 3389 4335 fuisse
3408 4268 3517 4338 ipse
3537 4270 3690 4322 tradit
3714 4270 3767 4324 in

2168 4342 2424 4415 Apologia
2450 4353 2634 4401 contra
2686 4347 2931 4419 Ruﬁnum
2960 4397 2975 4423 ,
3025 4353 3152 4408 dum
3201 4357 3276 4411 ait
3330 4373 3349 4412 :
3393 4359 3536 4415 Ante
3590 4376 3767 4418 annos

2170 4435 2338 4489 let-tne
2361 4434 2574 4503 decem,
2604 4452 2728 4494 cum
2750 4439 2950 4499 Dexter
2973 4444 3181 4500 amicus
3206 4462 3358 4505 tuens
3373 4492 3387 4517 ,
3417 4451 3509 4521 qui
3536 4454 3765 4522 prtel'ec-

2171 4535 2348 4583 turam
2370 4529 2773 4588 administravit.
2796 4538 3059 4606 praetorii,
3091 4554 3180 4594 me
3202 4552 3471 4611 rogasset,
3497 4551 3554 4598 ut
3580 4554 3767 4600 auclo-

468 4623 592 4677 αιίεδ
623 4622 969 4696 legationibus
998 4631 1159 4686 "mna
1187 4632 1322 4687 idem
1344 4633 1559 4707 nam,
1583 4648 1633 4693 ει
1662 4638 1925 4695 Maximus
1948 4642 2060 4697 σω,
2092 4633 2146 4694 D
2173 4635 2292 4675 rum
2317 4633 2519 4678 nostra:
2542 4623 2828 4695 religionis
2868 4628 2920 4682 ei
2951 4629 3184 4686 indicem
3217 4642 3479 4695 texcrcm.
3510 4638 3651 4692 inter
3669 4652 3770 4697 oze-

470 4728 879 4789 saraugustanus
924 4723 1215 4797 episcOpus.
1266 4724 1420 4782 Unde
1464 4729 1637 4785 videat
1683 4731 1951 4791 Serenitas
1976 4751 2063 4790 ve-

472 4814 986 4873 stra.......Caetcra
1016 4818 1247 4876 deerant
1286 4824 1340 4877 in
1379 4824 1570 4880 codice
1616 4828 1764 4883 unde
1810 4828 1928 4886 haec
1960 4845 2065 4887 ex-

470 4905 643 4960 traxit
667 4905 899 4978 Losada,
921 4926 1043 4965 nam
1073 4912 1143 4968 ab
1167 4913 1348 4985 aliqua
1372 4915 1633 4989 plagiario
1663 4920 1824 4993 (proli
1846 4922 1999 4979 dolor
2022 4923 2061 4997 !)

467 4996 537 5051 ad
559 5000 952 5069 cooperiendas
979 5007 1284 5063 venularum
1320 5012 1495 5073 colus.
1530 5010 1663 5068 folia
1691 5016 1909 5072 circiter
1928 5034 2061 5073 cen-

472 5099 582 5146 tum
612 5093 852 5150 abscissa
884 5108 1068 5166 erant,
1119 5112 1175 5156 ut
1206 5101 1463 5161 foliorum
1496 5106 1730 5178 radices,
1764 5127 1884 5183 qua:
1910 5127 2063 5168 nian—

467 5194 677 5255 serant,
712 5197 961 5258 patenter
983 5192 1243 5250 indicant.

469 5296 733 5384 Juusnus
763 5302 930 5384 PE'rtu
972 5307 1416 5384 archipresbyter
1443 5313 1762 5380 Toletanus.
1794 5318 1846 5373 in
1886 5316 2062 5377 Cltro-

654 5374 776 5430 nico
804 5380 871 5431 ad
903 5394 1102 5434 annum
1128 5374 1337 5438 'Cbris'ti
1365 5385 1456 5452 56,
1490 5385 1675 5443 ﬂoruit
1714 5374 1874 5446 llOO.

542 5464 613 5521 Ut
658 5468 873 5523 traditio
925 5483 1168 5529 constans
1214 5486 1289 5531 est
1339 5478 1402 5531 ab
1448 5482 1748 5550 apostolicis
1797 5482 2062 5559 hucusque

467 5555 624 5612 ducta
650 5561 986 5630 temporibus,
1023 5567 1309 5623 multorum
1343 5570 1497 5626 etiam
1526 5585 1751 5630 veterum
1786 5555 2059 5651 Torquati,

465 5645 836 5720 Ctesiphontis,
864 5653 1148 5727 Honorati,
1174 5659 1439 5731 Melantii,
1473 5667 1675 5737 Dextri,
1706 5668 1785 5724 lii.
1816 5645 2057 5741 Maximi,

462 5737 684 5811 Isidori,
703 5743 880 5815 Bedar,
901 5750 1227 5825 aliorumque
1244 5758 1566 5827 testimoniis,
1585 5779 1723 5817 anno
1739 5761 1952 5822 Domini
1967 5768 2057 5838 36,

453 5837 589 5892 szfis
627 5837 915 5912 honori/ica
937 5861 1128 5919 causa,
1153 5848 1214 5909 S.
1250 5848 1480 5911 larobus
1518 5857 1784 5928 apostolus
1825 5837 2061 5922 Zebetltvi

2171 4721 2318 4769 teros
2364 4725 2712 4773 tractatores.
2766 4718 3068 4791 Scripserat
3113 4735 3234 4777 ante
3274 4724 3410 4778 idem
3463 4725 3657 4782 Dexter
3700 4728 3771 4783 ad

2167 4807 2342 4879 ipsum
2362 4808 2728 4883 Hieronynum
2752 4812 3044 4881 historiam,
3079 4832 3234 4888 quam
3268 4818 3377 4889 ipse
3421 4827 3638 4875 testatur
3687 4823 3773 4879 Itis

2169 4902 2333 4957 verbis
2360 4919 2379 4957 :
2411 4904 2618 4961 Dexter
2646 4906 2867 4962 Paciani
2889 4948 2905 4974 ,
2929 4908 2999 4964 de
3023 4923 3130 4979 quo
3154 4925 3318 4982 supra
3340 4911 3453 4969 dixi
3476 4913 3635 4972 lilius.
3661 4916 3771 4973 Sed

2168 5010 2229 5050 ea
2256 4996 2528 5067 dispendio
2557 5016 2764 5073 quoque
2791 5012 2970 5057 nostro
2999 5004 3177 5075 periit.

2243 5093 2400 5145 Anno
2426 5092 2553 5145 item
2588 5092 2803 5148 Domini
2834 5093 2939 5149 595
2962 5135 2976 5161 ,
3012 5105 3144 5151 tom.
3166 5112 3219 5153 -v
3261 5115 3275 5152 :
3309 5097 3418 5156 Sed
3444 5111 3492 5157 et
3536 5101 3772 5162 diximus

2167 5180 2426 5237 Dextrum
2443 5186 2739 5257 pra'fectum
2757 5188 2992 5256 praetorii
3022 5196 3254 5260 tempore
3280 5190 3588 5264 Theodosii,
3621 5200 3766 5270 ejus-

2168 5278 2286 5331 dem
2313 5293 2514 5348 quoque
2533 5280 2825 5350 argumenti
2854 5278 3263 5340 lucubrationem
3288 5287 3601 5344 elaborasse.

2248 5394 2579 5450 ΑΒιιΑυΑιιυε
2600 5393 2841 5474 _l_3_zovtus
2867 5396 3466 5474 o_t_'d._Pr:edicatorum,
3501 5410 3636 5460 tom.
3662 5420 3682 5461 ι

2600 5465 2855 5524 Historia:
2886 5468 3314 5529 Ecclesiasticze.

2242 5584 2322 5640 Ad
2353 5599 2557 5640 annum
2587 5584 2804 5640 Domini
2839 5586 2908 5642 Eb
2958 5586 3179 5643 adducit
3217 5589 3381 5646 verba
3436 5591 3625 5649 Βαιῑί
3648 5638 3662 5662 ,
3696 5593 3767 5652 de

2164 5678 2552 5750 praedicatione
2581 5679 2639 5735 S.
2671 5677 2858 5737 Jacobi
2888 5681 3122 5751 apostoli
3155 5681 3213 5739 in
3257 5683 3517 5755 Hispania
3537 5730 3553 5757 ,
3587 5686 3765 5761 deque

2164 5770 2286 5843 ejus
2312 5770 2489 5844 distip
2512 5771 2626 5829 slis:
2657 5787 2784 5829 nam
2800 5774 2911 5844 jam
2938 5772 3008 5831 ad
3032 5790 3230 5835 manus
3254 5777 3424 5851 ipsius
3451 5778 3765 5841 Cbrcnicon

2164 5864 2459 5941 ejusmOdi,
2492 5881 2616 5926 tum
2644 5866 2890 5943 ssaips't,
2924 5869 3247 5931 advenerat.
