4002 6342
203 323 258 382 ὓ
1355 326 1676 387 GHRONICI
1711 327 1970 391 DEXTRI
2011 330 2377 393 APOLOGIA.
3441 340 3513 402 26

268 436 530 497 Consulto
586 440 969 499 recentiorum
1007 458 1353 503 numerosam
1403 456 1677 505 catervam
1720 465 1815 505 au-
1843 461 1892 524 Α
1920 464 1987 505 ne
2017 449 2237 507 taedium
2262 449 2587 511 Lectorlbus
2623 452 2886 511 atteram:
2918 452 3110 512 eorum
3140 460 3322 515 tamen
3374 473 3505 519 nou~

227 544 440 604 ciorum,
471 530 566 607 qui
596 530 795 594 Dextri
825 531 1137 595 Cbronicon
1167 542 1809 614 recogno:cunt,omitto,

1918 545 2099 603 nullos
2124 545 2182 603 in
2208 546 2459 620 sequenti
2491 548 2751 622 Apologia
2784 548 3043 607 referam.

224 678 3492 718 mm

445 814 1338 952 CHRONICI
1428 778 2123 953 DEXTRI
2220 819 3255 981 APOLOGIA,

1450 1047 1601 1121 AD
1652 1046 2279 1138 LECTOREM,

492 1203 643 1283 Qua
669 1203 815 1287 ipso
834 1204 906 1269 in
934 1203 1154 1271 limine
1180 1203 1551 1269 admonitus
1581 1201 1900 1269 inoﬁenso
1930 1213 2165 1274 cuncta
2199 1212 2608 1292 postmodum
2644 1223 2982 1299 percurrat
3008 1219 3194 1305 pede.

1569 1360 2119 1385 ———-——-——\

205 1513 231 1588 ᾗ
281 1516 330 1571 l.
389 1513 525 1582 Qua:
551 1521 600 1569 ct
632 1522 895 1588 (ιιιιῃιιιι,Δ
924 1512 1271 1588 qnmimodam
1326 1514 1461 1568 hanc
1516 1512 1804 1588 Historiam

370 1583 682 1658 germanum
711 1583 896 1641 Dextri
924 1584 1086 1656 [etum
1114 1601 1222 1641 esse
1250 1588 1559 1640 convincunt
1588 1585 1615 1641 2’

1910 1522 2191 1585 contenta,
2217 1516 2437 1587 plurimi
2468 1516 2674 1575 habere
2720 1519 2931 1593 (errant
2962 1520 3050 1593 qui
3103 1521 3419 1580 existimant
3460 1524 3513 1583 in

1910 1607 2164 1663 cmnobio
2182 1607 2438 1666 Fntdensi
2453 1611 2784 1681 exscriptum
2799 1611 2968 1670 fuisse
2980 1614 3223 1671 codicem
3234 1628 3306 1683 ,et
3318 1615 3375 1673 in
3390 1617 3511 1688 ejus

265 1703 417 1772 Quod
447 1701 584 1758 olim
615 1701 839 1771 scriptis
870 1701 1045 1775 Magni
1073 1702 1420 1776 Areopagilm
1446 1705 1691 1779 Dionysii
1712 1722 1804 1763 ac-
1837 1715 1887 1777 Β
1913 1700 2091 1756 adhuc
2123 1700 2450 1759 bibliotheca
2483 1719 2805 1774 permanere
2830 1746 2845 1771 ,
2875 1720 2997 1761 cum
3030 1716 3210 1764 tamen
3239 1707 3511 1766 Torralba

204 1796 350 1864 tidu,
374 1812 493 1868 qua:
519 1811 648 1852 cum
681 1795 773 1850 ditt
802 1795 1113 1863 latuissenl,
1146 1796 1366 1852 tandem
1417 1797 1633 1854 inventa
1664 1801 1795 1856 etin

207 1891 379 1946 locem
401 1889 519 1945 data
551 1905 755 1961 magno
782 1888 1005 1945 fuerunt
1032 1889 1290 1945 Ecclesia:
1312 1890 1598 1947 catholica:
1645 1892 1799 1965 adju-

212 1995 409 2050 mento,
438 1985 490 2039 id
519 1999 745 2058 quoque
775 1983 1044 2057 ejusmodi
1076 1984 1136 2040 L.
1164 1984 1349 2040 Dextri
1378 1983 1800 2046 Barciooncnsis

202 2078 478 2134 Chronic-is
510 2077 765 2143 accidit;
812 2092 934 2148 qua:
982 2076 1202 2147 quidem
1247 2089 1373 2133 ante
1412 2079 1563 2135 mille
1607 2089 1663 2136 et
1702 2082 1802 2136 du-

200 2183 377 2226 centos
408 2186 589 2225 annos
615 2169 844 2241 scripta,
882 2178 1003 2240 p0st
1040 2171 1210 2225 multa
1260 2172 1463 2226 sweula
1513 2175 1566 2227 in
1608 2174 1799 2247 vulgus

200 2267 389 2321 emissa
419 2275 576 2330 sunt,
607 2264 817 2336 ingenti
840 2265 1006 2321 etiam
1037 2280 1162 2320 cum
1192 2264 1370 2320 fructu
1390 2267 1471 2339 (ut
1491 2266 1798 2343 speramus)

201 2357 596 2415 Ecclesiastica:
644 2357 914 2415 historias.
994 2358 1267 2415 Caeterum
1338 2360 1798 2432 quemadmodum

201 2451 301 2507 illis
321 2453 454 2508 olim
481 2452 888 2508 contradictum
917 2449 1015 2506 fuit
1042 2467 1074 2507 a
1105 2451 1404 2519 nonnullis,
1429 2454 1575 2526 quod
1598 2464 1800 2527 prmtcr

199 2547 433 2602 omnium
458 2545 935 2618 exspectationem
962 2545 1207 2617 quaedam
1227 2545 1584 2617 aiiirmarint;
1615 2550 1687 2605 ita
1707 2566 1801 2621 pa-

202 2640 323 2695 riter
346 2651 406 2696 ct
432 2640 493 2696 in
535 2640 621 2695 bis
643 2683 658 2709 ,
690 2637 1014 2710 quibusdam
1041 2639 1287 2711 scrupuli
1327 2641 1434 2696 orti
1463 2651 1591 2699 sunt
1613 2684 1631 2711 ,
1662 2660 1800 2711 quos

204 2749 331 2790 nunc
348 2749 540 2803 opera:
563 2731 800 2805 pretium
831 2733 940 2789 erit
966 2733 1191 2800 sedare;
1226 2749 1296 2789 ne
1320 2732 1500 2790 forsan
1522 2735 1695 2791 lector
1717 2736 1800 2792 eis

209 2826 551 2893 absterritus,
602 2826 763 2881 tidem
795 2841 957 2897 quam
1005 2826 1130 2897 jure
1179 2836 1538 2896 promeretur,
1587 2829 1800 2886 auctori

211 2929 346 2975 tanto
368 2921 633 2990 deneget.
667 2917 888 2976 Utinam
918 2926 1099 2975 autem
1148 2918 1349 2975 Dextro
1391 2922 1614 2977 daretur
1661 2921 1801 2979 alter

210 3011 546 3077 Theodorus,
589 3012 735 3084 quali
768 3011 1062 3084 Dionysius
1092 3010 1292 3068 fruitus
1320 3023 1433 3076 est.
1464 3013 1680 3073 facilius
1718 3015 1796 3071 si-

1902 1794 2079 1850 solum
2111 1798 2436 1861 asserucrit.
2466 1798 2610 1869 quod
2640 1800 2810 1856 codex
2844 1802 3234 1874 autograpbus.
3278 1802 3515 1861 Fnlden-

1902 1888 2041 1942 sium
2068 1890 2288 1961 fuerat).
2321 1889 2454 1947 Cum
2493 1907 2624 1947 vero
2654 1909 2757 1948 nec
2785 1892 2929 1948 dono
2952 1938 2966 1959 ,
3001 1911 3103 1950 nec
3134 1906 3331 1966 pretio,
3357 1907 3515 1969 pater

1901 1978 2145 2036 Thomas
2169 1981 2490 2054 originalem
2519 1983 2763 2039 codicem
2806 1986 2874 2041 ab
2903 1985 3021 2056 ipso
3051 1997 3381 2058 extorquere
3408 2004 3509 2046 ne-

1902 2072 2102 2144 quiret.
2128 2075 2343 2145 copiam
2371 2074 2516 2130 illius
2538 2084 2597 2131 ut
2620 2077 2901 2132 minimum
2925 2080 3217 2136 extrahere
3238 2079 3509 2149 obtinuit;

1902 2183 2066 2238 quam
2096 2168 2244 2224 illico
2276 2169 2326 2223 in
2360 2169 2676 2240 Hispaniam
2712 2171 2863 2228 misit
2890 2171 2960 2228 ad
3008 2172 3069 2228 P.
3118 2173 3512 2247 Hieronymum

1902 2262 1969 2318 de
2020 2263 2071 2319 la
2121 2264 2377 2332 Higuera,
2418 2280 2540 2322 cum
2573 2266 2774 2323 litteris
2814 2266 2958 2322 datis
3018 2265 3333 2324 Wormatiae
3365 2283 3516 2325 anno

1905 2358 2116 2415 Domini
2149 2360 2310 2417 159a.
2346 2359 2565 2418 Litterae
2597 2362 2729 2432 ipsae
2760 2370 2816 2418 et
2841 2362 2995 2433 cupia
3028 2361 3281 2419 Cltroniei
3313 2378 3343 2419 e
3373 2362 3511 2433 Ger-5

1902 2453 2084 2508 mania
2113 2453 2293 2510 missa:
2321 2496 2336 2522 ,
2386 2470 2415 2508 a
2447 2454 2553 2510 ﬁde
2586 2455 2926 2528 dignissimis
2972 2457 3107 2513 viris
3136 2459 3337 2529 sa-pius
3377 2458 3511 2515 visa:

1901 2553 1957 2600 et
1981 2544 2138 2601 lectae
2167 2555 2326 2604 sunt:
2356 2555 2411 2601 et
2436 2562 2539 2618 ego
2561 2562 2726 2619 super
2755 2565 2812 2604 re
2845 2547 2947 2605 ltac
2978 2550 3207 2605 canvcni
3239 2548 3416 2606 Toleti
3447 2549 3512 2606 P.

1902 2634 2258 2694 Franciscum
2316 2638 2707 2697 Portocarrcro
2750 2641 2999 2712 ejusdem
3053 2642 3349 2699 Societatis
3393 2659 3514 2713 pre-

1900 2729 2199 2801 sbyterum,
2235 2747 2264 2785 a
2294 2746 2404 2801 quo
2434 2732 2640 2801 audivi,
2674 2733 2877 2790 vidisse
2917 2749 2978 2789 se
3025 2748 3090 2790 ac
3146 2735 3344 2806 legisse
3385 2750 3511 2807 pro-

1903 2820 2036 2892 priis
2063 2823 2235 2877 oculis
2266 2822 2576 2879 Cbronicon
2632 2834 2688 2880 et
2729 2824 3019 2896 epistolam
3061 2825 3124 2881 P.
3175 2825 3401 2883 Thomas
3443 2826 3513 2885 de

1902 2913 2188 2983 Torralba,
2239 2922 2676 2988 cognovisseque
2729 2932 2944 2973 manum
2986 2927 3043 2974 et
3084 2919 3510 2991 suscriptionem

1902 3007 2094 3079 ipsius,
2125 3018 2178 3064 et
2212 3009 2493 3081 utriusque
2527 3012 2726 3066 habere
2769 3014 2983 3082 copiam
3015 3011 3159 3081 apud
3190 3028 3252 3070 se
3283 3029 3298 3069 :
3332 3013 3505 3069 idem-

206 3107 407 3177 quidem
437 3107 589 3177 apud
619 3121 813 3161 omnes
837 3105 1049 3163 honore
1077 3107 1273 3163 merito
1321 3107 1651 3176 donaretur;
1700 3110 1796 3166 sed

1908 3116 2007 3172 que
2061 3110 2291 3158 testatur
2325 3102 2385 3157 in
2435 3102 2659 3175 prologo
2700 3102 2826 3158 libri
2873 3103 2939 3158 de
2979 3102 3102 3159 Vita
3144 3104 3204 3161 S.
3258 3104 3511 3162 lldel‘onsi

208 3215 264 3254 eo
302 3199 659 3255 nihilominus
697 3200 1018 3268 deﬁciente,
1052 3204 1096 3257 si
1129 3217 1238 3257 non
1269 3202 1596 3261 auctoritate
1627 3204 1799 3261 eluci-

209 3293 418 3362 datotis,
451 3295 669 3349 ratione
694 3300 878 3349 tamen
902 3292 1030 3367 (qua
1052 3295 1166 3350 sola
1191 3294 1681 3368 imprmsentiarnm
1706 3313 1798 3369 pe-

211 3386 426 3440 riculum
454 3385 644 3442 facere
681 3385 973 3456 volumus)
1009 3388 1156 3443 vires
1211 3375 1598 3460 suppeditante
1629 3431 1645 3457 ,
1690 3406 1800 3447 non

214 3476 509 3534 dubitamus
536 3478 649 3533 voti
677 3487 960 3561 cqmpotes
1000 3478 1269 3548 eradere;
1329 3481 1496 3537 multa
1547 3483 1691 3539 enim
1747 3492 1804 3541 et

218 3587 396 3644 magna
426 3583 579 3639 sunt,
608 3588 735 3644 qua:
765 3573 817 3628 id
849 3574 1026 3645 ipsum
1070 3577 1397 3631 convincant
1423 3617 1438 3645 ,
1489 3576 1559 3634 de
1604 3577 1802 3650 quibus

212 3679 344 3720 nunc
370 3664 761 3721 disserendum
787 3683 817 3721 a
848 3666 1009 3723 nobis
1038 3678 1142 3724 eSt.

283 3759 553 3831 Principio
594 3776 758 3816 nemo
788 3771 874 3816 est
900 3760 992 3828 qui
1022 3761 1270 3830 abnuat,
1327 3764 1510 3833 magni
1545 3763 1805 3834 ponderis

219 3868 337 3908 esse
359 3864 609 3924 oportere
638 3854 903 3911 Cbroniei
932 3854 1091 3928 hujus
1122 3857 1532 3926 auctoritatem,
1558 3860 1602 3914 si
1630 3859 1805 3917 semel

216 3948 282 4001 dc
312 3958 528 4005 auctore
561 3959 813 4019 constet,
850 3964 975 4005 esse
1023 3949 1284 4006 Dextrum
1340 3951 1495 4007 illum
1552 3953 1803 4009 nimirum

217 4055 246 4110 q
285 4039 299 4094 i
330 4057 480 4096 suam
508 4042 886 4098 omnimodam
920 4042 1216 4100 Historiam
1242 4045 1573 4118 Hieronymo
1601 4063 1808 4102 nuncu-

222 4136 402 4198 parit:
436 4149 559 4190 eum
610 4134 882 4206 siquidem
934 4134 1136 4192 Doctor
1181 4139 1557 4195 sanctissimus
1605 4142 1808 4211 sa-pius

219 4225 560 4283 τιοιιριιιοιιιει·
590 4227 799 4298 laudat,
833 4237 888 4284 et
914 4229 1139 4285 multutn
1163 4230 1211 4285 ei
1241 4230 1437 4295 defert,
1486 4234 1567 4288 uti
1593 4249 1658 4289 ex
1689 4235 1808 4305 ejus

218 4316 329 4372 Vita
352 4319 520 4389 liquet
542 4321 795 4392 superius
821 4337 849 4375 a
881 4322 1036 4378 nobis
1060 4333 1301 4380 exarata.
1317 4326 1452 4381 'l'ota
1472 4328 1632 4398 igitur
1648 4343 1808 4385 causa

219 4427 391 4467 nasum
422 4413 474 4469 in
500 4415 604 4470 hoc
631 4424 908 4481 versatur,
926 4424 982 4470 ut
1002 4416 1376 4484 ostendamus,
1410 4436 1520 4490 pra:
1551 4436 1649 4476 ens
1673 4435 1811 4492 opus

1903 3210 2065 3265 quem
2097 3195 2245 3267 typis
2276 3194 2501 3251 excudit
2534 3195 2738 3252 Matriti
2769 3212 2915 3255 anno
2941 3196 3155 3253 Domini
3180 3197 3341 3275 1616.
3371 3198 3517 3255 Tan-

1904 3297 2082 3345 torum
2132 3288 2297 3359 igitur
2323 3290 2541 3344 testium
2584 3291 2883 3347 auctoritas
2921 3307 3142 3347 omnem
3189 3290 3513 3363 ambiguita-

1904 3389 2013 3438 tem
2067 3381 2231 3451 tollit,
2264 3396 2389 3438 cum
2431 3384 2625 3453 procul
2650 3383 2818 3440 dubio
2858 3385 2972 3440 sint
3007 3385 3154 3440 omni
3182 3385 3513 3457 exceptione

1904 3457 2162 3545 majores,
2192 3484 2377 3544 utpote
2404 3475 2653 3531 doctrina
2688 3476 2955 3549 insignes,
2986 3477 3252 3550 religione
3294 3478 3517 3550 conspi-

1902 3570 2016 3638 cui,
2064 3568 2185 3625 zelo
2232 3569 2480 3626 veritatis
2512 3580 2860 3641 praestantes,
2892 3581 2948 3628 et
2986 3572 3127 3629 tales
3167 3571 3311 3645 quod
3350 3571 3516 3629 rebus

1906 3661 2129 3732 majoris
2150 3663 2441 3729 momenti,
2467 3678 2695 3733 quarunt
2720 3663 2855 3719 alias
2879 3673 3098 3720 nutaret
3120 3664 3277 3731 fides,
3301 3664 3515 3737 pondus

1905 3756 2250 3813 auctoritatis
2277 3756 2524 3828 prasberc
2548 3757 2818 3813 valerent.
2851 3757 2968 3813 Huc
2994 3758 3229 3827 accedit,
3253 3757 3396 3831 quod
3428 3773 3517 3815 res

1907 3849 2021 3921 ipsa
2056 3866 2163 3905 non
2196 3849 2337 3905 intra
2365 3850 2609 3923 privatos
2639 3850 2881 3920 parietes
2912 3859 3031 3906 acta
3062 3858 3146 3907 est
3166 3894 3181 3917 ,
3215 3860 3273 3906 et
3302 3849 3432 3906 inde
3462 3851 3516 3906 in

1907 3946 2084 4002 lucem
2113 3944 2262 4010 data,
2294 3943 2390 3998 sed
2413 3942 2480 3998 ab
2504 3958 2645 3997 anno
2674 3941 2796 4012 ipso
2824 3942 2961 3998 1594
2990 3943 3133 4014 quod
3161 3958 3191 3998 e
3220 3941 3515 3999 Gertnania

1907 4037 1960 4094 in
2005 4034 2317 4104 Hispaniam
2376 4034 2694 4090 Clironicon
2748 4033 2809 4089 P.
2867 4034 3208 4107 Hieronymo
3258 4033 3520 4102 missum,

1911 4130 2377 4204 prmstantissimis
2400 4132 2567 4186 totius
2591 4130 2864 4202 Hispaniae
2890 4132 3151 4201 praelatis,
3176 4128 3515 4199 doctoribus,

1910 4239 1964 4285 ct
1994 4227 2332 4302 principibus
2363 4227 2432 4282 ab
2463 4244 2530 4284 co
2555 4229 3017 4284 communicatum
3052 4226 3174 4294 fuit,
3211 4234 3267 4282 ct
3311 4241 3408 4298 pro
3437 4225 3520 4282 le-

1909 4323 2103 4395 gitimo
2140 4320 2422 4387 habitum;
2456 4332 2510 4375 ut
2552 4320 2747 4375 mirum
2780 4323 2891 4386 sit,
2937 4319 2988 4375 id
3016 4320 3084 4375 ab
3112 4319 3298 4393 aliquo
3328 4320 3383 4376 in
3422 4318 3522 4376 du-

1913 4414 2061 4470 bium
2108 4416 2246 4470 verti
2298 4428 2480 4484 posse.
2528 4412 2987 4483 Recognovctunt
3028 4411 3159 4467 illud
3210 4414 3349 4468 inter
3387 4411 3523 4468 alios

218 4504 510 4577 lt-gitimnm
546 4511 748 4565 mentis
796 4524 912 4564 sum
960 4522 1173 4596 partum
1225 4511 1413 4569 fuisse.
1470 4514 1582 4583 Qua
1638 4514 1689 4569 in
1748 4504 2269 4572 reDillustrissimi
2321 4521 2384 4561 ac
2425 4505 2870 4562 revercndissimi
2909 4504 3147 4575 domini,
3197 4503 3265 4560 ι).
3298 4502 3522 4560 Saucius

218 4601 471 4672 quidquid
501 4602 572 4659 de
597 4602 722 4657 aliis
746 4603 840 4671 sit,
872 4602 906 4657 ii
936 4616 1108 4673 certe,
1141 4620 1372 4676 quorum
1429 4605 1697 4663 beneﬁcio
1737 4607 1808 4663 ad

219 4706 408 4747 manus
436 4707 617 4748 nostra
640 4694 911 4750 Chronica
946 4696 1045 4751 ista
1072 4711 1398 4769 pervenere,
1435 4709 1579 4755 tanta
1604 4701 1811 4771 pollent

220 4787 559 4853 auctoritate,
593 4797 745 4844 tanta
775 4791 1026 4846 veritatis
1054 4791 1395 4863 sinceritate,
1428 4803 1485 4850 ut
1512 4795 1579 4852 de
1608 4812 1670 4852 re
1694 4799 1809 4865 ipsa

224 4882 401 4936 tullus
452 4884 797 4955 relinquatur
846 4885 998 4940 locus
1048 4885 1355 4945 dubitandi.
1402 4889 1465 4944 Hi
1513 4900 1640 4946 sunt
1690 4891 1805 4947 RR.

223 4984 398 5039 patres
417 4973 662 5030 ‘l‘ltomas
691 4975 759 5030 de
786 4975 1082 5047 Torralba,
1125 4988 1179 5034 et
1228 4979 1596 5054 Hieronymus
1642 4982 1710 5039 de
1762 4983 1810 5039 la

224 5063 451 5135 lliguera
485 5110 501 5134 ,
574 5069 868 5127 Soeietatis
918 5068 1046 5127 Jesu
1101 5071 1439 5145 presbyteri,
1502 5074 1813 5132 eruditione

224 5160 528 5231 conspicui;
559 5177 590 5217 e
613 5161 817 5233 quibus
842 5162 1099 5228 Thomas,
1127 5164 1257 5220 dum
1292 5166 1346 5222 in
1370 5165 1660 5223 Germania
1695 5186 1815 5225 ver-

223 5260 448 5316 sari-tur,
487 5252 601 5310 Deo
625 5253 869 5323 auspice,
904 5253 1096 5310 incidit
1118 5253 1446 5314 Wormaciac
1484 5261 1537 5313 in
1570 5259 1810 5316 codicem

226 5357 588 5412 p-rvetustum
625 5346 1065 5416 membraneum,
1098 5351 1555 5422 manuscriptum,
1608 5354 1657 5407 in
1708 5369 1814 5420 quo

221 5442 532 5495 charactere
554 5437 798 5496 Gothico
843 5450 1064 5497 exarata
1113 5453 1271 5498 erant
1324 5444 1593 5501 (ltronica
1630 5447 1813 5502 Dextri

220 5539 282 5583 et
306 5530 372 5588 ll.
402 5531 640 5599 Maximi,
678 5541 966 5603 tantopere
994 5549 1026 5589 a
1052 5536 1182 5589 viris
1210 5536 1437 5593 eruditis
1486 5539 1813 5596 desiderata.

223 5622 349 5677 lirat
381 5634 504 5681 tunc
532 5627 722 5681 forsan
747 5625 920 5681 codex
947 5626 1039 5683 ille
1075 5626 1130 5684 in
1154 5645 1314 5684 mann
1349 5631 1496 5687 docti
1532 5632 1812 5704 cujusdam

220 5715 354 5772 civis
380 5715 835 5784 Wormaciensis,
870 5720 957 5789 qui
989 5720 1223 5792 ingenue
1250 5720 1425 5778 fassus
1458 5725 1575 5787 init.
1608 5742 1665 5779 se
1690 5741 1814 5782 eum

218 5823 252 5865 e
278 5810 528 5868 Fuldcnsi
555 5804 956 5869 monachorum
987 5814 1344 5870 celeberrima
1377 5817 1704 5873 bibliotheca
1727 5834 1815 5876 ac-

220 5905 447 5979 cepisse,
473 5916 528 5963 ct
557 5921 661 5979 pro
697 5904 1004 5963 veneranda
1035 5906 1375 5980 antiquitatis
1400 5909 1624 5967 historia
1657 5909 1711 5967 in
1746 5925 1814 5968 eo

1918 4601 2103 4657 Davila
2125 4599 2437 4672 Gienensis,
2463 4598 2815 4670 Seguntinns,
2840 4610 2895 4654 et
2924 4598 3276 4654 Placentinus
3301 4611 3523 4654 succes-

1914 4701 2029 4754 sive
2054 4697 2368 4769 episcopus,
2398 4697 2452 4750 in
2475 4694 2571 4750 lib.
2601 4694 2659 4751 S.
2688 4693 2881 4749 Vitalis
2910 4692 3374 4765 archipresbyteri
3405 4691 3519 4749 Το-

1912 4792 2096 4856 letani,
2132 4800 2186 4846 et
2216 4790 2475 4863 martyris
2498 4830 2515 4857 ,
2551 4796 2608 4845 et
2648 4789 2702 4844 in
2741 4804 2907 4858 Opere
2937 4803 3039 4843 suo
3067 4787 3136 4844 de
3168 4787 3522 4845 veneratione

1916 4883 2265 4957 reliquiarum
2302 4900 2316 4937 :
2344 4881 2415 4938 ι).
2448 4880 2776 4938 Bertrandus
2806 4879 3016 4936 Ladron
3058 4882 3122 4936 de
3151 4881 3393 4947 Gnevnra
3431 4897 3520 4938 ar-

1916 4979 2297 5051 clticpisc0pns
2323 4978 2810 5048 compostellanus,
2840 4979 2923 5033 vir
2953 4986 3063 5033 tota
3101 4977 3385 5048 Hispania,
3412 4976 3522 5033 Ita-

1917 5072 2098 5145 liaque
2129 5071 2200 5127 ob
2242 5070 2510 5143 insignem
2554 5069 2919 5143 eruditionem
2962 5070 3301 5135 notissimus,
3332 5069 3387 5125 in
3421 5070 3515 5126 lib.

1916 5165 1985 5221 de
2029 5164 2277 5221 Adventu
2327 5163 2387 5221 S.
2431 5164 2620 5221 Jacobi
2652 5181 2665 5218 :
2698 5162 2769 5219 ι).
2807 5161 3127 5219 Prudentius
3158 5161 3223 5219 de
3253 5162 3522 5219 Sandoual

1917 5259 2207 5330 episcopus
2255 5256 2546 5323 Tudeosis,
2590 5265 2646 5312 et
2688 5255 3169 5326 Pampilionensis,
3220 5271 3285 5314 ac
3340 5257 3520 5328 regius

1919 5351 2416 5424 ltistoriograpttus,
2467 5351 2521 5407 in
2561 5351 2656 5407 lib.
2708 5350 2969 5407 Ecclesia:
3012 5350 3303 5417 Tudensis,
3349 5361 3407 5407 et
3447 5349 3517 5404 υ.

1918 5444 2135 5502 Alexin:
2163 5447 2227 5500 de
2256 5443 2514 5501 Menesses
2558 5444 3005 5516 arcliicpiscOpus
3045 5443 3427 5508 llracarensis;
3466 5450 3525 5500 et

1918 5547 2043 5595 ante
2069 5539 2245 5609 ipsum
2278 5538 2338 5593 ι).
2369 5538 2708 5610 Augustinus
2729 5536 2799 5593 de
2825 5536 2951 5593 Jesn
2984 5535 3229 5606 ejusdem
3257 5533 3405 5589 sedis
3425 5550 3524 5590 an-

1922 5631 2096 5699 tistes,
2150 5631 2245 5701 qui
2291 5645 2353 5687 ea
2382 5645 2505 5705 quae
2546 5630 2598 5686 in
2647 5629 2732 5685 liis
2759 5627 3047 5685 Cbronicis
3086 5627 3152 5683 ad
3175 5626 3521 5697 metropolim

1919 5742 2071 5782 suam
2104 5726 2479 5797 spectantibus
2509 5732 2863 5789 annotantnr,
2908 5723 3025 5792 ipse
3065 5723 3119 5776 in
3150 5719 3393 5779 archivis
3431 5738 3521 5781 ar-

1919 5816 2417 5888 cliicpiscOpaltbus
2439 5817 2667 5873 seorsim
2692 5814 2958 5872 asservari
2985 5812 3136 5884 fecit,
3159 5814 3358 5887 quibus
3384 5817 3522 5871 alios

1920 5910 2235 5968 innumeros
2266 5910 2466 5967 addere
2495 5924 2741 5983 possem,
2783 5923 3014 5982 quorum
3044 5908 3306 5980 judicium
3336 5908 3518 5978 magni
