4032 6340
479 354 550 410 21
1393 349 1693 410 FLAVIUS
1732 351 1980 412 LUCIUS
2020 348 2305 409 DEXTER
2340 352 2870 413 GIIRONOLOGUS'.
3720 352 3795 410 28

487 466 871 540 proculdubio
903 466 1301 539 ponderisesse
1342 464 1543 540 publici
1586 468 1827 538 ipsorum
1859 474 2012 522 actus
2042 472 2095 521 et
2122 465 2177 529 Α
2205 458 2374 523 Mora.
2424 469 2491 525 Ut
2524 468 2741 525 interim
2786 469 2977 524 sileam
3018 466 3353 524 Fari-arenas
3392 483 3499 523 non
3539 466 3712 522 solum
3744 469 3801 523 in

486 560 686 628 scripta
718 569 1008 616 testantur.
1308 600 1321 605 -

564 651 935 715 Subdubitant
978 649 1334 713 nihilominus
1370 649 1636 718 nonnulli,
1676 664 1743 711 eo
1770 647 1914 720 quod
1953 648 2088 707 nihil

485 745 552 799 de
586 744 671 801 his
699 744 992 800 Cbrmtieis
1024 744 1265 798 auditum
1300 743 1562 798 baetenus
1595 753 1739 797 esset
1786 743 1840 797 in
1891 742 2087 812 HiSpa-

486 838 600 904 nia,
634 846 688 894 et
713 855 741 891 a
773 839 995 909 nemine
1024 839 1371 910 antiquorum
1399 838 1722 907 citarentur,
1750 851 1873 892 cum
1907 842 2087 899 tamen

490 932 624 989 inibi
655 934 840 1000 potius
866 947 1025 1002 quam
1050 932 1102 987 in
1134 929 1451 993 Germania.
1477 929 1674 986 aliisve
1700 931 1944 986 eneruis-
1968 944 2091 1002 pro-

485 1025 700 1093 vinciis,
738 1034 927 1095 utpote
976 1025 1029 1079 in
1062 1039 1127 1078 ea
1174 1026 1397 1092 scripta,
1443 1034 1498 1078 et
1533 1023 1836 1091 elaborata,
1884 1022 2092 1093 seruari

488 1116 828 1182 debuissem,
852 1127 909 1170 et
934 1116 1003 1169 ab
1023 1114 1255 1171 eruditis
1281 1115 1540 1180 Hispanis
1568 1116 1697 1185 legi,
1722 1125 1774 1171 et
1804 1116 2088 1185 publicari.

487 1208 595 1265 Sed
630 1209 829 1265 vellem
882 1223 1005 1281 ego,
1044 1216 1107 1264 ut
1142 1208 1268 1265 aliis
1314 1208 1501 1279 inultis
1544 1211 1907 1280 llismnarutu
1952 1212 2092 1271 unti-

490 1317 723 1372 quorum
756 1300 912 1358 libris
942 1302 1062 1356 bare
1092 1301 1209 1372 ipsa
1237 1300 1567 1370 ubjicerent,
1595 1304 1684 1372 qui
1716 1311 1867 1358 extra
1903 1302 2096 1373 Hispa—

490 1395 635 1448 niam
669 1393 870 1448 inreuti
907 1392 1051 1465 typis
1078 1392 1187 1447 dati
1219 1402 1345 1448 sunt
1384 1392 1438 1447 in
1468 1393 1797 1449 bibliutlteca
1836 1393 1954 1450 Vel.
1988 1394 2091 1449 PP.

491 1485 574 1543 Sit
598 1485 652 1541 in
676 1485 980 1556 exemplum
1011 1484 1328 1542 Chronieou
1360 1485 1539 1552 ldatii,
1562 1486 1705 1559 quod
1738 1487 1805 1541 ab
1840 1486 2096 1558 lliSpania

494 1578 749 1647 perierat,
796 1585 852 1633 et
900 1589 1081 1632 tamen
1119 1578 1189 1634 ab
1231 1578 1463 1634 llcnrico
1505 1575 1723 1634 Cauisio
1764 1580 1995 1651 primum
2042 1580 2094 1639 in

496 1669 787 1726 Germania
822 1669 1122 1738 inventum,
1161 1685 1421 1725 exeusum
1457 1670 1577 1734 luit,
1608 1670 1805 1731 deinde
1835 1671 1889 1729 in
1921 1672 2097 1731 Gallia

489 1780 518 1819 a
545 1764 787 1835 Joscphrt
814 1763 1119 1834 Scaligero,
1153 1763 1369 1822 demum
1404 1765 1627 1822 Parisiis
1655 1769 1824 1824 multo
1851 1768 2090 1836 locuple-

2191 560 2555 627 Cbristisnos,
2584 562 2678 619 sed
2710 564 2763 615 in
2795 577 2989 617 eorum
3022 562 3185 616 etiam
3219 561 3390 618 libros
3423 562 3656 616 movisse
3679 577 3803 631 per-

2192 655 2551 722 secutionem,
2583 656 2725 726 quod
2755 654 2811 707 S.
2856 654 3112 725 Eulogius
3147 655 3339 711 scribit
3374 654 3428 708 in
3462 652 3799 725 Memoriali,

2193 764 2300 816 qtto
2332 757 2574 817 tempore
2605 748 2772 802 libros
2804 762 2993 802 omnes
3022 747 3270 817 oportuit
3301 746 3389 803 vel
3428 744 3796 812 abscondere,

2194 840 2277 897 rel
2310 839 2456 898 foras
2484 840 2697 901 mittere
2729 861 2743 896 :
2775 849 2829 895 et
2861 834 3087 907 dubium
3120 851 3227 905 non
3258 840 3346 907 est
3381 836 3586 903 multos
3617 852 3805 908 perse-

2194 932 2432 987 cutionis
2461 930 2613 987 rabie
2642 933 2895 1003 periisse.

2261 1025 2446 1097 Longe
2471 1026 2634 1083 etiam
2659 1040 2687 1078 a
2705 1040 2834 1080 vero
2850 1026 3129 1087 aberraui,
3156 1024 3248 1095 qui
3270 1023 3606 1092 existimant,
3634 1037 3805 1094 usque

2196 1117 2261 1171 ad
2295 1133 2495 1172 annum
2528 1116 2809 1188 prarlatum
2846 1116 3005 1184 1594,
3043 1133 3152 1188 quo
3178 1117 3240 1175 P.
3279 1116 3545 1173 'l'orralba
3578 1133 3701 1174 eum
3748 1118 3801 1174 in

2195 1210 2483 1279 Hispanias
2514 1209 2682 1276 misit,
2722 1225 3021 1281 numquam
3053 1210 3123 1267 sh
3150 1211 3334 1280 aliqua
3372 1211 3671 1281 cognitum,
3713 1218 3808 1265 aut

2197 1306 2391 1372 lectum
2428 1304 2597 1369 fuisse
2629 1304 2918 1362 Dextrum:
2957 1304 3175 1370 quando
3201 1303 3417 1372 quidem
3455 1302 3804 1365 regum,Go-

2200 1398 2417 1451 tborum
2446 1396 2783 1466 temporibus
2832 1413 2860 1450 ει
2914 1397 2984 1452 Μ.
3040 1396 3274 1452 Maximo
3317 1395 3807 1467 Cmsaraugustatro

2198 1490 2457 1564 ejxiscopo
2485 1490 2818 1547 Cltrtinictttn
2868 1492 3042 1563 ipsmu
3089 1492 3463 1551 cerztinnzitttm
3511 1499 3597 1547 est
3637 1507 3809 1558 usque

2199 1583 2264 1636 ad
2297 1598 2499 1639 annum
2546 1582 2759 1639 Dumiui
2799 1582 2926 1640 liii.
2959 1581 3114 1651 Quod
3154 1585 3200 1638 si
3241 1584 3298 1637 Β.
3351 1580 3592 1638 Isidorus
3636 1582 3809 1638 solius

2201 1675 2417 1737 Maximi
2450 1675 2692 1730 meminit
2726 1674 2777 1728 iu
2808 1674 2907 1743 lib.
2938 1674 3138 1748 Script.
3172 1675 3384 1733 Eccles.
3417 1689 3515 1731 seu
3548 1673 3802 1730 Virorum

2202 1766 2515 1835 illustrium,
2554 1774 2606 1821 et
2650 1780 2757 1820 non
2798 1766 3005 1833 Dextri,
3039 1763 3242 1822 ldcirm
3291 1764 3409 1833 luit,
3443 1766 3567 1835 quia
3613 1765 3813 1821 Demer

490 1855 601 1913 tius
626 1872 654 1911 tt
685 1856 749 1914 P.
789 1854 998 1913 Jacobo
1024 1855 1317 1915 Sirmundo
1345 1860 1623 1915 societatis
1672 1858 1821 1917 Jesn.
1861 1859 2102 1927 Notaritu
2138 1857 2182 1919 Β
2211 1870 2324 1917 erat
2349 1860 2460 1941 jam
2501 1860 2677 1918 eidem
2720 1861 2970 1932 catalogo
3007 1875 3035 1917 θ
3076 1861 3135 1917 D.
3176 1860 3507 1935 Hieronymo
3549 1860 3808 1931 insertus,

495 1953 674 2006 obiter
705 1951 758 2007 in
791 1951 892 2007 hoc
919 1962 1163 2018 aucturc,
1193 1951 1335 2021 quod
1362 1960 1419 2007 ut
1450 1951 1609 2007 tidem
1639 1952 1812 2008 codici
1845 1968 1943 2008 sun
1972 1968 2102 2011 cnn-

492 2043 730 2112 eiliarct,
757 2043 898 2099 suilli
919 2060 1013 2101 ere
1038 2043 1287 2110 credidit,
1321 2045 1504 2103 dicere
1533 2062 1547 2103 :
1574 2044 1757 2128 Nuper
1792 2047 1968 2105 Rotuec
1995 2049 2110 2105 cul-

494 2139 611 2212 gor.‘
650 2149 871 2207 cleptum
911 2147 1011 2208 est,
1061 2154 1125 2193 ea:
1166 2138 1381 2209 an’iquo
1416 2138 1650 2195 videlicet
1697 2140 1872 2196 cadica
1910 2152 2108 2217 nostra,

495 2248 645 2303 quem
688 2231 776 2300 qui
804 2229 1097 2287 Romanam
1138 2231 1416 2285 editionem
1454 2232 1677 2295 curavit,
1718 2233 1840 2305 quia
1882 2231 2109 2295 Parisiis

498 2341 606 2378 csse
647 2324 906 2392 audierat,
946 2322 1299 2379 Parisiensem
1343 2323 1657 2398 appellavit;
1698 2342 1791 2380 nos
1832 2323 2110 2383 Metensem

498 2414 674 2488 potius
700 2416 894 2470 dicturi
922 2433 1151 2481 eranms,
1176 2417 1317 2489 quod
1340 2415 1497 2473 Metis
1526 2418 1648 2472 olim
1676 2420 1992 2489 exscripta»:
2023 2436 2110 2475 ar-

496 2511 777 2574 bilrcmnr;
804 2507 926 2565 inde
948 2518 1083 2563 certe
1103 2510 1171 2565 ad
1202 2528 1292 2565 nos
1316 2527 1379 2565 cx
1398 2514 1711 2566 monasterio
1740 2528 1841 2565 non
1870 2511 2105 2584 ignobili,

498 2620 592 2658 nec
646 2603 861 2658 obscuro
895 2606 1199 2672 pervenerit.
1232 2606 1449 2672 Quanto
1481 2604 1699 2676 majori,
1744 2620 1960 2676 qua-so,
2008 2620 2109 2659 au-

498 2696 747 2751 eloritate
774 2695 955 2755 Dextri
978 2694 1289 2751 Chronieon
1308 2695 1589 2766 evulgatur
1608 2738 1621 2763 ,
1643 2696 1785 2768 quod
1806 2712 1910 2749 non
1929 2698 2106 2752 solum

501 2805 565 2846 ex
593 2789 694 2845 end
721 2804 805 2849 ce.
844 2791 997 2856 urbe,
1026 2800 1079 2844 et
1105 2790 1359 2848 cmnubio
1388 2805 1494 2845 non
1527 2788 1784 2855 ubscuru,
1820 2804 1921 2845 ucc
1952 2789 2105 2863 igno-

500 2883 595 2939 bili
624 2884 957 2955 exseriptum
978 2884 1334 2952 arbitramur,
1356 2885 1451 2940 sed
1476 2885 1545 2940 de
1575 2885 1657 2943 bis
1678 2886 1932 2949 omnibus
1959 2895 2111 2941 certa

502 2977 742 3037 nomina.
776 2984 830 3031 et
875 2976 1131 3046 probatos
1173 2988 1340 3034 testes
1383 2977 1728 3046 praebemus?
1770 2975 1971 3032 Verum
2017 2975 2108 3047 (ad

503 3069 640 3137 rem)
672 3066 814 3138 quod
846 3068 897 3122 in
926 3067 1184 3137 Hispania
1213 3064 1482 3123 Chronica
1527 3068 1629 3122 i~ta
1678 3067 1841 3123 tundo
1874 3083 1981 3123 non
2025 3083 2111 3123 re-

503 3162 808 3231 periantur,
862 3175 1055 3235 parum
1106 3161 1292 3227 rell-rt,
1348 3179 1472 3227 cum
1518 3160 1889 3221 Sarracenicze
1936 3163 2108 3219 cladis

2212 1954 2477 2011 Maximus
2522 1968 2651 2012 vero
2690 1969 2795 2009 nou
2827 1961 2967 2009 erat.
3014 1953 3220 2015 Rursus
3268 1967 3513 2022 tempore
3552 1952 3812 2010 Sarrace-

2208 2045 2343 2099 nica:
2372 2045 2541 2117 cladis
2573 2045 2637 2100 ad
2668 2061 2869 2101 annum
2911 2045 3122 2103 nemini
3156 2045 3262 2105 960
3297 2047 3492 2101 iterum
3527 2045 3817 2101 continua-

2213 2148 2324 2197 tum
2352 2150 2438 2194 est
2464 2141 2532 2197 ali
2564 2137 2881 2195 Eutbraudu
2906 2138 3240 2195 subdiacono
3263 2138 3546 2203 Toletano,
3578 2139 3734 2209 cujus
3762 2149 3817 2194 et

2212 2230 2428 2288 διεικίπηί
2460 2231 2718 2307 opuscula
2751 2230 2915 2287 simul
2944 2245 3069 2289 curn
3105 2230 3307 2287 Dextro
3336 2246 3401 2286 ex
3435 2230 3691 2287 Fuldeusi
3724 2247 3818 2287 cn-

2210 2321 2328 2379 dicc
2356 2322 2627 2392 exscripta
2661 2320 2831 2386 luere,
2863 2330 2916 2377 et
2945 2322 3104 2377 missa
3140 2323 3193 2377 in
3223 2319 3570 2393 Hispaniam:
3602 2321 3817 2379 tametsi

2213 2413 2562 2472 Eutbrandus
2592 2415 2773 2469 adhuc
2817 2429 3054 2470 excusas
3095 2430 3199 2468 non
3232 2415 3324 2480 sit,
3368 2416 3490 2487 quia
3521 2415 3585 2470 ad
3622 2431 3819 2471 manus

2211 2510 2277 2566 Β.
2315 2506 2623 2564 P.1uannis
2653 2506 2920 2562 Caldcrou
2949 2506 3348 2579 promulgantis
3390 2509 3819 2579 Cmsarauguste

2211 2611 2430 2663 rmtera.
2462 2616 2568 2655 non
2607 2610 2951 2673 pervenerat.
2988 2602 3059 2656 At
3099 2599 3169 2655 de
3202 2598 3285 2655 bis
3312 2613 3468 2670 atque
3500 2597 3684 2655 forsan
3714 2599 3814 2655 ali-

2209 2696 2331 2765 quis
2361 2695 2537 2750 adhuc
2569 2694 2812 2749 dubitat?
2845 2692 3022 2748 habeo
3052 2694 3315 2749 viciniora
3360 2693 3670 2748 testimonia
3696 2709 3818 2765 qua:

2211 2787 2352 2843 idem
2404 2787 2751 2842 touvincant.
2802 2784 3167 2840 Cunimbrica:
3214 2786 3267 2839 iu
3315 2783 3642 2841 bibliOtbeea
3684 2783 3817 2855 ri-gii

2211 2892 2515 2941 conventus
2554 2882 2611 2938 S.
2656 2878 2852 2936 Crucis
2898 2879 3107 2935 ordinis
3151 2881 3550 2937 Canonicurntn
3600 2885 3816 2950 regula-

2213 2975 2349 3028 riutn
2379 2974 2439 3029 S.
2472 2973 2778 3043 Augustini,
2813 2974 2864 3026 iu
2906 2972 3108 3027 Codice
3139 2982 3456 3044 pervetusm
3488 2973 3822 3028 characteri-

2211 3066 2310 3122 bus
2340 3066 2589 3121 GOtIiittis
2618 3076 2839 3121 exaran
2864 3065 2915 3118 in
2948 3067 3291 3139 membrana,
3322 3064 3632 3124 Citrnnicon
3657 3067 3814 3123 Satn-

2213 3158 2312 3229 piri
2348 3154 2709 3216 Asturicensis
2752 3157 2991 3227 episcopi
3026 3159 3364 3225 continente,
3397 3160 3551 3213 adest
3592 3160 3820 3230 epis-cla

416 3314 421 3321 ,
502 3262 747 3324 tempore
769 3264 1105 3323 compertum
1130 3254 1223 3322 sit,
1246 3253 1561 3310 Catholieus
1581 3256 1753 3309 libros
1776 3270 1907 3311 suos
1927 3258 1976 3311 in
1999 3255 2102 3310 alia
2132 3237 2180 3302 (ἶ
2213 3252 2451 3323 Hugouis
2486 3253 2722 3323 epismpi
2769 3252 2835 3306 de
2870 3252 3066 3317 Portu,
3110 3251 3269 3308 unius
3297 3270 3362 3309 ex
3393 3253 3708 3310 auctoribus
3739 3255 3822 3307 bi-

503 3346 854 3402 transtulisse
884 3346 1027 3416 loca,
1059 3361 1169 3418 quo
1200 3362 1389 3402 secura
1421 3362 1452 3401 a
1483 3347 1765 3404 barbarica
1794 3348 1941 3403 rabie
1980 3347 2106 3404 red-

502 3437 785 3507 derentur,
827 3454 894 3492 eo
936 3453 1070 3493 sane
1099 3438 1261 3494 modo
1290 3455 1395 3510 quo
1440 3438 1508 3495 de
1542 3439 1599 3495 S.
1634 3438 1849 3495 Donato
1881 3440 2107 3512 legimus

499 3532 640 3601 apud
684 3530 1015 3587 llde'onsum
1058 3532 1150 3587 lib.
1184 3531 1254 3589 de
1296 3534 1665 3605 Scriptoribus
1707 3532 1918 3588 Ecclus.
1974 3545 2106 3589 tem-

502 3642 637 3698 pore
669 3625 1065 3705 persecutionis
1093 3625 1431 3682 Wautlalica:
1460 3629 1514 3681 in
1542 3627 1853 3698 Hispaniam
1884 3631 2104 3683 mu'tam

503 3718 765 3775 librorum
794 3717 1194 3790 supellcctilem
1219 3719 1437 3791 navigio
1465 3719 1767 3790 impnsitam
1791 3718 2105 3774 adduxi~se.

501 3810 596 3868 Sic
624 3822 675 3866 et
708 3811 878 3867 codex
922 3822 1111 3867 nnstcr
1139 3812 1203 3867 ad
1244 3811 1557 3868 Germania:
1597 3821 1777 3882 partes
1816 3826 1938 3866 cum
1987 3809 2107 3866 aliis

503 3907 659 3962 libris
690 3906 982 3963 translatus
1012 3905 1108 3961 luit
1135 3923 1151 3962 :
1178 3905 1404 3977 ejusque
1436 3905 1513 3961 rei
1544 3905 1707 3964 simul
1737 3921 1858 3959 cum
1886 3904 2005 3976 ipso
2027 3904 2107 3959 in-

502 4006 724 4054 ventum
752 4008 835 4054 cst
863 3998 1208 4069 per-picutnn
1241 3996 1636 4062 testimonium,
1662 3997 1895 4064 episola
1915 3997 2110 4052 videli-

503 4102 587 4147 cet
618 4090 922 4149 Euthraudi
946 4092 1013 4147 ad
1042 4090 1438 4162 Regimnndum
1464 4092 1862 4147 lliberritannm
1895 4090 2110 4161 episco.

506 4199 655 4254 pum,
688 4183 755 4240 ad
796 4184 954 4251 cujus
984 4184 1186 4240 calcem
1224 4183 1340 4239 haec
1382 4185 1567 4241 scribit
1616 4204 1627 4239 :
1660 4184 1912 4241 Gratulor
1958 4187 2106 4252 mihi,

503 4275 642 4347 quod
675 4292 793 4332 cum
830 4275 1037 4340 Toleto,
1088 4277 1173 4331 ubi
1204 4278 1297 4332 sub
1331 4279 1662 4333 sanctissimo
1705 4279 1927 4349 prtesule
1962 4278 2111 4334 Tole-

505 4378 626 4423 lano
674 4367 865 4424 Bonito
893 4369 1238 4424 subdiaconus
1270 4371 1368 4442 fui,
1416 4373 1472 4425 in
1504 4369 1718 4424 Italiam
1757 4371 2113 4443 proﬁciscerer

506 4462 586 4529 (id
624 4461 824 4518 accidit
870 4462 1012 4519 circa
1046 4478 1248 4517 annum
1297 4463 1508 4519 Domini
1541 4463 1669 4530 940,
1720 4481 1827 4533 quo
1866 4474 2111 4537 tempore

507 4555 682 4627 major
697 4555 967 4627 HiSpanite
990 4572 1118 4628 pars
1146 4557 1247 4612 sub
1272 4559 1645 4630 Agarcnorum
1671 4558 1794 4630 iugo
1816 4558 2107 4629 sentiebat),

2209 3348 2391 3403 storias
2434 3345 2911 3420 Cumpnsmllanze,
2968 3348 3169 3419 scripta
3217 3346 3282 3401 ad
3324 3347 3637 3403 Mauriciqu
3691 3348 3821 3403 Bra-

2210 3455 2497 3497 carensem
2552 3440 2892 3510 episcopum,
2944 3440 2995 3492 in
3044 3455 3148 3508 qua
3200 3439 3457 3506 allirtnat,
3512 3439 3821 3497 Chronicon

2214 3533 2398 3590 Dextri
2426 3535 2492 3588 ad
2523 3534 2775 3591 Ormium
2817 3537 3106 3607 scriptum,
3137 3551 3257 3590 eum
3292 3536 3508 3591 Maximi
3539 3536 3823 3591 Continua-

2211 3628 2377 3694 timie,
2403 3642 2525 3682 esse
2552 3628 2691 3697 apud
2720 3643 2801 3693 se,
2836 3628 2888 3682 in
2917 3626 3109 3684 codice
3137 3644 3237 3681 tns.
3269 3630 3322 3682 in
3353 3629 3665 3683 membrana
3696 3644 3821 3695 prr-

2210 3729 2421 3775 vetusto
2444 3737 2456 3777 ;
2482 3729 2529 3774 ut
2561 3737 2594 3791 q
2616 3720 2808 3775 ltl‘dttm
2831 3720 2994 3776 verba
3021 3720 3091 3775 de
3120 3720 3305 3777 Dextri
3339 3720 3613 3777 Chronico
3643 3721 3821 3774 addu-

2211 3813 2281 3867 cit
2314 3830 2327 3865 :
2358 3813 2431 3867 ait
2462 3813 2725 3885 siquidem
2766 3814 2908 3868 inter
2938 3824 3053 3869 emt:
3081 3829 3136 3868 ra
3170 3832 3182 3867 :
3215 3812 3289 3868 De
3328 3814 3494 3887 prima
3525 3813 3717 3882 legatio
3748 3814 3819 3867 ad

2212 3904 2497 3983 Hispanias
2527 3924 2557 3959 a
2598 3905 2653 3959 Β.
2681 3905 2939 3961 Clemente
2964 3909 3136 3965 missa.
3167 3907 3240 3961 sic
3274 3903 3484 3972 Dexter,
3516 3904 3732 3960 Paciani
3751 3905 3822 3975 [i-

2210 4002 2331 4067 lius,
2356 4002 2411 4055 in
2432 4000 2653 4054 historia
2674 4000 2743 4054 ad
2767 3999 3032 4066 Orosium,
3053 4001 3105 4053 in
3133 3999 3309 4053 eodem
3330 3999 3521 4054 Codice
3541 3999 3655 4069 (qui
3675 3998 3820 4065 apud

2213 4111 2292 4150 me
2342 4095 2440 4162 est)
2486 4095 2799 4161 descriptum
2852 4094 3077 4149 inmitia.
3142 4091 3419 4169 Philippus
3482 4104 3821 4165 cognomento

2217 4184 2543 4253 Philotheus,
2575 4186 2666 4258 qui
2687 4187 2826 4256 prius
2851 4202 3066 4257 corpora
3091 4204 3159 4240 ss.
3187 4198 3469 4256 martyrum
3504 4183 3738 4241 Geruas'i
3771 4195 3821 4239 ct

2214 4278 2478 4334 Prothasii
2496 4280 2678 4333 civium
2700 4295 2913 4333 suorum
2932 4276 2985 4332 Μ
2990 4279 3414 4344 «uiolanensium,
3441 4276 3728 4333 Mediolani
3746 4294 3825 4333 τε·

2213 4371 2474 4445 pelierat;
2524 4386 2896 4442 conrersusqne
2938 4371 2991 4424 in
3034 4386 3217 4438 campo
3275 4366 3630 4424 Lamiuimueo
3671 4386 3702 4422 a
3753 4366 3820 4424 Β.

2216 4460 2388 4518 Paulo
2408 4462 2662 4535 apostolo,
2696 4459 2847 4516 illum
2872 4471 3073 4516 secutus
3102 4460 3320 4515 adhtzsit
3344 4460 3595 4517 Clrmenti
3618 4478 3637 4515 :
3665 4478 3696 4515 a
3720 4477 3822 4530 quo

2219 4553 2441 4627 Legatus
2472 4558 2658 4611 missus
2695 4555 2749 4607 in
2789 4552 3095 4624 Hispanias,
3141 4552 3515 4619 Barchinonar,
3552 4553 3826 4610 Casasau-

506 4647 711 4720 aliquos
737 4648 967 4702 historice
992 4648 1152 4702 libros
1176 4665 1373 4704 mecum
1401 4652 1690 4713 asportari,
1716 4668 1847 4723 quos
1867 4661 1913 4705 et
1936 4651 1989 4705 in
2015 4650 2114 4706 hac
2140 4632 2191 4695 Ῑ)
2218 4658 2401 4720 gnstte,
2438 4645 2709 4712 Valentitt’,
2739 4644 2930 4711 Toleti,
2971 4645 3200 4717 Hispali,
3228 4654 3277 4701 et
3305 4647 3360 4701 in
3389 4646 3567 4701 ntultis
3592 4647 3712 4700 aliis
3735 4662 3828 4699 ur-

510 4737 818 4795 bibliotheca
862 4742 1028 4813 reperi
1072 4741 1339 4814 (loquitur
1391 4743 1457 4798 de
1508 4741 1789 4812 Ful.len~i)
1825 4746 2003 4817 jussu,
2054 4755 2111 4801 ut

510 4834 686 4902 credo,
730 4833 792 4888 S.
822 4831 999 4889 Caroli
1037 4832 1220 4909 Magni
1248 4851 1312 4890 ex
1341 4834 1602 4910 Hispania
1632 4835 1840 4902 allatas,
1876 4854 2006 4910 quos
2033 4837 2116 4893 illi

511 4926 764 4979 obtulerat
794 4926 1158 4983 sanctissimus
1187 4925 1480 4995 Elipantlus
1511 4928 1933 5001 archiepiscopus
1964 4928 2115 4984 Tale.

510 5025 685 5072 tonus.
713 5015 861 5073 Idem
894 5018 1081 5074 scribit
1108 5017 1355 5075 Julianus
1385 5019 1529 5075 Petri
1563 5021 1616 5075 in
1655 5020 1882 5088 cpistola
1913 5021 1978 5076 ad
2018 5020 2115 5079 ab-

507 5106 690 5164 batem
721 5106 1057 5165 Fuldeusem
1104 5128 1116 5165 :
1147 5113 1311 5167 Allati
1337 5112 1464 5184 (ait)
1494 5121 1615 5167 sunt
1642 5112 1793 5167 multi
1829 5114 1950 5168 hinc
1975 5113 2111 5182 (Τυ-

504 5198 645 5270 leto)
676 5200 745 5254 ad
785 5217 871 5255 vos
903 5202 1022 5257 libri
1036 5245 1051 5265 ,
1098 5218 1190 5272 per
1231 5202 1607 5260 Gnmesindum
1660 5204 2110 5274 archidiaconum,

506 5300 556 5346 et
601 5282 804 5361 Lupum
839 5292 1121 5366 Figueratn
1163 5294 1526 5364 Mazarabum,
1567 5298 1730 5352 virum
1776 5299 2108 5368 primarium,

502 5393 733 5442 oratores
771 5384 1022 5459 Elipandi
1066 5389 1442 5463 archiepiscopi
1477 5389 1739 5445 Toletani.
1784 5389 1956 5446 Porro
1994 5391 2110 5447 btcc

504 5479 735 5551 epistola
764 5494 886 5536 cum
935 5481 1205 5539 Clll‘OlllCtl
1245 5486 1415 5554 ipsius
1443 5484 1642 5540 Juliani
1693 5494 1811 5540 erat
1851 5486 1993 5555 apud
2040 5485 2104 5540 D.

511 5574 807 5629 Antonium
837 5573 1195 5637 Augustinum
1227 5577 1701 5648 art-hirpiscOpum
1733 5578 2111 5633 Tarraconen-

506 5678 663 5731 sem;
696 5681 809 5736 Ipse
840 5683 967 5720 vero
995 5668 1169 5723 Ticini
1201 5686 1319 5722 eam
1352 5681 1658 5739 aeieperat,
1694 5682 1745 5720 ut
1779 5670 1877 5722 viri
1903 5686 2112 5741 magna:

505 5759 844 5812 auctoritatis
868 5769 1159 5827 testantur,
1190 5762 1414 5832 ejusque
1442 5770 1497 5817 et
1518 5762 1771 5819 tlhrnnici
1796 5765 2110 5835 exemplum

530 5852 615 5924 egi
663 5866 768 5923 ego
811 5851 987 5910 Toleti
1041 5855 1092 5911 in
1143 5854 1470 5923 bibliotheca
1519 5856 1725 5919 domini
1779 5856 1996 5913 comitis
2045 5860 2114 5917 de

2220 4740 2368 4795 bibus
2411 4740 2682 4813 prccdicat.
2733 4739 2866 4805 Qua:
2909 4752 3040 4794 sane
3070 4740 3230 4794 verba
3275 4747 3495 4795 exstant
3538 4739 3591 4795 in
3633 4739 3828 4796 θωῦμα

2224 4833 2409 4891 Dextri
2437 4832 2505 4888 ad
2530 4835 2749 4888 verbum
2776 4848 2920 4887 anno
2953 4832 3164 4887 Domini
3198 4835 3292 4889 9|.
3331 4833 3458 4903 Ejus
3490 4834 3565 4888 rei
3593 4833 3827 4889 authen-

2222 4926 2386 4981 ticum
2431 4925 2631 4996 prmbet
2676 4926 3044 4980 testimoniqu
3091 4925 3144 4979 iu
3188 4926 3551 4981 instrumento
3593 4926 3830 4993 publica}

2219 5016 2340 5073 ﬁdei
2362 5014 2573 5086 Gaspar
2602 5016 2830 5071 Albarez
2860 5015 2929 5071 de
2953 5016 3161 5071 Lvsada
3193 5016 3440 5071 notarius
3465 5016 3825 5085 apostolicus,

2219 5118 2271 5165 ct
2301 5108 2509 5164 archivi
2542 5110 2739 5179 regalis
2776 5107 3139 5178 Portugalliaa,
3175 5106 3340 5162 Torre
3362 5108 3426 5162 de
3457 5107 3653 5163 Tombo
3682 5125 3827 5164 nun-

2217 5202 2420 5272 cupati,
2451 5203 2803 5266 secretarius,
2835 5211 2997 5271 atque
3025 5199 3298 5271 regiorum
3345 5208 3729 5272 patronatuum
3775 5203 3832 5258 in

2215 5293 2406 5349 eodem
2437 5306 2604 5364 regno
2627 5291 2970 5357 reformator,
2996 5294 3099 5348 sub
3118 5292 3266 5350 Datis
3287 5303 3483 5364 quarto
3501 5292 3592 5349 die
3621 5293 3833 5361 Martii,

2215 5387 2342 5440 anni
2374 5384 2535 5451 {622,
2572 5385 2715 5463 quod
2742 5384 3115 5439 testimonium
3147 5387 3346 5456 saepius
3369 5383 3476 5439 vidi
3504 5392 3561 5440 ct
3584 5386 3836 5458 aliquau-

2216 5478 2306 5534 ditt
2326 5477 2466 5547 apud
2496 5495 2580 5531 me
2604 5477 2789 5545 habui,
2812 5475 3043 5533 Romam
3066 5479 3289 5534 missum
3313 5479 3366 5534 in
3390 5478 3629 5536 favorem
3651 5478 3832 5536 Ofﬁcii

2220 5570 2423 5642 proprii
2459 5569 2516 5627 S.
2549 5570 2840 5634 Liberam,
2878 5572 3024 5644 quod
3064 5587 3093 5627 a
3125 5587 3405 5628 sacrorum
3454 5576 3835 5630 rituum-con-

2218 5665 2529 5735 gregatione
2580 5666 2850 5719 instanter
2905 5663 3160 5736 exigitis.
3204 5662 3503 5735 Seguutiua
3549 5665 3831 5732 Izcclesia;

2222 5758 2558 5811 necdii'ln-ile
2592 5776 2637 5809 et
2659 5760 2693 5808 lt
2726 5756 3011 5828 cpismlutn
3044 5756 3215 5825 ipsam
3247 5756 3610 5813 Cenimbricm
3650 5757 3830 5825 adire,

2221 5862 2270 5908 et
2312 5850 2492 5922 legere
2518 5852 2569 5907 iu
2600 5850 2869 5931 originali,
2900 5865 3055 5921 unus
3083 5863 3182 5907 nos
3214 5850 3357 5907 inter
3385 5848 3625 5906 auctoris
3655 5848 3831 5922 elogia
