4032 6340
237 249 305 308 33
1383 234 1703 302 CllRONlCl
1743 237 2003 300 DEXTRI
2045 235 2413 305 APOLOGIA.
3473 244 3546 312 34

235 362 605 422 claudendum
649 370 760 431 est;
790 368 848 420 et
887 363 968 419 sic
994 359 1197 418 Helena
1228 373 1350 418 cum
1381 359 1627 418 Cenlolla
1655 361 1832 433 jungi-
1860 363 2277 424 Adicatttrum?
2316 368 2479 436 unde,
2521 382 2732 441 quteso,
2777 377 2870 428 aut
2913 384 3082 443 quare
3125 371 3351 431 Orosius
3397 374 3447 432 ei
3489 377 3543 432 iu

237 468 346 524 tur,
378 467 437 513 et
465 465 697 529 utraque
723 455 989 529 martyrio
1012 465 1268 512 coronata
1294 454 1562 510 asseritur
1588 453 1690 510 sub
1711 452 1842 509 Dio-

235 553 506 624 cletiano,
539 570 646 610 non
678 567 815 610 vero
840 562 1028 608 sancta
1061 551 1292 624 Agatha,
1326 552 1378 606 in
1404 551 1546 607 hunc
1576 549 1794 607 modum
1822 568 1836 605 :

233 646 388 703 Scori
415 649 472 701 in
497 645 784 702 Cantabria
807 645 869 702 S.
887 643 1144 714 Centolla,
1170 645 1295 699 civis
1316 643 1593 712 Toletana,
1609 643 1840 698 consulis

231 741 296 797 ι.
350 740 598 812 Ragonis
640 739 917 807 Quintiani
955 737 1068 810 [ilia
1115 737 1387 811 (Cataniae
1429 754 1582 810 passa
1627 745 1702 792 est
1746 736 1837 791 sub

229 832 392 904 hujus
421 845 576 906 patre
603 831 668 888 L.
715 833 1004 898 Quintiano
1048 832 1338 904 fortissima
1366 831 1509 904 uirgo
1548 840 1730 886 sancta
1771 831 1839 885 A-

229 928 389 1002 gatho
413 929 456 992 l,
486 945 648 1000 passa
675 944 793 982 cum
810 926 1017 982 Helena
1046 927 1224 993 vidua,
1244 927 1295 980 in
1322 926 1679 998 persecutione
1709 922 1838 979 Dio-

230 1022 470 1076 clctiani.
503 1020 677 1092 Cujus
697 1036 893 1078 sensus
925 1019 1101 1075 facilis
1123 1031 1204 1076 est
1228 1032 1281 1076 et
1306 1020 1644 1090 perspicuus.
1668 1015 1835 1074 Certe

234 1125 418 1170 tantus
448 1130 616 1172 error
641 1115 907 1171 committi
932 1131 1036 1170 non
1068 1115 1244 1185 potuit
1270 1113 1372 1170 nisi
1401 1113 1470 1168 ab
1491 1112 1838 1180 ignarissimo

227 1210 574 1277 amanuensi,
628 1209 715 1266 vel
762 1209 1172 1265 immoderatius
1213 1207 1282 1263 de
1333 1223 1392 1262 se
1440 1199 1832 1277 prmsumente;

229 1305 316 1376 qui
338 1304 473 1361 dum
497 1305 708 1360 vicinas
758 1304 1056 1361 sententias
1081 1303 1149 1359 ah
1171 1302 1398 1374 alicujus
1426 1300 1579 1357 urbis
1619 1297 1838 1355 nomine

228 1397 473 1464 incipere
504 1396 843 1465 observavit,
891 1395 1122 1452 credidit
1151 1395 1316 1451 etiam
1359 1409 1388 1446 a
1432 1391 1655 1448 Catania
1707 1404 1843 1445 sen-

231 1489 458 1546 tentiam
491 1489 761 1561 incipere,
791 1499 848 1545 et
877 1489 1018 1545 sicut
1042 1488 1275 1559 legebat,
1308 1485 1604 1541 Tarracone
1633 1500 1836 1540 corona:

230 1593 539 1638 sanctorum
569 1593 881 1654 martyrum.
917 1580 1229 1655 Carthagine
1260 1579 1319 1636 S.
1355 1578 1632 1658 Concessa.
1671 1577 1737 1632 In
1765 1578 1838 1632 ci-

231 1679 385 1732 uitate
411 1677 653 1733 Soliensi
683 1676 744 1733 S.
780 1675 1086 1731 Marcellus.
1120 1675 1272 1732 Scori
1296 1673 1358 1731 S.
1383 1673 1648 1740 Centena;
1672 1681 1726 1728 et
1753 1671 1832 1726 iu-

1946 471 2183 518 mentem
2211 463 2443 528 veniret,
2477 475 2532 522 et
2561 465 2974 540 Hieronymum,
3008 470 3093 525 cui
3126 468 3427 526 Chrenicon
3458 471 3540 526 di-

1942 565 2121 610 catum
2162 554 2375 626 legebat
2414 555 2579 630 (apud
2627 559 2801 629 ipsum
2845 560 2940 618 lib.
2989 560 3058 618 de
3094 562 3268 632 Scrip.
3302 563 3538 636 Eccles.)

1944 646 2233 702 renueret?
2262 657 2318 704 et
2357 663 2591 719 quonam
2624 660 2782 721 pacto
2818 650 3127 709 Chronicon
3156 654 3298 710 ultra
3337 669 3538 710 annum

1943 739 2012 797 14
2057 741 2268 812 imperii
2298 743 2591 801 Theodosii
2620 745 2878 819 principis
2907 748 3256 818 produceret,
3300 766 3423 808 cum
3456 752 3538 809 le-

1945 843 2098 906 geret
2136 837 2276 906 apud
2316 837 2566 895 eumdem
2599 840 2993 915 Hieronymum
3038 844 3232 900 librum
3262 847 3330 902 de
3362 846 3544 918 Scrip-

1947 938 2050 985 tor.
2081 929 2342 1000 seriptum
2387 947 2417 987 a
2462 949 2522 988 se
2571 933 2638 989 M
2673 933 2966 992 Theodosii
3014 939 3196 994 anno?
3230 954 3373 996 nunc
3412 954 3545 997 vero

1945 1021 2129 1078 Dextri
2160 1021 2468 1080 Chronicon
2504 1026 2702 1083 multos
2729 1028 2854 1084 inde
2877 1044 3047 1085 annos
3082 1031 3324 1102 excedit,
3357 1033 3408 1088 id
3439 1040 3544 1100 est,

1945 1115 2014 1171 ab
2053 1131 2198 1172 anno
2222 1116 2421 1173 Christi
2467 1118 2592 1187 595,
2633 1119 2724 1191 qui
2769 1121 2870 1177 fuit
2902 1122 2990 1178 14.
3034 1123 3345 1195 Theodosii,
3375 1140 3546 1196 usque

1943 1208 2010 1263 ad
2040 1209 2106 1264 l5
2134 1209 2422 1266 Theodosii
2456 1209 2694 1267 Junioris
2731 1215 3090 1283 consulatum,
3125 1224 3179 1272 et
3206 1216 3407 1272 Christi
3437 1216 3545 1272 Do-

1943 1303 2071 1358 mini
2115 1303 2244 1359 450.
2291 1303 2463 1360 Nemo
2504 1317 2653 1360 certe
2691 1322 2720 1360 a
2751 1306 3059 1381 Hieronymi
3084 1309 3416 1377 testimonio,
3461 1309 3548 1365 vel

1891 1387 1901 1400 ’
1942 1392 2105 1448 latum
2137 1410 2369 1465 unguem
2394 1395 2722 1465 discederet,
2755 1412 2876 1452 cum
2907 1398 3036 1454 nihil
3072 1399 3183 1456 fere
3221 1400 3372 1456 aliud
3405 1399 3547 1472 apud

1940 1486 2185 1557 vulgatos
2235 1496 2481 1543 auctores
2528 1489 2595 1544 de
2634 1488 2839 1546 Dextro
2877 1493 3133 1563 scriptum
3189 1494 3543 1564 reperiretur,

1941 1578 2083 1649 quod
2116 1579 2269 1650 sequi
2297 1581 2448 1650 quasi
2487 1581 2711 1638 caeleste
2751 1583 2898 1638 sidus
2928 1595 3224 1655 oporteret.
3253 1585 3386 1642 Cum
3416 1601 3546 1658 ergo

1943 1671 2099 1727 valde
2136 1673 2206 1729 ab
2250 1688 2416 1744 scopo
2456 1677 2755 1746 proposito,
2785 1694 2943 1750 quem
2989 1679 3190 1751 absque
3219 1680 3382 1736 dubio
3403 1683 3548 1750 quis-

233 1785 456 1826 numera
493 1769 846 1840 hujusmodi;
893 1771 966 1824 ita
1013 1785 1230 1840 quoque
1279 1767 1510 1824 credidit
1542 1765 1829 1822 dicendum
1867 1773 2044 1836 Bque
2090 1767 2362 1822 recentior
2399 1781 2756 1838 sequeretur,
2812 1771 2968 1842 longe
3021 1784 3210 1828 auctor
3263 1773 3546 1844 discedat,

232 1860 419 1926 fuisse,
450 1861 694 1917 Catania:
719 1879 872 1932 passa
909 1870 982 1917 est
1030 1862 1093 1918 S.
1127 1861 1371 1934 Agatho:
1405 1876 1511 1916 non
1542 1861 1832 1917 advertens

235 1957 644 2027 praecedentem
669 1957 995 2012 sententiam
1028 1955 1362 2011 dimidiatam
1395 1954 1646 2023 relinqui.

302 2047 539 2120 Insuper
583 2050 652 2104 ad
698 2064 900 2105 annum
941 2047 1048 2104 429
1071 2048 1367 2104 Toletanus
1396 2049 1627 2103 antistes
1652 2046 1835 2103 vocari

231 2140 426 2198 dicitur
460 2141 756 2210 Martinus,
788 2143 870 2200 vel
901 2141 1261 2215 Hajorianus,‘
1316 2152 1367 2198 et
1397 2156 1539 2197 anno
1561 2140 1668 2197 450
1702 2157 1838 2211 pon-

234 2235 365 2292 tifex
410 2239 937 2309 Cmsaraugustanns
976 2247 1202 2293 vocatur
1255 2234 1488 2291 Valerius
1514 2275 1528 2302 ,
1560 2235 1648 2291 vel
1686 2235 1840 2290 Vale-

231 2333 450 2396 rianus;
483 2332 538 2387 in
584 2349 693 2403 quo
752 2346 885 2387 sane
916 2330 1085 2402 (quod
1116 2329 1181 2386 ad
1215 2330 1314 2386 alia
1347 2345 1560 2401 quoque
1603 2329 1718 2385 loca
1750 2344 1842 2384 os-

235 2426 510 2480 tendimus
549 2425 605 2479 in
648 2424 1092 2496 Commentariis)
1117 2425 1350 2479 varietas
1379 2423 1628 2478 lectionis
1657 2439 1722 2477 ex
1749 2423 1842 2479 de-

239 2520 552 2590 pravatione
581 2520 996 2576 amanuensium
1027 2527 1147 2574 orta
1174 2559 1188 2587 ,
1249 2521 1302 2574 in
1335 2528 1541 2574 textum
1595 2519 1834 2574 immissa

237 2624 356 2679 est;
389 2613 651 2684 quosdam
684 2613 827 2670 enim
877 2613 1166 2669 lectionem
1211 2628 1393 2669 veram
1431 2613 1743 2683 ignorantes
1768 2611 1835 2667 ad

233 2707 532 2778 marginem
556 2723 744 2772 unam,
778 2716 835 2762 et
874 2707 926 2761 itt
955 2716 1104 2762 textu
1133 2706 1358 2762 alteram
1402 2717 1715 2770 annotasse,
1749 2719 1835 2760 res

235 2797 346 2868 ipsa
378 2801 688 2866 convincit,
717 2800 794 2854 uti
840 2800 892 2855 in
923 2799 1175 2855 omnibus
1208 2798 1446 2866 antiquis
1481 2797 1836 2868 scriptoribus

234 2889 345 2946 fieri
387 2892 800 2962 conspicimus:
833 2892 967 2947 alias
1008 2893 1150 2946 enim
1183 2905 1416 2962 quonam
1461 2900 1615 2960 pacto
1643 2899 1832 2946 auctor

236 2987 316 3041 sui
348 2985 579 3052 surculi,
613 2996 670 3041 et
713 2987 900 3056 patrita
952 2970 1396 3062 praeclarissimos
1449 2985 1718 3040 antistites
1768 2999 1834 3040 ex

238 3079 458 3134 nomine
506 3079 701 3134 saltem
734 3095 839 3135 non
870 3079 1258 3150 cognosceret?
1287 3089 1379 3134 aut
1410 3079 1530 3149 quis
1564 3082 1836 3134 recentior

1939 1873 2278 1930 consequens
2311 1868 2416 1929 est,
2450 1873 2507 1916 ut
2539 1862 2856 1919 recentioris
2880 1881 3002 1921 esse
3030 1866 3343 1937 figmentum
3372 1868 3547 1923 omni-

1942 1950 2118 2006 modis
2164 1950 2500 2021 inftclemur,
2543 1962 2599 2010 et
2641 1970 2740 2012 suo
2768 1957 2971 2013 auctori
3001 1973 3259 2029 germano
3293 1961 3519 2016 restitue

1942 2058 2062 2098 mus
2083 2059 2240 2115 opus.

2021 2137 2213 2193 Mirum
2240 2147 2325 2194 est
2350 2149 2610 2211 quantum
2638 2140 2918 2198 hominum
2949 2145 3160 2214 ingenia
3189 2146 3330 2202 inter
3357 2161 3414 2202 se
3437 2146 3551 2204 dis-

1941 2229 2181 2296 sideant;
2225 2247 2348 2287 nam
2386 2249 2454 2290 ex
2498 2235 2688 2290 iisdem
2731 2235 2964 2291 floribus
2993 2237 3213 2308 quidam
3247 2239 3378 2307 mel,
3429 2239 3549 2310 qui-

1942 2323 2064 2391 dam
2105 2341 2237 2383 vero
2268 2327 2336 2382 fel
2375 2339 2428 2384 et
2474 2345 2748 2386 venenum
2785 2332 3045 2402 eliciunt,
3082 2333 3541 2404 quemadmodum

1941 2420 2134 2490 apibus
2163 2432 2214 2476 et
2247 2423 2426 2492 vespis
2455 2424 2652 2480 accidit
2679 2443 2690 2480 :
2723 2435 2778 2480 et
2805 2425 3037 2496 idipsunt
3069 2427 3230 2482 nobis
3259 2426 3544 2498 objiciunt,

1939 2528 2048 2585 quo
2071 2529 2166 2570 eos
2189 2515 2533 2572 infestamus.
2565 2517 2692 2573 lnde
2716 2519 2877 2589 igitur
2905 2519 3201 2590 improbari
3227 2521 3546 2575 existimant

1939 2605 2196 2663 Chronici
2229 2609 2390 2680 hujus
2419 2610 2824 2674 auctoritatem.
2853 2613 2997 2684 quod
3043 2613 3110 2668 ad
3146 2613 3535 2686 Hieronymum

1939 2701 2201 2770 scriptum
2236 2715 2338 2755 nun
2371 2702 2458 2770 sit,
2494 2704 2635 2772 quod
2673 2705 2856 2767 multis
2883 2713 3090 2760 scatent
3127 2704 3362 2772 utendis,
3395 2706 3537 2776 quod

1939 2795 2188 2866 quaedam
2213 2808 2410 2866 prseter
2431 2800 2671 2852 muniunt
2703 2799 2950 2853 notitiam
2991 2810 3042 2854 et
3075 2801 3536 2870 exspectationem

1940 2887 2218 2943 contineat
2258 2906 2270 2941 :
2316 2891 2467 2960 quasi
2509 2906 2637 2944 vero
2678 2905 2783 2945 non
2829 2891 3001 2946 multo
3046 2892 3217 2963 magis
3266 2895 3381 2948 Ittrc
3424 2893 3539 2964 ipszt

1939 2980 2315 3050 antiquitatem
2349 2991 2401 3036 et
2429 2986 2844 3053 gcrtnanitatem
2877 2985 3118 3039 auctoris
3163 2987 3488 3040 convincunt
3522 3005 3535 3040 :

1944 3081 1999 3128 ut
2018 3073 2179 3128 modo
2199 3073 2634 3144 cxpclthbntnllS
2655 3091 2675 3140 ,°
2697 3092 2818 3130 nam
2841 3079 2886 3132 si
2909 3077 2965 3134 in
2979 3087 3198 3134 auctore
3213 3079 3363 3136 mille
3377 3091 3431 3135 et
3448 3079 3546 3136 du-

231 3173 314 3229 cni
344 3173 473 3228 data
499 3183 643 3228 esset
672 3172 906 3242 fingendi
934 3182 1198 3244 potestas,
1222 3172 1275 3227 id
1307 3171 1829 3227 Dextrotribueret?
1858 3163 1903 3226 C
1936 3175 2127 3222 centos
2156 3182 2330 3221 annos
2355 3169 2686 3236 excedente,
2725 3169 2878 3240 cujus
2915 3186 3054 3240 opus
3087 3179 3165 3226 tot
3201 3174 3414 3229 saeculis
3449 3173 3548 3230 de-

234 3267 333 3323 nisi
358 3267 548 3323 forsan
582 3268 865 3336 insaniret,
890 3275 946 3324 et
972 3267 1131 3324 vellet
1157 3266 1396 3323 omnium
1417 3265 1620 3338 judicia
1640 3275 1829 3323 contra

234 3373 292 3416 se
320 3361 628 3416 concitare.

303 3454 514 3510 Adhaec
544 3454 860 3512 incredibile
886 3462 991 3523 est,
1024 3453 1082 3512 S.
1109 3454 1452 3511 Vincentium
1498 3462 1790 3527 martyrem
1815 3494 1831 3520 ,

237 3563 291 3612 ct
317 3555 375 3610 S.
411 3553 680 3608 Eulaliatn
713 3553 1170 3610 Barcinonensem
1211 3552 1384 3608 omitti
1415 3552 1654 3622 potuisse
1688 3565 1717 3604 τι
1739 3565 1829 3606 re-

237 3650 502 3714 centiore,
535 3648 628 3718 qni
659 3647 821 3703 vellet
861 3648 1060 3704 Dextro
1089 3661 1224 3719 opus
1266 3660 1457 3703 recens
1503 3646 1784 3717 imponere
1814 3659 1829 3711 ;

240 3757 363 3797 nam
386 3740 681 3798 Vincentio
711 3741 995 3810 illustrior,
1041 3750 1096 3797 et
1143 3740 1325 3796 notior
1380 3755 1446 3794 ex
1504 3737 1834 3809 martyribus

243 3833 421 3888 nullus
449 3846 591 3902 erat,
617 3843 672 3888 et
699 3834 901 3889 Eulalia
931 3849 997 3890 ex
1027 3834 1161 3889 urbe
1188 3832 1360 3902 ipsius
1385 3831 1572 3888 Dextri
1602 3828 1699 3885 fuit
1732 3847 1746 3884 :
1776 3836 1835 3884 ut

241 3925 373 3982 alios
412 3942 484 3982 ex
527 3925 831 3983 notioribus
864 3926 1112 3997 Ilispanis
1141 3926 1422 4009 omittam,
1456 3925 1548 3996 qui
1578 3939 1608 3979 a
1647 3921 1835 3978 codice

241 4019 455 4075 absunt.
512 4018 686 4076 Nemo
725 4028 875 4077 certe
917 4034 1064 4076 sana:
1093 4019 1310 4088 mentis,
1332 4017 1424 4089 qui
1450 4017 1835 4090 exquisitiores

245 4122 514 4184 martyres
544 4113 782 4168 intexuit
806 4111 1143 4184 vulgatiores
1167 4112 1453 4169 abnueret.
1490 4111 1565 4166 Ex
1585 4126 1692 4183 quo
1722 4125 1831 4164 ma-

243 4204 500 4259 nifestum
529 4204 593 4259 fit
638 4204 740 4261 hos
781 4221 888 4262 non
925 4221 1050 4263 esse
1105 4206 1392 4275 scriptoris
1433 4203 1701 4270 defectus,
1737 4201 1833 4259 sed

243 4298 646 4370 cxscriptorum
676 4316 690 4352 :
721 4299 810 4370 qui
844 4300 896 4355 in
919 4315 1085 4372 opere
1116 4299 1384 4355 moderno
1407 4298 1586 4354 locum
1633 4297 1835 4353 habere

245 4407 349 4446 non
393 4401 657 4464 posSunt,
685 4394 780 4449 sed
810 4392 865 4448 in
889 4392 1296 4460 antiquissimo;
1342 4393 1396 4447 in
1442 4408 1550 4464 quo
1580 4393 1832 4447 nimirum

242 4485 870 4556 dumlongotemporum
893 4485 1127 4542 decursu
1159 4503 1188 4542 a
1217 4486 1384 4541 variis
1408 4495 1832 4557 transsumptum

1940 3259 2181 3330 lituerat,
2212 3263 2344 3316 nihil
2375 3279 2481 3317 non
2515 3265 2736 3335 vulgare
2767 3266 3128 3336 reperiretur:
3154 3268 3200 3323 si
3223 3269 3396 3324 codex
3429 3271 3546 3339 ejus

1940 3354 2130 3409 nttllibi
2179 3357 2474 3412 mendosus
2529 3369 2697 3429 esset,
2750 3375 3084 3431 nusquamve
3133 3363 3546 3420 difficultatibus

1937 3447 2231 3519 implicitus
2260 3492 2274 3518 ,
2323 3453 2444 3520 quis
2482 3467 2588 3506 non
2632 3451 2701 3508 de
2757 3453 2876 3523 ejus
2923 3464 3191 3513 vetustate
3246 3456 3550 3513 difﬁderet?

1942 3561 2146 3616 ergone
2172 3555 2281 3601 tam
2310 3546 2482 3617 iners,
2525 3555 2582 3603 et
2615 3548 2846 3618 ignavus
2873 3549 3084 3616 fuisset,
3121 3561 3178 3605 ut
3205 3552 3338 3605 nihil
3379 3567 3547 3621 pecu-

1941 3639 2072 3697 liare
2101 3649 2405 3708 assereret;
2439 3651 2544 3696 tam
2576 3657 2764 3713 purus,
2793 3652 2851 3698 ut
2884 3643 2952 3699 ab
2979 3644 3409 3715 exscriptorihus
3431 3660 3545 3700 ma-

1941 3735 2112 3790 culari
2141 3749 2249 3790 non
2285 3743 2500 3804 posset;
2533 3735 2677 3805 quod
2707 3750 2808 3791 nec
2835 3736 2966 3806 ipsis
3015 3737 3184 3791 sacris
3224 3736 3376 3791 libris
3416 3751 3549 3792 cono

1939 3843 2150 3884 cessum
2203 3827 2343 3881 fuit?
2389 3826 2493 3882 Alii
2546 3825 2923 3882 verisimiliora
2972 3839 3292 3899 opponunt,
3343 3827 3548 3899 quibus

1940 3937 2084 3977 nunc
2116 3935 2298 3992 operae
2330 3919 2559 3992 pretium
2589 3930 2673 3977 est
2701 3919 3038 3978 satisfacere.

1944 4038 1972 4111 §
2016 4037 2082 4095 ll.
2128 4037 2284 4095 Nihil
2323 4055 2434 4094 esse
2477 4040 2617 4112 quod
2661 4038 2820 4114 hujus
2875 4036 3120 4096 Chronici
3185 4039 3548 4098 auctoritatem

2525 4129 2770 4167 enervare
2799 4122 2973 4184 queat.

2020 4209 2150 4279 Quae
2175 4207 2435 4265 hactenus
2463 4206 2724 4263 adversus
2749 4207 3164 4278 germanitatem
3189 4206 3348 4280 Ιιυίιικ
3372 4208 3544 4266 Chro-

1942 4303 2046 4358 nici
2079 4302 2146 4358 ab
2169 4302 2286 4372 ejus
2311 4299 2704 4358 detractoribus
2731 4301 2951 4357 inventa
2981 4311 3128 4368 sunt,
3156 4305 3368 4358 tametsi
3397 4303 3544 4360 varia

1941 4404 1995 4452 et
2021 4395 2208 4462 multa,
2251 4396 2402 4464 juxta
2441 4395 2776 4466 ingeniorum
2824 4394 3225 4463 diversitatem,
3260 4409 3547 4465 possumus

1944 4505 2042 4546 nos
2063 4489 2325 4546 claritatis
2346 4489 2537 4558 gratia,
2555 4489 2620 4543 ad
2646 4488 2746 4544 tria
2770 4489 3031 4544 reducere
3053 4487 3254 4560 capita:
3276 4490 3328 4543 -l°
3349 4487 3552 4560 Objici-

243 4583 346 4641 est,
389 4576 551 4632 multi
581 4578 816 4650 novique
861 4577 914 4633 in
959 4578 1081 4635 dies
1105 4579 1372 4650 defectus,
1401 4594 1498 4635 seu
1542 4579 1836 4648 oblivione,
1866 4563 1917 4624 Ῑ)
1945 4593 2028 4638 tur
2052 4583 2191 4654 quod
2211 4600 2315 4637 non
2337 4581 2724 4652 correspondet
2771 4580 3091 4648 conditioni,
3113 4591 3166 4636 et
3194 4581 3546 4653 qualitatibus

245 4688 342 4730 seu
371 4672 664 4730 celeritate
691 4674 1126 4743 amanuensium,
1163 4677 1390 4732 admissi
1427 4677 1593 4733 fuere.
1648 4675 1841 4731 Nullus

247 4766 660 4823 notissimorum
704 4778 1005 4840 martyrum
1029 4768 1228 4840 (utpar
1256 4781 1341 4825 est
1366 4770 1618 4842 credere)
1646 4785 1674 4824 a
1705 4769 1841 4826 Dex-

245 4870 330 4918 tro
343 4863 750 4934 praetermissus
763 4871 864 4929 est,
881 4863 974 4919 sed
992 4863 1276 4919 oscitantia
1295 4865 1639 4920 librariorum
1661 4866 1835 4933 multi,

244 4955 707 5026 quemadmodum
741 4956 1060 5012 eorumdem
1095 4957 1227 5013 vitio
1260 4959 1396 5014 verti
1442 4959 1641 5014 debent
1673 4968 1842 5015 trans-

247 5047 551 5117 positiones
575 5088 591 5115 ,
634 5056 691 5104 et
726 5048 1113 5119 replicationes
1151 5052 1507 5121 quarumdam
1541 5055 1840 5108 sententia-

246 5155 388 5208 rum,
434 5141 506 5197 de
558 5141 756 5212 quibus
801 5143 912 5214 jam
977 5143 1248 5212 diximus;
1315 5147 1400 5202 cui
1459 5147 1604 5202 enim
1664 5149 1838 5204 semel

250 5236 471 5291 omissa}
498 5233 740 5291 fuissent
781 5246 837 5292 et
867 5236 1076 5294 restitui
1120 5238 1406 5307 deberent,
1424 5257 1611 5298 errore
1638 5241 1837 5297 factum

246 5335 350 5392 est,
364 5335 425 5383 ut
444 5343 567 5399 qute
584 5328 732 5399 prius
750 5329 801 5382 in
826 5331 1068 5400 margine
1085 5332 1343 5387 restitutze
1357 5331 1585 5401 fuerant,
1613 5344 1845 5404 postmo-

247 5421 373 5479 dum
400 5423 470 5480 ab
488 5423 594 5480 alio
608 5425 945 5496 exscriptore
965 5425 1085 5482 loco
1109 5426 1347 5484 indebito
1370 5429 1692 5485 intermivtm
1713 5431 1846 5487 sint.

322 5517 510 5575 Redeo
553 5520 618 5575 ad
659 5521 832 5591 ipsam
878 5520 1274 5591 prmfatinnem,
1322 5540 1417 5579 seu
1456 5525 1843 5584 dedicatoriant

250 5611 556 5684 epistolam,
590 5629 715 5686 qute
743 5614 810 5670 ad
841 5613 1064 5670 Paulum
1093 5615 1344 5674 Orosium
1382 5620 1583 5690 scripta
1627 5621 1844 5693 legitur.

250 5704 384 5775 Quis
406 5716 513 5763 tam
539 5709 737 5776 hebes,
763 5716 823 5765 ut
853 5722 960 5764 non
991 5710 1186 5779 videat,
1221 5727 1342 5767 cum
1369 5711 1462 5784 qui
1487 5713 1654 5772 vellet
1680 5715 1849 5771 Chro-

252 5800 411 5860 nicon
440 5803 618 5863 Dextri
654 5804 881 5880 fingere,
911 5797 974 5861 D.
1003 5805 1336 5884 Hieronymo
1357 5822 1494 5882 opus
1525 5809 1850 5868 omnimodis

1943 4675 2202 4731 auctoris.
2249 4675 2307 4730 2°
2339 4673 2492 4744 Quod
2537 4688 2634 4730 nec
2666 4674 2821 4729 titulo
2859 4689 2886 4726 a
2919 4673 3118 4728 Dextro
3139 4673 3240 4742 ipsi
3267 4672 3548 4745 apposito;

1943 4771 2001 4826 5°
2028 4768 2180 4839 Quod
2205 4768 2426 4823 historia
2451 4768 2566 4839 ipsa
2603 4768 2656 4822 in
2687 4783 2745 4824 se
2773 4767 3016 4840 congerit
3042 4767 3207 4823 multa
3239 4775 3391 4822 tanto
3417 4781 3547 4824 auc-

1943 4871 2060 4919 tore
2085 4863 2321 4933 indigna,
2347 4870 2401 4917 et
2423 4861 2679 4916 nonnulla
2702 4875 2888 4918 eorum
2911 4869 3037 4916 sunt
3053 4861 3221 4916 multo
3246 4860 3546 4918 recentiora

1945 4956 2062 5027 ipso
2091 4966 2313 5012 auctore
2339 4973 2352 5009 :
2381 4967 2430 5011 et
2454 4970 2521 5011 ex
2555 4954 2639 5008 his
2665 4955 2912 5009 omnibus
2934 4956 3174 5022 Spurium
3210 4965 3267 5012 et
3295 4955 3548 5026 supposi-

1953 5061 2060 5105 tam
2082 5050 2268 5105 volunt
2290 5049 2556 5105 convinci.
2583 5047 2690 5106 Sed
2711 5059 2962 5116 caveant,
2999 5064 3206 5120 quaeso,
3229 5062 3297 5105 ne
3320 5049 3388 5106 de
3412 5047 3545 5121 ipsis

1954 5143 2081 5198 illud
2105 5142 2257 5199 Judae
2280 5144 2507 5214 apostoli
2539 5143 2642 5197 dici
2677 5153 2834 5213 queat
2861 5158 2875 5199 :
2905 5141 2977 5196 Hi
3007 5152 3180 5197 autem
3212 5159 3545 5214 quwcumque

1952 5234 2153 5306 quidem
2186 5235 2448 5308 ignorant,
2476 5232 2869 5306 blasphentant;
2902 5250 3238 5306 quwcumque
3251 5244 3421 5290 autem
3442 5252 3543 5290 na-

1954 5328 2224 5394 turaliter,
2268 5338 2528 5400 tamquam
2571 5337 2714 5382 muta
2765 5326 3018 5382 animalia
3065 5339 3258 5384 norunt
3291 5371 3306 5398 ,
3358 5331 3409 5383 in
3462 5330 3544 5383 his

1953 5432 2374 5495 corrumpuntur.
2409 5420 2501 5476 Va:
2519 5421 2649 5476 illis.
2683 5420 2792 5477 Nec
2819 5425 3037 5487 mirum,
3072 5437 3194 5478 cum
3225 5425 3333 5478 sint
3360 5420 3543 5478 Nubes

1949 5519 2058 5572 sine
2095 5534 2253 5589 aqua,
2287 5530 2402 5587 qua:
2438 5532 2470 5569 a
2498 5514 2660 5570 ventis
2699 5516 3155 5587 circumferuntur,
3205 5525 3390 5587 utpote
3420 5533 3542 5587 quae

1949 5613 2338 5668 exterminium
2368 5609 2668 5676 minantur,
2701 5620 2754 5664 et
2786 5609 3092 5676 interitum,
3122 5610 3216 5667 sed
3247 5622 3369 5683 post
3398 5612 3544 5668 toni-

1952 5715 2070 5762 trua
2112 5714 2168 5762 et
2211 5704 2454 5776 fulgura,
2508 5705 2560 5759 in
2608 5714 2805 5763 ventos
2830 5706 3198 5772 resolvuntur,
3242 5713 3298 5761 et
3339 5707 3541 5762 flatus:

1953 5799 2176 5866 Arbores
2203 5799 2550 5868 autumnum,
2592 5800 2955 5872 infructuosae,
2988 5799 3062 5855 bis
3096 5810 3331 5876 morture,
3368 5801 3542 5861 eradi-
