4002 6342
428 258 441 274 ’
491 279 561 336 55
1396 271 1695 330 FLAV’IUS
1737 272 1984 330 LUCIUS
2025 271 2308 330 nexren
2348 273 2874 334 cnnonowcus.
3722 284 3791 342 εσ

489 408 640 465 cnttt’,
697 397 950 452 nimirum
995 391 1116 458 quia
1170 389 1379 446 l‘t-tn-tns
1423 404 1679 460 pmnposa
1729 388 2085 443 tratulositate
2115 394 2157 451 Λ
2194 389 2244 444 in
2278 405 2476 444 :llllltlm
2533 389 2745 444 Domini
2779 390 2909 454 415,
2955 406 2984 443 a
3013 406 3122 460 quo
3163 407 3334 463 usque
3375 391 3441 447 ad
3473 391 3791 465 llieronymi

491 493 790 563 promissos
831 506 934 545 non
962 487 1234 544 dederunt
1259 504 1273 541 :
1322 482 1540 539 Flauus
1566 486 1662 554 feri
1693 485 1873 549 maris,
1902 486 2085 550 dispu-

491 593 691 640 manm
729 600 852 638 suas
877 581 1240 652 confusion“;
1269 578 1395 633 dum
1425 576 1680 632 videlicet
1709 584 2084 645 |empestatem

491 694 518 733 a
552 676 1078 749 longetninilanles.
1113 673 1166 730 in
1196 689 1445 744 spumam
1476 671 1640 734 illico,
1675 673 1722 721 in
1756 670 1958 726 littoris
1993 685 2085 724 ac-

491 788 672 839 cessu,
697 771 958 826 deﬁciunt
977 785 1100 824 cum
1128 785 1234 822 non
1261 767 1480 820 minima
1505 763 1586 818 sui
1615 763 1972 818 confthinne:
2001 763 2090 816 Si-

491 867 616 922 dera
640 865 892 929 errantia,
927 863 1111 935 quibus
1142 847 1370 929 procella
1412 858 1742 912 tenebrarum
1769 864 1969 910 servata
2014 864 2088 910 est

491 959 544 1014 in
573 967 850 1022 a’ternunt,
877 956 1002 1026 quia
1032 971 1153 1009 cum
1184 953 1249 1007 ad
1271 951 1538 1022 justitiam
1565 957 1621 1004 et
1647 963 1728 1004 vel
1747 949 1935 1002 itatem
1965 962 2090 1017 pos-

495 1062 617 1107 strnt
649 1053 872 1112 multos,
907 1050 1055 1103 velut
1083 1045 1203 1100 stell
1225 1066 1252 1098 te
1289 1047 1430 1108 lixm,
1474 1044 1524 1096 in
1555 1050 1844 1112 perpetuas
1874 1040 2094 1094 attenti—

499 1153 636 1200 tates
667 1143 903 1208 erudite,
933 1153 984 1196 ct
1011 1142 1123 1195 suis
1143 1139 1382 1195 dominis
1410 1145 1465 1192 et
1485 1136 1801 1191 auctoribus
1831 1136 2091 1203 cpuseula

497 1252 727 1308 qtta'qtte
772 1237 1048 1295 tribuere;
1099 1243 1361 1301 perpetuo
1391 1238 1768 1293 tempestatem
1800 1227 1972 1281 instar
2007 1243 2095 1280 er-

498 1330 730 1386 rantium
763 1328 1002 1384 siderum
1028 1326 1338 1386 concitant;
1371 1333 1418 1378 et
1451 1335 1629 1375 tamen
1657 1321 1787 1388 ipsis
1814 1319 1947 1374 solis
1973 1335 2094 1388 pro-

497 1424 632 1480 cella
657 1421 1005 1477 tenebrarum
1025 1425 1237 1473 servata
1255 1427 1358 1478 est,
1390 1416 1606 1470 Caele-ris
1628 1412 1680 1469 in
1705 1414 1821 1468 luce
1839 1421 1894 1468 et
1913 1411 2095 1481 quiete

500 1515 968 1588 permanantibus.
1020 1515 1092 1567 De
1125 1511 1189 1566 iis
1223 1511 1466 1581 proiccm
1505 1507 1634 1562 illtttl
1669 1506 1983 1578 llieronytni
2028 1505 2093 1559 ad

501 1613 930 1666 ealttmniatores
977 1609 1058 1663 sui
1113 1605 1366 1662 Chronici
1421 1605 1604 1660 dicere
1657 1619 1922 1673 possem:
1974 1600 2096 1656 Non

499 1707 683 1776 ignoro
715 1703 904 1756 multos
936 1706 1048 1770 fore
1067 1699 1180 1771 qui,
1207 1699 1359 1752 solita
1391 1696 1606 1751 libidine
1645 1694 1952 1751 detrahendi
1981 1710 2095 1749 om-

2197 499 2424 539 mortetn
2468 501 2574 539 non
2606 486 2897 541 interfuere
2928 493 3006 540 tot
3033 487 3194 554 anni,
3229 497 3286 541 ιιι
3318 486 3564 541 tnirabile
3596 487 3788 552 fuerit,

2191 578 2386 632 librum
2421 579 2472 632 itt
2504 578 2755 648 Hispania
2790 578 3084 648 scriptum,
3111 580 3175 632 ad
3205 579 3586 651 llicrt‘nymum
3614 581 3666 634 in
3692 579 3793 636 Be-

2192 670 2392 726 thleem
2433 683 2858 726 commorantem
2909 671 3036 725 dum
3081 670 3257 726 :ulhne
3297 673 3532 740 viveret,
3586 669 3792 727 remitti

2199 781 2304 820 non
2351 767 2624 836 potnis~e;
2674 763 2972 833 prtusertim
3019 765 3125 820 illis
3169 764 3501 821 calatttitosis
3533 765 3792 833 tempori-

2194 857 2347 922 bus,.
2375 856 2570 923 quibus
2608 867 2746 911 lnttls
2791 855 2908 912 fere
2946 853 3116 916 OlDiS.
3169 857 3366 911 nedum
3415 857 3789 926 Hispaniarum

2195 967 2381 1021 regni,
2401 951 2712 1006 incursione
2726 949 3465 1018 Alanorum,Wandalornm,
3488 953 3788 1006 Sncvorum

2195 1056 2248 1100 et
2267 1045 2565 1101 Gothorum
2590 1045 2641 1098 in
2665 1047 2896 1100 maxima
2919 1055 3072 1100 etant
3102 1044 3438 1102 contu-iane.
3467 1045 3572 1100 Sed
3600 1045 3790 1102 demus

2195 1140 2263 1196 de
2291 1139 2596 1195 Theodosio
2633 1138 2823 1208 Magno
2854 1150 2904 1194 et
2935 1139 3162 1196 Seniore
3190 1140 3332 1210 loqui
3362 1139 3748 1210 Hieronymum
3771 1178 3788 1203 ,

2197 1242 2253 1289 et
2295 1248 2420 1287 vere
2471 1232 2664 1287 librum
2705 1249 2862 1286 suum
2909 1234 2977 1289 de
3005 1234 3206 1302 Seript.
3246 1250 3389 1287 anno
3421 1232 3630 1287 Domini
3660 1232 3789 1300 595,

2197 1323 2522 1395 pet-feciSse;
2573 1323 2695 1392 quis
2725 1333 2901 1380 tamen
2935 1341 3040 1380 non
3073 1325 3281 1389 videat,
3338 1333 3458 1394 post
3483 1324 3788 1379 absolutum

2197 1420 2367 1472 semel
2393 1419 2696 1487 catalogum
2728 1421 3061 1488 Scriptorum
3099 1419 3622 1484 Ecclt'siaSlicorum,
3653 1419 3791 1473 alios

2198 1510 2431 1564 decursu
2484 1511 2743 1578 temporis
2793 1510 3090 1573 adilidisso,
3147 1513 3234 1578 qui
3287 1511 3352 1564 ad
3395 1510 3512 1578 ejus
3545 1509 3790 1564 nctitiatn

2200 1601 2439 1658 nondum
2487 1603 2789 1658 vent-rant?
2825 1615 2878 1658 et
2901 1614 3049 1658 certe
3086 1601 3295 1673 aliquos
3332 1602 3382 1656 iu
3415 1603 3554 1665 dies,
3585 1603 3794 1671 reliquo

2201 1695 2325 1750 vit-.e
2369 1709 2483 1750 sua:
2526 1703 2789 1761 tempore,
2839 1707 2966 1750 ante
3003 1695 3224 1751 m3nitne
3254 1703 3431 1757 notos,
3480 1694 3788 1763 agnovisse,

502 1797 649 1850 nibus
688 1793 850 1865 (quod
879 1794 1037 1847 vitare
1081 1809 1182 1846 non
1213 1801 1396 1863 potest.
1435 1789 1535 1844 nisi
1577 1789 1666 1858 qui
1710 1787 1919 1842 omnino
1963 1785 2096 1840 nihil
2129 1795 2173 1856 Β
2201 1799 2254 1844 et
2285 1787 2510 1843 aliorum
2539 1791 2628 1859 qui
2672 1797 2791 1858 pOsl.
2826 1804 3026 1843 annum
3061 1789 3208 1843 illum
3246 1789 3647 1844 lucubrationes
3671 1805 3798 1845 suis

499 1887 720 1958 scribit),
755 1886 872 1940 huic
903 1884 1157 1940 volumini
1186 1883 1452 1957 geminum
1482 1883 1686 1938 dentem
1711 1883 1931 1955 infigunt
1957 1895 1975 1934 :
2003 1897 2092 1933 ca-

499 1980 898 2036 luntniabuntur
939 1988 1192 2046 tempore,
1245 1985 1540 2029 concertent
1591 1975 1840 2034 ordinent,
1889 1987 1972 2026 res
2013 1989 2097 2025 ar-

501 2084 675 2144 guant,
706 2073 938 2144 syllabas
958 2070 1312 2136 t'entttabnnt;
1339 2068 1548 2133 etquod
1580 2068 1815 2122 accidere
1839 2067 2100 2137 plerisque

499 2171 651 2235 solet,
686 2169 1055 2243 negligentiam
1103 2166 1434 2221 librariorum
1463 2166 1532 2220 ad
1575 2173 1806 2218 auctores
1851 2168 2094 2233 referent.

506 2265 648 2330 Quos
671 2281 786 2318 cum
817 2279 1020 2336 possem
1052 2280 1162 2316 meo
1184 2266 1308 2335 jure
1337 2271 1674 2325 repercutere,
1703 2268 1755 2313 nt
1787 2259 1831 2313 si
1860 2257 2100 2326 displicet

503 2374 605 2411 non
650 2355 862 2427 legant;
895 2357 1033 2410 mtth
1069 2366 1238 2412 tamen
1282 2355 1496 2409 breviter
1535 2354 1767 2425 placatos
1817 2351 2096 2415 dimittere,

503 2464 693 2506 earum
722 2450 1061 2518 objectionos
1090 2466 1184 2518 per
1205 2450 1385 2520 capita
1415 2448 1622 2508 singula
1653 2446 2024 2501 dissolvendo.

578 2543 762 2598 Primo
792 2542 1074 2612 objicitur,
1098 2557 1234 2611 Opus
1267 2557 1372 2595 non
1401 2539 1837 2602 cot'res,t0ndere
1862 2541 2096 2603 auctari,

505 2655 628 2694 nam
673 2640 926 2691 ilextrnm
972 2636 1214 2703 Oportnit
1258 2633 1570 2690 Chronicon
1599 2649 1754 2687 suum
1800 2632 2099 2688 absolvisse

502 2744 627 2788 ante
651 2730 947 2787 Theodosii
994 2745 1219 2792 annum,
1276 2744 1370 2782 seu
1421 2729 1527 2784 593
1576 2743 1605 2782 a
1658 2741 1785 2782 nato
1836 2727 2097 2792 Domino,

506 2837 689 2896 utpote
716 2840 838 2880 com
869 2824 1040 2890 ipsius
1071 2821 1382 2878 meminerit
1427 2822 1492 2878 Ι).
1529 2822 1888 2895 Hieronymus
1918 2823 1968 2876 itt
2003 2821 2097 2876 lib.

503 2920 572 2974 de
605 2920 870 2988 Scriptor.
909 2918 1117 2972 Eccles.
1165 2933 1230 2972 eo
1275 2932 1419 2973 anno
1449 2917 1752 2976 elaborato,
1783 2927 1840 2970 ut
1886 2927 1952 2970 ex
1985 2918 2100 2982 ipso

503 3019 770 3067 constat:
825 3020 878 3063 et
923 3018 1106 3064 tatnen
1155 3009 1326 3064 Codex
1383 3026 1522 3064 nunc
1577 3009 1863 3078 evulgatus
1928 3023 2099 3076 usque

502 3103 569 3156 ad
623 3118 822 3156 annum
854 3100 1009 3155 Dom.
1047 3102 1146 3157 $50
1176 3100 1457 3156 htstoriam
1491 3099 1755 3168 prottalnt
1785 3115 1800 3163 ;
1849 3099 2015 3152 inttno
2048 3100 2096 3151 itt

2201 1897 2255 1937 ei
2272 1883 2616 1951 ulgawrunt,
2645 1885 2845 1950 seripta
2870 1892 2926 1937 et.
2951 1884 3166 1936 nomina
3191 1883 3290 1936 sibi
3315 1881 3642 1938 succedente
3665 1893 3802 1935 tent-

2204 1986 2500 2046 porcnota,
2526 1975 2712 2042 negari
2737 1994 2840 2032 non
2864 1987 3059 2044 potest.
3083 1978 3199 2042 Quo
3230 1975 3397 2030 semel
3430 1977 3577 2042 dato,
3611 1977 3802 2032 simili-

2204 2077 2285 2123 ter
2310 2071 2459 2123 lateri
2486 2076 2724 2137 oportet,
2747 2077 2998 2124 auctores
3023 2083 3214 2123 recens
3236 2065 3507 2129 inventos,
3529 2083 3626 2122 seu
3651 2071 3770 2122 erui
3787 2099 3803 2110 -

2201 2177 2356 2231 gaios
2387 2162 2637 2232 catalogo
2674 2177 2772 2214 suo
2811 2162 3158 2229 atljonxissc.
3186 2174 3306 2214 cum
3352 2160 3416 2213 ad
3449 2159 3578 2214 illud
3611 2160 3801 2216 eadem

2201 2259 2339 2312 ratio
2384 2269 2625 2326 cogerel,
2670 2274 2790 2328 quae
2819 2257 2884 2311 ad
2916 2256 3260 2311 scribendum
3294 2256 3599 2326 catalogum
3632 2257 3803 2310 movit

2205 2350 2611 2423 Hieronymum.
2643 2349 2792 2419 Quod
2823 2364 3002 2404 autem
3034 2350 3297 2420 quosdam
3329 2360 3583 2406 auctores
3609 2348 3677 2403 tle
3706 2365 3808 2404 no-

2205 2461 2268 2497 vo
2295 2445 2463 2514 priori
2485 2448 2728 2515 catalogo
2756 2444 2968 2499 adtlidet
2988 2445 3047 2511 it,
3079 2445 3337 2516 exemplo
3364 2447 3651 2498 manifesto
3673 2457 3810 2496 con-

2202 2538 2433 2594 vincitur
2477 2539 2532 2593 in
2582 2552 2770 2594 sancto
2818 2537 3082 2609 Gregorio
3128 2537 3492 2604 llilierrilano,
3541 2536 3631 2603 qui
3673 2551 3809 2590 sane

2204 2631 2380 2687 eidem
2434 2629 2673 2686 insertus
2717 2646 2826 2701 rep.~
2849 2633 3006 2696 ritur,
3055 2641 3110 2687 et
3139 2639 3318 2687 tunen
3345 2641 3465 2702 po-st
3495 2629 3808 2693 duodecim,

2206 2740 2257 2781 ut
2286 2729 2588 2790 minimum,
2612 2726 2994 2780 annoslibrum
3018 2742 3171 2781 suum
3201 2727 3267 2780 de
3291 2725 3422 2780 Fide
3441 2735 3628 2780 contra
3652 2722 3814 2778 Aria-

2207 2835 2304 2877 μσς
2342 2820 2590 2888 scripsit,
2636 2829 2820 2890 utpote
2856 2835 3014 2889 quem
3055 2820 3314 2874 dicaverit
3343 2818 3508 2873 Galla:
3555 2816 3810 2871 llaeidize

2205 2913 2463 2985 August
2507 2914 2662 2968 tuori
2688 2917 2919 2982 primum
2944 2914 3197 2974 Ataulnhi
3225 2912 3525 2970 Gothorum
3555 2910 3719 2981 rrgis,
3752 2919 3813 2967 et

2204 3008 2550 3077 ρυμιιιιοιιιιιιι
2602 3006 2900 3060 Constantii
2934 3004 3198 3072 Cazsaris,
3247 3023 3312 3062 ex
3343 3023 3449 3074 quo
3475 3005 3815 3062 Valentinia-

2207 3116 2332 3153 num
2373 3098 2653 3154 Juniorem
2703 3099 2910 3168 peperit
2948 3101 3194 3164 imperio.
3245 3113 3388 3152 anno
3429 3097 3642 3152 Domini
3673 3098 3806 3152 H9.

502 3195 653 3251 calce
698 3193 870 3263 ipsius
928 3193 1128 3246 dicitur
1160 3194 1394 3260 scriptus
1443 3207 1550 3246 ann
1615 3191 1761 3252 “0,
1806 3189 2096 3260 incipiente
2126 3194 2170 3258 C
2201 3195 2334 3261 Quis
2377 3205 2562 3248 autem
2606 3202 2915 3248 monstrare
2962 3195 3156 3262 poterit
3193 3191 3483 3247 identidem
3521 3193 3573 3245 in
3608 3191 3814 3247 Dextro

503 3291 745 3346 auctoris
786 3297 947 3343 aetate
979 3288 1278 3357 decrepita.
1331 3287 1555 3353 Insuper
1590 3284 1906 3340 incredibile
1950 3287 2099 3341 vide-

505 3393 612 3446 tur,
641 3384 845 3438 idcirco
884 3382 1082 3436 tlrosio
1109 3381 1370 3442 dicatum,
1403 3383 1526 3450 quia
1560 3380 1626 3433 ad
1677 3396 1866 3434 manus
1911 3379 2100 3433 Hiero--

506 3477 654 3549 nymi
691 3474 971 3543 tervenire
1003 3491 1106 3527 noti
1141 3478 1331 3541 potuit,
1362 3472 1505 3543 quod
1538 3473 1722 3528 forsan
1751 3475 2096 3532 tlesutnptum

499 3570 601 3626 fuit
631 3586 700 3624 ex
739 3569 832 3624 illo
859 3569 1024 3638 ipsius
1055 3568 1111 3621 S.
1167 3567 1434 3633 Doctoris,
1474 3565 1664 3620 Fertur
1707 3567 1774 3620 ad
1817 3582 1896 3621 me
1926 3567 2098 3620 omni-

504 3662 710 3716 modam
754 3658 1048 3715 Historiam
1100 3660 1361 3718 texuisse.
1395 3676 1550 3728 qttam
1598 3657 1819 3712 necdum
1862 3659 1962 3730 trgi
1995 3674 2012 3712 :
2047 3667 2102 3713 et

501 3765 680 3810 tamen
727 3754 969 3808 abanno
1020 3754 1124 3808 393
1152 3767 1264 3822 quo
1310 3751 1674 3822 Hieronymus
1723 3752 1772 3805 id
1825 3751 1982 3812 dixit.
2028 3752 2097 3806 27

500 3846 678 3901 adhuc
706 3847 1012 3910 supervixit
1044 3858 1215 3899 annos
1247 3843 1266 3916 (
1297 3859 1393 3898 Sl'll
1423 3847 1586 3900 etiam
1619 3845 1802 3914 plures
1840 3844 2095 3914 aliquot),

499 3953 620 3994 eum
665 3939 868 3991 abierit
919 3954 1062 3991 anno
1095 3937 1308 3992 Domini
1339 3936 1468 3998 4'20.
1527 3947 1584 3991 ut
1634 3940 1944 3994 communis
1996 3935 2101 3992 fert

500 4031 710 4101 Opinio,
745 4031 827 4085 vel
859 4030 986 4096 426,
1016 4039 1071 4083 ut
1104 4031 1204 4083 hoc
1233 4031 1284 4083 in
1329 4032 1532 4084 Dextro
1565 4043 1936 4085 asseveratnr.
1967 4031 2102 4099 Quis

502 4140 634 4179 vero
666 4123 879 4186 credat,
935 4135 1011 4177 tOt
1043 4138 1311 4177 annorum
1359 4125 1537 4191 spatio
1581 4123 1761 4177 Dextri
1807 4124 2100 4179 Historiam

501 4217 569 4273 ad
602 4232 796 4271 manus
829 4214 1146 4287 llieronymi
1179 4231 1283 4270 non
1315 4215 1665 4285 pervenisse?
1697 4214 1925 4271 Accedit
1954 4218 2101 4287 quod

501 4310 765 4366 asseritur
799 4310 998 4363 Dexter
1047 4307 1336 4376 put-lectus
1369 4307 1536 4362 fuisse
1580 4309 1859 4378 praetorio,
1894 4308 1947 4362 in
1994 4326 2102 4378 quo

503 4413 684 4460 tamen
727 4400 926 4474 (aiunt)
975 4401 1085 4455 duo
1133 4399 1319 4456 Dextri
1365 4400 1774 4457 contunduntur
1818 4398 1913 4454 :is
1953 4399 2098 4454 cnim

501 4497 590 4568 qui
619 4496 814 4550 librum
846 4495 1088 4562 scripsit,
1121 4509 1186 4550 eo
1217 4511 1440 4550 munere
1475 4496 1686 4550 {unetns
1713 4510 1818 4547 non
1853 4496 1972 4561 luit,
2002 4493 2098 4549 sed

2205 3302 2309 3340 non
2349 3284 2648 3341 actidisse?
2692 3287 2858 3341 semel
2893 3300 3021 3338 vero
3073 3285 3434 3353 possibilitate
3481 3293 3810 3349 tuenstrata,

2202 3380 2400 3435 factum
2435 3380 2607 3446 ipsum
2633 3395 2697 3434 ev
2733 3379 2982 3448 catalogo
3010 3378 3347 3449 Hieronymi,
3377 3387 3432 3433 et
3457 3392 3599 3430 anno
3627 3375 3814 3447 scrip-

2206 3485 2338 3527 tura:
2387 3471 2576 3526 Dextri
2625 3471 2992 3527 convincitur.
3033 3471 3401 3536 Praeterquam
3434 3469 3575 3541 quod
3618 3470 3819 3524 liiero-

2205 3580 2398 3635 nytnus
2423 3579 2530 3618 non
2563 3561 2798 3618 afﬁrmat
2826 3580 2892 3619 ex
2925 3573 3072 3618 certa
3100 3563 3328 3618 scientia
3362 3563 3624 3618 Dextrum
3653 3562 3719 3616 ad
3749 3577 3818 3616 se

2203 3655 2490 3724 scripsisse
2534 3657 2902 3711 omnimodam
2949 3655 3270 3722 "islul'ialll,
3323 3654 3419 3710 sed
3459 3670 3524 3710 ex
3574 3654 3817 3708 altorum

2205 3754 2470 3810 relatione
2501 3771 2515 3806 :
2542 3768 2664 3809 nam
2697 3754 2801 3809 ait:
2850 3752 3046 3809 Fertur
3093 3755 3159 3808 ad
3193 3771 3277 3808 tne
3305 3751 3672 3808 ontnitnndam
3719 3752 3822 3808 Hi-

2210 3856 2435 3900 storiam
2490 3847 2750 3913 texuisse,
2799 3861 2957 3910 quam
2996 3847 3225 3901 necdum
3257 3845 3360 3916 legi
3397 3863 3409 3898 :
3441 3843 3600 3901 facile
3629 3856 3818 3900 tamen

2206 3941 2306 3996 fuit
2343 3939 2614 3995 Clitouico
2651 3939 2889 3995 nondum
2937 3939 3216 4010 perfecto,
3255 3953 3322 3996 ex
3355 3942 3619 3997 relatione
3658 3953 3822 3995 asse-

2207 4035 2378 4089 rentis
2418 4033 2680 4089 Dextrum
2712 4033 2954 4089 scribere
2994 4035 3047 4088 in
3093 4034 3317 4104 gratiam
3360 4034 3547 4102 ipsius,
3595 4032 3713 4101 ejus
3749 4031 3824 4089 li-

2206 4127 2360 4182 brum
2385 4142 2411 4177 a
2445 4126 2773 4198 llieronymo
2793 4123 2963 4182 fuisse
2993 4135 3347 4192 annotatum;
3376 4136 3430 4182 et
3456 4127 3824 4182 nihilominus

2208 4235 2314 4273 non
2365 4218 2532 4275 fuisse
2571 4219 2751 4274 statim
2781 4219 3111 4276 omnimodis
3141 4220 3439 4288 pet‘lectotn
3460 4260 3474 4283 ,
3517 4235 3614 4274 nee
3646 4219 3698 4272 in
3732 4219 3826 4274 lu-

2205 4327 2322 4366 cem
2360 4314 2584 4366 missum
2615 4311 2684 4366 ab
2709 4323 2953 4378 auctore,
2987 4313 3081 4368 sed
3115 4323 3235 4384 post
3265 4313 3468 4368 multos
3503 4327 3695 4367 annos.

2286 4404 2476 4460 Adhuc
2517 4405 2562 4460 si
2587 4407 2708 4476 quis
2731 4408 3044 4472 reluctatur,
3077 4423 3180 4461 non
3208 4407 3437 4476 amplius
3459 4405 3818 4474 contendam,
3901 4429 3908 4440 -

2207 4509 2330 4570 post
2373 4499 2540 4554 semel
2590 4498 2890 4570 perfectum
2947 4500 3275 4572 catalogum,
3323 4500 3584 4556 Dextrum
3640 4499 3826 4557 fuisse

501 4593 588 4648 cui
640 4591 778 4647 liber
823 4589 892 4646 de
923 4587 1128 4660 Script.
1183 4589 1398 4645 Eccles.
1437 4589 1648 4645 dicatus
1698 4598 1813 4656 est;
1864 4600 1917 4646 et
1963 4593 2099 4645 alter
2129 4593 2180 4654 D
2208 4596 2490 4648 insertum.
2529 4592 2634 4648 Sed
2664 4594 2793 4664 quid
2821 4595 2865 4650 si
2901 4594 3100 4652 librum
3129 4612 3286 4651 suum
3323 4596 3524 4650 Dexter
3549 4596 3830 4666 inceperit

503 4687 776 4756 llispanus
807 4683 928 4744 fuit.
959 4696 1142 4755 utpote
1168 4683 1475 4739 Barcinone
1507 4696 1688 4749 natus,
1721 4685 1862 4740 alter
1900 4685 2098 4739 lioma-

506 4797 628 4850 nus,
649 4779 916 4852 utpotead
933 4795 1093 4851 quem
1122 4781 1487 4853 Hieronymus
1514 4781 1566 4834 in
1602 4781 1872 4849 pl‘OCBtlliO
1896 4780 2099 4850 inquit:

505 4871 693 4944 Itaque
744 4869 1036 4926 Dominum
1075 4869 1258 4928 Jesunt
1305 4871 1570 4927 Christum
1616 4890 1818 4944 precor,
1866 4883 1921 4926 ut
1967 4873 2103 4941 quod

503 4963 683 5021 Cicero
705 4977 846 5031 tuus,
879 4965 967 5036 qui
999 4965 1053 5020 in
1077 4981 1196 5021 arce
1219 4965 1467 5021 Romana:
1489 4965 1628 5019 stetit
1647 4968 1978 5036 eioquentiaz,
2003 4983 2102 5020 non

503 5067 575 5113 est
605 5062 775 5130 facere
818 5059 1124 5129 dedignatus
1157 5061 1207 5114 in
1241 5059 1426 5128 Bruto,
1470 5070 1738 5114 oratorum
1768 5057 1969 5114 Latina:
2001 5059 2104 5115 liu-

503 5169 618 5224 gnte
644 5162 818 5207 texens
840 5155 1136 5225 catatognm
1158 5193 1173 5217 ,
1205 5153 1264 5206 id
1293 5169 1386 5226 ego
1413 5154 1464 5207 in
1507 5151 1756 5209 Ecclesiw
1783 5155 1932 5209 illius
1959 5155 2104 5211 Scri-

504 5243 736 5318 ptoribns
768 5247 1125 5300 enumerandis
1145 5247 1301 5314 digne
1322 5248 1679 5301 cohortatione
1708 5257 1796 5302 tua
1837 5247 2097 5320 impleam.

507 5337 588 5392 Eo
616 5337 883 5404 siquidem
910 5337 1114 5392 sztro
1139 5337 1338 5394 dicitur
1370 5339 1566 5396 Cicero
1589 5356 1742 5410 suus,
1775 5341 1918 5412 quod
1942 5342 2103 5399 ambo

510 5429 743 5482 Romani
772 5439 980 5484 essent.

581 5525 648 5574 At
673 5523 788 5574 hzec
820 5520 1028 5576 facilem
1059 5521 1253 5578 habent
1283 5523 1628 5580 solutionem.
1659 5525 1838 5582 Placet
1868 5529 2107 5583 nonnul-

512 5612 576 5668 lis
597 5655 611 5677 ,
643 5613 784 5684 quod
814 5613 1174 5688 Hieronymus
1203 5619 1305 5683 ait,
1349 5633 1406 5672 se
1440 5618 1504 5674 M
1540 5617 1826 5674 Theodosii
1854 5621 2107 5689 principis

511 5719 655 5760 anno
686 5708 881 5763 librum
913 5709 1058 5764 illtttn
1089 5708 1387 5768 :tbSolvisse
1413 5753 1429 5778 ,
1460 5711 1861 5782 intelligendum
1889 5727 2009 5768 esse
2040 5715 2107 5769 de

510 5797 822 5856 Theodosio
858 5802 1114 5872 Jttniot‘e,
1161 5803 1314 5874 cujus
1342 5819 1518 5861 annus
1561 5804 1775 5877 imperii
1817 5805 1881 5860 l-i
1922 5807 2110 5864 incidit

2203 4687 2438 4759 juvenis,
2476 4703 2600 4742 curn
2630 4688 2702 4742 22
2732 4690 2925 4759 agebat
2955 4705 3157 4745 annum
3186 4690 3330 4758 (ejus
3357 4690 3536 4743 aetatis
3565 4699 3686 4744 erat
3713 4706 3827 4744 an-

2209 4795 2280 4836 no
2307 4782 2374 4837 it
2402 4781 2691 4836 Theodosii
2720 4783 3012 4857 Senioris),
3047 4796 3099 4839 et
3137 4782 3392 4853 paulatim
3426 4798 3526 4854 pro
3550 4785 3829 4854 temporis

2215 4875 2599 4930 commoditate
2622 4885 2943 4946 prosecutus
2979 4876 3160 4941 fuerit,
3193 4892 3255 4931 ac
3283 4877 3501 4932 tandem
3527 4893 3696 4932 senex
3725 4894 3832 4932 an-

2209 4985 2280 5024 no
2300 4967 2499 5024 Christi
2532 4969 2638 5024 450
2668 4968 2998 5027 absolverit?
3025 4970 3362 5040 Augustinus
3393 4981 3542 5026 certe
3573 4969 3790 5026 Trinita
3813 5001 3828 5012 -

2215 5062 2279 5116 tis
2310 5061 2480 5118 libros
2509 5075 2678 5116 senex
2708 5062 2972 5125 absolvit,
3002 5063 3096 5117 sed
3113 5062 3333 5130 juvenis
3361 5063 3528 5133 erepit
3563 5079 3576 5116 :
3607 5072 3662 5117 et
3693 5063 3830 5134 qui-

2211 5151 2335 5208 dant
2377 5170 2442 5208 ex
2474 5152 2867 5208 recentioribus
2912 5153 2963 5207 in
2997 5153 3197 5224 exiguo
3229 5155 3521 5209 admodum
3550 5152 3836 5223 Aphoris-

2210 5263 2422 5302 morum
2472 5247 2758 5302 muralium
2812 5246 3082 5302 volumine
3126 5247 3196 5302 50
3239 5252 3577 5318 consumpsit
3617 5262 3832 5304 annos.

2211 5340 2267 5398 Id
2316 5341 2457 5412 quod
2502 5347 2553 5395 in
2594 5343 2790 5394 Dextro
2823 5339 3160 5409 probabilius
3193 5341 3350 5407 facit,
3379 5340 3635 5408 militare,
3669 5341 3834 5411 quod

2212 5434 2457 5506 gerebat,
2485 5449 2700 5500 montis,
2732 5443 2785 5486 et
2809 5433 3025 5502 negOtia
3050 5434 3328 5490 saecularia
3351 5433 3550 5505 quibus
3569 5451 3598 5490 a
3621 5433 3840 5504 juven-

2221 5539 2334 5582 tute
2386 5527 2636 5582 addictus
2687 5526 2878 5583 fuerat.
2920 5527 3033 5584 Nec
3056 5529 3200 5583 enim
3242 5529 3536 5600 Scriptoris
3575 5527 3835 5587 oliicium

2226 5621 2430 5692 primas
2479 5622 2530 5677 in
2579 5622 2785 5675 Dextro
2838 5632 3016 5692 partes
3058 5620 3370 5683 vindicavit.
3415 5621 3508 5677 sed
3542 5622 3729 5677 militia
3765 5635 3840 5680 et

2219 5715 2542 5787 praefectura
2577 5729 2592 5770 :
2640 5715 2834 5785 quibus
2885 5714 3153 5784 prwcipue
3195 5715 3478 5783 intentus,
3532 5716 3838 5773 recreandi

2216 5810 2381 5867 animi
2409 5810 2617 5882 gratia,
2652 5824 2834 5868 rerum
2874 5809 3370 5867 ecclesiasticarum
3411 5808 3608 5868 studiis
3636 5811 3706 5865 ab
3731 5811 3846 5870 in-
