4002 6342
220 259 284 318 si
522 228 552 231 ’⁷
1354 252 1678 313 CllRONlCl
1716 251 1970 314 [ιεχτιιί
2014 255 2380 317 APOLOGIA.
3453 262 3524 323 ss

225 381 381 430 eunte
398 379 555 428 aetate
575 369 822 437 deditus,
843 367 1237 441 nonniltilquod
1259 370 1826 440 supererattemporis,
1857 374 1917 433 Α
1941 371 2244 428 ontnitnoda
2276 374 2371 440 sil,
2402 371 2641 428 omnium
2671 372 2910 444 gentium
2952 382 3070 429 acta
3095 370 3295 428 referre
3323 374 3478 431 debet
3507 419 3524 444 ,

233 466 341 520 illis
371 463 729 519 concedebat.
765 461 925 520 Unde
966 463 1192 531 primum
1230 460 1444 534 quidem
1475 477 1505 515 a
1539 463 1602 516 D.
1635 463 1826 517 lliero-

228 575 388 632 nymo
409 557 596 614 Clarus
627 557 776 628 apud
824 557 1071 612 steculum
1101 564 1474 627 nuncupatur,
1523 571 1587 611 ac
1630 554 1829 612 deinde

224 653 414 709 Christi
461 651 587 718 ﬁdei
626 650 876 719 deditus;
911 651 1208 723 quinimmo
1234 662 1286 706 et
1331 650 1446 721 ipse
1480 649 1545 704 ad
1575 648 1826 705 Orosium

220 746 429 812 scribit,
467 756 526 801 ut
553 760 615 801 ea
642 743 819 801 studia
855 752 1278 802 consummaret.
1328 741 1381 796 in
1415 742 1607 810 qtihus
1633 742 1826 797 bonam

221 841 343 894 vita
365 854 483 894 sua:
513 846 719 909 partem
753 845 1112 906 transegerat,
1135 834 1354 890 domum
1387 833 1641 902 rediisse,
1670 833 1830 889 taedio

223 933 469 986 muttium
521 929 859 998 publicorum
904 928 1190 992 alTectutn,
1239 927 1423 997 ibique
1461 925 1827 980 munitnodam

222 1024 524 1080 Historiam
573 1020 890 1092 petlecisse,
941 1034 1109 1091 usque
1137 1018 1202 1074 ad
1234 1033 1434 1073 annum
1469 1016 1668 1072 Christi
1698 1016 1827 1085 430,

223 1127 271 1172 et
310 1131 432 1171 eam
486 1115 818 1184 Hieronymo
848 1113 1082 1168 dicasse.
1124 1111 1259 1168 Cum
1291 1127 1420 1181 ergo
1467 1122 1591 1167 ante
1634 1111 1832 1184 pracdi-

220 1222 366 1268 ctum
397 1227 606 1266 annum
634 1209 765 1276 593,
807 1226 900 1262 sru
939 1208 998 1262 l4
1032 1207 1322 1263 Theodosii
1351 1205 1628 1281 principis,
1662 1206 1831 1262 (Iltro-

225 1306 383 1359 nicon
427 1318 590 1358 suum
640 1303 693 1356 in
741 1302 1034 1371 iuventute
1081 1303 1362 1370 cmpisSet,
1416 1313 1472 1354 ut
1507 1300 1832 1372 llieronynto

224 1399 450 1464 dicaret,
479 1397 636 1453 faetle
666 1396 836 1466 potuit
867 1411 932 1450 eo
961 1397 1076 1465 ipso
1100 1413 1243 1449 anno
1274 1395 1412 1450 illius
1443 1412 1470 1450 a
1501 1394 1832 1469 llieronytno

227 1494 544 1549 memoriam
593 1492 732 1556 ﬁeri,
775 1492 966 1546 Saltem
1017 1507 1082 1544 ex
1135 1489 1421 1546 relatione.
1472 1490 1654 1561 Neque
1705 1505 1834 1546 vero

229 1589 346 1659 quis
367 1591 649 1643 exiSIintet
676 1603 782 1640 uttn
808 1585 974 1639 multo
1009 1584 1304 1656 indiguisse
1328 1595 1571 1652 tempore
1603 1583 1667 1638 ad
1693 1584 1834 1653 ejus-

231 1682 371 1738 modi
414 1677 739 1750 opusculum
773 1675 1191 1747 perliciendum,
1231 1675 1371 1747 quod
1401 1676 1649 1744 exiguum
1683 1677 1834 1730 \‘olu-

1935 467 2076 521 unde
2104 481 2206 522 nec
2234 467 2643 536 imperatorum,
2677 481 2776 520 nec
2805 466 3176 520 ltomanmunt
3210 468 3522 536 poutilieum

1933 559 2310 615 successiones
2340 575 2491 614 more
2522 557 2777 614 Clironit-i
2808 557 3088 624 describit,
3109 560 3203 614 sed
3231 561 3527 615 tumultua-

1931 651 2033 717 rie,
2067 660 2120 706 et
2148 651 2481 722 coujttnctitn
2505 651 2572 706 de
2597 651 2675 705 eis
2707 650 2968 706 meminit.
3000 650 3154 718 Quod
3187 653 3231 706 si
3265 667 3331 707 eo
3361 654 3522 706 etiam

1931 739 2129 796 dicitur
2150 742 2483 808 omttimttda,
2509 743 2650 811 quod
2685 759 2769 798 res
2803 745 3082 797 universas
3104 785 3118 806 ,
3158 760 3275 812 qum
3299 745 3368 797 ab
3391 745 3525 799 orbe

1932 833 2156 888 condito
2177 835 2241 889 ad
2273 852 2368 890 sua
2400 851 2569 908 usque
2593 844 2839 907 tempora
2864 834 3528 906 aecideruntComplecta-

1934 935 2056 992 tur;
2085 939 2133 980 ut
2169 926 2330 982 e.i.tm
2364 928 2418 982 in
2451 929 2672 999 prologo
2704 929 2859 998 hujus
2887 930 3147 985 asseritur
3178 931 3380 983 vester
3409 943 3532 1000 ter-

1933 1017 2150 1084 iecisse,
2181 1037 2415 1088 qttnnam
2449 1033 2603 1090 pacto
2643 1021 2950 1077 CbrOnicon
2993 1026 3303 1093 evulgatttm
3338 1026 3527 1096 int-ipit

1934 1128 1961 1166 a
1995 1111 2286 1169 Nativitate
2311 1114 2606 1172 SalVatoris
2631 1117 2652 1170 ἲ
2682 1115 2724 1172 H
2749 1132 2797 1172 tc
2823 1117 3030 1173 accedit
3059 1117 3202 1189 quod
3245 1135 3354 1174 non
3383 1135 3492 1175 uno
3513 1161 3529 1184 ,

1933 1205 2235 1277 eodemque
2263 1206 2456 1272 modo,
2488 1219 2777 1275 antequam
2805 1210 3121 1272 cuderetur,
3154 1213 3528 1268 COIIIIIlunit‘a-

1937 1299 2096 1354 ltatur
2123 1299 2191 1355 ab
2223 1300 2630 1355 inventoribus:
2662 1319 2783 1356 nam
2814 1301 2953 1372 apud
2987 1304 3302 1374 (ιρὶεοομιιηι
3334 1305 3531 1374 Segor-

1936 1391 2177 1448 biensett:
2205 1402 2322 1448 erat
2353 1395 2524 1449 multo
2551 1399 2899 1463 cOntractitts,
2920 1406 2975 1452 et
2997 1396 3046 1450 itt
3070 1395 3394 1468 quibusdam
3417 1397 3528 1454 dis-

1935 1503 2134 1544 sonans
2172 1487 2239 1542 ab
2268 1503 2488 1544 excuso.

2010 1583 2204 1638 Patutn
2251 1583 2304 1661 in
2339 1583 2420 1637 Itis
2451 1581 2739 1638 (Ihronicis
2792 1583 2963 1655 legit,
3021 1585 3110 1654 qui
3163 1583 3532 1640 omnimodam

1938 1675 2227 1733 Historiam
2255 1693 2376 1732 esse
2407 1686 2587 1748 negat,
2621 1693 2742 1732 cuin
2771 1677 2822 1732 in
2859 1677 2924 1732 iis
2957 1677 3088 1732 nihil
3140 1677 3255 1732 fere
3309 1693 3532 1744 printer-

239 1779 376 1830 mine
403 1775 508 1842 sit;
538 1788 626 1828 res
657 1775 801 1826 enim
832 1771 884 1823 in
914 1786 978 1824 eo
1008 1779 1277 1825 contentio
1310 1771 1555 1833 inultam,
1586 1767 1831 1840 longam-
1863 1768 1913 1831 Β
1942 1771 2148 1825 miserit
2175 1780 2399 1833 auctor,
2427 1769 2570 1842 quod
2608 1771 2658 1823 itt
2698 1770 2953 1824 universo
2999 1770 3132 1826 orbe
3171 1769 3236 1823 ad
3279 1768 3538 1824 Ecclesiae.

248 1884 349 1937 que
389 1875 602 1921 nitatem
649 1863 705 1920 in
747 1871 970 1918 audere
1017 1879 1113 1933 pro
1143 1863 1227 1917 sui
1259 1879 1352 1916 vt-r
1377 1861 1622 1916 lieatione
1649 1877 1836 1932 posce-

240 1959 392 2022 bant;
421 1968 474 2011 et
503 1957 836 2012 rusticorum
891 1970 994 2026 e3t,
1026 1974 1113 2015 res
1145 1958 1511 2028 magnitudine
1548 1958 1836 2013 dumtaxat

242 2053 531 2113 aestimare,
575 2061 628 2105 et
661 2067 766 2106 non
801 2054 978 2121 potius
1004 2051 1206 2118 ralore,
1233 2063 1286 2107 ct
1310 2053 1525 2107 virtute.
1566 2050 1727 2120 Tute,
1757 2051 1837 2107 le-

232 2151 370 2210 ctor,
403 2145 594 2215 quanti
626 2144 905 2200 habendus
927 2146 1138 2200 libellus
1167 2145 1257 2213 sit,
1287 2161 1350 2200 ex
1385 2144 1617 2200 lectione
1633 2160 1837 2215 cogno-

233 2248 366 2290 εεεε.

303 2328 440 2382 Illud
477 2328 700 2385 tandem
740 2331 880 2401 quod
921 2331 989 2385 de
1034 2329 1483 2400 multiplicatione
1513 2330 1834 2386 Dextrorutn

231 2421 517 2485 ssseritur,
534 2425 705 2490 gratis
723 2423 944 2478 omnino
967 2423 1168 2477 dictum
1190 2434 1293 2490 est,
1313 2433 1365 2478 et
1387 2423 1503 2478 sine
1526 2423 1844 2478 [undanter-

233 2522 302 2578 to,
347 2527 473 2568 eum
512 2527 614 2567 nec
651 2513 704 2568 in
739 2514 977 2580 nomine,
1031 2530 1129 2571 nec
1170 2517 1218 2568 iu
1253 2524 1516 2584 tempore,
1574 2516 1747 2570 tteeiu
1783 2531 1840 2570 te

231 2607 329 2660 alia
362 2607 647 2661 discordia
678 2610 750 2662 sit
780 2625 794 2662 :
829 2606 970 2676 quod
1013 2625 1057 2663 et
1084 2607 1156 2663 im
1184 2608 1543 2678 Hieronymus
1574 2607 1834 2663 Dextrum

230 2700 884 2768 alloquens,Ciceronem
909 2703 1117 2755 vocarit
1143 2718 1322 2766 suum,
1345 2717 1450 2755 non
1481 2703 1546 2754 ad
1581 2702 1836 2769 patriam,

231 2794 320 2848 sed
351 2794 420 2848 ad
448 2797 734 2863 prolessiot
761 2808 846 2850 em
893 2793 1240 2863 eloquentius,
1288 2792 1342 2847 in
1376 2808 1480 2861 qua
1513 2791 1714 2848 Dester
1736 2808 1840 2847 ex-

236 2887 496 2951 cellebat,
525 2901 574 2940 e:
602 2901 763 2957 quem
808 2902 916 2954 prae
948 2886 1182 2949 caeteris,
1219 2899 1274 2939 ut
1305 2900 1368 2940 ex
1394 2900 1558 2952 Opere
1589 2893 1836 2954 apparet,

236 2978 572 3043 imitabatur,
610 2992 919 3048 respectum
978 2979 1170 3044 habet;
1203 2979 1346 3048 quod
1395 2980 1526 3033 Satis
1569 2979 1833 3042 inuuitur,

234 3087 348 3124 cum
380 3071 692 3140 subjttngit,
718 3069 898 3126 Cicero
921 3079 1059 3140 tuus,
1086 3071 1172 3140 qui
1196 3071 1248 3124 in
1277 3087 1394 3124 are:
1425 3070 1677 3125 [iuuante
1702 3072 1840 3124 stetit

1939 1862 2285 1934 splendorem
2308 1873 2560 1933 spectans
2589 1862 2867 1927 acciderit,
2889 1873 2942 1916 et
2971 1872 3236 1934 quotquot
3257 1878 3375 1916 eam
3405 1862 3538 1916 scri-

1942 1956 2049 2026 ptis
2078 1956 2160 2008 Vt'l
2194 1953 2524 2012 facinoribus
2554 1954 2784 2025 egregiis
2835 1953 3192 2022 illustrarunt,
3245 1955 3356 2006 suis
3400 1962 3534 2008 tem-

1942 2047 2162 2117 poribus
2193 2045 2504 2100 intexuerit.
2531 2043 2684 2114 Quod
2717 2045 2760 2099 si
2792 2045 2944 2116 plura
2978 2046 3045 2099 de
3071 2045 3234 2100 rebus
3265 2045 3538 2114 llisttaniae

1939 2142 2175 2213 scripsit,
2202 2139 2331 2195 vitio
2363 2143 2678 2195 vertendum
2723 2156 2828 2194 non
2877 2148 2962 2194 est
2994 2138 3234 2209 Hispano
3286 2137 3538 2201 auctori,

1940 2240 2058 2307 quis
2089 2237 2231 2291 enim
2264 2235 2536 2290 Chronica
2569 2247 2777 2302 texens,
2804 2235 2856 2288 itt
2883 2234 3048 2288 rebus
3073 2234 3259 2303 patrize
3287 2247 3399 2287 sure
3431 2245 3540 2286 non

1940 2331 2159 2400 Scripsit
2183 2328 2426 2395 uberius,
2458 2328 2508 2382 in
2543 2327 2734 2382 alienae
2773 2341 2904 2381 vero
2948 2325 3320 2381 contractius?
3367 2324 3539 2380 Euse-

1943 2424 2060 2476 ltius
2088 2421 2444 2476 Caesariensis
2476 2422 2698 2478 Cra-cus
2729 2421 2994 2490 scriptor,
3031 2420 3238 2490 primus
3271 2416 3544 2476 Eoi-lesia-

1943 2516 2060 2569 Stici
2095 2515 2348 2568 (lltronici
2379 2523 2589 2575 ant-tor,
2626 2512 2694 2566 de.
2721 2511 2926 2568 Gra'ris
2953 2513 3118 2566 rebus
3143 2510 3414 2575 tnulta,de
3444 2511 3546 2564 l.a-

1945 2609 2070 2661 linis
2106 2623 2271 2677 pauca
2306 2607 2550 2664 nhiavit:
2579 2597 2716 2660 adeo
2748 2615 2810 2660 ut
2831 2605 3188 2676 llieroayntus
3212 2620 3333 2658 cum
3367 2605 3540 2670 ipsum

1945 2702 2232 2757 Latinitate
2255 2701 2497 2766 donarit,
2530 2700 2695 2755 multa
2732 2701 3046 2754 Latinorum
3081 2701 3390 2760 miscuerit,
3427 2697 3542 2753 haec

1945 2798 1996 2850 in
2024 2797 2245 2866 prologo
2277 2794 2519 2849 scribens
2550 2810 2564 2849 :
2595 2793 2879 2849 Srieudum
2903 2793 3038 2847 enim
3058 2801 3154 2859 est,
3188 2808 3265 2846 me
3293 2801 3339 2844 et
3375 2787 3548 2845 luter-

1945 2892 2123 2960 prrtis,
2157 2901 2202 2944 et
2233 2889 2518 2961 Scriptor-is
2549 2904 2611 2943 ex
2650 2899 2796 2959 parte
2843 2887 3018 2958 ofﬁcio
3078 2903 3270 2955 usum,
3330 2885 3453 2957 quia
3499 2893 3546 2940 et

1946 2985 2124 3039 erea
2149 2983 2446 3054 ﬁdelissime
2478 2980 2723 3053 expressi,
2751 2989 2799 3034 et
2827 2977 3077 3034 nonnulla
3105 2995 3220 3051 qua:
3241 2979 3366 3032 mihi
3391 2981 3549 3033 inter-
3597 2994 3601 2997 ·

1946 3082 2104 3133 missa
2131 3077 2458 3142 videbantur,
2489 3075 2687 3144 adjeei,
2709 3075 2760 3127 in
2795 3071 3036 3127 Romana
3065 3073 3350 3144 pra'sertitn
3387 3072 3551 3126 histo-

235 3167 562 3237 eloqumia’.
597 3165 752 3233 Quod
785 3182 916 3220 vero
944 3184 1063 3220 cum
1096 3165 1162 3220 tle
1191 3174 1416 3220 auctore
1444 3164 1700 3221 Cltrttttici
1729 3166 1839 3236 egit
1863 3163 1912 3230 C
1945 3175 2044 3239 riu,
2075 3189 2230 3244 quam
2264 3169 2514 3224 Eusebius
2542 3170 2804 3240 ejusmodi
2825 3169 3066 3222 conditor
3094 3166 3246 3232 libri,
3295 3184 3396 3221 non
3444 3175 3548 3221 tam

239 3273 338 3311 non
379 3263 667 3312 voca-verit
694 3273 818 3312 eum
867 3257 1182 3328 praelectum
1223 3258 1498 3327 przctorio,
1551 3275 1655 3312 non
1687 3260 1837 3312 sulti-

237 3352 323 3416 cit,
376 3364 434 3405 ut
463 3365 784 3408 asseranuts
815 3353 983 3408 alium
1025 3354 1094 3406 ab
1131 3353 1249 3421 ipso
1279 3353 1591 3422 pra-lectmn
1639 3351 1836 3417 fuisse;

240 3459 357 3498 nam
389 3446 556 3499 etiam
590 3453 713 3500 etim
745 3446 793 3500 ei
824 3444 1026 3500 diCthl.
1061 3460 1180 3514 Opu.
1202 3444 1380 3500 cuium
1409 3445 1477 3500 de
1510 3445 1607 3500 Scr
1634 3455 1706 3516 pt.
1739 3445 1839 3500 Ec-

237 3538 394 3604 cles.,
424 3555 532 3593 nun
560 3541 812 3608 apposuit
839 3539 998 3593 oiltcil
1030 3540 1264 3604 titulum,
1299 3538 1392 3593 scd
1417 3539 1734 3608 simpliciter
1761 3540 1840 3594 tli-

244 3633 350 3685 xit:
382 3628 740 3701 Hieronymus
781 3630 992 3684 Dextro.
1041 3630 1312 3691 Hortaris,
1347 3629 1556 3696 Dexter,
1585 3642 1637 3684 ut
1671 3629 1838 3684 Trauo

241 3725 460 3791 quitiam
491 3740 745 3792 sequens;
771 3723 821 3778 id
854 3741 883 3778 a
906 3725 1181 3778 nonnullis
1208 3725 1399 3779 fecisse
1421 3726 1680 3791 creditur,
1711 3723 1840 3779 dttttt

247 3817 402 3881 dixit,
433 3819 583 3886 quod
616 3827 738 3871 erat
765 3814 954 3871 Clarus
995 3817 1137 3886 apud
1180 3818 1429 3872 saxulum
1463 3831 1480 3871 :
1510 3827 1568 3872 ttt
1603 3833 1702 3888 ego
1731 3819 1844 3872 exi-

243 3913 427 3972 stimo,
470 3910 599 3978 quia
655 3908 894 3964 nondum
935 3924 1002 3963 eo
1034 3908 1207 3963 fuerat
1244 3908 1426 3964 ollicio
1455 3909 1844 3964 colionestatus

237 4017 266 4054 a
299 4001 572 4072 principe,
617 4001 716 4057 sed
756 4003 810 4056 in
839 4001 964 4057 aliis
989 4001 1197 4056 militia:
1235 4002 1428 4056 olliciis
1467 4001 1842 4057 exercebatur.

240 4095 366 4152 Post
388 4097 725 4151 decennium
754 4102 937 4151 autem
968 4109 1090 4150 cum
1125 4096 1417 4150 secundam
1445 4095 1713 4150 adversus
1740 4096 1847 4150 Ru-

234 4190 410 4245 ﬁnum
441 4191 768 4260 Apologiam
801 4191 1129 4261 composuit,
1180 4191 1394 4246 titulum
1433 4193 1666 4246 nominis
1691 4192 1846 4261 adje-

233 4284 329 4351 cit,
380 4281 638 4353 inquiens
670 4298 686 4338 :
715 4283 848 4335 Ante
876 4298 1040 4336 annos
1083 4283 1240 4353 ferme
1271 4285 1465 4349 decent,
1506 4300 1624 4337 cum
1663 4284 1850 4339 Dexter

232 4377 444 4429 amicus
473 4391 640 4442 meus,
663 4374 754 4445 qui
783 4374 1144 4444 praefecturam
1172 4376 1554 4432 administrarit
1583 4377 1844 4449 prmorii,

234 4485 316 4522 me
360 4477 624 4540 rogasset,
669 4476 725 4520 ut
767 4476 1040 4522 auctorum
1084 4481 1275 4523 nostra:
1319 4469 1582 4541 religionis
1627 4469 1847 4524 indicent

1941 3265 2230 3337 ignorasse,
2260 3272 2433 3335 utpote
2462 3263 2729 3328 eruditus;
2753 3279 2905 3330 quant
2957 3272 3008 3314 ut
3045 3258 3226 3316 Grtcce
3272 3261 3502 3316 scribens
3532 3305 3546 3330 ,

1942 3378 2126 3427 parum
2148 3359 2256 3414 suis
2279 3359 2567 3412 necessaria
2598 3358 2963 3430 perstrinxisse
2989 3355 3112 3409 milii
3146 3357 3366 3410 ridetur.
3403 3357 3550 3409 Con-

1943 3452 2172 3508 tinuavit
2201 3467 2418 3522 quoque
2442 3451 2752 3505 Chrouieon
2805 3447 2977 3520 ipsum
3019 3447 3380 3520 Hieronymus
3410 3464 3436 3499 a
3464 3448 3536 3504 9.0

1943 3543 2280 3600 Constantini
2307 3558 2451 3598 anno
2479 3557 2652 3612 usque
2699 3539 2764 3594 :td
2814 3540 3158 3595 Consulatum
3208 3539 3450 3596 Valentis
3482 3537 3549 3595 Vl

1944 3650 1995 3693 et
2029 3633 2388 3691 Valentiniani
2420 3635 2637 3698 iterum,
2669 3631 2765 3688 sed
2803 3641 2970 3688 totum
3011 3647 3148 3701 pene
3190 3630 3256 3686 de
3304 3623 3550 3686 Romana

1946 3729 2194 3796 ltiStoria,
2229 3730 2372 3782 Velut
2401 3736 2594 3782 auctor
2637 3724 2914 3780 Romanus
2973 3727 3214 3795 seripsit.
3272 3725 3545 3796 lliernny-

1946 3839 2089 3877 munt
2118 3821 2290 3876 secuti
2322 3818 2526 3874 suntin
2561 3818 2973 3873 continuatione
3012 3819 3269 3874 Cltrouici
3316 3819 3551 3890 Prosper

1947 3912 2326 3984 Aquitanicus,
2358 3919 2411 3966 et
2445 3910 2631 3965 Victor
2658 3908 2990 3973 TttttnetiSis,
3011 3911 3099 3980 qui
3123 3911 3189 3964 de
3212 3911 3374 3965 rebus
3406 3911 3550 3966 Alri-

1945 4022 2024 4062 (ξω
2055 4017 2145 4061 aut
2175 4005 2515 4072 Aquitanize,
2547 4003 2599 4057 itt
2635 4002 2832 4076 quibus
2863 4003 2974 4057 nati
3008 4012 3100 4059 aut
3126 4002 3336 4059 educati
3375 4011 3551 4072 erant,

1950 4100 2196 4171 paginam
2227 4097 2610 4168 impleverunt.
2643 4094 2787 4150 idem
2817 4110 3030 4166 quoque
3078 4094 3394 4151 auctoribus
3433 4095 3555 4152 llis-

1949 4193 2103 4263 panis
2134 4189 2394 4261 euntigit;
2419 4188 2618 4243 ldatius
2653 4183 3004 4244 Lamacensis
3044 4185 3357 4244 Cltronicon
3392 4189 3560 4244 Eusc-

1952 4287 2024 4341 bii
2050 4287 2386 4341 continuavit
2418 4285 2468 4337 in
2502 4298 2569 4337 eo
2600 4280 2720 4337 loco
2755 4285 2942 4354 inquo
2968 4283 3030 4338 D.
3067 4282 3433 4354 Hieronymus
3459 4284 3557 4340 de-

1950 4382 2080 4437 siit:
2111 4389 2166 4436 et
2209 4391 2388 4434 tamen
2440 4385 2548 4433 tam
2592 4377 2758 4430 multa
2787 4375 2854 4430 de
2885 4376 3046 4431 rebus
3105 4375 3558 4442 llisttaniensibus

1956 4473 2196 4546 scripsit,
2225 4472 2367 4543 quod
2403 4471 2469 4524 de
2499 4487 2563 4525 eo
2590 4469 2647 4526 S.
2695 4467 2934 4524 Isidorus
2967 4467 3167 4524 dixerit
3198 4468 3293 4524 lth.
3322 4470 3388 4524 de
3419 4469 3558 4525 Viris

234 4571 502 4625 texts-rm;
533 4560 785 4615 videlicet
807 4558 933 4630 quia
953 4560 1064 4630 jam
1097 4577 1163 4616 eo
1189 4561 1370 4616 uitii-io
1399 4564 1613 4616 l’unetus
1637 4564 1807 4618 luerat
1835 4581 1846 4618 :
1881 4555 1934 4619 D
1960 4571 2184 4638 illttstr.,
2203 4583 2321 4637 cap.
2349 4565 2411 4620 l2
2441 4583 2452 4618 :
2485 4563 2691 4618 ldatius
2715 4565 2998 4638 provinciae
3015 4562 3244 4620 Galatia:
3262 4567 3558 4637 episcOpus,

231 4655 705 4723 (ιυαιιθιιιῐιωιίηηι
741 4652 906 4709 etiam
929 4669 958 4708 a
980 4653 1290 4722 Sttplirottio
1320 4655 1506 4710 titulus
1533 4658 1734 4712 nomini
1758 4659 1852 4713 ad-

229 4747 464 4815 junctus
494 4757 598 4811 est,
641 4762 765 4800 eum
795 4746 989 4800 librum
1021 4747 1088 4800 de
1114 4746 1315 4814 Sctipt.
1352 4747 1402 4802 in
1443 4749 1690 4804 Cra-cum
1725 4765 1848 4807 ver-

233 4850 409 4906 teret,
461 4850 522 4894 ut
563 4838 826 4894 Erasmus
865 4839 916 4892 in
945 4840 1086 4894 uotis
1115 4839 1388 4907 advertit;
1438 4843 1580 4897 unde
1609 4852 1850 4914 postmo-

231 4932 368 4986 dum
410 4931 605 4985 iterum
638 4946 668 4986 e
694 4929 892 4987 Cra-eo
919 4930 1208 4988 Latinitate
1237 4933 1468 4988 donatus
1493 4944 1598 5000 est,
1643 4947 1693 4992 et
1725 4952 1846 4993 cum

236 5024 470 5078 nomine
492 5025 681 5078 titulus
710 5032 1042 5092 perseverat,
1075 5024 1158 5079 his
1189 5026 1387 5092 verbis,
1420 5026 1732 5100 Hieronymi
1755 5035 1863 5099 eui-

231 5117 376 5171 stola
411 5116 480 5168 ad
507 5114 760 5171 Dextrum
783 5117 1025 5188 primorie
1054 5121 1374 5190 pt'tefertum,
1409 5137 1436 5174 e
1465 5119 1650 5177 Latina
1683 5125 1862 5197 lingua

241 5210 298 5263 in
331 5207 585 5264 Gratum
620 5209 896 5265 translata.
939 5209 1046 5266 Sed
1080 5211 1146 5265 ad
1187 5210 1292 5265 alia
1327 5221 1681 5270 transeamus.

309 5302 502 5358 Codex
537 5299 796 5372 C‘hIOItit‘l
821 5302 1052 5372 eruigati
1088 5304 1510 5376 (iuquiunt)nou
1538 5323 1861 5380 correspon-

235 5393 334 5450 det
364 5395 527 5449 titulo
552 5395 700 5448 illius
729 5393 872 5463 quod
901 5393 1094 5450 dexter
1132 5398 1479 5466 composuit;
1538 5399 1669 5455 illud
1714 5407 1858 5461 enim

237 5497 390 5552 erat,
426 5487 759 5542 0.:miinoda:
783 5486 1058 5554 Historiw,
1089 5499 1148 5545 ut
1172 5506 1235 5545 ex
1287 5490 1624 5566 Hieronymo
1654 5496 1814 5568 liquet
1839 5518 1858 5568 ,-

236 5578 348 5637 boe
376 5595 514 5637 vero
539 5597 648 5636 non
693 5581 941 5636 continet
970 5581 1261 5638 Historiam
1308 5586 1714 5659 omnimodam,
1762 5593 1861 5648 sed

237 5675 522 5747 pracipes
551 5691 739 5732 rerum
764 5675 1217 5747 liispaniearum:
1259 5693 1428 5750 quare
1479 5682 1706 5740 alterius
1759 5701 1858 5742 cu.

228 5767 433 5840 jesvis
449 5786 573 5828 esse
598 5779 837 5841 oportet,
869 5785 1033 5842 quam
1055 5770 1258 5842 Dextri,
1284 5771 1443 5843 cujus
1461 5773 1720 5848 Historia,
1742 5793 1866 5838 cum

1959 4673 2165 4716 secutus
2190 4659 2504 4716 Cltronicam
2532 4655 2742 4712 Eusebii
2774 4658 3106 4712 Ca'sariensis
3138 4660 3367 4732 epismpi
3400 4703 3414 4728 ,
3473 4677 3562 4715 seu

1962 4755 2272 4828 Hieronymi
2299 4753 2605 4826 presbyteri,
2638 4752 2704 4806 ab
2735 4769 2874 4806 anno
2906 4767 2922 4806 ι
2968 4750 3253 4808 Theodosii
3304 4751 3558 4827 Augusti,

1959 4865 2119 4920 usque
2143 4848 2194 4901 in
2223 4861 2420 4900 annum
2446 4845 2647 4916 imperii
2675 4841 2866 4898 Leonis
2905 4841 3056 4897 VIII
3102 4845 3431 4916 subjuuctam
3478 4861 3558 4900 se-

1958 4943 2134 5014 quitur
2158 4938 2429 4993 historiam
2476 4951 2494 4990 .'
2539 4936 2593 4990 in
2628 4953 2730 5007 qua
2779 4937 2944 5008 magis
2971 4933 3311 4990 barbararum
3332 4937 3562 5006 gentium

1970 5036 2102 5092 bella
2157 5031 2389 5088 crudelia
2437 5039 2646 5093 narrat,
2693 5046 2810 5102 qute
2863 5031 3164 5102 premebant
3228 5029 3560 5104 Hispaniam.

1969 5129 2106 5200 Quid
2139 5127 2208 5182 de
2237 5126 2446 5182 Joanne
2472 5121 2770 5178 Viclarensi
2801 5123 2997 5189 dicam,
3027 5133 3213 5192 postea
3245 5122 3564 5178 Getunden-

1967 5225 2010 5279 si
2045 5221 2303 5289 episeopo
2329 5259 2344 5283 ,
2374 5213 2466 5286 qui
2499 5228 2820 5285 prostterum
2869 5222 2924 5268 ct
2975 5211 3251 5269 Victorem
3311 5211 3562 5284 pra-latos

1967 5314 2286 5372 continuare
2319 5307 2626 5376 promittit,
2661 5313 2713 5359 et
2735 5304 2997 5376 quidquid
3031 5305 3371 5374 postmodum
3424 5304 3561 5358 scri-

1970 5410 2066 5470 bit,
2094 5406 2159 5459 ad
2191 5400 2570 5471 llispaniarum
2603 5397 2812 5455 Gothos
2858 5412 3015 5468 reges
3059 5408 3311 5469 spectat,
3365 5396 3563 5452 Liuba-

1966 5517 2113 5568 nem,
2149 5491 2548 5565 Leovigildum,
2584 5501 2634 5548 et
2675 5489 3047 5555 Recaredum;
3081 5502 3135 5547 et
3177 5489 3446 5561 praecipue
3495 5488 3561 5543 ad

1967 5591 2337 5664 Lcovigldum
2372 5630 2388 5657 ,
2449 5586 2605 5658 cujus
2658 5602 2793 5657 pene
2846 5595 3037 5644 cuncta
3090 5596 3239 5656 gesta
3295 5585 3563 5639 brevitate

1967 5687 2359 5757 Clu-otiologica
2393 5678 2750 5753 perstringit?
2780 5677 2884 5734 Sed
2915 5689 2969 5734 et
2999 5677 3343 5734 Marcellinus
3377 5692 3565 5735 comes

1970 5779 2284 5838 Cltronicon
2316 5772 2631 5848 llieronytni
2664 5773 3096 5839 cominuaturus,
3131 5769 3426 5831 Orientalis
3455 5772 3568 5830 lm-
