4032 6340
420 307 519 371 39-
666 340 673 343 λ
1316 296 1617 365 FLAVIUS
1656 295 1905 362 LUCIUS
1946 291 2235 358 DEXTER
2273 289 2806 354 CUROXOLOGUS.
3650 285 3723 345 ιο

420 428 555 500 perii
580 422 836 485 historias
858 421 1051 495 majori
1080 437 1149 481 ex
1178 430 1333 495 parte
1360 465 1374 488 ,
1406 431 1465 477 ut
1501 432 1629 492 pote
1679 418 2017 493 lllyriciaous
2046 422 2090 480 Α
2122 430 2235 471 sem
2294 424 2595 470 extractum
2652 412 2837 470 Dextri
2896 409 3307 485 reperiebatur,
3352 411 3725 484 magnitudine

421 522 804 595 prosequitur;
827 520 972 593 qttod
1005 519 1105 575 fuit
1135 519 1188 575 in
1217 533 1382 574 causa
1408 527 1467 573 ut
1499 516 1553 572 in
1586 514 1853 586 prommio
1875 513 2022 568 dice-

430 623 515 671 ret
540 632 555 671 :
588 612 704 686 Ego
728 629 847 669 vero
878 613 1098 686 simplici
1121 611 1393 668 dumtaxat
1420 608 1821 680 computatione,
1840 605 2027 661 Orien-

425 704 529 761 tale
552 714 756 761 tantum
785 715 994 761 secutus
1027 703 1334 777 Imperium.
1368 702 1588 773 ludigne
1625 702 1790 771 igitur
1823 703 2025 756 Dextro

422 798 702 869 obiicitur,
735 798 882 871 quod
914 801 967 854 in
991 798 1155 855 rebus
1185 813 1301 855 sua:
1333 808 1522 869 patria:
1551 794 1877 851 annotandis
1899 810 2026 864 spe-

425 894 549 950 ciali
583 894 887 951 intentione
908 908 970 950 se
996 891 1291 962 dill'uderit,
1323 905 1446 948 cum
1494 891 1709 948 cmtcris
1757 889 1897 947 idem
1951 889 2028 944 fac

402 986 694 1045 ‘cientibus
722 988 855 1045 vitio
887 1003 997 1044 non
1024 997 1290 1046 vertatur.
1334 985 1650 1054 Quinimmo
1690 985 1908 1057 plurimi
1949 984 2029 1041 fa-

426 1082 680 1140 ciendum
713 1092 862 1141 esset
888 1127 902 1149 ,
926 1093 980 1140 et
1019 1099 1127 1139 non
1156 1082 1350 1140 leviter
1403 1081 1511 1137 illis
1557 1065 1718 1138 laudi.
1750 1080 1984 1137 dandum
2012 1120 2028 1147 ,

429 1176 574 1249 quod
605 1178 972 1250 unusquisque
1000 1162 1182 1233 rerum
1212 1191 1433 1232 suarum
1462 1176 1708 1231 notitiam
1735 1175 2027 1248 specialem

382 1348 385 1351 Δ
433 1269 590 1326 nobis
611 1269 895 1337 donarint;
931 1279 989 1326 ct
1016 1270 1160 1340 quod
1193 1270 1246 1325 in
1285 1270 1351 1324 iis
1393 1283 1453 1325 se
1501 1268 1824 1326 diﬂ'uderint
1853 1310 1870 1336 ,
1908 1284 2030 1340 qua:

428 1364 605 1437 magis
633 1374 912 1435 comperta
939 1362 1218 1421 habebant
1243 1405 1259 1429 ,
1310 1371 1368 1419 et
1405 1362 1459 1419 in
1488 1362 1686 1434 quibus
1708 1363 1887 1419 minus
1915 1373 2035 1419 erat

430 1457 651 1515 errandi
676 1457 1000 1530 periculum,
1043 1457 1315 1529 simulque
1347 1473 1461 1514 rem
1487 1460 1603 1513 suis
1632 1457 1801 1529 magis
1822 1467 2031 1530 gratam

436 1562 492 1609 et
522 1553 885 1609 necessariam
919 1553 1294 1623 praestabant,
1325 1563 1384 1607 ut
1422 1552 1788 1625 llieronymus
1825 1553 1893 1607 de
1926 1551 2036 1607 Eu-

435 1643 589 1702 sebio
608 1644 766 1702 dixit.
801 1645 937 1701 llinc
960 1647 1159 1701 factum
1191 1654 1294 1715 cst,
1321 1654 1378 1700 ut
1418 1644 1599 1718 (quod
1630 1647 1681 1700 in
1712 1644 1900 1701 codice
1931 1646 2035 1700 isto

433 1738 706 1812 videmus)
740 1739 947 1796 Dexter
971 1740 1214 1795 omnium
1246 1738 1360 1794 fere
1385 1737 1871 1794 Bareinonensium
1916 1737 2038 1809 epi-

2131 509 2445 579 volotninis,
2472 519 2524 563 et
2544 508 2904 579 quarumdam
2952 523 3133 563 rerum
3169 507 3437 564 relatione
3477 506 3728 562 nonnihil

2128 601 2456 672 discrepans
2480 601 2549 656 ab
2579 617 2643 657 co
2671 600 2816 673 quod
2845 590 3271 672 Ctesaraugustaa
3298 613 3556 656 excusum
3587 596 3726 665 fuit;

2126 696 2566 767 quandoquidem
2596 695 2911 766 priusquam
2940 694 3237 752 cuderetur
3260 736 3275 758 ,
3326 709 3435 748 non
3477 692 3731 748 omnibus

2128 798 2303 859 totus,
2334 799 2391 847 et
2442 791 2654 860 integer
2700 788 2871 844 codex
2911 786 3450 852 eommunicabatur,
3491 785 3585 841 sed
3633 800 3733 854 per

2128 897 2335 957 partes,
2360 885 2515 955 juxta
2540 883 2781 955 cujusvis
2808 884 3142 939 voluntatem
3174 894 3229 939 et
3254 881 3599 938 devotionem
3625 896 3641 947 ;
3675 888 3732 936 ct

2129 977 2379 1035 nonnulli
2408 993 2509 1049 pro
2539 977 2693 1033 libito
2717 992 2816 1034 suo
2844 976 3157 1033 Chronicon
3180 975 3555 1044 dimidiabant,
3586 973 3733 1047 quod

2131 1087 2238 1128 non
2288 1072 2468 1128 omnia
2524 1072 2579 1128 in
2624 1087 2691 1128 eo
2749 1083 3008 1129 contenta
3057 1071 3125 1127 ad
3173 1086 3293 1129 rem
3343 1085 3498 1127 suam
3551 1069 3733 1126 facere

2131 1163 2379 1220 viderant
2411 1182 2424 1219 :
2458 1174 2515 1220 et
2543 1162 2646 1219 hoc
2676 1176 2835 1236 pacto
2856 1180 2964 1221 nou
2995 1178 3200 1237 paucos
3235 1177 3457 1221 errores
3485 1162 3734 1217 involve-

2132 1256 2284 1325 bant,
2306 1257 2398 1329 qui
2422 1256 2628 1313 Dextro
2649 1258 2717 1312 ab
2735 1257 2855 1313 aliis
2882 1258 3243 1328 imputantur.
3266 1256 3473 1312 Horum
3501 1255 3733 1311 alterum

2131 1348 2238 1406 fuit
2265 1358 2579 1407 extractum
2603 1350 2736 1405 illud
2767 1367 2796 1403 a
2837 1339 3185 1422 Segorbiensi
3221 1350 3482 1421 episcopo
3525 1348 3737 1405 exscri-

2135 1455 2283 1517 ptum
2317 1461 2333 1500 :
2377 1444 2430 1500 in
2470 1461 2581 1516 quo
2609 1445 2964 1501 vehementer
3013 1443 3337 1516 quihusdam
3384 1440 3730 1513 displicebat,

2134 1540 2278 1612 quod
2309 1541 2366 1597 S.
2402 1539 2692 1595 Pacianum
2743 1538 2930 1595 Dextri
2972 1548 3254 1611 parentem
3287 1537 3620 1593 successis~e
3651 1534 3741 1591 di-

2135 1641 2282 1690 ceret
2325 1632 2382 1689 S.
2417 1631 2622 1689 Severo
2650 1633 2908 1704 episcopo
2940 1631 3356 1694 Bareinonensi,
3390 1640 3446 1688 et
3479 1629 3736 1703 martyri,

2135 1727 2228 1793 qui
2271 1736 2449 1781 tamen
2498 1741 2642 1781 anno
2698 1726 2915 1781 Domini
2966 1727 3074 1783 285
3130 1727 3285 1782 initio
3343 1725 3745 1799 persecutionis

440 1848 732 1906 scoporum
757 1835 954 1891 sericm
982 1843 1302 1904 prosecutus
1336 1833 1411 1889 sit
1436 1876 1451 1901 ,
1482 1842 1672 1906 utpote
1699 1848 1835 1905 quos
1863 1835 2035 1906 magis

2147 1817 2455 1874 Diocletiani
2481 1830 2775 1873 coronatus
2799 1827 2884 1873 est
2909 1834 2924 1874 :
2947 1817 3213 1874 Pacianus
3242 1832 3374 1874 vero
3403 1817 3589 1872 ﬂoruit
3614 1825 3744 1888 post

438 1937 604 1985 notos
630 1925 890 1992 habebat,
923 1926 1115 1998 patria}
1140 1940 1254 1982 sum
1280 1925 1556 1983 antistites
1581 1970 1594 1989 ,
1621 1935 1678 1982 et
1705 1928 1819 1982 suis
1841 1942 2034 1983 eorum

439 2023 676 2092 prepriis
701 2022 860 2077 annis
880 2020 1139 2078 meminit
1164 2061 1179 2084 ,
1210 2018 1264 2075 id
1295 2030 1415 2086 est,
1444 2019 1503 2077 S.
1540 2019 1759 2076 Eusebii
1786 2019 2036 2090 discipuli

437 2112 498 2170 S.
526 2111 715 2170 Jacobi
741 2112 999 2181 apostoli,
1032 2122 1080 2168 et
1113 2110 1263 2168 sedis
1290 2112 1437 2167 illius
1465 2112 1748 2173 erectoris,
1774 2111 1834 2168 S.
1860 2111 2039 2167 Theo-

436 2204 599 2272 dosii,
623 2204 747 2261 Auli
780 2204 1040 2269 Victoris,
1069 2203 1222 2260 Lucii
1249 2247 1265 2268 ,
1292 2202 1467 2260 Fnltae
1491 2244 1507 2267 ,
1538 2205 1819 2275 utriusque
1849 2204 2039 2261 Severi

439 2297 911 2374 martyris,‘Aviti,
943 2295 1298 2363 Mademarii,
1326 2296 1386 2352 S.
1423 2295 1676 2363 Paciani,
1718 2295 1942 2368 Emilae,
1985 2307 2040 2354 et

439 2394 746 2467 Lampadii,
769 2397 860 2466 qui
891 2410 991 2451 suo
1024 2396 1257 2453 ﬂorebat
1277 2406 1526 2468 tempore
1560 2412 1573 2451 :
1619 2411 1745 2451 cum
1773 2405 1956 2450 tamen
1985 2393 2039 2449 in

442 2487 564 2544 aliis
588 2487 812 2546 sedibus
844 2490 1070 2546 minime
1096 2489 1147 2545 id
1178 2491 1470 2546 observet:
1501 2503 1608 2543 una
1633 2498 1858 2559 excepta
1883 2487 2043 2543 Tole-

441 2590 591 2648 tana,
622 2584 778 2652 cujus
808 2597 1031 2654 propter
1057 2582 1324 2654 primatus
1369 2580 1789 2654 prterogzttivam
1830 2579 2043 2651 cpisco-

441 2691 544 2749 pos
563 2691 754 2732 omnes
783 2688 1090 2733 enumerat.
1129 2676 1186 2733 In
1226 2678 1371 2734 serie
1406 2676 1775 2733 Romanorum
1827 2674 2044 2745 pontifi-

443 2783 590 2833 cum.
615 2780 670 2826 et
702 2772 1094 2840 imperatorum
1119 2771 1403 2843 signanter
1429 2772 1555 2843 (hoc
1584 2785 1799 2842 quoque
1827 2770 1875 2823 ei
1899 2768 2042 2838 obji-

444 2863 736 2931 ciebatur)
792 2866 864 2918 ita
921 2878 981 2919 se
1007 2864 1146 2935 gerit
1179 2905 1195 2927 ,
1251 2873 1312 2919 ut
1358 2880 1466 2919 non
1517 2878 1707 2918 omnes
1738 2862 1845 2917 illis
1888 2862 2046 2917 annis

445 2955 706 3023 ascribat,
739 2955 935 3024 quibus
959 2955 1098 3011 inire
1128 2964 1415 3026 cmperunt
1436 2954 1730 3024 dignitates
1766 2969 1916 3021 suas,
1949 2953 2045 3009 sed

424 3047 740 3103 ’multol'um
782 3048 942 3102 simul
995 3051 1378 3104 successiones
1427 3048 1709 3118 assignet,
1757 3046 2043 3117 inquiens,

447 3141 683 3215 Augusto
705 3136 961 3209 Tiberius,
990 3138 1198 3196 Tiberio
1229 3139 1410 3211 Caius,
1436 3136 1563 3195 Caio
1585 3126 1858 3202 Claudius,
1890 3136 2046 3193 Clau-

448 3206 554 3288 dio.
568 3230 713 3289 Nero
735 3206 965 3288 succedit
995 3248 1012 3287 :
1043 3248 1162 3298 seu,
1192 3234 1245 3288 in
1275 3206 1405 3289 sede?
1424 3231 1568 3287 Petri
1595 3232 1825 3287 succedit
1847 3230 2048 3303 Zeplte-
2076 3206 2122 3270 (ἶ

446 3326 564 3381 riuo
597 3322 856 3394 Calixtus,
887 3322 1093 3383 Calixto
1120 3338 1290 3382 autem
1320 3324 1595 3395 Urbanus,
1642 3325 1851 3381 Urbano
1901 3323 2050 3380 Pon-

448 3420 652 3491 tianus,
699 3419 753 3476 id
783 3430 963 3477 tamen
996 3419 1063 3476 ad
1114 3420 1246 3479 illud
1292 3436 1463 3492 usque
1512 3433 1722 3491 tempus
1766 3418 1929 3487 fecit,
1984 3434 2052 3475 ne

449 3523 631 3572 actum
659 3524 873 3587 ageret,
904 3530 1014 3586 quo
1037 3514 1281 3581 Eusebii,
1316 3525 1371 3570 et
1399 3513 1712 3584 Hieronymi
1742 3510 2049 3568 Clironicon

452 3609 730 3680 pertingit,
759 3607 810 3663 id
837 3619 944 3674 est,
969 3606 1037 3662 ad
1060 3623 1262 3662 annum
1290 3606 1505 3661 Domini
1539 3604 1681 3672 380,
1721 3603 1865 3674 quod
1903 3604 2053 3659 vide-

450 3700 578 3758 licet
607 3699 677 3755 ab
705 3700 806 3768 eis,
837 3700 952 3757 suis
976 3700 1109 3756 locis
1139 3707 1319 3755 actum
1345 3699 1397 3754 id
1430 3697 1637 3762 fuerat;
1681 3697 1732 3752 ilt
1767 3700 2051 3767 sequenti-

449 3796 746 3854 busautem
763 3796 1037 3868 sigillatim
1057 3797 1442 3868 imperatorum
1457 3802 1513 3850 et
1533 3794 1844 3865 pontificum
1890 3792 2050 3849 Rom.

451 3888 587 3947 locis
612 3888 814 3946 debitis
836 3888 1103 3954 meminit,
1136 3898 1197 3945 ut
1223 3889 1274 3944 ili
1303 3889 1492 3946 codice
1520 3886 1704 3943 videre
1731 3896 1837 3943 est.

526 3982 695 4051 Quale
737 3991 918 4038 autem
966 3989 1344 4053 argumentum
1392 3978 1520 4035 illud
1576 3989 1695 4045 est,
1746 3977 2050 4035 Chronicon

453 4073 593 4131 istud
621 4074 765 4147 quod
795 4082 973 4130 exstat
1002 4071 1193 4146 incipit
1213 4089 1242 4127 a
1269 4068 1487 4128 Christo
1510 4071 1760 4139 Domino,
1779 4080 1958 4126 etnon
1985 4068 2055 4124 ah

454 4167 590 4224 orbe
619 4165 839 4223 condito
868 4208 884 4233 ,
932 4182 1063 4237 ergo
1114 4177 1331 4221 nonest
1384 4164 1711 4220 omnimodae
1761 4162 2054 4219 Historiaa‘?

455 4260 610 4333 quasi
633 4274 702 4317 ex
750 4257 969 4316 defectu
1013 4256 1253 4325 codicis,
1299 4258 1389 4329 qui
1435 4254 1774 4313 dimidiatum
1818 4257 2053 4313 auctoris

457 4369 599 4425 opus
624 4353 905 4409 dumtaxat
926 4350 1182 4419 habebat,
1210 4350 1454 4407 defectus
1480 4351 1717 4407 auctoris
1746 4351 1897 4421 argui
1929 4365 2055 4421 pos-

457 4457 560 4503 set.
586 4446 732 4503 Sane
759 4445 803 4501 si
826 4446 1163 4516 suppositum
1192 4451 1363 4510 esset,
1386 4452 1443 4499 ct
1468 4443 1537 4501 de
1561 4444 1722 4499 rebus
1742 4456 1869 4499 ante
1893 4443 2055 4499 Chri-

455 4545 600 4595 stum
642 4545 826 4593 natum
858 4537 993 4593 nihil
1034 4536 1279 4593 scribere
1309 4536 1511 4592 libebat
1544 4577 1560 4603 ,
1611 4552 1948 4608 nequaquam
1999 4537 2050 4592 in

2138 1918 2357 1966 centum
2390 1924 2584 1977 annos,
2612 1910 2823 1967 scilicet
2848 1925 2991 1966 anno
3021 1907 3131 1967 584
3156 1926 3173 1970 :
3197 1909 3344 1983 quod
3370 1913 3414 1966 si
3439 1925 3625 1966 verum
3651 1923 3741 1965 es-

2139 2014 2244 2071 set,
2272 2003 2444 2073 aiunt,
2480 2004 2585 2059 iste
2629 2018 2802 2060 novus
2847 2003 3057 2060 Dexter
3099 2003 3392 2075 ipsummet
3438 2002 3743 2074 genitorem

2139 2114 2294 2156 suum
2328 2116 2434 2154 non
2463 2110 2805 2171 agnosceret.
2850 2098 2958 2157 Sed
2991 2098 3283 2156 manifesta
3308 2098 3746 2172 mquivitcatiolte

2142 2195 2395 2252 laborant
2423 2195 2480 2251 S.
2513 2194 2740 2263 Severi;
2776 2194 2894 2266 ejus
2937 2198 3137 2253 etenim
3187 2196 3424 2251 nominis
3454 2195 3564 2252 duo
3594 2195 3746 2251 luere

2141 2289 2577 2347 Barcinoneuses
2599 2290 2867 2360 episcOpi,
2913 2290 3074 2345 ambo
3117 2301 3409 2363 martyres,
3445 2289 3541 2345 sed
3576 2289 3667 2345 ille
3711 2305 3743 2344 a

2117 2386 2457 2475 .gentilibus,
2491 2385 2592 2442 sub
2623 2386 2957 2442 Diocletiano
3000 2401 3145 2442 anno
3192 2386 3406 2442 Domini
3452 2385 3563 2441 283
3595 2425 3611 2447 ,
3659 2383 3751 2439 hic

2116 2498 2277 2539 .vero
2306 2482 2375 2537 ah
2408 2481 2624 2538 Arianis
2653 2497 2843 2552 passus
2889 2481 2987 2537 fuit
3015 2496 3162 2538 anno
3188 2481 3318 2548 5‘52,
3348 2490 3404 2536 et
3456 2481 3747 2551 utriusque

2145 2573 2391 2631 meminit
2424 2577 2538 2647 ipse
2564 2576 2762 2631 Dexter
2793 2593 2808 2630 :
2842 2576 2998 2645 cujus
3032 2585 3188 2647 pater
3217 2578 3362 2632 hunc
3386 2574 3750 2646 posteriorem

2145 2678 2368 2723 secutus
2393 2677 2477 2723 est
2506 2668 2558 2722 in
2588 2668 2751 2738 Sene,
2783 2676 2840 2723 ct
2869 2668 3053 2724 forsan
3089 2683 3197 2724 non
3236 2667 3569 2724 immediate.
3618 2666 3756 2722 Mul-

2148 2763 2218 2816 tis
2273 2761 2633 2817 nihilominus
2679 2763 3191 2819 inconvenientiLus
3239 2761 3555 2831 subjacebat
3602 2771 3754 2817 trun-

2145 2864 2268 2911 cata
2302 2854 2392 2909 illa
2425 2854 2631 2911 codicis
2669 2854 2856 2931 Dextri
2906 2855 3288 2925 transumptio,
3320 2868 3441 2925 qua:
3487 2855 3540 2909 in
3589 2867 3756 2909 excu-

2148 2949 2301 3007 sione
2328 2949 2520 3021 integri
2554 2949 2807 3003 (throuici
2839 2961 3216 3005 cessaverunt.
3728 3006 3743 3013 ιγ

2221 3044 2302 3101 Ad
2330 3046 2551 3100 tertium
2604 3044 2946 3114 objectorum
2980 3054 3143 3113 caput
3166 3041 3497 3100 reducuntur
3533 3060 3594 3099 ea
3626 3059 3749 3116 qua:

2153 3137 2438 3193 historiam
2467 3137 2639 3208 ipsam
2660 3146 3018 3205 concernunt,
3053 3138 3220 3192 multa
3249 3134 3518 3208 siquidem
3547 3135 3749 3208 (aiunt)

2154 3249 2185 3289 a
2226 3234 2455 3289 veritate
2482 3238 2660 3290 aliena
2691 3234 2744 3289 in
2773 3250 2833 3290 ea
2861 3244 3021 3301 sunt,
3068 3250 3175 3289 non
3233 3248 3400 3304 pauca
3443 3232 3749 3289 incredibi-

2156 3329 2247 3399 lia,
2279 3340 2334 3385 et
2362 3330 2497 3385 ultra
2528 3346 2745 3384 omnem
2778 3332 3072 3385 humanam
3102 3329 3284 3384 fidem.
3311 3327 3523 3395 Quibus
3552 3342 3654 3399 ego
3684 3326 3753 3382 il-

2154 3422 2244 3479 lud
2268 3425 2533 3495 imprimis
2557 3424 2892 3493 respondere
2915 3438 3159 3494 possem,
3182 3420 3332 3492 quod
3352 3419 3754 3477 detractoribus

2154 3517 2449 3574 Eusebiani
2478 3516 2734 3574 Cbronici
2764 3518 3151 3589 Hieronymus,
3181 3512 3457 3569 Dictorum
3481 3513 3637 3586 ﬁdem
3658 3528 3752 3568 suo

2154 3614 2356 3669 auctori
2383 3614 2688 3687 assignant,
2721 3622 2775 3667 et
2818 3620 3084 3683 praetcrea
3140 3624 3246 3666 non
3292 3623 3418 3665 esse
3468 3617 3751 3663 auctorem

2154 3705 2325 3776 hunc,
2350 3720 2405 3762 et
2435 3720 2574 3777 Opus
2603 3706 2658 3759 in
2694 3705 2958 3775 Catalogo
2996 3701 3398 3759 Canonicarum
3441 3698 3751 3772 Scriptura-

2154 3816 2273 3856 rum
2328 3809 2608 3870 receptum
2636 3840 2651 3865 ,
2708 3804 2766 3853 et
2804 3797 3010 3853 idcirco
3061 3796 3256 3851 mirtnn
3292 3808 3399 3849 non
3425 3807 3548 3849 esse
3577 3793 3621 3847 si
3653 3790 3756 3846 ali-

2154 3892 2370 3965 quando
2394 3908 2423 3947 a
2451 3892 2681 3947 veritate
2731 3888 2994 3955 deficiat;
3044 3902 3148 3945 nec
3193 3886 3522 3944 modernum
3552 3900 3566 3952 ;
3600 3891 3660 3940 ut
3688 3897 3750 3939 ea

2156 3987 2269 4044 sola
2293 3986 2585 4053 scriberet,
2627 4000 2747 4057 qua:
2794 3983 2959 4039 modo
3005 3982 3154 4039 inter
3201 3981 3448 4052 vulgatos
3502 3985 3756 4034 auctores

2157 4090 2373 4152 recrpta
2408 4090 2531 4136 sunt
2562 4097 2574 4133 :
2600 4081 2731 4151 quin
2768 4077 2948 4149 potius
2995 4091 3061 4132 ex
3089 4092 3156 4132 co
3182 4074 3480 4146 antiquitas
3510 4070 3755 4129 auctoris

2156 4172 2447 4229 manifeste
2488 4172 2855 4237 convincitur,
2909 4168 3054 4239 quod
3082 4168 3331 4238 qua'dam
3383 4167 3541 4223 aliter
3589 4179 3753 4238 quam

2157 4281 2301 4321 nunc
2326 4265 2621 4322 credantur
2658 4261 2882 4317 scribat.
2913 4261 2991 4316 Ex
3017 4276 3085 4316 eo
3122 4261 3288 4332 igitur
3311 4259 3458 4331 quod
3502 4259 3558 4314 in
3612 4271 3753 4313 non-

2158 4359 2322 4413 nullis
2354 4357 2495 4412 forte
2533 4355 2783 4424 deficiat,
2844 4368 2951 4410 non
3002 4362 3153 4410 recte
3202 4352 3455 4418 infertur,
3511 4351 3676 4407 alium
3722 4364 3755 4405 tt

2160 4452 2362 4508 Dextro
2391 4448 2645 4506 Chrouiei
2673 4449 2833 4517 hujus
2875 4456 3155 4503 auctorem
3204 4443 3373 4500 fuisse
3402 4490 3417 4515 ,
3474 4443 3570 4500 sed
3597 4442 3754 4499 dunt-

2159 4556 2329 4613 taxat,
2358 4560 2463 4600 non
2489 4559 2614 4599 esse
2641 4542 2835 4598 librum
2881 4540 3221 4597 Canonicnm
3248 4578 3263 4604 ,
3308 4548 3369 4593 ut
3414 4537 3551 4593 disi.
3613 4535 3755 4591 Vere

458 4633 682 4705 prologo
704 4631 976 4688 diceretur
998 4630 1200 4686 Dexter
1224 4629 1292 4685 ab
1314 4630 1448 4686 orbe
1501 4604 1723 4685 condito
1774 4604 1940 4701 usque
1985 4630 2052 4685 ad
2082 4604 2346 4695 Dtamen
2377 4636 2511 4694 nihil
2562 4634 2906 4701 incredibile,
2957 4632 3095 4689 nihil
3150 4620 3516 4703 improbabile
3565 4637 3756 4685 auctor

460 4741 556 4782 sua
580 4736 822 4797 tempora
844 4722 1126 4779 historiam
1152 4722 1419 4791 texuisse,
1448 4722 1543 4779 sed
1566 4727 1744 4794 potius
1768 4724 2054 4793 scripsisse

456 4818 738 4874 historiam
764 4831 795 4873 a
827 4824 958 4872 nato
985 4815 1252 4881 Domino;
1285 4830 1406 4870 nam
1433 4814 1499 4870 ad
1522 4815 1651 4870 illud
1674 4814 2053 4880 asserendum,

460 4910 771 4983 Hieronymi
799 4919 891 4969 aut
916 4908 1148 4965 alterius
1187 4906 1474 4979 scriptoris
1514 4907 1736 4963 minime
1766 4924 1868 4963 nos
1895 4923 2055 4979 coge-

457 5003 549 5061 bat
574 5005 901 5071 auctoritas;
930 5002 1105 5061 solum
1138 5002 1407 5075 siquidem
1431 5003 1508 5058 ait
1528 5003 1639 5072 ille,
1665 4998 1858 5058 Fertur
1885 5004 1954 5057 ad
1977 5019 2056 5057 me

444 5096 808 5173 ‘onmimodatn
837 5092 1130 5175 Historiam
1159 5096 1403 5152 texuisse.
1434 5093 1569 5151 Cum
1585 5095 1834 5152 autemid
1857 5095 1909 5150 in
1928 5111 2055 5166 pro-

456 5189 582 5261 logo
611 5195 913 5255 asseratur,
939 5197 995 5246 et
1023 5190 1077 5244 in
1119 5189 1225 5244 isto
1250 5188 1442 5244 codice
1492 5187 1691 5244 veteris
1722 5186 2056 5244 Testamenti

458 5284 688 5343 lt'storia
718 5281 1264 5349 deficiat,manifeste
1311 5281 1555 5338 innititur
1602 5282 1839 5354 priorem
1877 5280 2051 5338 Chro-

459 5377 567 5435 ιιἰυί
600 5385 809 5449 partem
844 5376 911 5433 ab
942 5375 1076 5432 orbe
1099 5374 1323 5432 condito
1366 5389 1542 5445 usque
1580 5374 1647 5428 ad
1678 5372 1921 5429 Natalem
1954 5374 2054 5430 Do-

456 5472 591 5529 mini
646 5471 933 5528 historiam
981 5470 1354 5526 continentem
1386 5512 1401 5538 ,
1438 5467 1508 5524 ab
1537 5467 1874 5539 exsct‘iptore
1906 5467 2052 5523 illius

457 5565 716 5621 omissam
771 5562 973 5634 fuisse,
1006 5578 1129 5636 qua:
1176 5574 1360 5618 tamen
1405 5561 1460 5617 in
1509 5561 1768 5632 Originali
1813 5560 2052 5616 auctoris

456 5666 578 5716 erat.
621 5677 633 5712 :
677 5666 773 5713 aut
802 5657 987 5714 forsan
1032 5658 1086 5713 in
1114 5656 1223 5713 alio
1245 5656 1522 5712 volumine
1553 5656 1880 5726 transcripta
1912 5655 2008 5710 fuit
2031 5699 2048 5724 ,

457 5765 579 5826 qua:
613 5751 874 5810 hactenus
902 5751 1154 5809 notitiam
1189 5759 1432 5806 nostram
1466 5748 1672 5822 ell‘ugit.
1697 5749 1805 5806 Nec
1832 5764 2051 5807 movere

455 5859 781 5929 quemquam
812 5848 1007 5919 debet,
1034 5842 1178 5922 quod
1208 5844 1348 5922 apud
1380 5845 1693 5921 episcopum
1725 5842 2051 5924 Segorbien-

2158 4733 2374 4800 asserit,
2408 4741 2903 4803 quantumcmnque
2929 4727 3151 4797 quidam
3194 4723 3557 4781 vociferantes
3606 4722 3757 4778 relu-

2158 4835 2379 4880 ctcntnr
2409 4844 2423 4880 :
2458 4824 2627 4878 multa
2664 4822 2811 4877 enim
2856 4819 3167 4889 objiciunt,
3228 4817 3344 4873 sive
3389 4816 3458 4872 de
3503 4814 3753 4886 epistolis

2156 4918 2368 4985 Jacobi,
2392 4926 2447 4973 et
2472 4916 2624 4973 Pauli
2651 4915 2719 4971 ad
2751 4914 3029 4978 I'lebrtcos,
3058 4925 3180 4983 qua:
3206 4911 3272 4965 ad
3303 4910 3568 4980 Hispanos
3597 4907 3756 4963 dum-

2163 5019 2318 5067 taxat
2347 5011 2399 5064 in
2431 5011 2535 5065 hoc
2561 5008 2752 5065 codice
2778 5011 2999 5076 scriptae
3031 5004 3319 5069 dicuntur,
3350 5011 3408 5058 et
3447 5001 3540 5057 illa
3584 5014 3615 5054 a
3662 5000 3754 5057 Ja-

2159 5105 2298 5162 cobo
2323 5102 2601 5170 Zcbedaei,
2632 5111 2832 5174 prtetcr
2852 5114 3197 5156 communem
3232 5098 3527 5155 Doctorum
3562 5095 3753 5154 existi-

2160 5197 2451 5252 mationem
2488 5194 2638 5250 :sive
2663 5193 2731 5250 dc
2762 5190 3192 5248 Centurionibns
3219 5189 3567 5259 Evangelicis
3587 5231 3603 5256 ,
3659 5187 3751 5258 qui

2159 5290 2213 5345 in
2245 5288 2499 5359 Hispania
2542 5288 2654 5342 nati
2687 5285 3045 5343 referuntur:
3079 5286 3194 5342 sive
3245 5285 3314 5342 de
3364 5282 3751 5356 praedicatione

2158 5392 2216 5441 et
2268 5383 2554 5455 discipulis
2610 5380 2856 5451 ejusdem
2904 5382 2962 5437 S.
2994 5380 3228 5438 Jacobi:
3260 5385 3379 5437 sive
3426 5379 3494 5435 de
3547 5377 3750 5435 Judzcis

2161 5478 2414 5548 llispanis
2440 5474 2663 5531 minime
2693 5478 2744 5529 in
2773 5474 2976 5532 Christi
3002 5483 3235 5533 mortem
3283 5487 3566 5531 assensum
3615 5485 3753 5543 pra:-

2158 5567 2603 5626 benlibuszsive
2660 5566 2896 5638 denique
2952 5567 3021 5623 de
3049 5566 3174 5623 aliis
3233 5567 3507 5623 sexcentis
3563 5565 3747 5631 rebus,

2160 5678 2281 5736 qua:
2331 5672 2426 5718 aut
2479 5660 2673 5725 falsaz,
2725 5673 2817 5717 aut
2874 5660 3226 5718 incredibiles
3272 5665 3598 5730 reputantur
3627 5674 3641 5712 :
3673 5657 3754 5712 eis

2157 5771 2287 5813 vero
2307 5755 2396 5810 'ad
2426 5757 2644 5827 plenum
2668 5754 2955 5826 speciatim
2982 5752 3296 5811 satisfacere
3316 5754 3382 5807 ad
3407 5754 3756 5807 Commenta-

2162 5850 2274 5910 rios
2303 5856 2519 5906 noslros
2549 5848 2808 5924 pertinet,
2838 5846 2927 5905 ubi
2960 5846 3386 5929 uniuscujusque
3407 5844 3603 5905 asserti
3632 5843 3753 5904 futt-
