4032 6340
193 364 268 425 ll
1191 385 1198 400 ·
1345 355 1664 424 CHRONICI
1701 358 1963 422 DEXTRI
1999 358 2365 424 APOLOGIA.
3431 365 3504 428 42

191 483 457 540 damenta
479 479 678 540 diffuse
702 480 834 539 satis
862 477 1235 553 explicantur,
1260 486 1314 536 et
1341 494 1462 552 quae
1490 481 1546 536 in
1577 490 1798 537 contra-
1829 481 1880 543 A
1907 483 2289 552 apostolicum,
2318 480 2480 554 quale
2506 488 2590 538 est
2612 479 2768 548 illud,
2813 476 2882 538 de
2906 495 3015 554 quo
3041 496 3107 539 eo
3149 476 3255 541 loci
3295 483 3504 543 Dextro

190 575 344 633 rium
374 576 603 646 faciunt,
640 575 1029 633 retunduntur.

271 669 493 726 Instant
521 668 883 725 nihilominus
909 667 1243 736 adversarii,
1304 667 1554 739 quadam
1605 665 1661 722 in
1718 663 1806 721 his

192 762 496 820 Chronicis
538 763 773 834 reperiri
809 762 1010 818 Dextro
1047 761 1349 818 recentiora
1377 803 1393 827 ,
1451 769 1512 816 ut
1549 758 1695 831 quod
1737 757 1807 815 de

194 856 345 913 festo
377 856 745 913 immaculata:
771 854 1159 927 Coneeptionis
1182 855 1516 911 mentionem
1548 853 1711 908 faciat
1737 851 1804 908 ad

197 967 410 1009 annum
445 951 663 1008 Domini
684 951 815 1018 508,
849 967 972 1008 eum
1005 960 1188 1007 tamen
1221 951 1383 1022 lippis
1413 957 1471 1006 et
1493 947 1805 1006 tonsoribus

194 1054 440 1111 constet,
473 1054 600 1101 ante
629 1061 833 1100 annum
865 1044 1006 1100 1100
1051 1058 1317 1115 nusquam
1362 1043 1602 1114 gentium
1659 1041 1810 1112 ejus-

199 1137 348 1193 modi
378 1137 738 1195 festivitatem
781 1138 1112 1194 celebratam
1155 1135 1362 1192 fuisse:
1399 1145 1455 1192 et
1484 1135 1629 1206 quod
1673 1133 1809 1190 inibi

197 1228 267 1285 de
295 1229 498 1286 ordine
540 1228 938 1302 Augustiniano
981 1227 1243 1283 memoria
1289 1225 1412 1291 fiat,
1459 1242 1582 1282 cum
1627 1235 1808 1281 tamen

197 1339 376 1394 usque
408 1323 715 1380 addictum
744 1323 860 1380 fere
888 1323 1146 1380 saeculum
1201 1336 1304 1378 nec
1345 1336 1542 1377 nomen
1574 1319 1806 1384 ordinis,

200 1417 404 1473 nedum
435 1416 821 1488 Augustiniani
850 1416 902 1470 in
933 1429 1034 1471 usu
1065 1411 1254 1469 fuerit.
1309 1412 1532 1468 Addunt
1591 1410 1808 1466 tandem

199 1511 516 1567 inventorls
547 1509 798 1566 moderni
821 1509 1098 1581 ingenium
1123 1507 1180 1562 in
1219 1522 1287 1562 eo
1319 1521 1427 1562 non
1453 1520 1643 1577 parum
1689 1504 1811 1558 clu-

200 1618 350 1669 cere,
379 1603 527 1675 quod
576 1618 700 1660 cum
747 1602 1048 1659 multorum
1097 1610 1398 1672 martyrum
1451 1597 1677 1655 nomina
1725 1595 1812 1651 his

200 1697 490 1755 Chronicis
546 1698 876 1770 ingesserit,
925 1696 993 1753 de
1047 1695 1313 1752 industria
1365 1695 1488 1750 illos
1532 1694 1815 1748 dumtaxat

202 1789 428 1846 admisit
455 1791 550 1862 qui
580 1789 636 1845 in
666 1790 943 1847 veteribus
968 1789 1233 1846 Ecclesiae
1262 1786 1472 1843 tabulis
1531 1785 1656 1842 sine
1709 1799 1811 1840 no-

1912 591 2096 630 sermo
2127 582 2234 642 est,
2267 589 2375 630 non
2402 575 2503 631 fuit
2534 573 2602 630 de
2625 574 2997 646 Conceptione
3035 576 3250 646 passiva
3300 577 3504 649 ipsius,

1908 670 2005 726 sed
2036 671 2105 727 de
2125 673 2328 731 activa.
2358 671 2526 727 Multa
2556 670 2663 726 alia
2692 685 2861 742 super
2882 669 3072 727 eadem
3098 686 3158 727 re
3179 671 3420 728 dicemus
3447 674 3502 729 in

1909 763 2326 822 Commentariis
2354 766 2422 820 ad
2450 781 2572 822 eum
2597 765 2806 832 locum,
2837 778 2960 835 qua:
2991 773 3048 820 tu
3087 765 3341 823 consulas
3367 808 3383 835 ,
3429 766 3502 824 ad

1909 873 2110 915 annum
2149 859 2365 915 Domini
2398 860 2522 928 308,
2561 868 2854 917 comment.
2889 860 2943 914 1.

1981 952 2161 1008 Gratis
2190 953 2354 1008 etiam
2385 952 2610 1008 omnino
2635 952 2921 1019 asseritur,
2945 951 3014 1008 de
3043 951 3311 1009 industria
3336 952 3388 1008 iu
3420 953 3506 1010 his

1909 1043 2198 1100 Chronicis
2247 1044 2596 1100 intermixtos
2644 1043 2816 1100 fuisse
2861 1052 3130 1118 quotquot
3179 1060 3249 1101 ex
3289 1046 3506 1101 sanctis

1913 1137 2244 1210 Martyribus
2277 1138 2482 1208 absque
2510 1136 2746 1193 civitatis
2772 1139 2958 1208 patriae
2985 1139 3206 1195 nomine
3228 1139 3282 1194 in
3304 1146 3507 1210 marty-

1911 1232 2122 1303 rologio
2143 1231 2301 1286 Rom.
2322 1231 2703 1303 reperiuntur;
2727 1231 3169 1305 quandoquidem
3196 1235 3368 1288 multo
3391 1233 3510 1301 plu-

1913 1325 2080 1381 resin
2112 1325 2333 1382 eisdem
2351 1325 2548 1382 tabulis
2563 1335 2801 1389 exstant.
2825 1326 2891 1383 de
2911 1328 3107 1398 quibus
3139 1327 3190 1382 in
3217 1327 3321 1384 hoc
3339 1341 3510 1399 opere

1914 1419 2060 1475 nulla
2092 1418 2152 1474 ﬁt
2181 1419 2411 1487 mentio,
2437 1429 2496 1474 ut
2531 1420 2690 1475 facile
2713 1419 2893 1490 quivis
2924 1419 3323 1491 deprehendet,
3356 1420 3401 1476 si
3425 1421 3508 1476 le-

1914 1514 2337 1584 gatcatalogum
2371 1523 2683 1570 sanctorum
2717 1514 2808 1584 qui
2851 1514 3173 1584 supponitur
3223 1513 3391 1584 iudici
3429 1523 3510 1569 to-

1914 1607 2250 1679 pographico
2280 1608 2436 1662 Rom.
2469 1607 2868 1679 martyrologii,
2896 1606 3000 1662 sub
3049 1605 3227 1672 titulo,
3278 1606 3511 1661 Nomina

1919 1710 2241 1770 sanctorum,
2272 1718 2491 1771 quorum
2521 1703 2664 1756 locus
2695 1718 2726 1754 a
2756 1699 3128 1772 martyrologio
3151 1717 3256 1756 non
3301 1701 3510 1756 indica-

1918 1807 2003 1851 tur
2027 1814 2046 1853 :
2072 1806 2128 1854 et
2155 1812 2252 1853 eos
2283 1795 2530 1853 conferat
2560 1811 2682 1852 cum
2709 1795 2912 1851 sanctis
2941 1794 3031 1863 qui
3065 1794 3116 1849 in
3151 1793 3236 1848 his
3283 1793 3516 1850 Chroni—

203 1885 348 1940 mine
371 1883 529 1939 urbis
557 1892 650 1939 aut
677 1882 973 1952 provinciae
1001 1884 1320 1938 referuntur
1351 1898 1363 1933 :
1397 1895 1606 1950 eosque
1641 1877 1809 1934 certis
1840 1878 1890 1940 B
1917 1891 1998 1947 eis
2015 1889 2390 1946 οοηιίηθηιυιο,
2428 1887 2496 1945 Et
2519 1890 2640 1961 quis
2669 1887 2891 1954 credat,
2920 1887 3160 1958 aliquem
3203 1886 3272 1943 de
3315 1901 3517 1958 appro-

204 1977 480 2049 Hispania:
505 1977 731 2034 urbibus
758 1976 1192 2034 accommodavit
1223 1992 1239 2031 :
1273 1983 1329 2032 et
1363 1974 1652 2031 nonnullos
1674 1987 1810 2044 quo-

204 2088 313 2144 que
338 2074 435 2142 qui
453 2071 787 2144 Carthagine
813 2086 1050 2127 coronas
1072 2078 1426 2141 acceperunt,
1463 2084 1530 2125 ex
1560 2067 1812 2123 Africana

203 2167 273 2222 ad
306 2165 600 2237 llispanam
655 2165 916 2222 traduxit.

276 2259 549 2317 Neutrum
577 2268 760 2316 tamen
789 2264 1173 2332 argumentum
1201 2256 1481 2316 convincit
1506 2255 1809 2323 intentum;

203 2356 354 2426 quod
392 2354 539 2410 enim
573 2352 834 2410 nonnulla
865 2353 920 2407 in
949 2351 1036 2407 bis
1077 2351 1421 2422 reperiantur
1462 2350 1695 2404 fortasse
1725 2363 1814 2404 re-

204 2450 475 2515 centiora,
512 2462 676 2520 quam
723 2447 922 2502 Dexter
949 2445 1056 2514 sit,
1109 2459 1217 2500 non
1247 2443 1398 2499 illico
1444 2451 1612 2498 totum
1674 2457 1812 2512 Oplls

207 2541 588 2615 apocrypbum
620 2555 746 2598 esse
776 2539 1150 2605 convincitur;
1195 2552 1322 2594 cum
1350 2535 1497 2593 enim
1541 2551 1639 2608 per
1668 2534 1815 2590 mul-

210 2646 304 2690 tas
328 2633 669 2690 diversorum
694 2633 1023 2690 saeculorum
1055 2646 1248 2686 manus
1271 2637 1504 2686 tractum
1559 2630 1662 2696 sit,
1697 2627 1815 2684 lieri

208 2743 320 2786 non
350 2737 554 2800 potest,
588 2729 726 2800 quin
757 2727 826 2784 ab
849 2728 1034 2799 aliquo
1065 2725 1132 2782 ad
1172 2725 1472 2797 marginem
1497 2723 1738 2779 additum
1765 2723 1816 2778 ei

213 2821 398 2889 fuerit,
430 2820 659 2892 majoris
696 2819 1082 2891 explicationis
1131 2817 1341 2889 gratia;
1391 2816 1536 2887 quod
1573 2823 1818 2888 postmo-

209 2914 339 2970 dum
394 2915 452 2970 in
499 2922 704 2989 textum
761 2912 939 2983 ipsum
979 2912 1049 2966 ab
1092 2912 1212 2967 aliis
1242 2909 1520 2966 inductum
1571 2905 1816 2962 nonnihil

211 3008 556 3065 confusionis
601 3007 819 3077 pariat:
852 3019 1178 3077 quamquam
1219 3004 1269 3059 id
1320 3018 1541 3075 quoque
1571 3016 1600 3055 a
1633 2999 1818 3056 multis

210 3111 362 3156 retro
384 3099 545 3154 annis
562 3098 807 3154 additum
829 3112 951 3153 esse
981 3096 1051 3152 ab
1081 3095 1426 3158 Euthrando,
1453 3093 1542 3149 vel
1570 3092 1812 3158 Iuliano,

209 3204 270 3249 ut
297 3193 614 3261 minimum,
642 3192 890 3263 aliquove
932 3189 1192 3261 perducto
1233 3187 1490 3243 Fuldeusi
1521 3185 1817 3250 monacho,

1921 1983 2166 2055 priaudis
2221 1999 2337 2039 sute
2386 1982 2578 2055 patria:
2625 1982 2827 2038 sanctis
2858 1980 3060 2037 nullius
3091 1979 3292 2050 g(utita
3312 1979 3515 2052 dicam)

1918 2078 2195 2144 ditecesis,
2223 2089 2331 2133 tam
2360 2078 2582 2134 anxium
2611 2085 2668 2133 et
2693 2075 2988 2132 sollicitum
3023 2075 3226 2141 fuisse;
3251 2090 3412 2146 quem
3441 2083 3520 2150 tae

1917 2188 2043 2230 men
2096 2181 2313 2230 constat
2363 2172 2416 2228 in
2489 2170 2882 2228 enumerandis
2931 2169 3162 2240 vulgatis
3207 2168 3521 2226 defecisse?

1917 2267 2195 2335 Profecto,
2253 2266 2299 2323 si
2340 2264 2464 2336 quis
2516 2265 2620 2321 hoc
2679 2281 2796 2320 aevo
2847 2263 3156 2319 Cbronicon
3207 2276 3523 2332 supponere

1918 2362 2125 2418 Dextro
2153 2359 2447 2425 quivisset,
2481 2359 2638 2430 prius
2664 2357 2719 2413 in
2745 2374 2911 2413 unum
2959 2357 3218 2428 quaesitos
3248 2355 3522 2426 llispania:

1919 2457 2206 2528 evulgatos
2235 2464 2460 2511 sanctos
2491 2454 2758 2526 Martyres
2788 2453 2839 2508 in
2865 2452 2950 2508 his
2993 2452 3334 2520 inservissct,
3359 2465 3520 2522 quam

1921 2551 2128 2606 alienos
2148 2558 2204 2605 et
2232 2549 2450 2620 ignotos
2478 2546 2825 2618 perquireret
2857 2563 2871 2601 :
2900 2545 3045 2616 quod
3096 2554 3275 2601 tamen
3307 2551 3525 2600 constat

1922 2642 2125 2699 factum
2159 2657 2266 2698 non
2295 2655 2440 2698 esse.
2473 2639 2586 2696 Sed
2615 2654 2744 2695 vero
2770 2637 2936 2710 (quod
2979 2638 3035 2694 in
3083 2637 3185 2693 hac
3229 2653 3288 2694 re
3332 2637 3526 2707 princi—

1922 2751 2089 2806 puum
2119 2734 2224 2803 cst)
2256 2732 2414 2788 multi
2437 2732 2654 2787 illorum
2683 2746 2913 2802 quorum
2949 2729 3036 2786 hic
3061 2730 3120 2784 fit
3148 2731 3373 2795 mentio,
3399 2737 3524 2784 ante

1923 2844 2126 2884 annum
2160 2826 2375 2882 Domini
2421 2826 2598 2893 1584,
2635 2841 2742 2895 quo
2768 2810 3018 2896 Gregorii
3043 2823 3161 2878 Xlll
3201 2824 3357 2893 jussu
3409 2823 3520 2877 Ro—

1924 2936 2150 2978 manum
2186 2919 2646 2992 martyrolngium
2689 2919 3031 2990 recognitum
3073 2927 3128 2972 et
3159 2925 3375 2973 auctum
3414 2925 3518 2981 est,

1925 3029 2035 3071 non
2068 3014 2288 3070 fuerant
2316 3012 2369 3068 in
2393 3012 2512 3082 ejus
2547 3011 2780 3074 tabulis;
2821 3025 2917 3066 eos
2957 3019 3134 3066 tamen
3184 3019 3525 3066 correctores

1925 3125 1956 3164 e
1984 3109 2299 3164 Graecorum
2327 3105 2639 3176 mcuologio
2669 3115 3008 3171 mutnarunt,
3030 3105 3120 3160 ubi
3141 3107 3302 3160 etiam
3321 3103 3530 3176 absque

1929 3200 2077 3256 urbis
2110 3201 2343 3269 propria:
2371 3198 2595 3252 nomine
2625 3199 3004 3266 reperiuntur.
3039 3195 3170 3252 lude
3205 3207 3382 3251 tamen
3418 3211 3526 3250 non

219 3288 347 3344 inde
370 3287 661 3353 suadetur,
691 3285 836 3355 quod
869 3285 926 3340 Ρ.
963 3283 1260 3354 Torralba,
1291 3289 1348 3337 et
1381 3280 1444 3338 P.
1469 3280 1706 3350 llignera
1740 3288 1821 3334 te-

1934 3294 2050 3349 leve
2077 3301 2462 3362 argumentum
2510 3290 2818 3346 dcsumitur
2860 3291 2913 3343 in
2958 3289 3201 3345 favorem
3244 3289 3530 3360 praesentis

214 3384 340 3440 stati
367 3393 523 3448 sunt,
548 3379 944 3452 autographum
975 3394 1036 3434 ca
1063 3378 1270 3444 omnia,
1303 3386 1361 3432 ut
1399 3375 1616 3445 jacent,
1652 3373 1824 3430 habe~

216 3493 303 3542 re;
333 3476 428 3548 qui
459 3490 528 3530 eo
556 3474 858 3545 praesertim
889 3471 1142 3527 audiendi
1166 3479 1292 3526 sunt
1322 3470 1374 3525 in
1405 3469 1542 3535 hoc,
1564 3469 1708 3540 quod
1740 3469 1824 3522 ni-

217 3569 290 3625 hil
315 3569 517 3624 borum
539 3582 659 3640 quae
679 3566 861 3623 addita
883 3565 1254 3638 suspicantur,
1305 3563 1483 3620 ordini
1513 3579 1612 3618 suo
1662 3563 1824 3628 proli-

220 3679 380 3718 cuum
426 3661 796 3733 conspiciatur
837 3676 852 3716 :
897 3675 1005 3715 non
1046 3657 1193 3714 enim
1244 3657 1346 3727 ipsi
1394 3655 1683 3728 Augustini
1728 3662 1822 3709 aut

224 3753 501 3812 Benedicti
524 3753 829 3825 disciplinis
856 3751 1054 3808 subditi
1078 3761 1230 3822 sunt,
1257 3748 1354 3806 sed
1383 3749 1453 3805 de
1480 3764 1541 3805 re
1568 3748 1686 3820 ipsa
1708 3746 1826 3803 suis

225 3849 360 3905 locis
389 3847 571 3904 fusius
597 3845 872 3917 agendum
902 3844 1062 3901 nobis
1088 3853 1196 3900 est.
1227 3841 1384 3913 Quod
1412 3856 1548 3900 vero
1576 3841 1646 3898 de
1683 3841 1826 3896 festo

227 3941 592 3998 immaculata:
646 3939 1038 4012 Conceptionis
1097 3939 1386 4007 asseritur,
1446 3939 1606 4007 longe
1657 3935 1824 3990 alium

229 4033 395 4091 habet
417 4049 670 4103 sensum,
702 4049 865 4104 quam
889 4033 1051 4103 vulgo
1080 4040 1323 4105 putatur,
1355 4031 1614 4086 nimirum
1643 4030 1701 4087 S.
1735 4029 1829 4084 Ja-

232 4129 426 4184 cobum
449 4127 763 4199 apostolum
789 4128 845 4181 in
878 4125 1154 4197 Hispaniis
1181 4124 1382 4181 festum
1429 4120 1829 4180 lncarnationis

233 4221 533 4276 Dominicaa
561 4220 1022 4291 instituisse,quae
1053 4227 1110 4276 ct
1147 4217 1535 4290 Coneeptionis
1580 4216 1829 4288 Deiparze

235 4317 429 4371 merito
459 4323 829 4385 nuncupatur,
860 4327 971 4386 qua
999 4311 1256 4368 videlicet
1283 4311 1451 4368 Deum
1480 4318 1534 4367 et
1554 4309 1827 4366 hominem

233 4408 513 4466 Christum
543 4409 709 4466 castis
732 4409 991 4480 concepit
1017 4407 1322 4464 visceribus
1354 4424 1366 4460 :
1398 4421 1505 4462 non
1551 4419 1681 4461 vero
1726 4419 1831 4476 qua

235 4506 388 4576 virgo
417 4505 534 4570 ipsa
560 4515 821 4574 concepta
855 4503 980 4560 fuit.
1009 4502 1291 4558 Movemur
1307 4511 1485 4557 autem
1511 4499 1579 4556 ad
1608 4499 1660 4555 id
1685 4514 1836 4555 asse—

237 4597 491 4664 randum,
526 4606 639 4652 tum
692 4611 761 4654 ex
811 4612 897 4665 eo,
927 4595 1074 4667 quod
1129 4595 1233 4650 etsi
1280 4594 1602 4665 mysterium
1652 4593 1830 4662 ipsum

1934 3386 2141 3456 operis.
2170 3385 2386 3440 Etenim
2419 3385 2466 3440 si
2498 3383 2674 3440 sancti
2705 3382 2785 3438 illi
2817 3383 2904 3452 qui
2941 3382 3008 3436 de
3040 3382 3232 3438 Graeco
3281 3382 3528 3437 menolo-

1929 3480 2022 3552 gio
2055 3479 2108 3535 in
2136 3479 2390 3535 Latinum
2426 3476 2879 3548 martyrologinm
2915 3474 3161 3530 translati
3179 3485 3330 3540 sunt,
3353 3475 3530 3530 Graeci

1930 3572 2196 3640 fuissent,
2224 3571 2360 3626 etin
2390 3568 2632 3625 Orientis
2655 3567 2886 3624 urbibus
2918 3565 3204 3632 coronati,
3238 3565 3382 3622 haud
3431 3566 3534 3622 du-

1931 3666 2084 3722 bium
2116 3665 2249 3736 quin
2272 3664 2492 3720 nomina
2524 3662 2768 3718 civitatis
2801 3661 3226 3732 uniuscujusque
3264 3675 3296 3717 a
3323 3660 3535 3718 Graecis

1933 3759 2396 3831 designarentur;
2427 3755 2569 3828 quod
2603 3763 2786 3812 tamen
2819 3769 2944 3809 cum
2987 3767 3096 3809 non
3143 3754 3272 3821 ﬁat,
3304 3751 3537 3810 creden-

1933 3851 2062 3907 dum
2089 3857 2177 3906 est
2202 3848 2267 3905 ad
2299 3864 2488 3905 eorum
2522 3846 2771 3903 notitiam
2815 3861 2879 3902 ea
2910 3861 3020 3902 non
3068 3847 3392 3914 pervenisse
3414 3889 3430 3913 ,
3477 3856 3536 3904 et

1933 3958 2030 4000 eos
2054 3952 2328 4014 martyres
2359 3941 2412 3996 in
2454 3939 2848 3996 remotissimis
2882 3939 3159 4012 (respectu
3189 3937 3533 4010 Graecorum)

1933 4036 2252 4110 regionibus
2273 4047 2507 4091 coronas
2534 4032 2871 4105 suscepisse.
2918 4032 3054 4101 Quae
3106 4038 3292 4088 autem
3321 4044 3351 4086 a
3380 4028 3534 4088 Gras-

1936 4131 2016 4187 cis
2048 4129 2400 4192 remotiores,
2434 4140 2646 4198 quaeso,
2677 4141 2840 4198 quam
2869 4123 3146 4194 Hispaniae
3172 4124 3375 4180 urbes?
3409 4123 3539 4182 Pro-

1936 4223 2170 4279 habilius
2194 4222 2365 4276 multo
2397 4227 2503 4286 est,
2556 4219 2783 4275 Graecos
2841 4218 2990 4288 ipsos
3033 4232 3065 4273 c
3113 4231 3380 4272 converso
3427 4232 3537 4274 non

1942 4315 2168 4372 aliunde
2219 4316 2272 4370 in
2319 4315 2510 4370 horum
2554 4323 2860 4384 martyrum
2915 4310 3165 4366 notitiam
3218 4311 3539 4383 devenisse,

1938 4426 2102 4481 quam
2127 4425 2193 4466 ex
2217 4407 2403 4464 Dextri
2424 4406 2710 4463 Chronicis
2735 4423 2749 4460 :
2771 4406 2839 4461 ab
2865 4405 3052 4477 eisque
3074 4405 3292 4461 illorum
3319 4405 3537 4462 nomina

1941 4512 2247 4567 mtttuasse,
2302 4501 2449 4556 etin
2490 4500 2603 4554 suis
2655 4498 2878 4555 Tabulis
2931 4497 3326 4555 Ecclesiastieis
3377 4513 3538 4570 repo-

1941 4597 2150 4660 suisse;
2190 4592 2404 4647 urbium
2433 4606 2563 4648 vero
2594 4593 2648 4647 in
2670 4591 2865 4662 quibus
2905 4607 2936 4646 a
2974 4591 3178 4647 Dextro
3207 4591 3352 4660 passi
3393 4591 3538 4648 refe-

242 4689 684 4758 prteservationis
726 4689 788 4744 D.
833 4687 1070 4761 Virginis
1110 4686 1178 4742 ab
1231 4684 1487 4757 originali
1543 4685 1792 4756 contagio
1817 4723 1833 4752 ,
1865 4677 1920 4738 D
1945 4699 2162 4755 runtur,
2189 4687 2407 4744 nomina
2431 4686 2759 4758 neglexisse,
2793 4685 2910 4742 sive
2956 4686 3101 4757 quod
3155 4685 3386 4742 barbara
3435 4687 3540 4743 sibi

241 4785 309 4838 ab
333 4784 470 4854 ipsis
489 4798 570 4839 ss.
602 4783 895 4854 apostolis,
919 4782 1351 4853 doetoribusque
1398 4781 1679 4838 veteribus
1728 4781 1841 4835 for-

243 4892 336 4933 san
370 4875 622 4948 agnitum
643 4877 734 4945 sit,
766 4885 827 4932 ut
852 4877 1077 4947 speciali
1105 4890 1272 4948 opere
1295 4875 1362 4929 de
1387 4872 1633 4929 Patribus
1673 4872 1844 4926 vindi-

245 4976 375 5027 catis
399 4971 776 5043 probavimus,
804 4981 1044 5027 attamen
1086 4984 1352 5040 nusquam
1405 4968 1474 5024 de
1529 4982 1594 5023 eo
1643 4965 1842 5023 festum

248 5069 449 5125 tactum
474 5065 580 5122 fuit
607 5079 776 5136 usque
801 5065 867 5121 ad
905 5075 1148 5136 tempora
1201 5065 1260 5122 S.
1289 5062 1536 5120 Anselmi
1560 5078 1575 5118 :
1601 5061 1688 5117 hic
1712 5075 1844 5116 vero

251 5177 359 5217 non
391 5170 503 5215 tam
533 5158 603 5213 de
633 5158 897 5230 mysterio
919 5157 1310 5229 Couccptionis
1331 5201 1344 5225 ,
1379 5170 1540 5227 quam
1589 5154 1656 5209 de
1704 5153 1846 5209 festo

251 5251 445 5324 agitur.
482 5248 625 5305 Tum
664 5248 861 5305 deinde
906 5250 1160 5320 quoniam
1208 5247 1596 5317 Conceptionis
1648 5259 1850 5301 nomen

250 5361 425 5418 usque
460 5345 532 5400 ad
569 5345 719 5402 Scoti
750 5343 1025 5400 Dunensis
1065 5336 1322 5413 tempora
1361 5342 1534 5397 solam
1574 5339 1848 5396 carnalem

251 5439 636 5513 generantium
665 5437 946 5510 copulam,
969 5444 1027 5492 et
1048 5451 1170 5508 quze
1197 5437 1251 5492 in
1273 5449 1336 5492 ea
1363 5442 1630 5507 geruntur
1673 5432 1850 5504 signi-

256 5534 445 5592 ﬁcavit
473 5533 555 5601 (id
582 5533 728 5605 quod
760 5531 1023 5605 praedicto
1056 5531 1111 5586 in
1141 5545 1308 5601 Opere
1331 5530 1615 5586 manifeste
1645 5529 1851 5601 proba-

257 5636 370 5683 tum
391 5643 423 5683 a
450 5627 611 5684 nobis
629 5624 738 5698 est)
772 5643 786 5681 :
815 5639 980 5682 nemo
1001 5633 1185 5680 autem
1220 5624 1563 5694 antiquorum
1587 5619 1854 5694 ejusmodi

257 5721 676 5790 conceptionem
709 5719 934 5790 virginis
958 5734 1084 5789 qua:
1134 5732 1199 5774 ex
1252 5724 1540 5788 parentum
1590 5715 1856 5771 commix-

260 5816 410 5872 tione
437 5815 561 5878 fuit,
580 5814 794 5870 vocavit
816 5812 1245 5875 immaculatum,
1266 5810 1361 5866 sed
1391 5810 1560 5881 ipsam
1592 5808 1857 5880 virginem

265 5911 321 5970 in
346 5909 471 5984 ejus
515 5907 868 5964 animatione.
894 5906 1034 5963 Tum
1079 5905 1316 5978 denique
1360 5902 1616 5977 quoniam
1661 5902 1860 5959 festum

547 6005 826 6069 ΡΑτιιοι.
907 6002 1153 6067 XXXI.

1949 4782 2303 4850 videbantur,
2344 4780 2538 4852 quales
2585 4789 2737 4835 certe
2779 4777 2976 4848 priscis
3012 4778 3348 4848 temporibus
3382 4787 3544 4834 erant

1951 4876 2368 4948 llispanicarnm
2417 4873 2695 4929 civitatqu
2737 4869 3194 4933 nomenclaturte;
3238 4871 3355 4926 sive
3398 4869 3543 4942 quod

1951 4987 2149 5043 parum
2191 4969 2325 5041 ipsis
2367 4965 2688 5038 proficiebat
2735 4961 2952 5018 illarum
2998 4963 3212 5018 urbium
3264 4964 3406 5020 scire
3453 4972 3549 5018 aut

1954 5066 2167 5122 nescire
2198 5063 2452 5126 nomina;
2477 5073 2634 5130 quas,
2668 5067 2862 5128 utpote
2901 5057 3301 5112 remotissimas
3326 5073 3395 5114 ex
3426 5058 3545 5114 solo

1956 5160 2181 5215 nomine
2237 5166 2574 5225 cognoscere
2633 5158 2904 5220 poterant.
2959 5147 3218 5204 Videmus
3265 5158 3449 5206 autem
3493 5151 3549 5205 in

1957 5249 2291 5322 martyribus
2323 5248 2436 5302 suis
2477 5243 2900 5315 diligentissime
2938 5241 3297 5313 observasse,
3345 5253 3406 5300 ut
3445 5260 3546 5302 no-

1959 5347 2104 5402 mina
2137 5342 2416 5414 regionum
2437 5345 2493 5394 et
2518 5336 2736 5393 urbium
2765 5351 2904 5408 quas
2937 5335 3290 5407 passionibus
3319 5338 3432 5393 suis
3455 5352 3547 5394 no-

1960 5437 2268 5504 bilitarunt,
2294 5434 2349 5488 in
2377 5429 2692 5501 menologio
2736 5438 3082 5485 notarentur.

2037 5531 2147 5590 Sed
2177 5526 2525 5602 quamobrem
2556 5522 2850 5595 (requires)
2904 5522 2950 5578 si
2996 5523 3048 5578 in
3077 5521 3368 5579 Occidente
3411 5521 3557 5590 passi

1969 5627 2144 5690 fuere,
2170 5623 2410 5694 ipsorum
2446 5618 2664 5674 nomina
2685 5657 2702 5683 ,
2729 5626 2784 5671 et
2814 5616 3024 5672 urbium
3053 5616 3316 5686 sanguine
3344 5628 3442 5668 suo
3468 5629 3562 5668 ru-

1974 5719 2293 5775 bricatarttm
2324 5760 2340 5784 ,
2380 5713 2434 5769 in
2483 5709 2687 5767 Latinis
2728 5709 3132 5782 martyrologiis
3169 5724 3276 5764 non
3323 5708 3568 5778 reperie-

1973 5813 2169 5867 bantur
2191 5820 2474 5880 antequam
2501 5822 2528 5856 a
2563 5803 2880 5859 Graecorum
2921 5801 3118 5857 tabulis
3151 5802 3363 5874 quicsiti
3392 5812 3446 5856 et
3475 5819 3567 5857 ac-

1974 5903 2120 5978 cepti
2163 5901 2400 5962 fuerint?
2452 5897 2512 5955 lu
2553 5903 2807 5969 promptu
2859 5905 2944 5954 est
2991 5909 3212 5952 causam
3267 5898 3568 5969 assignare,

3095 5990 3138 6052 2
