4032 6340
466 337 540 395 45
1376 328 1673 389 FLAVIUS
1708 326 1958 391 LUCIL’S
1999 322 2283 385 DEXTER
2323 325 2854 387 CHRONOLOGUS.
3694 323 3769 388 ﬂ

468 454 725 511 nimirum
771 451 960 510 Dextri
999 448 1272 515 latebras,
1297 446 1454 517 cujus
1492 461 1635 517 opus
1682 459 1794 499 non
1844 441 1975 498 satis
2011 440 2065 495 in
2097 440 2144 507 Α
2175 439 2203 515 §
2231 440 2318 498 lll.
2381 441 2425 566 2

468 547 657 566 ___,s___,
700 546 871 566 4-.--“
930 551 1039 566 -..,..
1097 538 1308 566 -..-....l-
1351 539 1507 566 oms...
1567 533 1798 566 Itum...“
1858 542 1908 566 al
1938 533 2068 566 nali-
2424 556 2425 563 η

468 547 663 617 vulgus
692 546 876 601 datum
925 551 1063 609 erat,
1093 538 1311 613 quando
1347 539 1507 595 Beda:
1528 579 1543 605 ,
1567 533 1832 603 Usuardi,
1858 542 1914 589 et
1938 533 2068 589 reli-

467 654 699 712 quorum
734 633 1353 709 martyrologia,qnibus
1389 646 1532 687 nunc
1561 629 1808 691 fruimur,
1831 625 2071 689 edeban-

471 742 559 790 tur
591 749 607 788 :
638 732 781 788 unde
804 731 938 787 nihil
965 730 1033 787 ab
1064 744 1129 784 eo
1160 727 1279 800 ipso
1309 735 1557 782 mutuare
1588 724 1891 783 valuerunt.
1916 719 2072 789 Quod

470 841 603 882 vero
635 839 794 881 nemo
823 822 1234 880 Neotericorum
1266 834 1294 873 a
1320 816 1527 875 Graecis
1560 813 1647 872 vel
1672 813 1904 886 vulgatis
1928 812 2073 868 Lati-

471 919 555 976 nis
585 915 988 991 martyruiogiis
1016 923 1235 971 sanctos
1266 912 1333 967 dc
1362 910 1562 981 quibus
1604 910 1655 965 in
1682 908 1765 963 his
1785 905 2072 967 Chronicis

474 1011 682 1069 mentio
704 1009 969 1076 habetur,
1009 1005 1313 1077 acceperit,
1344 1018 1415 1059 ex
1448 1017 1513 1058 eo
1543 1001 1678 1057 satis
1705 999 2072 1068 convincitur.

473 1102 687 1175 quodin
712 1102 798 1158 bis
821 1100 1104 1157 nonnullos
1119 1104 1409 1169 martyrum
1432 1093 1662 1166 reperiri
1682 1091 2070 1165 conspicimus,

472 1196 674 1267 quibus
706 1196 864 1265 longe
894 1193 1014 1249 aliae
1044 1192 1205 1247 urbes
1237 1189 1615 1261 designantur,
1657 1202 1817 1258 quam
1854 1186 1907 1242 in
1938 1184 2068 1240 illis.

471 1289 636 1347 Verbi
658 1289 853 1361 gratia,
886 1295 1108 1341 sanctus
1140 1286 1247 1341 Aza
1277 1298 1397 1339 cum
1429 1280 1596 1337 sociis
1622 1280 1887 1361 martyrio
1916 1292 2075 1336 coro-

472 1391 633 1439 natus
671 1382 872 1437 dicitur
910 1394 941 1433 a
982 1376 1221 1444 Graecis,
1250 1384 1305 1431 et
1342 1374 1548 1431 Latinis
1589 1372 1642 1428 iu
1684 1372 1892 1433 Isauria
1930 1371 2073 1429 Asiae

470 1474 775 1548 provincia,
821 1489 851 1527 a
900 1471 1106 1527 Dextro
1136 1478 1316 1524 autem
1359 1468 1412 1522 in
1451 1466 1749 1523 Callaecia:
1783 1479 1972 1520 rursus
2013 1463 2071 1520 S.

471 1566 747 1623 Antonina
790 1580 912 1620 cum
957 1562 1272 1619 Alexandro
1306 1560 1477 1616 milite
1514 1560 1660 1631 passi
1701 1558 2012 1619 referuntur
2043 1573 2072 1613 a

471 1660 677 1717 Grmeis
719 1667 775 1714 ct
820 1657 978 1712 item.
1034 1654 1427 1728 martyrologio
1472 1651 1949 1723 Constantinopoli
1976 1693 1990 1716 ,
2044 1666 2073 1705 a

470 1753 673 1809 Dextro
702 1767 831 1808 vero
855 1750 1151 1808 Olcadibus
1176 1750 1229 1805 in
1256 1749 1577 1820 Carpetania
1601 1765 1616 1821 ς
1649 1747 1835 1804 Sancti
1859 1762 2076 1821 quoque

2433 451 2587 519 nauta
2615 444 2789 519 studio
2817 444 3189 509 elaborandum
3220 446 3318 519 fuit
3346 443 3680 512 ειαβωαωτίι
3708 450 3764 497 αι

2424 514 2466 568 is
2495 530 2609 584 quae
2633 514 2830 573 Dexter
2859 519 3098 587 asseruit,
3125 514 3335 591 aﬂ'erret
3359 519 3547 574 lucem.

2239 637 2376 694 Cum
2425 638 2658 710 primum
2704 640 2764 703 L.
2825 642 3017 703 Dextri
3058 642 3379 700 Chronicon
3436 639 3771 698 omnimodas

2172 733 2427 797 Historia:
2458 734 2525 799 ad
2557 750 2751 795 manus
2781 738 3037 809 pervenit
3067 753 3216 795 tineas
3247 736 3502 811 (candide
3522 734 3769 807 Lector),

2175 824 2640 891 inrestimabiliutu
2687 830 3001 890 divitiarum
3057 833 3371 888 thesaurum
3412 833 3466 887 in
3497 845 3566 887 eo
3600 830 3776 886 latere

2173 919 2644 988 animadvertens,
2670 921 2724 983 in
2757 937 2876 985 eam
2901 931 3121 983 erectus
3160 937 3313 994 spem
3342 921 3443 990 fui,
3469 921 3601 977 utsi
3629 920 3776 977 vires

2175 1027 2386 1080 omnes,
2417 1029 2483 1070 ac
2523 1014 2703 1079 studia
2746 1015 2802 1073 in
2836 1016 3010 1085 ipsum
3065 1015 3377 1075 eﬂudiendo
3416 1013 3773 1087 applicarem,

2175 1121 2285 1169 non
2314 1107 2537 1169 Omnino
2578 1123 2607 1163 a
2646 1107 2847 1171 laboris
2876 1109 3131 1167 mercede
3177 1109 3474 1167 frustratus
3509 1105 3778 1163 abscede-

2176 1214 2312 1263 rem.
2340 1199 2579 1271 Agebam
2609 1214 2675 1265 eo
2700 1200 2964 1270 temporis
2986 1200 3207 1269 Natriti,
3232 1200 3376 1272 regis
3393 1198 3656 1255 Catholici
3677 1214 3777 1255 cu-

2181 1293 2276 1349 ria:
2320 1305 2374 1350 et
2424 1293 2614 1364 patrita
2653 1310 2809 1358 meai,
2848 1294 2938 1355 ubi
2971 1295 3101 1355 mihi
3148 1309 3471 1366 utngttornm
3505 1293 3774 1360 virorum,

2177 1386 2487 1447 eruditione
2516 1386 2843 1457 insignium,
2877 1387 3282 1459 multarumque
3312 1386 3778 1449 bibliothecarum

2178 1481 2332 1549 copia
2364 1480 2505 1541 haud
2535 1480 2758 1545 difﬁcile
2779 1480 2925 1540 facta
2966 1481 3086 1547 fuit,
3118 1496 3242 1537 eum
3270 1480 3490 1550 quibus,
3524 1487 3581 1535 et
3604 1493 3634 1534 a
3659 1477 3782 1548 qui-

2181 1574 2281 1629 bus
2305 1580 2597 1633 conatuum
2638 1589 2887 1639 meorum
2921 1577 3131 1645 pondus
3158 1574 3381 1644 levigari
3413 1588 3572 1644 posse
3605 1570 3785 1628 conii-

2180 1665 2390 1731 dcrem.
2446 1666 2555 1725 Sed
2592 1682 2717 1727 cum
2764 1668 2819 1731 in
2852 1667 3043 1730 limine
3073 1669 3256 1739 operis
3301 1666 3478 1727 adhuc
3508 1679 3781 1731 versarer,

2184 1774 2303 1829 quas
2334 1775 2443 1817 non
2480 1758 2847 1827 difﬁcultates,
2875 1776 2996 1831 quae
3032 1775 3143 1818 non
3177 1759 3436 1819 chimcra
3463 1755 3786 1829 superandus

471 1847 723 1916 Quiricus
751 1855 806 1902 et
834 1843 1001 1901 .lulita
1030 1844 1275 1900 coronati
1305 1843 1374 1899 ab
1399 1843 1522 1899 aliis
1547 1844 1800 1913 leguntur
1830 1840 1986 1906 Tarsi
2020 1841 2071 1895 in

2184 1868 2304 1911 sese
2324 1854 2455 1911 mihi
2477 1854 3061 1914 obtulere‘inccessum
3088 1854 3202 1919 fuit,
3229 1863 3322 1910 aut
3350 1851 3626 1909 defessum
3655 1863 3782 1905 sum

472 1937 683 1999 Cilicia,
715 1954 745 1992 a
772 1936 966 1992 dextro
998 1944 1178 1991 tamen
1221 1935 1469 2004 lllppone
1501 1934 1553 1988 in
1606 1932 1933 2002 Carpetania
1969 1948 1982 1984 :
2018 1941 2077 1987 ut

470 2032 691 2086 interim
717 2028 785 2086 de
810 2030 933 2085 aliis
962 2038 1190 2096 taceam,
1215 2043 1443 2100 quorum
1474 2026 1641 2083 urbes
1666 2041 1697 2082 a
1721 2025 1926 2082 Grtecis
1956 2025 2079 2095 qui-

471 2122 599 2187 dem
630 2123 854 2180 silentio
890 2122 1185 2188 involutas,
1220 2136 1285 2177 ex
1313 2122 1449 2177 actis
1479 2131 1658 2177 tamen
1683 2132 1735 2176 et
1761 2119 2074 2176 vetustissi-

472 2218 575 2271 mis
602 2214 972 2269 monumentis
998 2228 1108 2268 non
1137 2211 1276 2266 alias
1303 2226 1461 2282 quam
1492 2211 1791 2281 assignatas
1814 2224 1843 2264 a
1869 2209 2079 2265 Dextro

475 2307 756 2363 multoties
789 2308 840 2362 in
883 2306 968 2361 his
996 2305 1420 2362 Commentariis
1464 2304 1911 2376 comprobantus.
1946 2302 2079 2370 Quis

471 2412 651 2458 autem
680 2412 787 2455 tam
817 2414 1011 2456 excors
1041 2410 1209 2465 esset,
1241 2410 1299 2454 ut
1329 2399 1492 2454 urbes
1529 2410 1829 2469 martyrum
1858 2395 2081 2451 notissi-

470 2509 588 2551 mas
631 2502 883 2551 recenter
926 2501 1165 2550 mutaret
1203 2492 1228 2548 Υ
1286 2491 1396 2548 Sed
1449 2491 1616 2547 redeo
1664 2489 2077 2561 Carthaginem.

477 2587 641 2644 Certe
665 2587 943 2659 Carthago
986 2586 1277 2655 Hispanica
1310 2601 1417 2642 non
1449 2598 1558 2641 tam
1582 2584 1838 2656 ignobilis
1871 2584 1989 2646 fuit.
2025 2590 2081 2638 ut

473 2676 842 2735 Romanorum
869 2688 925 2734 et
952 2676 1255 2735 GOIborum
1299 2676 1635 2749 temporibus
1661 2678 1755 2732 toti
1788 2675 2081 2747 provinciae

477 2769 898 2841 Carthaginensi
948 2785 1144 2827 nomen
1179 2786 1285 2826 non
1312 2769 1563 2825 dederit:
1595 2779 1652 2826 et
1679 2770 1733 2825 in
1765 2768 2081 2840 antiquissi-

485 2862 590 2918 mis
613 2863 862 2918 conciliis
887 2905 902 2931 ,
938 2862 1237 2934 praesertim
1270 2862 1574 2930 Toletanis,
1606 2872 1654 2919 et
1696 2862 2046 2918 Braccarensi
2066 2894 2079 2903 ο

481 2957 613 3025 bus,
647 2953 911 3027 frequens
950 2956 1018 3012 de
1062 2955 1483 3025 Carthaginensi
1545 2957 1825 3027 provincia
1880 2956 2106 3011 mentio‘

477 3048 557 3116 lit,
588 3062 709 3120 quae
738 3048 867 3103 olim
889 3048 1210 3104 Toletanam
1242 3063 1463 3119 quoque
1492 3057 1547 3104 et
1577 3048 1935 3116 Carpetanam
1978 3047 2080 3104 sub

471 3154 534 3195 sc
557 3138 1045 3210 complectebatur.
1070 3139 1192 3207 Quo
1224 3155 1333 3194 uno
1376 3140 1525 3208 dato,
1546 3139 1841 3195 verisimile
1871 3150 1956 3196 est
1983 3139 2084 3195 ali-

474 3243 608 3303 quot
651 3248 844 3288 eorum
891 3246 1193 3306 martyrum
1234 3232 1328 3304 qtti
1361 3233 1413 3289 in
1454 3234 1841 3290 ecclesiasticis
1879 3234 2078 3290 tabulis
2105 3222 2150 3285 C

476 3327 808 3400 Carthagine
838 3330 1085 3386 coronati
1114 3331 1389 3402 leguntur,
1421 3330 1475 3386 in
1504 3330 1846 3401 lliSpaniensi
1876 3344 2080 3406 marty-

471 3422 556 3477 rio
578 3421 807 3478 aﬂectos
836 3421 1025 3489 fuisse,
1062 3434 1117 3480 et
1156 3438 1264 3480 non
1300 3438 1491 3482 omnes
1540 3425 1592 3480 in
1652 3425 1924 3482 Africana;
1976 3427 2078 3496 Qui

474 3516 620 3572 enim
661 3514 781 3572 fieri
825 3519 1031 3587 pcluit,
1081 3528 1138 3572 ut
1180 3533 1303 3574 cum
1339 3529 1450 3576 tota
1492 3514 1750 3591 Hispania
1807 3520 2078 3577 innumeri

476 3609 911 3668 Christianorum
937 3613 1314 3686 agonizarint,
1346 3615 1419 3670 ita
1452 3625 1510 3670 ut
1546 3630 1741 3671 omnes
1765 3616 1883 3686 ejus
1915 3617 2079 3672 urbes

476 3712 534 3760 et
554 3706 750 3776 oppida
790 3706 1055 3780 Sanguine
1098 3708 1437 3765 sacraverint
1487 3724 1625 3776 suo,
1655 3710 1771 3764 sola
1808 3710 2078 3783 Carthago

479 3798 722 3854 omnium
776 3814 914 3869 pene
967 3798 1306 3857 nobilissima
1366 3799 1517 3854 nullo
1566 3809 1805 3873 martyre
1852 3800 2076 3872 gloriari

475 3893 686 3962 possit?
720 3892 969 3949 Revolvc
1000 3893 1289 3963 diligenter
1314 3892 1546 3949 Romani
1580 3894 1955 3968 martyrologii
1985 3910 2073 3949 se-

478 3984 614 4042 riem
643 3986 979 4054 universam,
1013 3994 1068 4040 et
1115 3985 1261 4040 inter
1309 3997 1579 4056 martyres
1614 3986 1925 4041 innumeros
1946 3985 2079 4047 Car-

476 4075 696 4145 thagine
718 4091 910 4146 passos
933 4117 947 4140 ,
979 4077 1186 4131 nullum
1219 4080 1464 4145 reperies
1490 4077 1559 4132 de
1585 4092 1690 4144 quo
1720 4077 2075 4145 Specificatim

479 4166 690 4222 dicatur
713 4167 859 4237 quod
884 4167 938 4222 iu
963 4167 1222 4238 lliSpania
1250 4182 1446 4240 passus
1467 4169 1558 4226 sit.
1594 4168 1664 4224 Et
1694 4179 1897 4240 tamen,
1932 4180 1987 4226 ut
2010 4170 2078 4227 de

480 4260 708 4331 reliquis
738 4261 1184 4331 persecutionum
1211 4262 1263 4317 in
1301 4263 1560 4332 Hispania
1584 4262 2076 4320 ministrisinterim

478 4351 705 4419 sileam,
734 4363 1074 4424 compertum
1114 4364 1234 4421 est,
1262 4354 1490 4412 Galbam
1523 4357 1852 4428 Carthagine
1885 4356 2079 4430 Hispa-

484 4444 603 4501 nica
647 4446 1008 4502 acclamatum
1059 4446 1236 4503 fuisse
1267 4448 1333 4504 ad
1363 4449 1649 4519 imperium
1683 4463 1871 4507 contra
1901 4452 2075 4509 Nero-

489 4555 636 4607 nem,
664 4555 787 4597 cum
821 4542 969 4610 prius
1009 4542 1355 4598 severissime
1389 4542 1441 4598 in
1468 4542 1807 4602 Christianos
1835 4547 2080 4605 animad-

479 4633 756 4699 vertisset,
774 4632 911 4688 adeo
936 4643 995 4689 ut
1018 4634 1072 4693 in
1086 4635 1334 4690 columna
1355 4634 1553 4691 Neroni
1573 4647 1753 4694 erecta
1780 4652 2078 4707 assereret,

487 4725 543 4781 id
568 4727 764 4782 factum
807 4725 869 4780 ob
899 4728 1215 4797 provinciam
1255 4728 1569 4797 latronibus,
1603 4739 1652 4784 et
1685 4732 1750 4786 iis
1770 4733 1861 4804 qui
1896 4750 2081 4791 noram

478 4826 654 4897 generi
673 4825 902 4881 humano
931 4828 1347 4899 superstitionem
1377 4830 1737 4901 inculcabant,
1772 4846 2076 4908 purgatam.

481 4926 677 4981 Multos
700 4926 927 4995 proinde
948 4943 1137 4984 eorum
1161 4928 1253 5002 qui
1282 4929 1612 5004 Carthagine
1643 4932 1958 4996 referuntur
1986 4953 2078 4995 oc-

475 5026 596 5091 cisi,
628 5028 679 5082 in
712 5028 969 5099 Hispania
1003 5042 1302 5088 coronatos
1342 5033 1568 5092 credere
1597 5045 1859 5107 oportet:
1905 5042 1984 5098 uti
2017 5040 2074 5103 in

476 5128 850 5197 Dextro;nunc
881 5130 1206 5195 videbimus.
1230 5134 1305 5195 Ex
1323 5133 1408 5199 llis
1440 5152 1569 5193 vero
1595 5153 1714 5213 qua:
1742 5140 1857 5207 l'use
1887 5141 2080 5203 admo-

473 5233 602 5317 dum
625 5249 653 5288 a
679 5234 834 5289 nobis
860 5242 1088 5292 tractata
1103 5245 1249 5305 sunt,
1286 5238 1418 5297 illud
1450 5241 1669 5298 tandem
1693 5243 1884 5304 inferri
1915 5264 2079 5319 opor-

473 5341 573 5401 tet,
607 5335 851 5391 codicem
880 5334 1023 5393 buuc
1044 5352 1206 5411 quem
1233 5338 1699 5411 interpretandum
1728 5349 2074 5427 suscipimus,

469 5451 788 5505 germanum
830 5437 1017 5494 Dextri
1042 5439 1466 5501 Bareinonensis
1494 5444 1660 5500 fetum
1688 5461 1831 5515 esse,
1852 5460 1908 5505 et
1940 5452 2074 5509 nihil

466 5553 657 5603 eorum
686 5555 811 5611 qua
838 5538 891 5597 in
914 5540 1090 5610 ipsum
1114 5542 1314 5610 iactata
1335 5554 1463 5601 sunt
1479 5545 1773 5617 quidquam
1808 5556 2069 5610 momenti

465 5641 690 5699 habere.
720 5641 902 5708 Quare
924 5656 1013 5708 ne,
1038 5656 1245 5712 quasso,
1271 5643 1466 5699 Lector
1483 5646 1735 5717 candide,
1764 5651 1848 5706 vel
1874 5652 2070 5711 leviter

462 5741 686 5799 haesites
706 5743 761 5799 in
787 5741 905 5814 ejus
931 5741 1182 5814 lectione,
1205 5743 1301 5802 sed
1325 5759 1447 5803 eam
1468 5747 1740 5809 inoil‘enso
1772 5753 1910 5826 pede
1937 5772 2064 5831 per-

458 5855 639 5903 curre.

2179 1948 2475 2013 cumhcre,
2507 1958 2600 2007 aut
2626 1964 2723 2018 pro
2761 1948 2910 2011 virili
2944 1964 3038 2005 eas
3078 1946 3785 2019 superaturum-dimicare.

2180 2039 2276 2096 Vis
2302 2042 2447 2099 scire
2477 2049 2611 2112 quot
2642 2049 2695 2105 et
2731 2041 2889 2112 qum?
2922 2041 3172 2101 Varietas
3198 2056 3381 2105 rerum
3410 2039 3466 2095 iu
3498 2038 3584 2095 bis
3608 2037 3787 2092 ωηο..

2181 2133 2327 2189 nicis
2363 2144 2743 2187 contentarnm
2779 2134 3151 2204 ingentissima
3170 2175 3186 2201 ,
3210 2132 3280 2193 ad
3310 2147 3448 2204 quas
3468 2130 3792 2191 enodandas

2182 2227 2474 2296 Oportebat
2500 2241 2718 2289 omnem
2743 2225 3086 2296 antiquitatis
3113 2225 3418 2291 historiam,
3441 2225 3560 2282 sive
3589 2224 3789 2281 huma-

2185 2334 2310 2379 nam
2341 2361 2358 2389 ,
2387 2320 2505 2375 sive
2534 2318 2772 2381 divinam
2804 2319 3080 2385 evolvere,
3113 2330 3169 2376 et
3198 2319 3269 2377 de
3299 2317 3615 2377 auctoribus
3644 2317 3793 2386 ipsaa

2185 2428 2326 2479 rttm,
2355 2411 2631 2484 rebusque
2660 2412 2793 2482 ipsis
2825 2411 2995 2484 (inter
3031 2427 3092 2475 se
3113 2413 3345 2483 primum
3387 2408 3625 2482 collatis)
3643 2409 3795 2480 judi.

2185 2506 2326 2561 cium
2380 2504 2557 2573 ferre;
2609 2505 2732 2577 quis
2772 2505 2827 2560 in
2865 2504 3162 2577 quibusve,
3195 2519 3307 2574 prce
3349 2503 3566 2563 omteris
3604 2502 3790 2573 potius

2186 2597 2520 2664 audiendus;
2544 2614 2666 2670 qua
2694 2596 3104 2665 verisimiliora.
3131 2611 3255 2668 quas
3279 2595 3587 2657 abnuenda.
3618 2595 3673 2652 In
3702 2594 3795 2650 his

2183 2709 2316 2757 vero
2361 2691 2683 2757 consulendi
2731 2700 2890 2749 erant
2926 2689 3115 2753 Livius
3137 2731 3151 2756 ,
3186 2689 3516 2755 Suetonius,
3552 2700 3790 2757 uterque

2184 2784 2411 2849 Plinius,
2447 2783 2796 2853 Plutarchus,
2827 2782 2949 2847 Diu,
2983 2782 3204 2845 Tacitus
3224 2823 3241 2849 ,
3269 2781 3651 2843 Philostratus.
3679 2778 3788 2837 Ca-

2188 2877 2453 2950 pitolinus
2475 2918 2490 2942 ,
2527 2876 2904 2948 Lampridius,
2940 2875 3240 2946 Eutropius
3262 2915 3277 2941 ,
3308 2874 3647 2942 Trebellius,
3687 2872 3796 2929 νθο

2191 2973 2372 3042 piscus
2391 3013 2404 3037 ,
2430 2970 2725 3040 Martialis,
2751 2980 2984 3041 uterque
3012 2969 3221 3031 Seneca
3239 3009 3256 3036 ,
3286 2966 3478 3033 SiliuS,
3508 2966 3789 3033 Lucanus,

2185 3064 2501 3133 iuvenalis,
2518 3073 2576 3121 et
2602 3064 2694 3120 alii
2721 3065 2977 3127 humanas
2998 3053 3246 3125 historia)
3267 3060 3632 3134 professores,
3650 3075 3815 3131 quos-

2189 3162 2408 3231 longum
2462 3170 2610 3216 esset
2646 3173 2937 3217 recensere
2981 3175 2995 3215 :
3051 3173 3164 3229 quo
3191 3156 3414 3212 tandem
3444 3156 3617 3220 vitas,
3644 3164 3790 3223 acta,

2184 3253 2587 3318 successiones,
2612 3261 2665 3317 et
2687 3250 3163 3324 chronograpbias
3187 3250 3557 3309 Romanorum
3590 3246 3817 3318 ιιτίιιοίο.

2184 3344 2792 3418 pum,etBarbararum
2825 3345 3071 3416 gentium
3101 3357 3227 3405 cum
3259 3342 3397 3414 ipsis
3424 3340 3791 3413 pugnantium

2183 3439 2248 3494 ad
2278 3437 2466 3495 Dextri
2496 3440 2702 3509 scripta
2734 3438 3130 3499 conferremus.
3167 3438 3375 3497 Prmter
3404 3437 3520 3495 hac
3548 3451 3581 3493 e
3616 3436 3792 3493 veteri

2183 3533 2536 3590 Testamento
2567 3533 2734 3591 multa
2759 3548 2825 3588 ex
2857 3531 3107 3602 professo
3132 3532 3419 3593 tractanda
3438 3537 3636 3594 erant;
3665 3529 3794 3585 sive

2183 3629 2252 3693 de
2283 3629 2439 3685 libris
2470 3627 2681 3702 Regum
2707 3639 2763 3686 et
2792 3628 3276 3699 Paralipomenon,
3308 3628 3429 3684 sive
3453 3625 3527 3693 de
3553 3624 3793 3694 prrediea
3870 3648 3875 3652 -

2188 3723 2427 3787 tionibus
2460 3725 2857 3796 prophetarum
2878 3740 2893 3779 :
2915 3723 3332 3783 Testamentum
3347 3733 3532 3778 autem
3558 3734 3787 3785 novum,

2182 3832 2285 3888 pro
2313 3818 2436 3887 ejus
2465 3815 3183 3889 cbronoiogiaelucidaeds,
3202 3826 3377 3873 totum
3394 3811 3791 3879 evehendus»;

2187 3908 2479 3981 Evangelia
2499 3951 2515 3976 ,
2546 3908 2681 3966 Acta
2713 3909 3046 3979 apostolica,
3089 3907 3547 3979 Apostolorum"
3583 3906 3794 3975 epistoo

2189 4005 2315 4063 tolsa
2349 4012 2406 4061 et
2433 4006 2671 4076 scripta;
2704 4004 2841 4061 nihil
2872 4004 3076 4065 etenim
3122 4017 3232 4061 non
3262 4010 3469 4061 tactum
3504 4015 3537 4056 a
3586 4001 3792 4055 Dextro

2186 4101 2305 4163 fuit.
2350 4098 2458 4163 Sed
2499 4111 2554 4159 et
2595 4114 2789 4155 omnes
2817 4098 3150 4171 (prasertim
3192 4095 3557 4169 antiquiores)
3598 4094 3795 4151 Patres

2183 4193 2372 4255 audire
2399 4194 2711 4264 Oportebat,
2745 4192 2860 4251 sive
2878 4207 2978 4263 pro
3005 4208 3171 4250 sensu
3201 4207 3338 4249 vero
3355 4205 3640 4246 sacrarum
3661 4203 3785 4245 sen-

2188 4287 2481 4343 tentiarum
2517 4283 2857 4351 hauriendo,
2880 4286 2997 4345 sive
3021 4301 3118 4355 pro
3149 4286 3232 4340 his
3256 4300 3379 4355 quae
3406 4284 3473 4345 ad
3502 4281 3791 4338 historiam

2187 4377 2613 4441 ecclesiasticam
2636 4385 2889 4449 spectant
2913 4397 2929 4437 ε
2951 4378 3289 4441 Clementem
3305 4376 3431 4434 dico
3452 4376 3789 4443 Rotnanum,

2183 4468 2473 4540 Ignatium.
2503 4470 2840 4543 Dionysium,
2873 4469 3161 4535 lrenamm,
3185 4468 3522 4529 Cletnentem
3553 4467 3789 4531 alterum

2196 4562 2647 4631 Alexandrinum,
2677 4563 2993 4629 Eusebium,
3017 4562 3336 4634 Origenem,
3359 4560 3787 4629 Tertullianusn,

2189 4652 2557 4729 Cyprianum,
2586 4655 2847 4719 Basiliam
2871 4699 2885 4723 ,
2920 4655 3244 4728 Gregorium
3280 4654 3683 4712 Nazisnseautls
3733 4662 3793 4709 et

2190 4745 2520 4819 Nyssenum,
2543 4745 3025 4820 Chrysostomum.
3052 4746 3438 4819 Epiphaniam,
3466 4747 3784 4815 Paciaanm,

2187 4836 2522 4907 Juveneum,
2559 4840 2905 4899 Ambrosium
2927 4881 2943 4909 ,
2978 4839 3309 4904 Paulinum.
3355 4836 3787 4909 Hieronymum,

2185 4934 2569 5009 Augustinum.
2600 4944 2656 4990 et
2695 4942 2962 5001 castores,
3003 4949 3241 5005 quorum
3286 4932 3497 5003 scripta
3542 4938 3789 4989 enatant.

2187 5026 2330 5095 Quid
2387 5028 2454 5085 de
2499 5027 2745 5087 conciliis
2780 5029 2982 5093 dicam,
3018 5046 3140 5099 qua)
3166 5028 3355 5091 omnia
3388 5044 3486 5100 pro
3513 5041 3787 5085 annorum

2186 5121 2595 5193 supputatione,
2614 5130 2670 5177 et
2701 5135 2799 5192 pro
2823 5123 3056 5184 veritate
3071 5120 3411 5183 enucleauda
3434 5121 3676 5192 graviter
3703 5118 3788 5175 le-

2185 5228 2314 5284 gere
2345 5214 2648 5275 necessitas
2693 5215 2879 5286 operis
2931 5217 3193 5284 assumpti
3223 5215 3484 5287 cogebat?
3535 5213 3679 5282 miti
3716 5213 3789 5273 de

2184 5318 2494 5367 sanctorum
2525 5318 2827 5382 martyrum
2853 5311 3028 5379 actis,
3055 5328 3290 5384 quorum
3324 5327 3435 5369 non
3470 5311 3654 5367 omnia
3682 5323 3789 5373 ne-

2184 5403 2423 5459 cessaria
2456 5404 2511 5460 in
2531 5402 2904 5477 Lippomanis.
2929 5403 3130 5471 Suri'ts.
3151 5399 3495 5471 Muuhtitiis,
3519 5402 3783 5474 unicis,

2188 5493 2431 5557 Velseris
2451 5537 2465 5563 .
2498 5495 2705 5563 "aratris
2725 5537 2741 5563 .
2767 5496 3048 5561 Saluatoris
3069 5543 3084 5567 ,
3114 5499 3375 5570 Villegis,
3406 5496 3697 5569 ngiliiS.
3727 5507 3791 5553 οι

2185 5588 2495 5658 militum“
2535 5592 2766 5662 reperiri
2806 5592 3091 5655 videbam?-
3124 5592 3247 5654 Νοι
3275 5595 3457 5651 omnia
3483 5592 3663 5649 adhuc
3684 5607 3788 5649 no-

2181 5681 2328 5745 mina
2342 5682 3786 5759 suppeditabantmal-tyrologia,.imprimisRomanun

2181 5771 2320 5844 (sive
2345 5774 2624 5846 antiquum
2654 5791 2687 5835 a
2720 5776 3008 5838 liosweido
3034 5776 3240 5835 editum
3258 5823 3275 5848 ,
3308 5780 3427 5835 sive
3453 5781 3778 5836 modernunt

2174 5881 2204 5921 a
2234 5864 2385 5926 card.
2403 5865 2635 5931 Bai-ouis
2656 5865 3042 5942 illustratum),
3067 5869 3267 5933 deinde
3295 5871 3476 5946 Beda,
3498 5871 3776 5931 Nothohe-
