4032 6340
480 304 552 364 47
1407 297 1708 358 FLAVIUS
1751 294 2001 358 LUCIUS
2039 294 2325 354 DEXTER
2360 290 2890 354 CHRONOLOGUS.
3712 286 3784 347 48

485 429 895 490 nonnumquam
928 411 1164 470 invisere
1195 409 1632 468 Valliccllensem
1659 453 1674 480 ,
1709 409 1860 466 card.
1915 409 2085 464 Baro-
2112 411 2162 472 Α
2190 407 2661 480 patrocinantibus
2702 407 2953 477 ingentes
2989 397 3489 461 misericordiarum
3522 398 3621 457 Dei
3665 400 3786 459 the-

489 512 570 568 nii
609 511 803 570 studiis
854 510 1203 565 illustratam.
1236 507 1302 563 Et
1342 515 1399 562 ut
1421 507 1575 590 alias
1605 503 1857 560 brevitati
1889 517 2086 559 consu-

487 609 632 677 lens,
665 607 909 664 omittam
931 648 946 675 ,
971 618 1304 679 magnopere
1329 603 1560 660 contulit
1585 603 1643 658 S.
1677 600 1824 657 Petri
1849 599 1904 656 in
1935 600 2087 655 Mon—

486 712 544 760 te
569 703 751 758 Aureo
771 699 1136 770 bibliotheca,
1167 701 1220 754 in
1250 713 1352 770 qua
1388 697 1539 754 velut
1569 695 1621 750 in
1653 694 1817 750 domo
1843 692 2082 765 propria,

487 795 827 867 benignitate
854 795 1096 849 auctoris
1123 791 1314 864 ipsius,
1346 788 1590 861 quotidie
1623 787 1737 843 fere
1760 786 1932 843 labori
1965 800 2087 842 meo

490 887 874 946 incumbebam
902 928 918 952 ,
949 885 1206 952 consilio,
1255 893 1310 939 et
1349 880 1556 952 judicio
1594 880 1814 950 adjutus
1838 878 1908 934 R.
1937 878 2084 933 adm.

487 984 668 1040 Patris
697 984 856 1038 Lucae
884 979 1179 1050 Waddingi
1202 1023 1216 1048 ,
1250 976 1433 1033 Sacrae
1457 975 1772 1056 Theologia:
1803 972 2088 1044 praelecto-

490 1078 591 1148 ris,
644 1092 707 1131 ac
749 1075 914 1131 totius
946 1071 1218 1143 seraphici
1249 1069 1460 1125 ordinis
1499 1065 2084 1138 archichronograpbi,

489 1170 647 1242 cujus
677 1168 1008 1240 bibliotheca
1038 1168 1150 1236 ipsa
1180 1174 1286 1231 est,
1315 1170 1372 1218 et
1399 1163 1569 1218 multa
1597 1161 1859 1231 variaque
1896 1173 2084 1230 opera,

493 1279 614 1336 qua:
643 1262 840 1334 partim
887 1259 1033 1316 edita
1059 1299 1073 1323 ,
1119 1258 1315 1328 partim
1367 1256 1686 1328 quantocius
1719 1252 1931 1312 edenda
1972 1266 2087 1322 prae

491 1357 744 1414 manibus
781 1354 964 1419 habet,
996 1353 1270 1424 ingentem
1305 1351 1388 1406 illi
1420 1351 1729 1422 parturiunt
1763 1347 1994 1419 gloriam
2034 1353 2090 1401 et

492 1441 782 1509 bOnorem.
814 1448 884 1504 Et
915 1447 1034 1503 haec
1082 1447 1264 1502 omnia
1296 1460 1395 1516 pro
1426 1445 1709 1511 varietate,
1743 1440 2085 1512 antiquitate,

491 1552 548 1600 et
579 1544 818 1599 novitate
843 1541 1088 1596 historia:
1117 1539 1307 1595 Dextri
1337 1536 1679 1604 elucidanda,
1705 1543 1764 1592 et
1791 1550 1890 1606 pro
1918 1531 2086 1588 chro-

490 1637 693 1707 noligia
718 1633 1006 1705 aequanda,
1035 1634 1288 1688 evolvere
1312 1617 1428 1687 non
1448 1631 1711 1686 dubitavi.

561 1727 908 1798 Geographia
946 1726 1237 1796 llispaniea
1268 1724 1500 1795 petenda
1552 1722 1652 1777 fuit
1687 1720 1757 1777 ab
1795 1718 2088 1776 Ambrosio

2190 516 2383 579 sauros
2426 514 2676 556 reserare
2718 497 2937 554 dabitur
2980 494 3160 565 nobis,
3197 494 3371 550 multo
3416 508 3578 566 quam
3621 502 3784 551 antea

2191 595 2539 667 locupletius.

2263 690 2318 745 lu
2365 689 2622 746 lectionis
2656 702 2793 746 vero
2834 695 3015 744 textus
3042 684 3226 742 Dextri
3264 683 3645 742 emendatione
3673 697 3787 739 non

2191 782 2374 838 minus
2403 780 2800 858 elaborandum
2833 779 2993 836 nobis
3024 777 3148 846 fuit,
3188 792 3254 834 eo
3284 776 3610 848 prmscrtim,
3640 774 3787 846 quod

2189 874 2366 931 codex
2400 874 2514 949 ipse
2535 873 2816 944 originalis
2837 871 3048 928 mendis
3075 868 3491 943 quamplurimis
3516 868 3783 940 scatebat,

2191 977 2245 1022 et
2273 979 2637 1022 amanuenses
2666 965 2759 1037 qui
2799 964 2926 1022 inde
2953 980 3082 1021 suos
3119 969 3506 1029 extraxerant,
3550 960 3786 1017 servatis

2191 1061 2322 1127 illis,
2352 1060 2691 1117 admiserant
2721 1074 2880 1126 nova,
2913 1059 3057 1115 unde
3084 1057 3310 1116 difﬁcile
3341 1056 3514 1129 potuit.
3542 1055 3787 1129 pristinae

2191 1153 2415 1224 puritati
2444 1152 2659 1209 restitui
2687 1169 2700 1207 :
2729 1153 2900 1208 multa
2932 1163 3116 1208 tamen
3145 1165 3266 1224 quo:
3295 1149 3645 1222 postmodum
3691 1148 3788 1204 ad-

2192 1248 2363 1302 mixta
2393 1256 2542 1314 sunt,
2578 1247 2701 1302 aliis
2730 1247 2904 1318 copiis
2935 1247 3149 1303 collatis
3179 1247 3420 1312 rcsecui;
3452 1254 3506 1302 et
3532 1245 3641 1300 alia
3665 1259 3786 1317 quae

2192 1354 2262 1395 ex
2293 1339 2530 1396 lectione
2557 1340 2698 1410 ipsa,
2727 1339 2965 1397 evidenti
2995 1343 3335 1397 correctione
3361 1339 3607 1411 indigere
3638 1337 3789 1409 judi-

2191 1440 2310 1490 cata
2343 1442 2491 1501 sunt,
2524 1443 2581 1488 et
2619 1448 2867 1490 errorem
2904 1449 3013 1490 non
3041 1433 3306 1501 auctoris,
3340 1432 3436 1491 sed
3477 1432 3786 1504 exscripto-

2192 1527 2269 1584 ris
2296 1529 2586 1584 manifeste
2613 1531 2938 1600 arguebant,
2975 1529 3287 1585 emendavi.
3322 1527 3569 1600 Exempli
3597 1542 3784 1595 causa,

2195 1639 2338 1678 anno
2381 1621 2596 1677 Domini
2641 1621 2748 1678 5'30
2777 1633 2895 1678 erat
2943 1623 3026 1680 bis
3077 1611 3280 1694 scripta
3325 1621 3550 1677 totidem
3603 1621 3788 1677 verbis

2193 1717 2466 1774 sententia
2509 1714 2601 1771 illa
2642 1733 2656 1769 :
2696 1715 2943 1772 Mellaria
2985 1717 3107 1772 urbe
3159 1716 3437 1787 Hispania:
3480 1715 3535 1769 in
3565 1714 3786 1784 Bwtica,

490 1825 724 1883 Moralio
746 1867 761 1891 ,
793 1823 1057 1878 Floriauo
1099 1821 1167 1876 de
1219 1822 1458 1890 Ocampo
1478 1861 1494 1886 ,
1537 1815 1844 1882 Hesendio,
1889 1814 2088 1878 Nonio,
2119 1820 2169 1882 B
2196 1811 2256 1867 S.
2286 1809 2504 1868 Firmus
2530 1823 2744 1885 martyr,
2777 1823 2910 1880 etc.,
2935 1826 3109 1883 usque
3138 1810 3203 1866 ad
3235 1825 3334 1868 sex
3368 1825 3594 1876 versus;
3619 1824 3791 1880 quare

497 1918 780 1986 Quevedo,
811 1916 1074 1984 Mariana,
1107 1914 1315 1981 Zurita,
1356 1912 1522 1980 Goes,
1553 1912 1781 1977 Blauca,
1816 1907 2092 1965 Beutbero

493 2018 551 2066 et
576 2009 698 2065 aliis
728 2008 847 2078 ejus
878 2006 1186 2078 argumenti
1217 2004 1563 2070 auctoribus;
1610 2002 1890 2073 multoque
1934 2014 2094 2056 exac-

492 2101 604 2158 tius
632 2117 662 2157 a
690 2100 1016 2168 Ptolomaeo,
1039 2099 1340 2164 Antonino,
1363 2097 1690 2166 Pomponio,
1717 2095 1918 2159 Plinio,
1943 2093 2095 2150 Stra-

493 2195 659 2263 bone,
692 2190 945 2263 Appiauo
975 2191 1372 2255 Alexandrino,
1403 2189 1628 2258 Solino,
1659 2197 1715 2245 et
1744 2190 1826 2244 eis
1868 2183 2095 2258 aequali-

493 2288 630 2354 bus;
663 2300 765 2342 nec
793 2284 1082 2340 omittendi
1111 2282 1267 2339 fuere
1298 2282 1561 2346 Ortelius,
1594 2282 1888 2350 Mercator,
1917 2279 2093 2336 Villa-

492 2393 660 2445 nova,
692 2377 965 2443 Moletius,
1001 2377 1222 2442 Millius,
1251 2374 1646 2442 Nebrissensis,
1682 2374 1921 2442 Tarall'a,
1966 2372 2094 2428 Clu-

489 2472 627 2540 sius,
662 2480 718 2527 et
747 2469 1087 2526 diversorum
1119 2484 1414 2538 regnorum
1443 2468 1610 2524 variae
1636 2467 1902 2537 historiae,
1937 2465 2016 2522 uti
2037 2467 2094 2522 in

494 2564 648 2621 hisce
674 2554 1086 2619 commentariis
1125 2561 1504 2633 experimento
1553 2561 1714 2618 facile
1765 2560 2092 2633 comproba-

487 2657 659 2714 bitur.
692 2656 837 2713 Sane
864 2656 1027 2712 rebus
1060 2656 1254 2724 patriae
1281 2671 1396 2710 suae
1429 2663 1637 2710 tantam
1674 2663 1872 2710 auctor
1903 2662 2094 2709 noster

492 2750 673 2806 lucem
701 2748 878 2816 aﬂ‘ert,
931 2749 1273 2820 singulorum
1324 2756 1624 2820 martyrum
1671 2746 1835 2802 urbes
1876 2745 2096 2817 proprio

495 2850 694 2897 notans
741 2840 965 2896 nomine
1004 2855 1017 2893 :
1060 2839 1376 2907 Doctorum,
1428 2848 1486 2894 et
1533 2839 1950 2910 episcoporum,
2000 2837 2095 2909 qui

492 2933 694 3006 priscis
720 2932 829 2989 illis
862 2932 1199 3004 temporibus
1227 2942 1338 2989 tota
1386 2933 1646 3004 HiSpania
1673 2932 1912 2989 ﬂoruere
1941 2930 2097 2988 illus-

492 3033 606 3084 tres
634 3026 890 3098 ingerens
918 3026 1234 3094 memorias,
1267 3040 1297 3081 a
1327 3026 1526 3097 quibus
1555 3026 1792 3097 denique
1824 3024 2096 3082 catholica

495 3117 632 3176 ﬁdes
662 3116 837 3188 initia,
886 3133 1212 3190 progressus
1252 3129 1309 3175 et
1352 3127 1644 3191 augmenta
1681 3119 1921 3191 ceperit,
1972 3132 2096 3190 quae

2197 1904 2367 1960 semel
2416 1903 2698 1960 dumtaxat
2736 1903 2902 1960 scribi
2949 1902 3158 1960 debuit.
3217 1903 3444 1973 Insuper
3493 1918 3637 1957 anno
3681 1901 3790 1957 Do-

2197 1999 2329 2055 mini
2361 1999 2453 2066 86,
2493 2011 2610 2055 erat
2655 2001 2970 2054 intermixta
3002 2000 3265 2054 memoria
3305 1998 3366 2056 S.
3395 1997 3631 2054 Narcissi
3659 1996 3794 2052 Bra-

2196 2093 2441 2148 carcusis
2464 2092 2728 2164 episcopi,
2764 2091 3040 2149 Gerundae
3069 2092 3271 2160 occisi,
3312 2092 3403 2161 qui
3452 2101 3633 2148 tamen
3675 2090 3794 2160 ipso

2197 2185 2405 2242 Dextro
2435 2194 2576 2242 teste
2623 2194 2747 2256 post
2792 2184 2902 2244 200
2948 2183 3064 2240 fere
3103 2199 3278 2241 annos
3312 2192 3538 2240 necatus
3581 2183 3710 2250 fuit;
3739 2194 3799 2240 et

2197 2277 2266 2334 de
2295 2278 2414 2350 ejus
2441 2279 2706 2352 martyrio
2736 2277 2928 2334 scribit
2953 2277 3024 2333 ad
3051 2293 3184 2334 ann.
3214 2277 3343 2344 277,
3366 2277 3509 2334 unde
3529 2278 3796 2334 memoria

2199 2375 2288 2431 illa
2329 2377 2484 2447 prior
2527 2375 2761 2446 expungi
2802 2374 3011 2432 debuit.
3059 2376 3216 2431 Anno
3260 2374 3366 2430 110
3413 2372 3680 2446 agebatur
3724 2372 3796 2429 de

2198 2467 2504 2541 Porphyrio
2556 2468 2921 2539 philosopho,
2992 2477 3049 2522 et
3095 2466 3458 2538 scriptoribus
3502 2480 3631 2522 eum
3686 2465 3795 2520 im-

2166 2559 2593 2630 .pugnantibus,
2647 2574 2770 2615 cum
2831 2569 3013 2615 tamen
3070 2557 3124 2614 id
3175 2558 3303 2614 anni
3355 2558 3462 2616 510
3514 2556 3798 2628 proprium

2199 2661 2367 2719 esset,
2400 2662 2455 2709 et
2480 2653 2580 2723 ipsi
2610 2651 2920 2708 necessario
2954 2650 3375 2708 restituendum.
3406 2649 3636 2705 Nomina
3669 2663 3801 2720 pro-
3823 2717 3838 2723 ε

2199 2745 2313 2816 pria
2341 2745 2555 2801 urbium
2588 2754 2644 2802 et
2667 2760 3051 2816 personarum,
3085 2744 3130 2799 si
3160 2759 3280 2815 quae
3308 2742 3508 2798 alicubi
3536 2749 3798 2813 corrupta

2199 2846 2375 2900 erant,
2421 2851 2487 2892 ex
2518 2836 2642 2891 aliis
2671 2835 2914 2907 ejusdem
2953 2836 3196 2891 auctoris
3245 2834 3606 2901 testimoniis,
3645 2842 3701 2890 et
3727 2848 3801 2890 ex

2200 2930 2432 2986 lectione
2463 2931 2810 3001 antiquorum
2835 2929 2926 3001 qui
2957 2929 3026 2986 de
3054 2929 3123 2985 iis
3158 2938 3421 3000 tractant,
3467 2928 3666 2999 corrigi
3697 2927 3799 2984 de-

2200 3023 2368 3079 buere
2397 3042 2409 3078 :
2440 3023 2543 3079 alia
2577 3037 2708 3080 vero
2735 3040 2800 3079 ex
2831 3022 3285 3079 antecedentibus
3313 3031 3370 3078 et
3401 3021 3800 3092 consequenti-

2200 3119 2305 3173 bus
2334 3116 2494 3173 facile
2519 3115 2623 3172 fuit
2650 3116 2979 3183 emendare;
3012 3125 3066 3173 et
3112 3115 3468 3172 nihilominus
3493 3113 3672 3171 adhuc
3695 3127 3800 3168 suo

495 3211 662 3268 urbes
706 3213 1112 3284 praecipuorum
1146 3221 1453 3285 martyrum
1496 3214 1760 3287 sanguine
1805 3213 2097 3271 rubricatae
2124 3217 2171 3282 C
2204 3209 2373 3266 nitori
2413 3211 2610 3266 Dexter
2630 3211 2844 3266 restitui
2870 3225 2981 3265 non
3005 3209 3200 3276 valuit,
3229 3225 3297 3265 eo
3341 3207 3614 3280 praecipue
3651 3204 3798 3277 (ιιιοά

497 3300 753 3373 fuerunt,
803 3318 995 3375 quisve
1026 3303 1278 3361 conciliis
1309 3319 1627 3375 magnorum
1673 3305 1898 3362 Patrum
1929 3304 2095 3361 coho-

498 3406 759 3464 nestatae;
792 3398 884 3469 qui
925 3412 1173 3467 errores,
1204 3406 1261 3455 et
1300 3398 1505 3455 abusus
1531 3399 1586 3455 in
1631 3399 1702 3455 iis
1738 3398 2010 3466 damnati,
2043 3408 2099 3456 et

496 3490 759 3548 eliminati
784 3508 799 3547 :
827 3502 887 3547 ut
909 3492 1036 3562 jure
1061 3491 1267 3565 optimo
1295 3491 1520 3565 Hispani
1550 3506 1746 3549 omnes
1789 3501 1943 3550 tanto
1969 3507 2099 3548 auc-

493 3582 602 3639 tori
627 3581 958 3656 plaudentes
979 3598 1291 3655 assurgere,
1323 3591 1380 3640 et
1411 3583 1565 3655 (Deo
1601 3582 1730 3655 Opt.
1772 3583 1917 3639 Max.
1973 3598 2099 3656 gra-

493 3675 690 3731 tiarum
723 3675 964 3746 primum
1005 3676 1319 3733 actionibus
1359 3677 1665 3734 decantatis
1712 3692 1812 3749 pro
1837 3675 2098 3733 Cbronici

497 3767 809 3826 istiusmodi
835 3768 1194 3842 inventione)
1228 3772 1282 3825 in
1312 3769 1432 3842 ejus
1458 3784 1747 3826 occursum
1777 3768 1913 3825 illud
1944 3769 2098 3825 Cice-

497 3861 653 3918 ronis
686 3861 788 3918 sibi
834 3877 1116 3920 assumere
1144 3872 1367 3934 queant,
1398 3863 1496 3919 lib.
1529 3879 1547 3918 ι
1578 3863 1744 3920 Acad.
1788 3873 1983 3936 quaest.
2028 3863 2097 3919 de

497 3954 569 4012 Μ.
600 3956 845 4013 Varrone
881 3974 892 4011 :
925 3957 1037 4013 Nos
1084 3958 1136 4012 in
1182 3959 1373 4015 nostris
1421 3958 1634 4013 urbibus
1681 3959 2093 4031 peregrinantes,

491 4057 822 4120 errantesque
852 4059 1114 4120 tamquam
1141 4047 1390 4121 hospites,
1434 4054 1512 4106 tui
1547 4051 1670 4106 libri
1704 4055 1855 4121 quasi
1880 4054 2096 4108 domum

494 4140 858 4195 reduxerunt:
889 4151 944 4195 ut
974 4157 1238 4212 possemus
1267 4141 1587 4212 aliquando,
1625 4143 1716 4214 qui
1758 4153 1808 4199 et
1843 4145 1928 4198 ubi
1957 4137 2097 4199 esse;

495 4251 634 4304 mus,
663 4251 964 4308 agnoscere.
1014 4234 1094 4290 Tu
1135 4245 1338 4291 (etatem
1384 4237 1592 4308 patriae,
1636 4247 1691 4290 tu
1722 4237 2096 4309 descriptiones

493 4337 817 4400 temporum;
850 4337 905 4383 tu
934 4344 1202 4384 sacrorum
1221 4330 1373 4400 jura,
1409 4339 1464 4383 tu
1493 4329 1858 4398 sacerdotum;
1902 4339 1958 4386 tu
1998 4332 2096 4386 do-

491 4419 776 4488 mesticam,
812 4428 866 4474 tu
890 4418 1131 4474 bellicam
1147 4420 1480 4490 disciplinam
1493 4435 1514 4486 ;
1531 4429 1586 4475 tu
1603 4421 1777 4476 sedem
1797 4424 2092 4494 regionum,

489 4519 547 4566 tu
579 4509 852 4579 locorum;
892 4520 948 4567 tu
993 4513 1223 4567 omnium
1261 4512 1592 4583 diuinarum,
1642 4515 2092 4589 humanarumque

2207 3304 2364 3360 nobis
2405 3313 2620 3359 constet
2643 3302 2904 3359 nonnulla
2935 3303 2988 3358 in
3019 3318 3085 3358 eo
3115 3302 3206 3374 qui
3227 3310 3429 3369 exstat,
3471 3297 3798 3366 desiderari,

2200 3415 2323 3472 quae
2353 3398 2644 3454 manifesto
2669 3409 2988 3470 argumento
3010 3395 3182 3469 liquet
3203 3412 3237 3454 a
3268 3397 3470 3454 Dextro
3497 3394 3677 3451 omitti
3703 3408 3803 3450 ue-

2201 3494 2470 3566 quivisse.
2495 3492 2627 3560 Quis
2655 3491 2859 3549 etenim
2889 3491 2994 3548 sibi
3023 3489 3379 3570 persuadeat,
3420 3489 3479 3548 S.
3523 3487 3802 3546 Vincentii

2201 3587 2408 3645 Levita:
2459 3586 2938 3658 Caesaraugustam
2994 3586 3426 3643 illustrissimum
3480 3593 3600 3641 toto
3659 3583 3803 3641 orbe

2203 3683 2523 3755 martyrium
2547 3697 2576 3736 a
2607 3684 2808 3738 Dextro
2833 3683 3056 3740 silentio
3079 3682 3416 3738 involutum?
3437 3681 3570 3749 Quis
3595 3690 3801 3738 sancta:

2200 3777 2454 3849 virginis,
2489 3793 2553 3834 ac
2582 3777 2837 3850 Martyris
2864 3777 3102 3833 Eulaliae
3130 3776 3576 3844 Barcinonensis,
3607 3776 3802 3848 patria

2200 3871 2372 3942 ipsius
2404 3873 2593 3928 Dextri
2618 3871 2966 3941 protectricis
2996 3871 3316 3927 memoriam
3350 3871 3420 3927 ab
3447 3870 3533 3927 his
3577 3869 3800 3940 scriptis

2202 3964 2571 4020 climinatam?
2601 3964 2732 4034 Quis
2777 3964 3092 4021 Marcellum
3125 3964 3494 4038 legionensem
3523 3964 3801 4022 centurio-

2202 4073 2348 4124 nem,
2379 4067 2434 4114 et
2465 4058 2533 4112 12
2553 4057 2671 4128 ejus
2701 4056 2840 4114 lilios
2870 4065 2987 4114 tota
3015 4057 3274 4129 Hispania
3317 4057 3656 4125 notissimos,
3686 4073 3798 4114 non

2203 4148 2460 4203 habuisse
2505 4147 2559 4203 in
2608 4148 2693 4204 bis
2721 4149 3018 4206 Chronicis
3062 4151 3242 4206 locum
3281 4151 3628 4222 suspicetur?
3661 4165 3801 4221 prac-

2160 4244 2395 4321 sertim
2444 4257 2568 4298 cum
2613 4242 2755 4312 apud
2806 4242 2980 4299 Clem.
3032 4244 3385 4301 Prudentium
3439 4245 3630 4317 legerit
3678 4244 3798 4316 ipse

2202 4337 2462 4410 hymnum
2507 4337 2561 4391 in
2607 4335 2824 4392 laudem
2872 4337 2970 4395 SS.
3019 4337 3328 4408 Emitherii,
3385 4346 3446 4394 et
3486 4335 3796 4394 Chelidonii

2201 4439 2505 4502 martyrum
2575 4427 3154 4500 Calagurritanorum,
3239 4431 3473 4487 filiorum
3549 4429 3794 4500 eiusdem

2201 4519 2257 4577 S.
2312 4520 2558 4576 Marcelli
2591 4538 2606 4575 ε
2650 4529 2707 4575 ut
2738 4521 2954 4577 interim
2987 4525 3055 4578 de
3085 4523 3210 4579 aliis
3254 4524 3528 4579 nonnullis
3561 4532 3792 4590 taceam,

491 4618 670 4657 rerum
696 4606 928 4671 nomina,
961 4606 1164 4677 ofﬁcia,
1214 4622 1399 4660 causas
1445 4607 1717 4677 aperuisti.
1761 4609 1841 4665 Ita
1869 4626 2094 4680 prorsus
2121 4611 2178 4674 D
2202 4622 2262 4669 ιιι
2291 4612 2445 4669 Zoile
2474 4629 2599 4669 cum
2627 4613 2791 4670 sociis
2832 4615 2925 4683 19,
2971 4615 3233 4672 Gerontio
3280 4616 3480 4673 Italica:
3509 4616 3793 4688 episcopo,

487 4695 649 4753 nobis
694 4695 881 4754 Dextri
938 4699 1208 4756 beneficio
1257 4700 1526 4758 accidisse
1569 4713 1914 4774 compertum
1961 4715 2092 4763 est:

489 4786 655 4844 urbes
680 4788 825 4844 enim
866 4797 922 4867 et
970 4790 1172 4861 oppida
1223 4789 1499 4862 Hispania:
1529 4794 1684 4864 quasi
1741 4795 1988 4868 hospites
2037 4809 2096 4856 et

485 4881 759 4951 peregrini
790 4880 1192 4952 incolebamus,
1219 4884 1348 4954 quid
1387 4885 1514 4940 olim
1542 4887 1756 4960 insigne
1795 4890 1851 4946 in
1885 4892 1966 4948 eis
1995 4907 2089 4949 ac-

479 4971 680 5028 ciderit
710 4974 1063 5045 ignorantes;
1095 4990 1233 5047 quos
1262 4991 1628 5047 praecessores
1659 4979 1791 5037 inibi
1822 4980 2086 5054 insignes,

487 5079 630 5136 quos
662 5076 958 5140 martyres,
990 5083 1128 5140 quos
1159 5070 1453 5137 antistites,
1487 5087 1624 5142 quos
1662 5073 1918 5132 doctores
1948 5077 2090 5146 pris-

480 5157 563 5214 cis
594 5160 932 5230 temporibus
980 5176 1060 5217 ca:
1097 5161 1263 5219 urbes
1312 5150 1666 5236 pepererint,
1703 5182 1802 5223 nos
1836 5168 2084 5223 latebat:

479 5266 624 5308 nunc
651 5262 784 5310 vero
810 5255 1074 5312 tutelares
1095 5272 1345 5329 magnos,
1381 5271 1644 5330 patronos
1670 5262 1926 5330 eximios,
1950 5279 2082 5320 con-

480 5342 632 5400 eives
662 5345 899 5416 nobiles,
932 5347 1121 5405 dulces
1149 5349 1367 5421 fratres,
1405 5351 1606 5409 Dextro
1628 5354 1790 5426 duce,
1821 5355 2080 5429 deinceps

473 5447 858 5512 agnotcemus,
881 5442 1281 5512 reverebimur,
1317 5446 1830 5519 solenmizabimus,
1870 5460 1924 5509 et
1949 5450 2081 5521 ipsis

2199 4707 2404 4764 Evasio
2429 4709 2759 4777 Cassalensi,
2795 4709 3161 4782 Hermogene,
3194 4719 3251 4766 et
3283 4711 3511 4774 Donato,
3543 4709 3698 4781 Lupo
3742 4721 3800 4766 et

2199 4801 2446 4869 Aurelia,
2483 4802 2714 4876 Cyriaco
2741 4812 2796 4859 et
2833 4804 3022 4871 Paula,
3049 4804 3310 4861 Sandalio
3348 4805 3712 4871 Cordubensi,
3741 4815 3799 4860 et

2200 4896 2472 4952 Dalmatio
2501 4896 2867 4966 Cerundensi,
2915 4915 3144 4970 quorum
3189 4901 3438 4956 nonnulli
3489 4899 3670 4956 forsan
3727 4899 3799 4956 ad

2199 4989 2319 5059 ejus
2353 4989 2600 5045 notitiam
2636 5005 2742 5045 non
2772 5006 3100 5061 pervenere.
3127 4993 3196 5048 Et
3225 4993 3354 5064 quid
3387 4995 3528 5050 ultra
3573 5008 3802 5064 progre-

2198 5081 2421 5136 dimur?
2447 5079 2608 5136 Certe
2644 5081 2885 5140 laborem
2927 5084 2979 5140 in
3019 5085 3102 5139 his
3131 5086 3416 5143 Chronicis
3457 5085 3799 5142 illustrandis

2197 5187 2227 5228 a
2259 5173 2420 5229 nobis
2453 5173 2776 5244 praestitum,
2808 5185 2863 5230 et
2888 5177 3206 5234 earumdem
3241 5179 3617 5236 incredibilem
3641 5178 3799 5235 utili-

2193 5275 2399 5334 tatem,
2451 5266 2686 5322 lectione
2729 5267 2842 5323 sola
2889 5269 3125 5327 lectores
3165 5273 3270 5330 mei
3317 5281 3574 5342 poterunt
3599 5271 3800 5342 depreo

2191 5359 2461 5416 beudere.
2495 5360 2723 5432 Legant,
2762 5378 2985 5433 quteso,
3037 5375 3094 5422 et
3140 5382 3338 5438 magno
3387 5366 3648 5425 Ecclesia:
3696 5367 3797 5424 Dei

2189 5451 2359 5522 bono,
2393 5453 2655 5510 Dextrum
2683 5455 2736 5511 in
2771 5456 2964 5529 vulgus
2991 5458 3143 5518 exire
3167 5469 3525 5534 cognoscant.

1827 5716 2421 5768 Ἥ
