4032 6340
249 295 331 350 57
1302 287 1531 347 FLAVI!
1568 283 1752 347 LUCII
1788 284 2050 344 DEXTRI
2086 282 2501 346 CBRONICON.
3478 281 3551 343 68

241 409 502 482 A.C.l.

1016 406 1218 465 Tribus
1244 406 1576 478 pastoribus,
1605 404 1696 476 qui
1721 402 1942 459 fuerunt
1967 402 2180 471 sancti,
2200 404 2434 476 primum
2461 404 2788 463 ostenditur.

450 504 504 559 2.
1096 499 1232 557 Tres
1257 500 1402 556 soles
1428 505 1798 570 apparuerunt
1827 494 1884 550 in
1905 494 2184 568 Hispaniis
2210 498 2265 554 in
2299 514 2466 556 unum
2488 494 2723 558 conecti.
2838 493 2848 536 ²

3223 404 3292 461 Δ.
3320 403 3388 460 R.
3420 398 3550 462 7,52.

3329 584 3336 589 ξ
3421 494 3553 554 753.

1426 639 1429 642 ’
1466 633 1726 693 BlVARll
1763 629 2338 696 COMMENTARIUS.
2361 638 2371 680 ν

244 761 402 817 disse
439 761 490 816 in
520 772 722 814 annum
751 756 901 814 urbis
945 755 1073 828 751.
1099 754 1199 811 ille
1226 768 1356 810 vero
1393 768 1540 810 anno
1565 751 1830 828 sequenti,
1861 751 1918 811 Α
1979 751 2067 805 .2.
2125 751 2308 828 Tribus
2353 757 2664 828 pastoribus,
2711 767 2818 814 etc.
2862 757 2980 815 Duo
3019 759 3106 816 hic
3162 758 3362 815 Dexter
3401 757 3550 814 affir-

245 833 303 888 id
335 843 444 899 est,
474 831 614 896 752;
659 829 754 887 sed
792 827 1062 898 ejusmodi
1086 842 1353 882 annorum
1386 825 1714 899 supputatio
1744 841 1854 884 non

247 907 328 960 ita
359 896 616 960 constans
645 909 730 958 est
759 896 902 971 apud
933 915 1151 965 omnes,
1198 907 1261 971 fut
1309 898 1450 971 inde
1469 896 1689 969 aliquid
1717 900 1856 956 certi

243 977 519 1032 deducere
545 969 858 1034 valeamus;
887 987 1011 1028 cum
1033 973 1175 1026 inter
1194 970 1344 1040 ipsos
1368 969 1634 1025 Ethnicos
1661 984 1856 1039 magna

242 1048 320 1104 sit
364 1047 542 1102 adhuc
580 1045 649 1100 lis
694 1045 765 1099 de
804 1042 1151 1112 assignandis
1193 1041 1352 1098 annis
1391 1041 1630 1097 conditas
1670 1040 1850 1099 Urbis.

244 1119 523 1174 Ausonius
571 1114 740 1190 (quod
769 1115 888 1190 ipse
934 1113 1410 1190 Baroniusﬂnotat)
1451 1127 1549 1183 per
1576 1112 1766 1182 viginti
1798 1122 1860 1170 ut

246 1191 535 1246 minimum
580 1185 764 1244 annos
792 1186 1068 1257 discrepat
1119 1202 1147 1240 a
1196 1185 1471 1243 Varrone:
1517 1199 1686 1256 quare
1730 1201 1856 1254 pru-

243 1263 444 1318 denter
494 1261 753 1316 admonet
798 1258 940 1327 ipse,
995 1258 1139 1314 haud
1194 1265 1330 1324 tuto,
1383 1266 1437 1312 et
1492 1266 1645 1312 certo
1693 1272 1854 1326 posse

246 1333 591 1389 Christianos
623 1347 654 1386 a
701 1330 937 1386 condita:
976 1330 1132 1386 urbis
1171 1339 1416 1398 tempore
1445 1343 1621 1382 annos
1661 1344 1846 1385 nume-

246 1421 394 1460 rare.
423 1405 590 1460 Miror
622 1412 802 1458 tamen
849 1401 1226 1459 doctissimum
1258 1402 1432 1456 virum
1481 1399 1582 1454 hac
1620 1399 1675 1455 in
1714 1415 1775 1456 re
1820 1417 1850 1457 a

249 1477 569 1547 prmscripla
616 1474 910 1530 Catholica:
938 1488 1002 1530 ac
1031 1472 1291 1547 Romanae
1340 1472 1602 1527 Ecclesiae
1649 1487 1854 1547 suppu-

250 1555 457 1604 tatione
480 1545 818 1604 descivisse:
867 1561 990 1600 nam
1018 1560 1140 1600 cum
1172 1546 1480 1600 Romanum
1526 1545 1852 1616 martyrolo-

246 1621 390 1687 gium
437 1619 530 1674 die
575 1618 650 1673 ΞΒ
710 1619 970 1673 Decemh.
1024 1615 1264 1672 dilucide
1331 1623 1578 1681 promat,
1661 1615 1847 1672 natum

246 1691 523 1746 Christum
553 1689 620 1743 ab
651 1689 788 1745 Urbe
815 1688 1028 1744 condita
1056 1706 1195 1743 anno
1235 1687 1363 1751 752,
1411 1687 1528 1753 ipse
1566 1689 1848 1744 contendit

251 1773 432 1817 natum
463 1761 796 1831 praecedenti
817 1762 944 1815 751.
971 1759 1153 1815 Satius
1171 1762 1344 1815 multo
1365 1757 1554 1813 Dextri
1588 1759 1843 1827 placitum

248 1850 563 1905 scipieinur,
596 1833 683 1888 cui
708 1833 914 1905 tabulae
963 1832 1360 1905 Ecclesiasticze
1407 1841 1748 1905 consoiiapt,
1789 1840 1845 1888 et

244 1901 524 1960 rui'etiam
559 1904 790 1960 Orosius
834 1903 1157 1967 subscribit,
1190 1902 1436 1973 ejusdem
1485 1915 1607 1973 cum
1641 1901 1844 1960 Dextro

244 1976 610 2047 antiquitatis,
639 1983 694 2031 et
718 1975 1020 2045 gravitatis.
1045 1975 1111 2028 Et
1141 1972 1290 2030 certe
1317 1972 1366 2028 si
1391 1987 1482 2047 res
1511 1972 1578 2047 ad
1610 1989 1843 2044 unguem

247 2043 651 2118 perpendatur,
715 2043 1415 2118 oppositum"asserentes
1469 2043 1726 2118 laborare
1788 2047 1840 2102 in

246 2114 528 2189 a-quivoco
575 2114 991 2174 convincentur.
1032 2117 1188 2174 Unde
1233 2117 1368 2172 hoc?
1399 2114 1530 2170 Inde
1560 2117 1835 2187 videlicet,

244 2192 383 2266 quod
414 2192 542 2266 a_nni
591 2191 782 2266 [inmte
826 2190 1060 2266 conditae
1093 2204 1202 2244 non
1250 2197 1378 2244 sunt
1417 2189 1743 2266 supputandi
1773 2191 1841 2246 ab

243 2263 396 2318 initio
435 2262 707 2328 Januarii,
749 2261 843 2316 sed
867 2258 959 2315 'ab
989 2277 1056 2315 eo
1087 2276 1294 2332 mense,
1344 2267 1399 2332 et
1428 2258 1540 2332 die,
1560 2274 1682 2332 quo
1729 2261 1841 2332 ipsa

243 2335 457 2390 condita
497 2334 616 2401 fuit,
649 2332 904 2388 videlicet
945 2333 1238 2388 undecimo
1280 2330 1501 2386 kalend.
1553 2331 1698 2397 Maii,
1743 2330 1840 2389 Seu

242 2407 304 2461 21
358 2407 447 2460 die
495 2405 704 2474 Aprilis
755 2403 925 2474 (quod
968 2403 1110 2459 idem
1152 2403 1259 2474 est)
1290 2417 1392 2468 qua
1445 2401 1641 2458 festum
1686 2404 1840 2462 Pales

245 2477 529 2532 Pastorum
559 2477 688 2531 Deae
717 2474 989 2531 celebrari
1032 2476 1252 2531 solitum
1293 2475 1414 2540 fuit,
1455 2481 1514 2527 ut
1555 2489 1622 2530 ex
1652 2486 1838 2531 vetus-

254 2549 471 2604 tissimis
509 2547 830 2603 auctoribus
879 2546 1193 2617 accipimus.
1227 2546 1454 2602 Ovidius
1494 2545 1588 2602 lib.
1623 2562 1679 2603 tv
1707 2548 1840 2605 Fas-

250 2629 445 2690 torum,
468 2620 535 2676 de
566 2635 633 2675 ea
663 2617 959 2674 festivitate
984 2633 1179 2689 agens,
1213 2618 1386 2673 dixit:

392 2758 522 2817 Apta
540 2758 652 2807 dies
673 2757 876 2820 legitur,
903 2769 998 2819 qua
1021 2757 1199 2807 moenia
1223 2758 1387 2820 signet
1411 2760 1606 2819 aratro;

457 2820 607 2871 Sacra
628 2819 777 2871 Pales
802 2820 992 2884 aderat,
1013 2821 1126 2870 inde
1143 2819 1369 2872 movetur
1391 2832 1532 2884 OpllS.

307 2971 400 3028 Sic
446 2973 613 3044 etiam
660 2973 845 3028 docuit
884 2972 1178 3044 Dionysius
1227 2972 1679 3029 Halicarnasseus
1725 2991 1740 3030 :
1785 2983 1840 3032 et

149 3061 152 3064 ’
239 3043 472 3116 Messala
503 3043 776 3100 Corvinus
817 3044 914 3099 lib.
964 3043 1162 3116 desua
1209 3045 1470 3116 progenie
1515 3044 1581 3099 ad
1624 3044 1837 3116 Augus-

242 3127 376 3180 tum,
420 3114 646 3180 Ferunt,
680 3116 778 3180 ait,
816 3117 1085 3172 undecimo
1125 3114 1375 3171 kalendas
1413 3115 1606 3183 Maias,
1642 3114 1838 3172 Ro'muc

240 3189 342 3240 tum
377 3187 536 3243 Urbis
585 3189 926 3258 fundamenta
944 3186 1154 3258 jecissc.
1203 3187 1308 3242 Pro
1344 3188 1535 3243 eadem
1567 3191 1838 3244 sententia

239 3269 429 3331 auehit
452 3259 835 3329 Chronologim
863 3259 917 3314 in
950 3260 1243 3315 Historiam
1274 3259 1411 3315 Livii
1445 3259 1496 3314 in
1537 3259 1834 3331 principio,

240 3330 408 3385 refert
445 3331 684 3385 Tullium
707 3372 722 3396 ,
755 3331 1134 3397 Plutarchum,
1178 3343 1229 3386 et
1281 3331 1559 3397 Solinum;
1599 3340 1657 3387 et
1695 3330 1836 3387 idem

239 3403 434 3457 asserit
465 3403 762 3458 Mariianus
810 3403 904 3457 lib.
955 3404 1023 3457 de
1070 3402 1294 3472 Origine
1342 3402 1494 3458 urbis
1528 3402 1747 3472 Romae,
1783 3411 1839 3460 et

241 3471 495 3529 Velcurio
524 3474 576 3527 in
600 3473 908 3528 Comment.
938 3474 1005 3528 ad
1038 3474 1132 3528 lib.
1166 3471 1203 3528 ιι
1233 3474 1337 3529 Titi
1377 3474 1512 3529 Livii
1539 3492 1552 3528 :
1578 3471 1836 3542 Dies,in-

1960 833 2105 908 mat,
2130 825 2385 908 videlicet
2426 837 2699 908 pastores,
2721 831 2932 908 _quibns
2973 847 3108 908 puer
3139 831 3282 888 Dens
3313 832 3545 908 primum

1959 901 2201 971 omnium
2233 907 2484 971 ostensus
2513 910 2619 971 est,
2659 901 2827 958 fuisse
2855 905 3148 960 sanctitate
3188 903 3546 971 conSpieuos;

1959 967 2158 1046 deinde
2179 969 2321 1038 quod
2343 970 2410 1025 ad
2434 967 2719 1029 numerum
2745 990 2932 1031 eorum
2954 983 3184 1046 spectat,
3218 967 3386 1029 fuisse
3413 967 3544 1046 tres,

1959 1054 2062 1117 nec
2093 1039 2301 1108 plures,
2348 1057 2455 1117 nec
2479 1048 2787 1117 pauciOi-es.
2833 1039 3032 1102 Horuin
3064 1039 3214 1117 prius
3257 1046 3412 1102 facile
3444 1045 3546 1101 sibi

1959 1110 2595 1190 quisquepersuadebit,
2627 1117 2951 1187 prmclarum
2983 1129 3036 1174 et
3066 1110 3340 1190 singulare
3382 1117 3547 1172 bene-

1960 1183 2137 1262 ficium
2169 1183 2250 1262 ob_
2273 1185 2461 1262 oculos
2490 1183 2733 1262 versans,
2763 1189 2906 1259 quod
2950 1190 3081 1262 ipsis
3111 1183 3344 1245 contulit
3377 1189 3542 1262 Deus,

1956 1254 2406 1330 dum‘participes
2436 1271 2531 1330 eos
2570 1257 2714 1323 fecit.
2763 1254 2872 1330 pra:
2906 1254 3122 1318 cieteris
3150 1262 3314 1316 totius
3358 1261 3543 1315 mundi

1956 1325 2299 1402 hominibus,
2315 1325 2638 1402 gaudiorum
2670 1325 2783 1386 sua}
2815 1332 3153 1398 nativitatis;
3192 1333 3349 1402 cujus
3383 1333 3545 1388 nimi-

1953 1406 2159 1471 tumet
2200 1399 2300 1465 ipsi
2334 1414 2442 1455 non
2474 1400 2691 1458 fuerunt
2716 1404 2933 1471 ingrati,
2967 1405 3132 1460 immo
3171 1399 3301 1460 vero
3329 1404 3541 1460 reversi

1953 1468 2412 1550 glorificaverunt,
2433 1482 2499 1550 et
2529 1468 2815 1550 laudarunt
2837 1468 3003 1550 Deum
3037 1477 3087 1531 in
3115 1476 3397 1550 omnibus,
3412 1491 3542 1550 Aqua:

1953 1539 2257 1604 audierant,
2294 1553 2347 1596 et
2394 1539 2660 1612 viderant,
2703 1547 2846 1601 sicut
2888 1547 3089 1602 dictum
3129 1557 3213 1602 est
3255 1547 3321 1603 ad
3367 1539 3490 1602 illos
3525 1563 3538 1602 :

1953 1613 2167 1681 quando
2214 1612 2282 1668 ab
2316 1616 2513 1687 angelo
2559 1617 2805 1672 claritate
2853 1617 2948 1672 Dei
2997 1619 3300 1687 refulgente
3349 1618 3540 1672 audire

1955 1692 2273 1763 meruerunt
2297 1702 2309 1738 :
2331 1685 2660 1763 Euangelizo
2684 1691 2822 1744 vobis
2843 1690 3094 1763 gaudium
3113 1685 3375 1763 magnum.
3402 1690 3541 1761 quod

1951 1755 2048 1829 erit
2071 1757 2216 1829 omni
2240 1758 2454 1829 populo,
2478 1755 2599 1828 quia
2627 1773 2777 1815 natus
2808 1755 2881 1815 est
2912 1762 3070 1817 Vanis
3093 1755 3243 1815 hodie
3271 1755 3536 1824 Saluator,
3591 1775 3594 1778 '

1950 1827 2040 1895 qui
2060 1837 2132 1881 est
2151 1826 2393 1904 Christus
2419 1826 2692 1904 Dominus.
2723 1832 2853 1888 Nam
2878 1836 3021 1904 quod
3041 1833 3356 1904 Specialiter
3380 1831 3540 1888 Vosts

1948 1905 2110 1978 natus
2134 1897 2314 1978 dictus
2344 1911 2446 1966 est,
2483 1901 2625 1978 idem
2649 1904 2864 1959 videtur
2888 1897 2951 1959 ac
2980 1907 3024 1961 si
3055 1897 3539 1978 angelus'apertius

1948 1967 2178 2034 diceret,
2223 1971 2457 2040 primum
2493 1972 2633 2030 inter
2674 1990 2864 2032 omnes
2905 1967 3167 2030 mortales
3199 1967 3351 2030 vobis
3381 1987 3540 2030 natus

1949 2049 2070 2114 est,
2091 2051 2277 2114 utpote
2303 2059 2463 2114 quem
2494 2048 2731 2113 priorem
2765 2047 2898 2101 estis
2926 2047 3094 2102 visuri
3138 2056 3193 2102 et
3233 2046 3537 2102 adoraturi.

2019 2111 2176 2180 Quod
2219 2111 2410 2169 attinet
2459 2111 2525 2170 ad
2560 2133 2842 2172 munerum
2885 2120 3131 2182 illorum,
3176 2118 3384 2173 diserte
3412 2132 3536 2172 cum

1959 2181 2158 2258 Dextro
2180 2187 2450 2258 consentit
2480 2187 2647 2251 Beda,
2675 2191 2763 2253 qui
2791 2191 2882 2243 lib.
2908 2189 2975 2245 de
3003 2181 3156 2245 Locis
3173 2189 3387 2245 Sanctis
3412 2204 3533 2258 cap.

1947 2253 2002 2322 8,
2040 2254 2154 2310 haec
2173 2257 2249 2329 ait
2279 2274 2292 2329 ς
2328 2256 2494 2312 Porro
2523 2259 2592 2314 ad
2615 2260 2878 2316 Orientem
2904 2262 2958 2315 in
2984 2260 3334 2329 Turre-Ader,
3360 2259 3414 2313 id
3435 2253 3531 2329 est,

1944 2329 2151 2404 gregis,
2176 2327 2320 2404 mille
2349 2347 2533 2401 passus
2557 2349 2588 2385 a
2620 2333 2826 2404 ciuitate
2859 2331 3121 2387 Bethleem
3157 2327 3426 2404 segregata
3463 2327 3538 2386 est

1947 2396 2188 2452 Ecclesia
2213 2396 2367 2454 ινξιιηί
2391 2411 2659 2470 pastorum
2685 2403 2750 2456 Di
2757 2404 2888 2458 rimo
2907 2396 3534 2458 nativitatisEonSciorum

1944 2481 2276 2525 monumenta
2303 2475 2571 2528 continens
2590 2517 2604 2541 ,
2628 2476 2827 2545 quibus
2857 2487 2911 2530 ct
2937 2476 3232 2531 ternarium
3259 2488 3312 2529 et
3337 2475 3537 2530 sancti-

1946 2548 2109 2596 tatem
2138 2550 2414 2615 pastorum
2447 2546 2756 2613 proﬁtetur,
2791 2547 2843 2602 in
2883 2563 3113 2615 quorum
3146 2547 3398 2601 nimirum
3431 2546 3535 2599 ho-

1944 2627 2130 2690 norem
2161 2613 2404 2690 _Ecclesia
2435 2626 2551 2670 erat
2580 2617 2868 2673 aediﬁcata.
2904 2613 3222 2690 Utrumque
3255 2632 3386 2672 vero
3416 2617 3534 2673 sine

1945 2682 2284 2758 haesitatione
2315 2697 2622 2754 asseverat,
2657 2699 2844 2757 utpote
2889 2691 2960 2746 de
3000 2682 3198 2758 quibus
3241 2699 3533 2757 utrumque

1942 2767 2019 2844 eo
2037 2755 2155 2844 loci
2175 2767 2230 2810 et
2276 2755 3038 2844 tetnpori-sppe'tiunajornm
3070 2775 3261 2844 manus
3309 2755 3532 2844 accepta

1943 2824 2166 2900 traditio
2224 2824 2640 2900 pronuntiabat."
2690 2824 3002 2900 Ejus"sinc
3064 2832 3230 2887 dubio
3279 2824 3531 2886 conscius

1944 2896 2142 2974 Dexter
2173 2899 2321 2974 velut
2359 2901 2405 2955 is
2436 2902 2538 2974 qui
2584 2903 2636 2955 in
2676 2896 2904 2959 Oiicnte
2943 2904 3202 2974 prietorio
3239 2901 3534 2974 prmfectus

1940 2966 2134 3044 funerat,
2169 2981 2272 3044 tres
2292 2970 2403 3044 hoc
2434 2966 2555 3026 loco
2585 2982 2633 3027 et
2677 2985 2882 3029 sanctos
2910 2966 3152 3044 pastores
3183 2966 3532 3041 ev'angelicos

1942 3037 2111 3096 fuisse
2137 3041 2354 3118 scribit,
2384 3037 2962 3118 videbaturquevahie
2981 3061 3280 3118 congruum
3300 3037 3528 3118 rationi,

1943 3121 1999 3164 ut
2030 3120 2140 3186 tres
2175 3114 2457 3186 dumtaxat
2484 3114 2728 3185 pastores
2757 3117 2993 3173 Verbum
3036 3114 3212 3172 Patris
3234 3158 3250 3182 ,
3293 3115 3527 3186 Spiritus

1940 3183 2116 3238 sancti
2145 3199 2250 3259 ope
2280 3201 2408 3240 caro
2440 3183 2639 3242 factum
2688 3188 2853 3259 primi
2890 3188 3170 3244 hominum
3210 3183 3526 3256 adorarent,

1940 3268 2048 3323 quo
2103 3256 2419 3312 adoratores
2475 3256 2779 3315 existerent
2833 3260 3188 3316 sanctissimze
3250 3259 3529 3315 Trinitatis

1941 3328 2550 3404 mysterii,_sicut_etiu
2587 3332 2759 3404 tribus
2791 3331 2957 3404 Magis
2996 3330 3336 3404 postmodum
3366 3329 3531 3385 elfec-

1942 3405 2054 3474 tum
2083 3413 2182 3474 suo
2213 3400 2333 3453 loco
2357 3400 2682 3474 videbimus.
2715 3400 2974 3458 Porro'dc
2994 3400 3270 3474 pastorum
3301 3417 3528 3474 numero

1941 3468 2161 3525 videndi
2189 3483 2316 3525 sunt
2342 3472 2496 3527 card.
2531 3473 2795 3528 Baronius
2831 3489 2975 3528 anno
2996 3468 3216 3528 Domini
3249 3489 3263 3527 ι
3294 3481 3351 3528 et
3388 3471 3527 3528 Sua-

239 3547 368 3612 quit,
407 3543 590 3616 Roma:
631 3545 924 3612 natalitius,
957 3562 1059 3613 quo
1097 3546 1251 3600 condi
1286 3556 1446 3614 rtepta
1475 3555 1588 3610 est,
1619 3539 1834 3603 habetur
1859 3539 1905 3603 C
1942 3554 2040 3616 TeZ_
2077 3553 2218 3616 tum:
2242 3558 2278 3597 ll
2311 3543 2362 3597 in
2395 3545 2512 3616 51'.
2545 3545 2608 3600 D.
2639 3545 2742 3604 Th.
2778 3562 2834 3616 q.
2866 3547 2955 3611 56.
2990 3545 3130 3615 disp.
3168 3545 3256 3611 M,
3299 3545 3525 3616 sect._‘2.

238 3618 300 3668 ad
328 3633 368 3671 ιι
397 3615 483 3672 kal
512 3615 710 3674 Maias.
733 3617 979 3688 Denique
1002 3617 1316 3686 Propertius
1348 3618 1442 3672 lib.
1480 3633 1530 3672 ιν
1564 3618 1682 3674 haec
1721 3618 1832 3674 ait:

390 3750 700 3817 Urbijestus
723 3761 850 3817 erat,
870 3752 1054 3817 dixere
1072 3753 1244 3804 Palilia
1278 3753 1454 3817 Patres
1476 3769 1488 3813 ;

484 3855 494 3876 ι
518 3813 613 3864 llic
635 3817 820 3880 primus
837 3813 987 3880 carpit.
1009 3815 1253 3867 Moenibus
1277 3829 1389 3867 esse
1412 3816 1540 3866 dles.

305 3966 446 4022 llinc
486 3967 568 4032 lit,
617 3976 678 4023 ut
721 3968 1043 4023 consulatus
1080 3968 1293 4022 Lentuli
1341 3977 1395 4021 ct
1432 3967 1673 4022 Messala:
1710 3985 1834 4038 par-

236 4045 342 4092 lem
396 4040 561 4093 fuerit
600 4040 914 4108 complexus
963 4040 1090 4094 anni
1135 4039 1294 4096 Urbis
1325 4040 1557 4094 condita:
1598 4039 1721 4106 751,
1778 4049 1834 4096 et

242 4121 447 4176 partem
497 4111 662 4164 etiam
705 4111 827 4165 anni
859 4112 984 4167 752.
1034 4111 1262 4180 Quando
1301 4112 1447 4166 enim
1488 4113 1832 4167 consulatum

238 4182 307 4234 illi
328 4182 576 4236 inierunt
597 4182 687 4236 die
714 4197 726 4236 ι
755 4183 1018 4245 Januarii,
1038 4185 1286 4238 currebat
1312 4182 1488 4238 annus
1514 4182 1671 4238 Urbis
1702 4185 1830 4249 751;

234 4253 326 4306 sed
360 4269 391 4306 a
431 4252 522 4308 die
564 4253 624 4308 2i
664 4256 837 4325 April.
880 4256 1049 4324 etrapit
1092 4269 1266 4309 annus
1313 4254 1381 4308 ab
1420 4254 1565 4325 Urbe
1613 4255 1830 4310 condita

234 4325 338 4378 752
380 4341 398 4380 :
445 4340 617 4396 quare
662 4324 784 4380 cum
825 4325 1074 4380 Christus
1127 4326 1408 4380 Dniniiius'
1440 4324 1597 4380 datus
1646 4325 1829 4396 fuerit,

234 4412 336 4450 non
369 4396 506 4465 ipsis
545 4395 794 4452 kalendis
838 4397 1100 4461 Januarii,
1134 4398 1289 4450 initio
1330 4398 1648 4451 couSnlatns
1695 4413 1833 4468 pra:-

233 4469 526 4534 ilictorum,
575 4469 671 4523 scd
709 4468 774 4521 ad
816 4470 976 4523 linem
1013 4469 1138 4522 anni
1186 4469 1235 4522 id
1277 4480 1383 4528 est,
1415 4469 1488 4523 25
1519 4469 1834 4526 Det‘mnbris

233 4541 332 4590 snh
359 4539 572 4594 eisdem
602 4539 938 4602 consulibus,
975 4556 1258 4596 necessum
1290 4549 1375 4595 est
1410 4550 1468 4594 ut
1500 4556 1829 4608 asserainus,

234 4610 282 4664 id
312 4611 587 4666 accidisse
617 4626 764 4666 anno
808 4611 992 4666 Romae
1025 4611 1150 4676 752,
1197 4622 1258 4666 ut
1305 4613 1501 4667 Dexter
1532 4624 1828 4667 asseverat.

233 4684 289 4734 Et
328 4693 513 4737 tamen
558 4698 655 4752 per
697 4684 799 4738 hoc
835 4696 940 4737 non
972 4685 1176 4738 recedit
1206 4699 1235 4737 a
1280 4683 1665 4753 supputatione
1699 4683 1833 4738 Var-

233 4755 385 4808 ronis
440 4754 640 4808 aientis
696 4755 1038 4810 consulatum
1106 4755 1322 4810 Lentuli
1376 4764 1431 4809 et
1479 4755 1724 4810 Messalre
1777 4756 1829 4811 in

231 4841 433 4880 annum
469 4825 632 4882 Urbis
661 4827 757 4884 751
791 4826 1074 4891 incidisse;
1108 4827 1157 4881 id
1190 4827 1334 4881 enim
1360 4826 1429 4882 de
1459 4827 1687 4880 exordio
1713 4827 1832 4896 ejus

233 4897 642 4965 intelligendum
683 4907 786 4962 est,
824 4913 932 4953 non
967 4899 1032 4953 de
1065 4899 1194 4967 line,
1227 4899 1314 4954 cui
1342 4898 1454 4968 jam
1491 4899 1702 4952 luxerat
1735 4915 1826 4953 no-

235 4985 330 5024 vus
365 4969 528 5024 Urbis
556 4985 755 5026 annus.
1419 5007 1422 5014 -
1501 5009 1506 5018 ι

301 5041 417 5095 Hoc
443 5043 618 5095 semel
650 5042 930 5097 mormisse
961 5041 1218 5105 sufficiat,
1251 5056 1352 5098 nec
1379 5041 1654 5111 oportebit
1681 5041 1834 5095 dein-

231 5127 360 5180 ceps
390 5114 675 5167 immorari
713 5115 766 5168 in
799 5114 1184 5185 supputatione
1211 5129 1478 5169 annorum
1511 5112 1674 5168 Urbis
1701 5128 1832 5167 con-

231 5185 404 5257 ditas:
439 5187 663 5255 cognito
694 5185 963 5257 siquidem
996 5186 1163 5257 semel
1194 5185 1336 5256 quod
1379 5186 1582 5257 natalis
1614 5185 1828 5240 Domini

234 5255 486 5312 inciderit
514 5258 568 5310 in
601 5255 802 5311 annum
831 5255 956 5324 752,
994 5256 1150 5311 facile
1180 5255 1350 5312 cuivis
1378 5271 1522 5312 anno
1548 5255 1831 5312 Dominico

234 5343 361 5399 suus
393 5343 461 5382 ex
489 5333 662 5383 latere
691 5329 1027 5397 rCSptmdens
1054 5328 1218 5386 Urbis
1243 5344 1418 5383 annus
1439 5328 1827 5399 assignabitttr,

234 5398 434 5454 additis
481 5400 739 5455 nimirum
776 5399 936 5456 annis
974 5400 1161 5456 Romae
1204 5402 1293 5471 qui
1337 5398 1569 5456 natalem
1614 5398 1828 5454 Domini

233 5481 650 5542 praecesserunt,
683 5473 750 5527 ad
777 5485 949 5526 annos
974 5472 1302 5538 Dominicos,
1339 5473 1407 5526 de
1435 5471 1630 5542 quibus
1660 5471 1825 5526 fuerit

230 5541 485 5615 qumlio:
511 5542 664 5598 verbi
686 5547 882 5614 gratia,
909 5543 952 5598 si
978 5553 1273 5615 quzeratur,
1299 5545 1422 5614 quis
1442 5541 1616 5598 annus
1638 5542 1826 5598 Roma:

231 5612 558 5681 respondeat
588 5612 733 5669 anno
762 5615 968 5670 Christi
996 5612 1111 5670 ’120
1137 5616 1160 5668 ‘i
1200 5612 1487 5670 dicendum
1518 5615 1661 5683 quod
1694 5616 1822 5680 871,

230 5683 318 5753 qui
349 5683 616 5740 coalescit
648 5702 719 5741 ex
752 5688 902 5742 dicto
936 5686 1042 5744 19.0
1076 5687 1324 5750 Domini,
1353 5698 1406 5741 et
1435 5702 1500 5740 ex
1532 5687 1626 5741 751
1663 5685 1824 5743 Urbis
1845 5715 1858 5728 —-

227 5758 314 5831 qui
348 5769 748 5823 prmcessetuut
777 5759 899 5831 ejus
926 5759 1184 5814 natalem.
1217 5758 1284 5813 Et
1310 5758 1449 5815 idem
1478 5757 1580 5816 erit
1600 5758 1669 5816 de
1698 5759 1822 5814 roli-

227 5829 366 5896 quls.
814 5829 821 5831 ⁷
998 5874 1068 5904 ω

1857 4937 1914 4997 1)

1963 3642 1966 3643 ν
2013 3612 2080 3668 Α.
2106 3611 2170 3669 C.
2194 3614 2345 3686 2.—
2371 3619 2423 3670 1.
2443 3613 2571 3670 Tres
2592 3617 2743 3683 soles,
2775 3611 2882 3673 etc.
2919 3611 3116 3672 Trinos
3147 3618 3294 3672 soles
3322 3614 3526 3686 saepius

1939 3685 2142 3760 antiqui
2166 3685 2456 3760 _vidcrunt;
2487 3688 2795 3760 quinquies,
2821 3699 2876 3743 ut
2900 3689 3203 3760 minimum,
3233 3687 3300 3760 de
3322 3685 3521 3758 quibus

1939 3755 2263 3830 Pliniuslib.
2294 3773 2330 3830 ιι
2357 3755 2650 3830 llist.Nat.'
2664 3775 2775 3830 cap.
2803 3761 2867 3815 51
2896 3759 3129 3815 affirmat
3153 3755 3410 3830 incidisse
3426 3759 3532 3820 sub.

1938 3829 2255 3884 consulibus
2285 3828 2381 3899 Sp.
2421 3828 2759 3898 Posthumio,
2786 3839 2842 3885 et
2871 3832 2933 3897 Q.
2968 3831 3138 3886 Mulio
3170 3848 3181 3884 :
3211 3831 3276 3898 ρ.
3307 3829 3528 3899 Martio,

1939 3909 1993 3954 et
2019 3899 2089 3954 Μ.
2136 3898 2366 3957 Ροτιίυὶ
2400 3900 2468 3954 Μ.
2502 3902 2761 3970 Antenio,
2797 3911 2852 3954 et
2883 3905 2940 3956 I’.
2969 3901 3251 3957 Dolabella
3279 3917 3292 3953 :
3324 3898 3394 3954 Μ.
3425 3900 3530 3953 Lc-

1941 3971 2087 4039 pido,
2118 3979 2173 4025 et
2201 3971 2261 4025 L.
2296 3971 2498 4025 Planco
2529 3990 2539 4025 :
2571 3973 2767 4042 quibus
2799 3973 3216 4042 subditsextain
3245 3971 3369 4042 trini
3393 3970 3528 4042 solis

1939 4043 2355 4110 apparitionem,
2389 4043 2460 4097 Et
2481 4039 2679 4109 nostra,
2705 4045 2802 4105 ait,
2833 4054 2959 4098 tetas
2989 4045 3115 4097 uidit
3144 4041 3274 4096 Divo
3301 4039 3524 4098 Claudio

1937 4114 2189 4185 principe,
2222 4116 2492 4168 consulatu
2523 4118 2655 4185 ejus,
2692 4113 2930 4169 Cornelio
2962 4115 3129 4185 Orﬁto
3151 4114 3369 4185 collega.
3397 4113 3528 4185 llaec

1941 4184 2122 4256 ultima
2164 4186 2348 4240 incidit
2397 4187 2450 4240 in
2483 4184 2682 4240 annum
2717 4187 2928 4240 Domini
2967 4184 3060 4251 52,
3107 4184 3200 4256 qui
3239 4184 3524 4239 Claudium

1937 4265 1992 4311 et
2013 4254 2240 4310 Orﬁtum
2271 4258 2526 4312 consules
2557 4257 2763 4312 habuit.
2797 4259 2928 4326 Quae
2955 4254 3136 4312 autem
3161 4256 3421 4326 Lepidum
3466 4264 3523 4310 et

1939 4327 2215 4381 Plancium
2244 4329 2382 4382 vidit
2402 4331 2686 4393 consules,
2713 4330 2924 4382 initium
2952 4329 3347 4382 Triumviratus
3370 4342 3530 4380 orna-

1937 4401 2040 4470 vit,
2083 4400 2302 4470 quando
2334 4401 2588 4453 videlicet
2627 4401 2808 4454 Caesar
2847 4401 2948 4454 sibi
2987 4401 3234 4470 adjunxit
3260 4398 3328 4452 M.
3364 4398 3529 4465 Lepi-

1937 4469 2193 4533 dum,’et
2249 4471 2318 4524 lli.
2377 4472 2674 4526 Antonium
2726 4469 3063 4540 Reipublicae
3108 4472 3526 4525 constituendze.

1935 4542 2177 4611 Contigit
2197 4557 2327 4596 vero
2348 4543 2704 4614 quadraginta
2737 4545 2892 4598 annis
2924 4555 3049 4599 ante
3079 4541 3281 4597 Christi
3310 4541 3528 4596 Domini

1936 4615 2196 4679 natalem,
2249 4622 2304 4668 et
2347 4613 2508 4670 Urbis
2552 4615 2786 4670 condita:
2835 4616 2962 4681 712,
3013 4625 3070 4669 ιιι
3119 4615 3174 4668 in
3221 4616 3527 4667 Comment.

1937 4684 2218 4738 Fastorum
2269 4686 2462 4754 prohat
2490 4685 2805 4756 Onuplirius
2852 4687 2947 4740 lib.
2993 4702 3052 4741 ll.
3103 4685 3209 4741 Sed
3255 4701 3524 4756 quorsum

1937 4756 2104 4809 huic?
2142 4756 2356 4813 scilicet
2397 4769 2454 4810 ut
2499 4759 2696 4824 discas,
2737 4758 2964 4813 Plinium
3014 4774 3080 4813 eo
3134 4757 3253 4812 loro
3305 4756 3530 4812 minime

1935 4829 2114 4897 egisse
2153 4828 2221 4882 de
2251 4829 2339 4883 illa
2373 4829 2497 4884 trini
2540 4829 2674 4884 solis
2703 4830 3119 4899 comparitione,
3154 4843 3276 4898 quae
3304 4827 3529 4882 Christo

1937 4915 2128 4972 recens
2156 4911 2284 4954 nato
2329 4901 2383 4954 in
2431 4901 2710 4972 Hispaniis
2763 4901 2896 4955 facta
2941 4911 3059 4967 est;
3091 4899 3530 4972 quandoquidem

1937 4971 2184 5040 quaedam
2215 4987 2280 5025 ex
2326 4973 2612 5027 recensitis
2647 4971 2716 5028 ab
2745 4987 2811 5027 eo
2843 4973 3002 5043 longe
3045 4970 3168 5027 sunt
3200 4970 3526 5043 anteriores,

1935 5058 2058 5096 cum
2099 5060 2156 5094 ea
2199 5058 2319 5112 qum
2349 5043 2450 5097 sub
2491 5043 2711 5099 Plancio
2742 5054 2796 5099 et
2839 5042 3044 5115 Lepido
3077 5059 3221 5099 coss.
3268 5042 3530 5115 contigit,

1936 5117 2210 5168 recentior
2240 5115 2310 5168 sit
2351 5115 2749 5182 superioribus,
2789 5125 2846 5170 et
2893 5112 3072 5170 tamen
3104 5131 3199 5182 per
3243 5112 3532 5170 annosw

1936 5185 2228 5258 adventum
2253 5185 2464 5240 Domini
2492 5192 2855 5258 prmcesserit;
2880 5203 3000 5258 qua:
3017 5203 3148 5242 vero
3163 5201 3266 5241 suo
3285 5197 3531 5256 tempore

1935 5256 2154 5322 accidit,
2177 5257 2400 5312 Claudio
2423 5266 2476 5312 et
2494 5257 2668 5313 Ortito
2683 5256 2866 5324 Coss.,
2892 5256 2960 5313 52
2981 5261 3137 5312 annis
3154 5259 3423 5328 posterior
3439 5258 3529 5315 sit.

2008 5330 2135 5402 Agit
2163 5328 2520 5402 nihilominus
2541 5329 2610 5402 de
2630 5333 2812 5402 tribus
2834 5330 3044 5385 solibus
3070 5329 3212 5402 apud
3240 5330 3532 5399 lliSpanias

1934 5398 2078 5455 visis
2104 5398 2390 5455 Adventus
2427 5400 2643 5456 Domini
2687 5410 2932 5466 tempore
2978 5398 3153 5457 Julius
3204 5398 3530 5468 Obsequens

1933 5471 2032 5526 lib.
2078 5471 2148 5527 de
2193 5471 2464 5544 Prodigiis
2499 5487 2618 5542 cap.
2670 5473 2803 5540 128,-
2846 5483 2900 5538 et
2946 5470 3534 5544 DoctortAngelicus5

1931 5559 2074 5611 par.,
2107 5559 2160 5612 q.
2209 5542 2297 5607 36,
2336 5552 2439 5597 art.
2471 5544 2526 5608 5.
2560 5541 2626 5599 ad
2654 5546 2688 5598 ’5
2721 5560 2862 5612 arg..
2896 5541 3163 5600 Credibile
3196 5552 3292 5607 est,
3329 5541 3526 5612 inquit,

1930 5615 2085 5669 etiam
2107 5615 2160 5669 in
2185 5615 2304 5669 aliis
2326 5615 2559 5685 partibus
2581 5618 2761 5670 mundi
2783 5617 2855 5686 (et
2884 5632 2990 5671 non
3010 5617 3186 5670 solum
3210 5615 3261 5668 in
3283 5613 3532 5686 Oriente.

1930 5686 2220 5760 nbistella
2267 5687 2516 5760 apparuit
2555 5685 2960 5760 Magis)aliqua
3004 5688 3198 5760 indicia
3243 5685 3529 5760 nativitatis

1927 5756 2122 5812 Christi
2148 5759 2481 5829 apparuisse;
2504 5756 2840 5813 sicutilio'ime
2857 5756 3012 5829 ﬂuxit
3040 5758 3208 5811 oleum
3227 5801 3240 5824 ,
3261 5766 3308 5810 et
3325 5758 3378 5812 in
3399 5757 3523 5811 llis-

1927 5829 2082 5901 pania
2106 5828 2441 5902 apparuerint
2468 5837 2568 5886 tres
2605 5829 2738 5888 soles
2767 5828 3021 5902 paulatim
3049 5830 3101 5886 in
3130 5846 3291 5885 unum
3322 5845 3526 5885 coeuno
