4032 6340
518 328 583 388 7i
784 320 788 324 ’
1557 315 1795 379 FLAVI!
1832 311 2011 376 LUCll
2051 304 2309 372 DEXTRI
2346 305 2763 390 C’HRONICON.
3737 304 3816 363 72

513 442 582 499 Δ.
619 439 679 499 C.
723 437 816 497 54.
891 437 1141 498 Christus
1171 436 1436 494 Dominus
1463 443 1656 491 noster
1684 435 1736 487 in
1780 445 2000 488 crucem
2042 437 2218 501 actus,
2248 445 2342 486 vni
2390 430 2610 488 kalend.
2655 427 2882 500 Aprilis,
2913 419 3115 484 invidia
3159 421 3475 486 Iudaeorum
3519 421 3657 482 A.R
3685 424 3811 480 785.

979 534 1272 591 cruciﬁxus
1303 547 1403 604 pro
1429 530 1608 587 salute
1639 525 1807 583 totius
1829 522 2047 595 generis
2090 521 2312 599 humani
2343 522 2581 582 libenter
2607 531 2836 580 mortem
2869 521 3100 594 oppetit.

872 625 1017 684 Solis
1037 625 1308 692 defectio;
1333 634 1389 682 et
1420 623 1659 680 tenebrae
1690 628 1862 676 terras
1891 610 2236 687 c00periunt.

1730 749 1990 809 BlVARll
2028 746 2598 812 COMMENTARIUS.

519 863 660 935 phrii
692 860 887 932 liquet)
924 857 1162 915 Severus
1199 854 1436 935 Cecinna
1475 851 1808 935 gravissima
1846 849 2107 935 Oratione
2133 849 2186 908 A
2211 863 2336 902 cum
2381 849 2698 935 injicerent,
2735 864 2800 932 ac
2849 848 2919 905 de
2967 848 3148 935 medio
3187 847 3462 935 tollerent,
3499 861 3608 933 qua
3651 843 3809 935 Pilati

512 920 839 998 censuisset,
868 920 947 986 'ne
972 945 1185 1004 uxores
1211 930 1435 983 maritos
1475 920 1526 980 in
1559 925 1893 1004 provinciam
1917 920 2104 1004 .proli:

513 1010 784 1064 cisccntes
826 997 1270 1074 comitarentur;
1304 1012 1513 1074 _ver§tm
1566 997 1701 1074 legis
1759 997 1970 1073 rogatio
2025 1000 2110 1074 est

515 1079 689 1144 elusa,
723 1073 1096 1132 intercedente
1137 1070 1356 1144 Valerio
1396 1068 1645 1144 Messala,
1676 1082 1744 1144 ae
1777 1070 1881 1137 per
1923 1068 2106 1120 omnia

515 1139 856 1206 commodius
885 1160 1005 1202 esse
1035 1142 1378 1207 ostendente,
1403 1140 1448 1195 si
1481 1140 1590 1195 illac
1613 1139 1836 1194 maritos
1867 1145 2110 1194 assecta-

520 1229 709 1278 rentur
742 1236 755 1273 :
787 1220 931 1289 quod
958 1217 1028 1289 ita
1058 1216 1268 1289 jussum
1302 1211 1422 1268 fuit.

586 1280 854 1348 Caeterum
881 1288 971 1357 qui
1005 1280 1304 1342 subsistere
1347 1284 1547 1354 poterit
1575 1283 1625 1338 id
1656 1280 1816 1357 quod
1843 1280 1912 1336 de
1940 1294 2109 1335 uxore

519 1363 680 1419 Pilati
725 1355 921 1416 Dexter
966 1357 1156 1423 refert,
1189 1357 1522 1412 admonitam
1570 1355 1781 1410 scilicet
1824 1369 1920 1422 per
1965 1366 2109 1406 som-

517 1437 665 1490 nium
697 1433 747 1486 in
771 1430 1047 1486 Christum
1075 1429 1393 1491 credidisse.
1423 1437 1477 1483 et
1506 1426 1734 1481 salutem
1759 1432 2106 1480 consecutam

517 1505 716 1562 fuisse?
749 1499 1034 1569 Quomodo
1079 1516 1178 1574 per
1209 1499 1479 1574 somnium
1529 1497 1805 1574 admonita
1844 1505 2106 1574 est,__quac

517 1593 614 1647 per
642 1566 820 1647 visunt
853 1566 1164 1647 fateturfse
1204 1572 1370 1647 multa
1414 1583 1643 1647 passam
1680 1568 1848 1647 ῇιίδδβ
1881 1566 2111 1647 :_Multa

517 1639 742 1720 (inquit)
772 1662 926 1720 passa
954 1639 1072 1698 sum
1103 1643 1272 1720 hodie
1307 1659 1397 1720 per
1420 1639 1645 1695 nisum?
1681 1639 1855 1720 Quod.
1883 1639 1928 1694 si
1961 1652 2109 1720 per-

518 1709 802 1776 t'err'efaet'a
829 1716 923 1771 fuit
949 1731 1044 1785 per
1063 1717 1238 1769 visum
1262 1730 1290 1767 a
1308 1709 1597 1776 Daemone,
1619 1711 1763 1785 unde
1778 1710 1938 1765 infert
1961 1709 2106 1764 illam

519 1793 573 1849 in
603 1789 878 1846 Christum
905 1784 1234 1842 credidisse?
1260 1785 1431 1853 Quam
1465 1800 1602 1839 vero
1647 1784 1874 1838 salutem
1911 1795 2107 1837 conse-

519 1873 642 1920 cuta
672 1860 786 1917 est?
815 1861 1118 1924 Attintazue,
1151 1873 1219 1911 an
1251 1857 1535 1925 corporis?
1561 1855 1713 1922 Quod
1745 1853 1813 1909 ad
1842 1854 2105 1908 visionem

521 1939 735 2001 attinet,
780 1947 884 1986 non
932 1939 1014 1985 est
1060 1929 1202 2001 quod
1235 1943 1576 1994 moveamur,
1622 1942 1717 1997 per
1764 1926 2012 1980 visnmnc
2038 1939 2105 1978 an

523 2022 622 2078 per
667 2000 936 2060 somnium
977 2000 1378 2078 dicetidunrsit
1425 2017 1544 2054 cam
1599 2013 1848 2068 passam;
1899 2003 2106 2078 certum

523 2068 759 2147 namque
789 2083 873 2130 est
897 2081 1058 2147 noctu
1092 2073 1142 2126 id
1174 2071 1460 2147 accidisse,
1486 2087 1611 2127 cum
1637 2082 1889 2147 super-ea
1916 2083 1988 2147 re
2006 2068 2108 2121 mi-

522 2139 750 2203 serit'ad
782 2145 1035 2200 maritum
1083 2158 1241 2198 inane
1269 2141 1550 2198 sedentem
1597 2158 1692 2212 pro
1737 2139 2016 2212 tribunali,
2047 2148 2106 2212 ut

523 2215 798 2296 _Chr_istum
819 2215 1121 2296 judicafet‘.
1146 2213 1300 2270 Unde
1327 2214 1470 2296 quod
1501 2209 1714 2296 vulgata
1759 2211 1924 2296 edigio
1971 2209 2101 2292 legit
2130 2233 2178 2296 Β

522 2291 577 2346 itt
609 2283 926 2354 Evangelia,
975 2284 1150 2340 Hodie
1196 2301 1286 2354 per
1321 2290 1512 2351 visum,
1557 2295 1777 2340 sanctus
1825 2283 2098 2351 Pagninus

522 2364 710 2424 vertit,
743 2357 917 2413 Hodie
943 2358 996 2411 in
1023 2358 1218 2411 somnis
1243 2372 1263 2410 :
1293 2372 1464 2424 quare
1492 2356 1626 2412 illud
1667 2355 1818 2409 hodie
1848 2354 1988 2408 idem
2017 2363 2102 2408 est

526 2441 688 2503 atque
719 2431 818 2503 hac
859 2438 1027 2494 nocte,
1059 2444 1182 2503 cum
1215 2430 1427 2503 somnia
1453 2427 1810 2503 eotemporis
1841 2424 2099 2503 frequen-

527 2497 632 2560 tius
677 2501 1018 2571 contingant.
1061 2497 1272 2571 Deinde
1322 2500 1476 2554 multi
1525 2498 1751 2571 (fateor)
1793 2497 2096 2571 credidere,

527 2567 1163 2647 perterrefact'amfuiSse
1187 2578 1344 2647 nocte
1387 2571 1476 2647 illa
1509 2567 1854 2647 salutiferam
1887 2567 2098 2647 Domini

527 2638 740 2712 necem,
764 2641 1124 2699 antecedente
1154 2657 1182 2695 a
1227 2642 1366 2696 tnalo
1395 2643 1666 2706 daemone,
1695 2641 1785 2710 qui
1829 2638 1953 2694 facti
1988 2655 2101 2707 poe-

523 2719 747 2774 nitentia
785 2715 1000 2780 ductus,
1033 2713 1253 2769 timebat
1285 2712 1397 2782 jam
1446 2729 1516 2770 ne
1553 2713 1694 2768 forte
1745 2714 1909 2780 ipsius
1952 2726 2099 2766 mors

524 2791 789 2860 majorum
817 2785 1212 2860 sibiitialorum
1239 2799 1400 2860 causa
1430 2784 1783 2860 foret,quam
1808 2785 1924 2860 ipsa
1946 2783 2053 2860 vit_a
2083 2801 2095 2834 :

523 2852 666 2932 quod
699 2857 1007 2932 inte_r_a_lios
1039 2856 1552 2932 llabanusnhlaurus
1579 2852 1936 2932 'liisuedocuit
1967 2871 1980 2906 :
2006 2852 2101 2907 ln-

525 2925 758 3005 telligens
789 2929 1062 3005 Diabolus,
1082 2945 1138 3005 se
1163 2943 1256 3000 per
1281 2925 1544 3005 Christum
1567 2927 2098 3005 spolia-amissurum,

522 2997 752 3072 vult'per
779 2999 1044 3056 mulierem
1061 2997 1311 3072 liberare.
1349 2999 1529 3054 llefert
1568 2999 1967 3072 llarronius_pr_o
1999 2997 2100 3052 hac

525 3069 798 3131 sententia
843 3073 1024 3127 divum
1059 3070 1318 3141 lgnatinm
1364 3072 1415 3124 in
1457 3071 1681 3141 cpisuila
1725 3069 1791 3124 ad
1838 3069 2102 3139 Polycar—

527 3161 677 3217 pum,
706 3154 760 3200 et
792 3154 981 3217 tamen
1015 3140 1187 3212 neque
1226 3140 1282 3217 in
1321 3155 1405 3205 ea,
1438 3157 1612 3217 neque
1640 3140 1692 3195 in
1723 3141 1833 3196 alia
1879 3156 1945 3194 ex
1986 3142 2098 3196 suis

523 3211 796 3290 quippiam
829 3216 929 3290 hac
953 3215 1022 3269 de
1054 3211 1114 3268 re
1144 3211 1285 3267 valui
1313 3213 1570 3282 reperire.
1673 3283 1684 3290 _
1717 3273 1722 3283 ι

602 3282 797 3344 Verum
839 3288 1118 3342 enimvero
1156 3294 1478 3354 pra~stantes
1516 3283 1832 3348 sanctitate,
1877 3298 1942 3337 ac
1967 3282 2097 3339 doc-

525 3360 665 3416 trina
689 3359 877 3414 Patres
906 3356 1152 3412 arbitrati
1198 3363 1327 3410 sunt
1353 3371 1459 3410 non
1500 3355 1896 3411 cacodzemonis
1925 3356 2100 3422 impo-

522 3442 728 3488 sturam
759 3445 972 3500 passam
1001 3443 1065 3483 ea
1097 3439 1256 3483 nocte
1282 3427 1437 3482 Pilati
1469 3443 1716 3492 uxorein,
1742 3427 1837 3500 sed
1870 3425 1965 3480 Dei
1985 3429 2094 3500 iui-

525 3498 1043 3560 set°atitisvisionetn
1073 3507 1128 3554 et
1165 3500 1627 3564 consolationem,
1670 3514 1772 3566 qua
1810 3498 1876 3552 de
1921 3498 2097 3552 salute

525 3591 622 3630 sua
662 3575 1090 3634 admonebatur,
1121 3580 1176 3624 et
1219 3572 1347 3627 Jesu
1395 3568 1600 3625 Christi
1651 3571 1929 3624 divinitate
1963 3585 1976 3624 :
2017 3570 2096 3624 sic

2213 935 2355 976 uxor
2389 923 2557 976 multa
2597 937 2694 990 per
2728 922 2902 975 visum
2937 936 3089 990 passa
3123 921 3247 977 fuit.
3280 920 3438 988 Quod
3467 922 3511 976 si
3543 922 3652 988 jam
3682 923 3810 976 facti

2211 991 2366 1048 illum
2401 993 2731 1061 pmnitebat,
2774 1009 2871 1049 cur
2898 991 3206 1048 Judmorum
3244 991 3412 1047 corda
3457 1006 3564 1047 non
3597 1003 3808 1062 tempe-

2212 1065 2369 1135 rabat
2403 1065 2473 1118 ab
2502 1065 2628 1120 odio
2681 1066 2732 1120 in
2777 1064 2954 1135 ipsum
2987 1073 3249 1133 concepto
3279 1063 3421 1135 {seu
3468 1063 3632 1135 (quod
3672 1065 3809 1119 faci-

2213 1134 2316 1208 lius
2368 1135 2674 1208 videbatur)
2730 1134 2992 1191 inCitabat
3038 1135 3249 1190 turbam
3291 1134 3518 1190 Christo
3549 1135 3804 1190 devotam

2213 1205 2300 1279 ad;
2328 1205 2829 1279 seditionem’,qua
2859 1209 3120 1262 innocens
3163 1222 3192 1260 a
3240 1214 3414 1262 morte
3462 1208 3809 1277 eriperetur?

2211 1277 2357 1348 Nihil
2391 1279 2584 1335 horum
2616 1277 2763 1348 fecit,
2795 1294 2916 1334 cum
2943 1287 3120 1334 tamen
3153 1279 3360 1333 nullum
3391 1292 3496 1333 non
3543 1279 3806 1334 movisset

2213 1347 2488 1422 lapidem,
2519 1355 2638 1422 ejus
2683 1353 2758 1406 rei
2785 1366 2974 1416 causa,
3020 1351 3065 1404 si
3102 1350 3237 1422 facti
3281 1350 3450 1405 semel
3483 1350 3804 1418 ptenitentia

2211 1419 2523 1493 duceretur.
2551 1419 2911 1493 Quapropter
2942 1438 3067 1476 cum
3100 1421 3306 1475 Destro
3350 1424 3667 1493 asserimus,
3712 1422 3806 1477 Pi-

2211 1492 2305 1548 lati
2329 1495 2620 1565 coniugem
2655 1491 2750 1562 per
2778 1491 3048 1549 somnium
3077 1493 3432 1558 admonitam,
3460 1491 3664 1548 ChriSti
3687 1493 3805 1548 DJ-

2211 1563 2344 1635 mini
2379 1563 2766 1630 innocentiam,
2797 1575 2852 1621 et
2881 1565 3217 1634 maiestatem
3244 1567 3598 1634 cognovisse,
3638 1574 3806 1635 atque

2211 1634 2265 1707 in
2293 1637 2468 1706 ipsum
2499 1637 2818 1693 credidisse.
2841 1636 2978 1704 Quid
3014 1646 3194 1707 autem
3217 1636 3322 1690 sibi
3347 1637 3490 1699 vult,‘
3515 1637 3656 1707 quod
3690 1634 3803 1692 non

2211 1706 2536 1776 simpliciter
2558 1708 2761 1764 vidisse
2798 1708 3030 1772 dicitur,
3063 1706 3156 1760 sed
3187 1707 3330 1777 quod
3363 1706 3540 1762 multa
3563 1708 3617 1763 in
3648 1723 3802 1764 som-

2210 1779 2295 1833 nis
2322 1796 2573 1851 perpessa
2619 1779 2745 1834 est?
2771 1779 2914 1834 Nihil
2949 1779 3338 1851 consonantius
3367 1780 3605 1851 occurrit
3631 1795 3799 1849 quam

2209 1850 2351 1920 quod
2387 1848 2586 1906 Dexter
2611 1851 2807 1917 refert,
2854 1852 2920 1906 iis
2964 1866 3085 1920 qua
3131 1848 3286 1919 passa
3335 1859 3419 1906 est
3461 1848 3799 1908 admonitam

2209 1920 2398 1985 fuisse,
2435 1933 2492 1976 ιιι
2531 1922 2587 1977 in
2627 1921 2904 1978 Christum
2931 1921 3220 1978 crederet:
3257 1937 3379 1978 cum
3405 1924 3549 1978 enim
3574 1923 3796 1979 ethnica

2207 2001 2354 2050 esset
2379 1994 2596 2059 mulier,
2644 2010 2744 2049 nec
2782 1993 2986 2063 quaevis
3031 1992 3329 2049 admonitio
3374 1994 3681 2064 sufﬁceret,
3735 2004 3799 2050 ut

2208 2065 2482 2189 Era'beret
2515 2066 2707 2132 tidem;
2739 2081 3035 2136 congruum
3072 2065 3205 2132 fuit,
3235 2075 3294 2120 ut
3330 2067 3603 2122 cruciatus
3633 2081 3791 2122 acer-

2249 2136 2462 2189 issimos
2493 2148 2790 2189 pateretur.
2823 2151 3105 2189 auousaue
3123 2135 3247 2189 data
3271 2137 3325 2189 in
3348 2135 3623 2189 Christum
3660 2138 3790 2189 fide-

2249 2136 2462 2208 issimos
2493 2148 2790 2206 pateretur,
2823 2135 3105 2208 quousque
3123 2135 3247 2192 data
3271 2137 3325 2192 in
3348 2135 3623 2193 Christum
3660 2138 3790 2206 fide,

2208 2207 2436 2280 salutem
2467 2212 2716 2280 corporis
2747 2207 2907 2264 simul
2938 2219 2992 2265 et
3019 2207 3215 2263 anima:
3245 2222 3539 2266 consecuta
3570 2211 3660 2265 sit.
3685 2209 3794 2266 Ne-

2204 2293 2310 2348 que
2348 2279 2754 2352 mirum'videri
2795 2280 2999 2346 debet,
3044 2280 3201 2334 Pilati
3233 2281 3521 2352 conjugem
3568 2281 3794 2336 Christo

2204 2364 2304 2425 per
2334 2350 2494 2425 fidem
2525 2351 2845 2417 adhaesisse,
2868 2368 2994 2425 cum
3021 2351 3164 2425 Luca
3191 2350 3465 2425 referente
3490 2352 3632 2424 (cap.
3667 2353 3788 2425 vtu)

2204 2421 2346 2478 inter
2375 2422 2506 2478 alias
2542 2425 2798 2480 mulieres
2824 2439 2944 2494 quas
2969 2424 3038 2479 de
3065 2423 3178 2478 suis
3206 2421 3550 2479 facultatibus
3583 2421 3792 2494 prsidi}

2202 2496 2350 2548 canti
2394 2495 2522 2550 Jesu
2561 2495 2984 2564 ministrabant,
3015 2495 3177 2552 etiam
3204 2494 3416 2552 Joanna
3457 2496 3791 2553 fuerituxor

2201 2564 2401 2620 Chuza:
2430 2567 2799 2636 procuratoris
2832 2567 3078 2623 llerodis.

2273 2637 2515 2712 Denique
2556 2653 2750 2694 nomen
2782 2641 2964 2712 uxoris
3008 2640 3164 2695 Pilati
3213 2641 3470 2706 multum,
3519 2639 3788 2712 angiequc

2204 2710 2524 2781 perquirens
2549 2753 2564 2777 ,
2605 2711 2649 2764 si
2681 2713 2862 2766 forsan
2892 2711 3032 2766 alius
3064 2723 3259 2781 prteter
3292 2712 3551 2766 Dextrum
3582 2710 3787 2768 Proru-

2203 2779 2306 2834 lam
2348 2783 2662 2847 vocitasset,
2713 2786 2948 2837 tamdem
2995 2779 3156 2838 incidi
3209 2785 3261 2838 in
3306 2783 3583 2850 Evangelii
3627 2783 3786 2839 Nico-

2201 2851 2354 2906 demi
2379 2854 2700 2923 clausulam,
2728 2871 2830 2923 qua
2867 2855 2950 2908 his
2981 2855 3160 2909 verbis
3193 2855 3424 2923 idipsnm
3459 2859 3786 2922 comproba-

2203 2931 2290 2998 tur
2321 2942 2334 2978 :
2366 2921 2634 2998 Cogitante
2655 2921 2770 2980 vero
2794 2925 2966 2980 Pilato
2978 2926 3111 2998 guid
3140 2921 3310 2998 ageret
3349 2927 3416 2981 de
3441 2921 3599 2998 Iesu,
3648 2930 3786 2984 misit

2201 2995 2270 3048 ad
2295 3011 2413 3070 eum
2435 2995 2566 3050 uxor
2579 3000 2710 3070 ejus,
2731 2999 2938 3051 nomine
2969 2995 3218 3067 Proculi},
3238 3001 3460 3070 dicens:
3492 2996 3643 3052 Nihil
3667 3000 3779 3067 tibi,

2200 3077 2247 3120 et
2279 3065 2436 3121 Iusto
2477 3065 2783 3133 illifmulta
2815 3070 2955 3124 enim
2984 3086 3136 3140 passa
3173 3065 3288 3123 sum
3317 3069 3472 3123 hodie
3497 3069 3550 3123 in
3590 3065 3784 3127 somnis

2200 3149 2408 3210 propter
2451 3155 2584 3194 eum.
2624 3140 3008 3205 llespondentes
3042 3141 3219 3195 Διιτιωὶ
3241 3185 3256 3206 ,
3290 3143 3531 3196 dixerunt
3567 3140 3742 3197 Pilato
3763 3160 3782 3198 :

2203 3208 2474 3282 Numquid
2505 3229 2604 3266 non
2632 3213 2879 3278 diximus,
2903 3214 3025 3282 quia
3050 3213 3316 3276 maleﬁcus
3341 3214 3460 3267 est?
3490 3211 3624 3266 Ecce
3643 3231 3780 3268 som-

2200 3283 2347 3335 nium
2374 3285 2584 3339 immisit
2614 3289 2680 3337 ad
2705 3299 2919 3338 uxorem
2961 3295 3124 3336 tuant.
3159 3286 3285 3339 llaec
3307 3284 3401 3338 ibi.
3433 3284 3546 3338 Non
3576 3284 3787 3340 inficia.

2201 3369 2327 3426 mur
2368 3354 2510 3408 inter
2551 3354 2859 3426 apocrypha
2907 3356 3179 3411 recenseri
3227 3356 3579 3426 Evangelium
3618 3357 3784 3412 Nico-

2199 3423 2342 3478 demi
2386 3434 2441 3480 et
2471 3423 2734 3496 loseplii;
2759 3423 2870 3480 hoc
2897 3443 3024 3481 vero
3060 3443 3165 3481 non
3212 3423 3403 3493 obest;
3435 3431 3563 3495 quin
3608 3429 3658 3484 in
3697 3430 3782 3485 his

2199 3511 2319 3567 qua:
2378 3497 2581 3573 Divinis
2637 3497 2987 3573 dogmatibus
3022 3514 3161 3573 non
3211 3497 3567 3555 adversantur
3615 3502 3783 3573 rer-ipi

2203 3577 2386 3636 queat.
2433 3570 2489 3624 In
2524 3570 2627 3624 hoc
2649 3583 2829 3624 autem
2859 3570 2990 3624 nihil
3021 3570 3272 3624 Matthteo
3293 3575 3625 3626 contrarium
3658 3570 3785 3641 pro-

526 3646 918 3718 Chysostotnus
949 3661 962 3696 :
991 3631 1109 3697 Non
1134 3640 1342 3718 Pilatus
1363 3641 1619 3718 somnium
1650 3641 1800 3718 videt,
1827 3640 1917 3696 sed
1944 3656 2096 3718 uxor,
2126 3631 2172 3691 C
2205 3631 2301 3718 [itit
2329 3658 2350 3718 ε⁸
2402 3641 2699 3708 prtesertitn
2760 3641 2811 3718 in
2854 3643 3080 3718 nomine
3128 3643 3314 3718 uxoris
3365 3641 3522 3718 Pilati
3565 3631 3707 3714 quod
3750 3662 3780 3701 a

525 3712 644 3789 quia
668 3717 834 3789 magis
853 3715 1044 3789 digna;
1067 3714 1142 3768 vel
1155 3715 1273 3782 quia
1295 3713 1427 3789 forte
1447 3713 1908 3789 illenondiatisset.
1937 3712 2098 3789 Quasi

527 3784 733 3844 diceret
753 3784 778 3842 Ξ
817 3784 1034 3858 Dignior
1059 3794 1177 3839 erat
1200 3800 1342 3840 uxor
1367 3784 1483 3858 ejus
1494 3784 1702 3858 divinis
1728 3784 2102 3858 illustrationi-

527 3861 649 3923 bus,
680 3871 734 3915 et
753 3854 1011 3913 idco'non
1038 3871 1129 3911 eas
1155 3871 1345 3925 passus
1372 3855 1467 3910 fuit
1493 3855 1718 3922 Pilatus,
1750 3856 1845 3910 sed
1875 3854 2096 3924 conjux.

534 3931 767 3990 Volebat
811 3930 1028 4001 quidem
1076 3927 1220 3983 Deus
1262 3927 1356 4001 illo
1383 3928 1706 4001 testimonio
1745 3927 2099 4001 comprobare

524 4017 678 4060 suam
723 3998 1124 4058 innocentiam:
1165 3999 1307 4068 quod
1350 3998 1479 4053 siin
1522 3999 1728 4053 somnis
1773 3998 1998 4052 Pilatum
2031 3999 2100 4054 de

525 4091 587 4129 ea
631 4074 970 4131 admoneret.
1023 4070 1192 4124 nollet
1235 4071 1323 4125 ille
1360 4069 1623 4125 visionem
1657 4069 1966 4140 propalare;
2003 4085 2100 4140 per

526 4161 748 4202 uxorem
775 4159 903 4200 vero
932 4141 1180 4198 effectum
1205 4151 1307 4206 est,
1337 4150 1394 4196 ut
1423 4143 1474 4196 in
1505 4139 1673 4197 oculis
1701 4143 1867 4196 totius
1894 4139 2096 4210 populi,

529 4219 862 4285 sedenteque
906 4215 1100 4285 marito
1141 4228 1236 4282 pro
1285 4212 1570 4285 tribunali,
1613 4213 1982 4285 testimonium
2028 4213 2098 4267 de

528 4281 834 4344 innocentia
859 4284 1070 4355 Domini
1098 4281 1368 4355 prolatum
1390 4283 1480 4338 sit.
1509 4283 1660 4340 Unde
1677 4281 2097 4355 Clirysostomus

527 4361 746 4415 subdit:
783 4357 1006 4427 Propter
1027 4354 1124 4410 hoc
1149 4357 1478 4424 dispensatur
1503 4373 1536 4408 a
1568 4355 1695 4417 Deo.
1735 4354 1871 4425 quod
1910 4355 2098 4408 mulier

523 4432 671 4498 vidit,
707 4442 760 4486 ut
790 4428 1122 4498 manifestans
1158 4427 1391 4498 omnibus
1422 4429 1584 4494 ﬁeret.
1622 4427 1854 4498 Hilarius
1881 4442 2098 4496 quoque

527 4497 782 4559 can.753:
813 4497 1025 4570 Species
1053 4499 1179 4569 (ait)
1207 4497 1259 4552 in
1299 4515 1358 4552 ea
1386 4499 1610 4570 gentium
1648 4497 1806 4567 ριιεὸἱε
1842 4507 1947 4570 est,
1984 4515 2099 4568 qua:

517 4592 636 4646 Jam
649 4573 818 4646 ﬁdelis
839 4569 976 4646 eum,
993 4585 1218 4646 cumquo
1241 4569 1649 4646 conversabutur,
1663 4569 1983 4646 incredulum
2005 4587 2098 4646 po-

523 4641 705 4720 pulum
730 4643 797 4699 ad
824 4643 1016 4720 Christi
1046 4642 1199 4720 [idem
1231 4642 1464 4720 adt-ocat.
1488 4641 1631 4720 Quia
1655 4641 1767 4711 ipsa
1793 4641 2011 4720 multum
2033 4643 2098 4695 sit

523 4712 678 4784 passa
701 4733 792 4785 pro
814 4713 1017 4769 Christo
1045 4715 1095 4767 in
1117 4713 1350 4768 eamdem
1367 4713 1586 4785 gloriam
1605 4717 1795 4782 futura:
1818 4714 1926 4784 spei
1946 4712 2096 4766 illum

522 4783 725 4844 invitati.
741 4787 832 4844 Sic
852 4787 1010 4841 etiam
1034 4785 1362 4840 Ambrosius
1391 4783 1483 4838 lib.
1510 4801 1539 4838 ι
1560 4787 1610 4839 iii
1635 4783 1899 4852 Luc.cap.
1926 4800 2092 4840 xxut:

523 4859 761 4915 Manebat
790 4856 1204 4928 uxor_(inquit),
1236 4855 1333 4928 sed
1374 4871 1403 4928 a
1433 4871 1538 4924 quo
1567 4865 1712 4911 mota
1732 4859 1754 4908 ἰν
1787 4855 2006 4928 Lucebat
2043 4860 2097 4911 ιη

523 4943 668 4986 nocte
688 4932 875 5005 gratia,
910 4925 1455 5005 Divinitasrminebat
1480 4944 1618 5005 ,_nec
1653 4931 1728 4982 sic
1762 4947 1806 5005 u_
1839 4927 2096 5000 sacrilega

523 4999 776 5076 sententiu
808 4999 1123 5076 temperavit.
1153 4999 1262 5076 Nec
1283 4999 1539 5054 dissentit
1582 5000 1921 5076 Augustinus
1950 4999 2090 5055 rela-

523 5087 605 5131 tus
658 5093 684 5128 a
736 5074 799 5130 Ι).
852 5068 1056 5128 Thema
1112 5070 1163 5124 iii
1214 5068 1414 5126 Catena
1469 5087 1664 5136 aurea,
1715 5073 1840 5126 dum
1891 5071 2081 5136 docet,

522 5159 808 5214 utrumque
841 5143 1556 5214 conjugem,agenteDco,
1591 5143 1955 5214 testimonium
1991 5160 2085 5210 pu-

523 5219 626 5274 lice
677 5213 774 5283 pro
819 5214 1036 5270 Christo
1080 5213 1265 5269 tulisse
1311 5213 1447 5283 :ille
1497 5214 1760 5283 siquidem
1801 5213 2085 5279 clamavit,

524 5282 688 5344 Nihil
717 5288 843 5342 ntali
884 5286 1046 5356 fecit;
1090 5286 1204 5358 ipsa
1231 5300 1384 5351 vero,
1415 5282 1570 5358 Nihil
1593 5286 1684 5358 tibi
1730 5285 1950 5358 etfjusto
1986 5285 2087 5350 illi;

521 5361 663 5432 quod
715 5358 1043 5440 l_lier0.nynto
1077 5355 1238 5412 etiam
1270 5365 1440 5424 teste,
1488 5356 1612 5411 lidei
1652 5355 1868 5427 gentilis
1907 5359 2089 5427 pOpuli

519 5431 837 5505 praesagium
869 5431 983 5486 luit.

592 5496 722 5560 Mihi
741 5504 930 5558 horum
955 5502 1228 5570 placitum,
1254 5498 1394 5571 quod
1424 5496 1692 5571 etDexter
1717 5508 1916 5566 tuetur,
1947 5498 2086 5553 mul-

523 5588 578 5632 to
620 5574 789 5647 magis
821 5573 1112 5647 probatur;
1147 5569 1340 5647 nempe
1388 5569 1611 5640 intelligi
1669 5571 1892 5640 nequit,
1946 5571 2089 5641 quod

519 5643 767 5704 diabolus
807 5643 873 5702 eo
916 5644 1036 5716 ipso
1079 5643 1340 5716 temporis
1386 5652 1692 5716 momento,
1721 5658 1828 5711 quo
1857 5656 2088 5698 mortem

517 5718 736 5776 Christo
767 5712 995 5774 Domino
1025 5712 1372 5780 moliebatur,
1403 5712 1648 5768 eamdem
1688 5721 1969 5784 tantopere
1995 5731 2091 5769 cu-

517 5802 672 5864 peret
697 5787 980 5864 impedire,
1010 5785 1265 5864 terrendo
1290 5784 1795 5864 Pilaticonjugetn;
1827 5801 1889 5841 ea
1919 5786 2090 5864 siqui-

515 5856 638 5931 item
673 5856 829 5926 nocte
853 5857 1045 5922 ludam
1071 5903 1088 5930 ,
1115 5867 1172 5920 et
1205 5856 1422 5918 Judteos
1447 5856 1698 5933 impulit,
1727 5869 1786 5917 ut
1813 5872 2004 5921 manus
2033 5858 2090 5920 ίη

2203 3710 2455 3766 Matthteo
2497 3728 2603 3797 non
2634 3713 2977 3797 exprimitur.
3027 3713 3303 3797 [recipitur
3331 3715 3555 3797 proinde
3585 3710 3781 3797 bachin

2204 3798 2262 3837 re
2296 3799 2400 3838 non
2448 3785 2623 3839 Solum
2655 3801 2684 3838 a
2728 3785 2948 3846 Dextro,
2979 3784 3074 3840 sed
3106 3783 3269 3840 etiam
3305 3799 3334 3838 a
3372 3783 3659 3843 Vincentio
3683 3787 3785 3843 Be-

2203 3854 2440 3910 luaceusi
2485 3857 2707 3918 lih.vtt,
2747 3856 2965 3923 Speculi
3005 3855 3132 3910 hist.
3162 3872 3284 3926 cap.
3329 3854 3435 3923 41,
3475 3859 3564 3926 qui
3613 3861 3779 3915 verba

2205 3942 2348 3981 nunc
2380 3926 2572 3992 relata,
2609 3927 2764 3981 nobis
2795 3928 3140 3983 ministravit.
3172 3928 3377 3983 Forsan
3409 3928 3632 3985 Claudia
3664 3932 3780 3988 haec

2209 3997 2437 4053 Procula
2461 3999 2614 4054 Pilati
2651 4013 2805 4062 uxor,
2829 4009 2912 4052 est
2950 3999 3039 4054 illa
3063 3998 3315 4065 Claudia,
3339 3999 3496 4069 cujus
3533 4004 3781 4060 meminit

2207 4070 2406 4143 Paulus
2436 4069 2479 4125 ll
2515 4070 2653 4143 Tim.
2694 4086 2783 4125 tv:
2815 4069 3062 4143 Salutant
3102 4080 3148 4126 te
3172 4070 3430 4136 Eubulus,
3466 4084 3512 4126 et
3544 4072 3773 4143 Pudens,

2201 4153 2247 4196 et
2267 4140 2446 4203 Linus,
2476 4151 2521 4195 et
2549 4140 2789 4196 Claudia.
2821 4142 3164 4196 Conveniunt
3184 4144 3454 4212 siquidem
3479 4145 3532 4200 iri
3565 4161 3651 4210 ea,
3684 4140 3779 4202 no-

2203 4228 2326 4284 inen
2353 4254 2367 4275 ,
2397 4222 2452 4267 et
2481 4223 2711 4281 tempus,
2753 4221 2808 4268 et
2847 4214 3058 4284 religio,
3093 4225 3146 4268 et
3178 4215 3360 4269 locus:
3399 4231 3519 4269 nam
3555 4219 3606 4271 iii
3640 4219 3774 4276 urbe

2202 4283 2318 4359 haec
2343 4284 2586 4359 ΔΕρὶειιιιιι
2609 4288 2808 4359 scripta
2831 4293 2916 4359 est
2938 4283 3074 4351 {ubi
3095 4302 3319 4342 uxorem
3345 4285 3528 4354 Pilati,
3553 4291 3774 4359 quando

2201 4353 2318 4424 ipse
2342 4353 2674 4410 inexsilium
2712 4353 3035 4426 Lugdunum
3063 4369 3215 4414 aetus
3236 4367 3341 4419 est,
3366 4353 3662 4416 verisimile
3691 4373 3776 4418 est

2201 4431 2564 4500 permansisse
2595 4445 2607 4481 :
2653 4443 2886 4499 eumque
2923 4430 2994 4484 ob
3024 4430 3396 4500 disparitatem
3441 4434 3626 4488 cultus
3666 4449 3774 4491 non

2199 4499 2368 4554 fuisse
2395 4501 2730 4556 comitatam.
3115 4499 3127 4500 ί
3412 4539 3414 4541 μ

2271 4573 2324 4626 5.
2349 4569 2582 4626 Christus
2611 4571 2881 4627 Dominus.
2911 4569 3044 4627 Cum
3075 4571 3192 4629 haec
3211 4573 3392 4628 omnia
3423 4575 3640 4632 abunde
3669 4587 3778 4636 tes-

2203 4649 2315 4698 tata
2363 4645 2476 4698 suis
2525 4647 2742 4722 scriptis
2790 4645 2968 4722 sancti
3019 4644 3378 4722 Evangelistte
3431 4647 3772 4722 reliquerint,

2202 4730 2310 4790 t_tou
2339 4727 2422 4790 est
2444 4730 2545 4790 cur
2571 4716 2923 4790 immorentur
2959 4718 3011 4770 in
3033 4717 3134 4771 eis.
3158 4717 3344 4790 solum
3371 4716 3609 4773 occurrit
3629 4716 3775 4790 quod

2200 4785 2470 4842 Eusebius
2501 4787 2554 4841 in
2583 4785 2860 4842 Chronico
2893 4790 3131 4853 notavit,
3159 4789 3404 4844 ethnicos
3443 4801 3499 4845 et
3527 4785 3774 4850 auctores

2201 4859 2356 4913 istius
2387 4873 2593 4927 magnze
2623 4860 2843 4926 eclipsis
2869 4860 3000 4913 solis
3031 4861 3362 4916 mentionem
3393 4862 3605 4918 fecisse.
3633 4865 3775 4924 Audi

2203 4929 2494 4987 Eusebium
2523 4931 2854 5000 loquentem.
2881 4929 2946 4983 In
2975 4932 3093 4985 aliis
3113 4931 3435 4986 ethnicorum
3461 4947 3773 4991 commenta-

2202 5001 2293 5054 riis
2314 5000 2423 5080 hare
2447 5003 2515 5054 ad
2535 5001 2739 5055 verbum
2761 5002 2955 5080 scripta
2979 5004 3167 5074 reperi.
3203 5004 3770 5080 Soliifactadelectin,

2195 5086 2240 5126 et
2289 5073 2511 5127 teuebrte
2555 5089 2710 5143 super
2741 5073 3282 5146 universamgrterram.
3315 5073 3563 5146 Bithynia
3596 5073 3777 5135 terrm;

2197 5154 2336 5198 motu
2367 5159 2647 5218 concussa,
2679 5154 2727 5218 et
2762 5145 2814 5218 in
2840 5145 2966 5218 urbe
2989 5143 3209 5200 Nirtena
3236 5147 3371 5201 cedes
3393 5143 3632 5218 plurima:
3661 5167 3776 5206 cor-

2196 5226 2428 5288 rui-runt.
2483 5213 2735 5288 Adducit,
2767 5215 2962 5288 deinde
3016 5213 3404 5274 testimonium
3434 5220 3770 5288 Phlegontit,

2197 5287 2416 5342 Adriani
2434 5287 2770 5365 itnperatmjs
2792 5287 2970 5365 liberti
2992 5299 3045 5344 et
3066 5288 3522 5365 historiograplii:
3548 5287 3773 5365 Scripsit

2199 5373 2314 5412 vero
2343 5375 2492 5427 super
2513 5355 2592 5411 Itis
2621 5367 2673 5436 et
2696 5355 2953 5436 Phlegon,
2985 5362 3075 5436 qui
3096 5355 3508 5436 olympiadarum
3537 5355 3772 5436 egregiius

2199 5438 2504 5502 supputator
2535 5439 2628 5502 est,
2656 5430 2710 5483 in
2737 5445 2822 5484 stv
2851 5431 2982 5486 libro
3017 5431 3092 5485 ita
3133 5430 3306 5488 dicens
3331 5451 3344 5488 :
3376 5430 3770 5501 Qum-(ovantem

2199 5500 2335 5576 anno
2373 5500 2487 5576 201Δ
2517 5501 2966 5576 olympiadislqui
3009 5518 3141 5560 sane
3181 5504 3278 5559 fttit
3309 5500 3483 5562 anntts
3528 5510 3642 5576 ipse
3685 5526 3768 5565 re-

2193 5572 2522 5642 demptionis
2563 5571 2846 5646 humanae)
2874 5571 3058 5645 magna
3088 5585 3134 5630 et
3160 5578 3409 5632 excellens
3430 5571 3562 5634 inter
3591 5597 3768 5637 omnes

2192 5660 2308 5714 qua:
2326 5655 2445 5698 ante
2471 5660 2583 5718 eam
2618 5644 2914 5718 acciderant
2943 5644 3159 5718 defectio
3181 5647 3305 5702 solis
3343 5660 3416 5704 est
3441 5654 3615 5718 facta;
3646 5651 3768 5708 Dies

2193 5718 2322 5792 hora
2350 5725 2496 5771 sexta
2525 5716 2650 5787 (hac
2678 5716 2958 5784 Christus,
2990 5716 3044 5771 in
3067 5733 3285 5792 crucem
3316 5716 3688 5792 ascenditiita
3711 5726 3765 5779 in

2191 5787 2510 5842 tenebrosam
2537 5800 2734 5862 noctem
2744 5805 2950 5862 _ver_sus,
2976 5791 3220 5862 utAstella:
3245 5792 3300 5846 in
3327 5792 3452 5848 caelo
3473 5787 3592 5848 risa:
3617 5795 3720 5850 sint
3745 5812 3763 5862 ;

2195 5869 2444 5936 terraique
2465 5871 2632 5920 motus
2657 5861 2712 5918 in
2731 5858 2978 5935 Bithynia
3005 5859 3058 5918 Ν
3063 5863 3240 5922 icwnte
3259 5866 3400 5923 urbis
3420 5864 3607 5923 multas
3630 5858 3767 5932 (edes
