4032 6340
201 183 303 409 /

426 275 498 332 87

1466 277 1697 336 FLAVII
1736 275 1916 336 LUCli
1957 271 2219 331 DEXTRI
2255 265 2673 328 CHRONICON.
3659 253 3729 316 88

419 388 490 446 Α.
518 386 580 445 C.
613 388 704 451 34.
783 388 982 451 Ultima
1011 391 1100 450 die
1127 392 1292 463 Junii,
1321 396 1493 451 sancti
1523 394 1617 450 Dei
1645 391 1914 465 Apostoli,
1963 386 2321 462 quadraginta
2348 392 2407 442 et
2433 392 2555 440 octo
2599 381 2792 440 diebus
2822 382 2944 454 plus
2982 382 3252 448 minusve,
3284 389 3406 452 post
3433 372 3726 459 A.R.78$.

853 486 1144 542 adventurm
1183 487 1420 558 Spiritus
1450 487 1643 554 sancti,
1674 483 2005 542 conveniunt
2036 481 2094 538 in
2119 478 2406 538 ccenaculo
2430 478 2582 544 Sion,
2612 491 2733 548 quae
2760 475 2956 532 domus
2975 485 3097 532 erat
3119 475 3302 531 Mariae
3330 487 3446 529 ma-

857 581 958 638 tris
1004 581 1260 651 Joannis,
1294 590 1658 654 cognomento
1708 579 1904 645 Marci,
1955 593 2018 634 ac
2049 576 2238 633 habito
2268 573 2531 638 consilio,
2564 573 2848 630 sortitione
2889 572 3104 637 divina,
3147 568 3456 640 provincias

859 675 1046 732 mundi
1090 677 1494 748 prmdicationis
1524 690 1686 732 causa
1725 674 1870 730 inter
1895 688 1956 729 se
1983 671 2312 744 partiuntur.
2355 667 2698 738 Contigitun
2727 665 2788 724 S.
2829 665 3033 722 Jacobo
3061 663 3310 721 Zebedzei
3343 661 3454 717 filio

861 770 1143 842 llispania,
1173 770 1367 828 Joanni
1393 770 1542 836 Asia,
1571 767 1826 825 Matthan
1847 766 2148 837 Ethiopia,
2173 764 2395 819 Thoma:
2416 761 2586 830 ludia,
2613 760 2866 832 Philippo
2895 761 3114 834 Scythia
3143 769 3196 817 et
3223 759 3449 825 Gallim;

860 863 978 933 Quo
1010 872 1254 936 tempore
1283 879 1521 920 canones
1549 863 1805 928 eduntur,
1837 871 1892 918 et
1913 859 2233 932 apostolicae
2257 855 2672 916 constitutiones
2695 865 3116 930 componuntur,
3151 855 3219 912 ad
3260 855 3456 914 Sacra-

866 966 1173 1017 mentorum
1201 967 1255 1016 et
1287 959 1454 1014 tutius
1484 958 1746 1016 Ecclesiae
1767 954 2154 1014 ceconomiam.

1667 1131 1925 1191 BIVABll
1964 1103 2535 1189 COMMENTARIUS.

447 1258 615 1324 ipsius
644 1261 915 1327 spectant,
947 1252 1155 1327 scribit
1201 1251 1399 1309 Heleca
1449 1251 1504 1308 in
1545 1249 1925 1308 additionibus
1977 1247 2046 1304 ad
2072 1251 2128 1310 Α
2150 1249 2439 1327 cundum_a
2462 1247 2669 1327 Christi
2695 1260 2872 1327 morte
2896 1251 3172 1327 incidisse,
3201 1248 3309 1306 Sed
3329 1247 3450 1305 haec
3475 1245 3750 1304 sententia

452 1325 710 1385 Dextrum
742 1326 826 1382 his
850 1325 1031 1382 verbis
1057 1344 1070 1379 :

529 1400 642 1454 Nec
667 1400 838 1455 minus
872 1398 1158 1452 celebratur
1182 1396 1428 1451 memoria
1459 1396 1520 1452 S.
1546 1393 1661 1452 Caii
1689 1393 1914 1450 Cornelii
1938 1409 2057 1448 cen-

455 1472 675 1526 turionis
727 1469 847 1540 (qui
899 1469 994 1537 fuit
1040 1470 1127 1524 ille
1174 1468 1442 1540 centurio,
1494 1468 1645 1536 cuius
1691 1467 1942 1540 [amulum
1989 1467 2060 1519 ad

454 1537 820 1613 Capliarnaiim
847 1540 1087 1613 Christus
1113 1537 1335 1607 sanauit)
1366 1556 1383 1593 :
1406 1548 1583 1613 postea
1609 1539 1833 1613 sociaius
1851 1546 2056 1613 apostof

461 1607 548 1675 lis,
573 1617 684 1667 neci
741 1612 803 1668 S.
832 1611 1086 1676 Stephani
1110 1613 1285 1678 interfi
1309 1613 1376 1673 it;
1406 1607 1622 1667 Petrum
1643 1618 1691 1663 et
1733 1607 1962 1663 Paulum
1991 1607 2061 1660 ad

463 1685 756 1751 Hispanias
814 1690 1069 1738 venientes
1120 1683 1393 1737 comitatus
1440 1692 1533 1736 est.
1585 1680 1836 1751 Tandemﬁ
1868 1679 2060 1745 ρι’(ταί-

465 1773 589 1810 cans
609 1752 1070 1826 Scepsiniensibus,
1097 1771 1248 1826 prope
1266 1753 1418 1806 Idam
1443 1763 1679 1826 mortuus
1695 1762 1786 1806 est.
1806 1750 2065 1826 Prwdicat

463 1831 517 1881 in
567 1823 866 1896 Hispania:
904 1825 1053 1895 longe
1091 1823 1193 1878 hic
1222 1826 1354 1878 alius
1406 1843 1436 1878 (ι
1477 1823 1725 1896 Cornelio,
1771 1823 2068 1896 centurione

467 1895 689 1952 cohortis
728 1896 926 1950 Italica:
955 1912 971 1948 :
997 1897 1094 1950 hoc
1133 1897 1368 1949 Corneiio
1411 1897 1572 1968 multo
1611 1895 1821 1966 juniore
1857 1895 1944 1968 iile
1970 1909 2069 1968 _se-

471 1973 605 2023 nior.
644 1968 882 2022 Pervenit
926 1982 1099 2021 autem
1144 1984 1302 2032 usque
1338 1968 1404 2020 ad
1434 1964 1750 2029 Adrianum,
1794 1964 1888 2018 cui
1912 1964 2068 2018 etiam

475 2042 661 2094 chorus
686 2041 805 2109 fuit,
851 2049 904 2092 ut
931 2037 1076 2094 docet
1106 2037 1298 2093 Dexter
1341 2039 1560 2111 inferius
1589 2039 1657 2091 ad
1692 2053 1889 2090 annum
1917 2035 2071 2090 Chri-

467 2132 490 2165 s
511 2113 548 2166 ti
589 2111 678 2166 66.
1845 2153 1849 2156 ς

541 2185 629 2238 11.
649 2182 831 2255 Sancti
847 2182 940 2237 Ι)ίί
954 2181 1372 2255 Apostuli.Varia
1389 2181 1766 2255 fuithactenus
1778 2181 2070 2255 Doctorum

482 2255 748 2327 sententia
771 2253 837 2308 de
857 2253 1102 2327 tempore
1120 2255 1404 2310 divisionis
1426 2254 1830 2327 Aposyilorum;
1854 2253 2074 2327 quidam

483 2327 628 2381 enim
643 2325 828 2379 volunt
849 2324 1042 2383 factam
1061 2327 1241 2380 statim
1263 2342 1290 2387 a
1312 2328 1563 2395 passione
1581 2324 1817 2385 Domini;
1832 2325 2076 2391 quosdu-

485 2396 928 2469 citTheophanes
944 2401 998 2454 in
1013 2397 1341 2469 Symphonia
1355 2396 1552 2469 veteris
1567 2408 1620 2469 et
1633 2399 1754 2450 novi
1770 2396 2079 2469 Testamen-

487 2468 551 2541 t_i;
566 2479 614 2541 et
635 2465 1527 2541 lilietiteramplectunttirnonnuili
1543 2468 1924 2541 Hispanorum,
1941 2468 2078 2522 utita

492 2539 652 2593 facile
674 2545 930 2597 tueantur
950 2539 1335 2610 profectionem
1367 2540 1430 2594 D.
1453 2539 1644 2594 Jacobi
1663 2540 1715 2593 in
1743 2539 2076 2608 Hispaniam,

491 2611 791 2680 paulopost
813 2614 1266 2669 resurrectionem
1283 2610 1500 2665 Domini
1524 2611 1738 2672 factam,
1759 2621 2076 2665 cumtamen

495 2679 624 2736 ante
645 2679 1029 2750 Apostolorum
1053 2692 1374 2738 caelerornm
1398 2683 1720 2737 divisionem
1746 2682 1969 2736 minime
1991 2696 2080 2736 ac-

493 2753 721 2816 ciderit;
741 2762 795 2807 et
817 2752 868 2808 id
887 2772 993 2811 non
1015 2755 1246 2810 obscure
1264 2754 1478 2810 videtur
1500 2755 1730 2808 innuere
1748 2753 1808 2807 D.
1823 2751 2080 2808 Clemens

495 2823 656 2878 Rom.
685 2825 736 2878 in
762 2825 923 2892 epist.
952 2829 975 2882 1
1011 2826 1079 2881 ad
1116 2825 1378 2881 Jacohum
1425 2824 1648 2880 fratrem
1683 2823 1920 2879 Domini.
1976 2823 2081 2879 Alii

498 2894 569 2950 ad
593 2894 740 2950 aliud
766 2906 1068 2954 extremum
1096 2897 1432 2952 declinantes
1453 2895 1810 2962 contendunt,
1844 2909 1986 2949 anno
2014 2895 2081 2950 12

497 2966 568 3038 ab
611 2966 802 3020 eadem
835 2971 1092 3035 passione
1130 2967 1456 3038 perfectura;
1504 2966 1729 3038 idquod
1763 2969 1906 3022 inter
1932 2977 2084 3022 vetu-

499 3037 770 3109 stissimos
809 3039 993 3096 docuit
1029 3037 1349 3109 Apellonius
1392 3039 1533 3109 apud
1563 3037 1855 3092 Eusebium
1898 3039 1994 3095 lib.
2051 3054 2084 3093 v

500 3107 641 3163 Hist.
668 3123 721 3180 c_.
751 3108 818 3164 17
838 3152 854 3177 ,
885 3113 1040 3180 cujus
1061 3107 1123 3166 ea
1146 3122 1270 3165 sunt
1294 3107 1458 3165 verba
1493 3127 1508 3163 :
1539 3110 1609 3164 Se
1631 3109 1913 3164 traditione
1942 3126 2086 3166 acce-

502 3180 659 3252 pisse,
684 3178 1009 3237 Servatore‘m
1031 3183 1335 3237 mandatum
1352 3182 1460 3235 suis
1485 3180 1992 3252 dedisseiApostolis,
2021 3198 2086 3236 ne

499 3251 570 3302 ad
599 3266 761 3324 annos
786 3252 851 3306 1‘2
879 3252 1261 3324 Hierosolymis
1289 3253 1630 3307 discederent.
1677 3251 1928 3308 Clemens
1960 3253 2088 3309 Ale-

501 3323 804 3378 xandrinus
817 3324 983 3380 refert
998 3327 1050 3380 in
1081 3323 1218 3378 hanc
1233 3324 1556 3378 sententiam
1579 3325 1832 3393 prrecepti
1857 3324 2085 3380 formam

497 3394 592 3448 lib.
624 3410 676 3448 γι
702 3396 957 3450 Stromat.
994 3396 1158 3454 :Post
1187 3396 1458 3466 duodecim
1497 3411 1662 3449 annos
1685 3395 1988 3466 egredimini
2033 3398 2087 3451 in

504 3467 790 3537 mundum;
821 3468 1012 3536 nequis
1036 3469 1205 3522 dicat:
1224 3465 1348 3521 Non
1365 3467 1673 3520 audivimus.
1704 3465 1816 3520 Hoc
1843 3466 2088 3537 sequitur

504 3535 652 3609 Beda
673 3535 1162 3609 iiﬁniMartyrologio
1201 3554 1320 3604 suo,
1365 3552 1599 3608 eumque
1623 3537 1789 3594 refert
1811 3535 2088 3596 Usuardus

502 3607 646 3678 apud
672 3607 941 3664 Molanum
965 3610 1052 3666 die
1080 3607 1145 3666 15
1168 3609 1318 3666 Julii.

579 3679 840 3752 Neutrum
874 3679 1063 3752 horum
1097 3691 1244 3737 stare
1284 3689 1466 3752 potest
1489 3695 1610 3737 cum
1655 3681 1914 3742 veritate;
1964 3697 2088 3738 nam

506 3761 696 3823 contra
728 3750 780 3804 id
824 3751 965 3822 quod
1009 3750 1368 3823 Theophanes
1399 3754 1612 3819 asserit,
1662 3769 1722 3810 se
1746 3755 1974 3822 opponit
2023 3755 2084 3808 D.

508 3821 683 3898 Lucas
708 3821 936 3898 A_ct.’_vr,
967 3821 1333 3898 docens'quod
1357 3836 1478 3898 post
1510 3841 1700 3880 necem
1730 3821 2090 3898 protomarty-

508 3893 584 3947 ris
605 3893 868 3967 Stephani
886 3904 1072 3950 exorta
1091 3893 1280 3964 magna
1300 3893 1668 3951 in’Ecelesiam
1688 3893 2085 3967 persecutimie,

511 3979 686 4018 omnes
721 3965 954 4039 dispersi
1002 3979 1119 4021 sunt
1165 3977 1351 4039 prwter
1393 3965 1705 4039 Apostolus}
1746 3984 1870 4024 cum
1905 3965 2084 4024 autem

2161 1330 2367 1378 tantum
2396 1321 2558 1378 Beda:
2587 1321 2882 1391 displicuit.
2920 1332 2981 1378 nt
3011 1321 3323 1379 mendaeem
3381 1334 3501 1375 eam
3547 1331 3750 1391 vocare

2160 1409 2268 1449 non
2297 1392 2627 1448 dubitaverit
2653 1389 2928 1459 :Constat,
2956 1394 3050 1462 ait,
3083 1394 3222 1465 quod
3258 1391 3597 1465 mendacium
3626 1389 3759 1465 scri-

2162 1466 2267 1533 psit
2294 1465 2386 1519 ille
2409 1509 2423 1531 ,
2457 1465 2549 1536 qni
2577 1481 2643 1520 ea:
2666 1483 2899 1537 persona?
2934 1460 3201 1521 Melitonis
3241 1464 3466 1537 episcopi
3491 1462 3645 1537 _Asite
3691 1460 3760 1537 li-

2163 1532 2596 1610 bruntrexponens
2627 1532 2855 1610 de_obitu
2891 1536 3154 1610 Virginis,
3187 1532 3336 1610 dicit,
3363 1532 3501 1610 quod
3529 1532 3762 1588 secundo

2165 1618 2279 1678 post
2297 1609 2662 1684 Ascensionem
2685 1606 2896 1684 Domini
2916 1606 3075 1684 anno,
3098 1606 3533 1684 apostolijnerint
3551 1621 3752 1684 omnes,

2167 1689 2276 1732 toto
2307 1680 2446 1738 orbe.
2477 1679 2548 1732 ad
2592 1680 2986 1751 prtedicandum
3015 1683 3066 1734 in
3095 1696 3246 1734 suam
3287 1678 3518 1751 quisque
3547 1680 3762 1751 prouin-

2167 1751 2303 1805 ciam
2341 1748 2693 1818 diuisi.Quod
2724 1750 3338 1807 coniirmattestimonio
3383 1748 3541 1803 Luc:e
3597 1749 3770 1802 Acto-

2171 1837 2291 1877 rum
2318 1838 2414 1876 vm
2447 1841 2460 1876 :
2488 1821 2678 1877 Omnes
2719 1823 2937 1893 dispersi
2981 1834 3100 1878 sunt
3145 1831 3334 1893 prmter
3372 1820 3646 1893 Apostolus
3668 1834 3688 1872 :
3713 1819 3760 1872 si

2169 1895 2314 1948 enim
2339 1894 2580 1963 Apostoli
2607 1895 2657 1947 in
2676 1895 2761 1948 illa
2789 1891 2960 1964 prima
2985 1891 3360 1962 persecutione
3383 1891 3616 1958 dispersi
3646 1904 3760 1944 non

2172 1966 2408 2031 fuerunt,
2454 1965 2677 2020 minime
2705 1982 2834 2036 ergo
2877 1967 3033 2022 divisi
3064 1977 3191 2021 sunt
3221 1965 3292 2020 ab
3339 1964 3609 2036 invicem,
3653 1969 3772 2015 toto

2175 2036 2418 2106 ejusdem
2465 2033 2858 2106 persecutionis
2892 2048 3173 2104 tempore,
3207 2051 3327 2106 qure
3374 2043 3432 2089 nt
3481 2033 3773 2106 minimum

2177 2103 2293 2181 toio
2347 2103 2587 2181 secundo
2631 2125 2774 2164 anno
2820 2121 2942 2181 post
3002 2103 3498 2181 Cliris’ti'miortem
3534 2103 3774 2181 duravit.

2175 2179 2330 2257 Adde
2355 2180 2495 2250 quod
2525 2175 2853 2257 praeceptum
2879 2182 3146 2257 hahehant
3175 2175 3500 2257 praedicandi
3529 2175 3773 2257 Judteis.

2177 2249 2490 2322 priusquam
2530 2249 2670 2306 itoto
2706 2249 2854 2309 orbe
2908 2249 3351 2323 dispergerentur
3407 2249 3473 2323 ad
3529 2249 3777 2323 gentium

2179 2318 2648 2379 conversionem:
2689 2340 2856 2393 quare
2923 2318 3164 2394 oliortuit
3217 2319 3606 2394 Hierosolymis
3658 2318 3780 2387 pri-

2179 2409 2348 2466 mum,
2397 2407 2452 2450 et
2488 2392 2717 2450 caeteris
2742 2392 2972 2452 urbibus
3002 2395 3209 2451 Judaici
3255 2392 3785 2466 popti|i_ser_io_pra3-

2183 2465 2441 2520 dicationi
2474 2466 2762 2522 institisse.
2797 2468 2931 2523 llinc
2960 2478 3139 2522 ortum
3182 2461 3370 2521 habuit
3421 2461 3565 2517 aliud
3595 2461 3784 2517 Gene-

2185 2537 2370 2609 brardi
2405 2537 2660 2608 placitum
2688 2539 2779 2594 lib.
2811 2540 2845 2594 ὅ
2869 2539 3260 2609 Chronologiie
3283 2553 3410 2609 ann.
3437 2532 3642 2609 Chris_ti
3672 2531 3775 2598 46,

2189 2605 2510 2680 divisionem
2537 2609 2920 2676 Apostolorum
2949 2605 3246 2680 rcjicien'tis
3273 2608 3338 2662 ad
3365 2605 3617 2680 annum]
3652 2614 3779 2674 post

2184 2677 2389 2752 Christi
2419 2691 2668 2736 mortem.
2698 2682 2802 2736 Sed
2832 2696 2930 2736 cur
2951 2677 3130 2752 potius
3162 2683 3532 2752 huncrann‘um
3557 2677 3586 2730 7
3611 2690 3775 2752 quam

2184 2749 2219 2804 5
2253 2751 2335 2824 vel
2366 2751 2400 2806 6
2427 2752 2651 2822 elegerit
2675 2768 2783 2808 non
2810 2747 3071 2810 ostendit.
3103 2752 3270 2824 Ilujus
3297 2748 3447 2808 dubii
3503 2747 3783 2819 expeditio

2183 2823 2385 2892 pendet
2398 2838 2469 2894 ex
2503 2826 2771 2894 sequenti.

2261 2895 2346 2950 12.
2391 2890 2596 2950 Ultima
2636 2897 2720 2950 die
2746 2895 2914 2964 Junii,
2943 2905 3050 2953 etc.
3077 2896 3157 2953 De
3184 2895 3272 2952 die
3294 2908 3511 2966 quoque
3533 2906 3640 2966 quo
3659 2890 3784 2946 hanc

2187 2980 2342 3022 sacra
2361 2966 2554 3022 divisio
2576 2968 2729 3023 orbis
2752 2971 2993 3025 universi
3019 2971 3159 3025 inter
3180 2964 3474 3033 Apostolos
3505 2964 3780 3019 celebrata

2185 3038 2278 3104 sit,
2313 3052 2418 3092 non
2444 3039 2622 3094 minor
2651 3050 2734 3094 est
2760 3041 3056 3107 dissensio;
3088 3055 3208 3094 nam
3241 3036 3584 3094 ProcorusS.
3609 3034 3778 3090 Joan-

2187 3111 2273 3164 nis
2304 3108 2601 3182 discipulus
2627 3109 2679 3166 in
2707 3112 2824 3182 ejus
2846 3112 3070 3168 historia
3109 3111 3363 3175 affirmat,
3388 3109 3544 3182 inter
3577 3118 3782 3182 caetera

2186 3196 2308 3250 quae
2334 3181 2386 3235 in
2420 3177 2519 3236 liae
2546 3177 2808 3240 divisione
2865 3183 3001 3238 facta
3031 3193 3178 3247 sunt,
3212 3186 3442 3252 primam
3471 3179 3640 3234 fuisse
3687 3177 3784 3252 Ja—

2188 3252 2313 3308 cobi
2343 3252 2563 3307 Minoris
2590 3255 2935 3321 electionem,
2959 3265 3015 3311 et
3056 3250 3522 3310 consecrationem
3573 3253 3625 3304 in
3665 3250 3784 3317 cpi-

2189 3323 2956 3398 scopnmHierosolymorum.
2980 3327 3091 3382 Nec
3105 3327 3321 3391 mirum,
3343 3340 3466 3398 cum
3489 3321 3784 3398 bseeillius

2190 3391 2432 3463 Apostoli
2456 3411 2576 3451 sors
2598 3391 2785 3454 fuerit:
2801 3409 3022 3455 auctore
3041 3409 3218 3453 autem
3240 3396 3476 3451 Eusebio
3495 3397 3545 3448 in
3567 3391 3777 3448 Chron.

2189 3482 2319 3521 ann.
2351 3465 2444 3532 54,
2475 3478 2688 3524 constat
2714 3471 2771 3526 S.
2805 3469 3066 3525 Jacobum
3119 3476 3491 3523 consecratum
3522 3479 3644 3520 esse
3688 3464 3780 3520 die

2189 3539 2267 3613 37_
2285 3539 2597 3613 Decembris
2621 3541 2812 3612 (quem
2843 3544 3088 3613 sequitur
3105 3540 3360 3596 Rabanus
3379 3539 3430 3592 in
3460 3535 3784 3613 squarty-

2189 3611 2558 3684 roiogio_apud
2587 3608 2862 3668 Canisium
2895 3608 3076 3684 Kntiq.
3103 3613 3271 3684 Lect.
3298 3622 3444 3684 torno
3472 3609 3506 3664 6
3528 3608 3598 3684 )_:
3633 3609 3780 3684 unde

2198 3682 2540 3755 relinquitur,
2561 3692 2642 3755 fut
2669 3685 2784 3753 ipsa
2817 3679 3197 3755 Apostolorum
3226 3683 3420 3737 divisio
3467 3680 3658 3755 eadem
3689 3679 3781 3733 die

2191 3764 2407 3822 peracta
2435 3753 2524 3807 sit.
2544 3754 2662 3822 Quo
2683 3751 2997 3812 tamennon
3025 3757 3278 3812 obSIante
3293 3767 3484 3807 omnes
3507 3751 3622 3806 fere
3651 3765 3783 3805 auc-

2195 3833 2338 3896 tores
2356 3825 2856 3896 Martyrol0giorum
2884 3828 3156 3883 affirmant
3183 3826 3516 3896 divisionem
3551 3825 3783 3896 Aposto-

2192 3895 2366 3951 lorum
2393 3899 2444 3951 in
2481 3893 2544 3950 15
2571 3893 2706 3952 Julii
2725 3900 3016 3967 cecidisse,
3055 3898 3218 3964 Beda,
3273 3897 3414 3964 Ado,
3471 3893 3775 3967 Usuardus,

2191 3975 2245 4038 et
2282 3969 2523 4023 Molanus
2549 3987 2560 4022 :
2591 3981 2644 4025 et
2665 3971 2978 4026 Graecorum
3002 3965 3410 4038 'Menologium,
3441 3969 3523 4020 his
3552 3965 3776 4038 verbis:

509 4035 764 4114 martyris
793 4051 940 4114 mors
969 4039 1036 4092 ad
1067 4035 1846 4114 calcemanniredemptionis
1888 4039 2082 4095 huma-
2110 4035 2157 4100 C
2194 4035 2290 4114 Die
2320 4041 2386 4095 l5
2411 4039 2545 4114 Julii
2567 4042 2812 4112 festivitas
2833 4044 3057 4097 omnium
3076 4035 3436 4114 Apostolorum
3465 4039 3673 4107 quando
3686 4036 3779 4114 di-

510 4121 596 4159 na:
627 4109 768 4162 facta
799 4105 980 4176 fuerit,
1013 4118 1068 4164 et
1097 4118 1226 4164 tunc
1271 4110 1514 4177 Apostoli
1546 4105 1776 4180 dispersi
1805 4127 1911 4165 non
1943 4113 2081 4179 sint,

505 4191 845 4244 consequens
871 4189 974 4246 est,
1008 4189 1066 4234 ut
1089 4181 1409 4235 eorumdem
1455 4181 1652 4236 divisio
1697 4198 1801 4236 non
1833 4184 2088 4239 acciderit

507 4249 690 4324 statim
717 4264 746 4302 a
777 4249 1026 4324 passione
1073 4251 1306 4324 Domini.
1341 4251 1649 4324 Facitvero
1687 4263 1876 4308 contra
1922 4255 2088 4324 Apol-

506 4317 636 4399 ionii
669 4328 723 4374 et
767 4317 1310 4399 Clementisdictum,
1333 4323 1474 4399 quod
1507 4323 1568 4377 D.
1595 4317 2086 4399 Marciiervarige-

507 4389 638 4443 lium
663 4405 824 4465 suum
841 4393 1100 4465 clauserit
1127 4389 1444 4460 asserendo,
1465 4397 1609 4465 quod
1626 4411 1749 4451 cum
1771 4397 1856 4451 illa
1883 4389 2089 4454 scribe-

514 4471 620 4527 ret,
646 4461 894 4540 iipostoli
938 4465 1233 4540 secundum
1274 4461 1575 4540 iussionem
1629 4469 1837 4524 Domini
1870 4470 2088 4540 profecti

512 4533 919 4608 pra’dicaverant
931 4534 1139 4606 ubique,
1155 4533 1377 4592 Domino
1393 4549 1720 4608 cooperante,
1737 4549 1781 4594 et
1805 4533 2089 4596 sermonem

509 4603 847 4673 conﬂi-mante
873 4603 1196 4678 sequentibus
1219 4610 1402 4678 signis.
1426 4603 1646 4665 Certum
1675 4603 1856 4667 autem
1879 4621 1933 4668 et
1959 4627 2088 4668 con-

505 4683 657 4757 stans
683 4677 920 4757 estapud
941 4693 1130 4757 omnes
1147 4677 1415 4757 auctores,
1431 4681 1665 4757 Marcum
1694 4683 2085 4757 evangelistam

503 4750 791 4822 scripsisse
810 4764 952 4804 anno
974 4750 1262 4807 undecimo
1281 4767 1311 4805 a
1333 4754 1588 4822 passione
1607 4751 1806 4810 Christi
1833 4750 2044 4810 Domini
2069 4772 2086 4809 :

508 4818 651 4872 unde
678 4818 802 4893 iieri
824 4835 932 4893 non
966 4823 1140 4890 potttit
1167 4833 1226 4877 ut
1254 4818 1640 4893 Apostolorum
1673 4826 1868 4881 divisio
1899 4827 1950 4881 in
1992 4841 2088 4881 an-

503 4904 637 4970 num
669 4890 736 4943 12
758 4891 831 4946 sit
851 4891 1039 4970 dilata,
1070 4910 1192 4949 cum
1233 4890 1481 4970 ii12_non
1511 4897 1689 4970 solum
1719 4897 1876 4953 divisi
1931 4913 2089 4970 repe-

502 4965 730 5040 riantur,
787 4965 965 5040 sedet
1016 4973 1129 5021 toto
1169 4967 1301 5022 orbe
1343 4967 1575 5038 dispersi
1627 4965 2090 5039 praedicassefet

502 5033 758 5087 miracula
783 5037 946 5092 multa
974 5048 1340 5108 perpetrasse.
1372 5033 1600 5096 Accedit
1627 5033 1788 5110 'quod
1827 5033 2028 5097 Paulus
2053 5043 2089 5099 5

501 5117 646 5159 anno
675 5119 704 5159 a
736 5113 1092 5182 conversione
1119 5125 1238 5176 sua,
1270 5113 1416 5166 venit
1440 5112 1870 5182 Hierosolymam
1895 5113 1962 5168 ad
1992 5130 2090 5169 an-

496 5182 799 5257 tecessores
828 5194 955 5236 suos
978 5180 1307 5257 Apostolos(
1334 5193 1392 5239 ut
1420 5185 1541 5257 ipse
1560 5180 1754 5257 fatetur
1781 5183 1849 5240 ad
1870 5183 1990 5257 Gal.
2017 5187 2086 5257 ι).

500 5252 557 5320 et
584 5256 758 5320 tamen
791 5259 915 5306 tunc
941 5268 1046 5308 non
1077 5252 1411 5320 invenit'ihi,
1443 5252 1547 5310 nisi
1569 5256 1789 5310 Petrum
1817 5267 1872 5311 et
1923 5252 2086 5312 Jacoé

498 5315 627 5372 bum
681 5317 903 5378 fratrem
963 5324 1197 5383 Domini.

495 5403 638 5442 anno
667 5389 864 5448 Christi
891 5395 982 5450 58.

572 5459 783 5540 Ut_h:ec
810 5466 994 5523 forsan
1026 5467 1272 5540 fugerent
1292 5469 1748 5536 inconvenientia,
1779 5469 1871 5526 alii
1893 5479 2079 5525 aucto-

494 5544 584 5608 res
609 5532 680 5588 ab
709 5543 936 5607 utroque
965 5532 1208 5597 εχιτέωο
1238 5542 1595 5608 declinantes,
1649 5532 1881 5598 mediam
1932 5542 2080 5599 viam

491 5603 808 5674 elegerunt;
850 5603 909 5686 in
941 5614 1136 5686 quibus
1165 5614 1350 5668 Melite
1375 5603 1720 5686 Sardicensis
1765 5615 2076 5686 episcopus.

489 5687 825 5757 genuauctor
855 5681 1021 5739 libelli
1043 5685 1111 5741 de
1127 5687 1368 5757 transitu
1397 5685 1657 5755 Virginis,
1685 5686 1778 5757 qui
1800 5681 1999 5740 'exstat
2021 5688 2076 5742 in

489 5743 823 5826 Bibliotheca
850 5762 1093 5826 veterum
1123 5756 1364 5824 Patrum,
1398 5743 1671 5813 Melitonis
1705 5743 1938 5813 Inomine
1993 5759 2075 5812 in-

483 5825 745 5888 signitus;
774 5825 887 5882 vult
912 5825 1233 5886 divisionem
1253 5827 1636 5901 Aposmlorum
1669 5829 1724 5886 in
1749 5844 1947 5886 annum
1985 5843 2076 5886 se-

1255 5327 1370 5394 Qua
1397 5327 1466 5383 de
1497 5342 1557 5383 re
1584 5326 1811 5384 inferius
1863 5341 2089 5398 agemus

2191 4111 2286 4185 nisi
2314 4121 2431 4165 sunt
2555 4111 2789 4178 invicem,
2831 4113 2884 4168 in
2915 4130 3017 4185 qua
3045 4111 3338 4168 festivitate
3376 4112 3781 4185 sermones‘ha-

2193 4181 2422 4237 buerunt
2469 4183 2911 4254 Chrysostomus,
2933 4179 2999 4242 'et
3043 4186 3130 4252 alii
3159 4185 3369 4241 Patres.
3403 4179 3779 4254 Conveniunt;

2189 4255 2352 4308 etiam
2381 4251 2881 4324 Petrus—Equilinus
2898 4251 3214 4326 episcopus,
3264 4256 3358 4310 illo
3385 4252 3500 4319 die;
3536 4263 3590 4307 Θῑ
3634 4251 3778 4326 (13³(ιά

2189 4326 2402 4380 czeteris
2420 4321 2918 4394 praestat,Romana
2938 4321 3173 4384 Esclesia
3192 4321 3508 4383 divisionem
3527 4321 3776 4378 eamdem

2189 4397 2502 4470 gelebrabat
2529 4401 2578 4452 in
2608 4402 2831 4470 antiquo
2885 4399 3162 4456 Breviario
3208 4410 3264 4454 et
3300 4396 3503 4470 Μῆδεέιί
3549 4407 3780 4450 cantans

2190 4467 2512 4542 Epistulam,
2543 4469 2709 4542 Corde
2735 4466 2964 4526 creditur
3009 4471 3076 4525 ad
3088 4472 3371 4542 justitiam,
3425 4466 3587 4542 Rom:
3613 4481 3686 4542 x,_
3723 4473 3780 4542 ei

2191 4536 2566 4610 Evangelium,
2596 4541 2792 4597 Euntes
2829 4543 2883 4598 in
2906 4536 3158 4598 mundum
3186 4542 3508 4610 universum,
3541 4536 3806 4606 Matthtei‘

2191 4608 2402 4679 ultimo,
2429 4625 2486 4668 ut
2507 4614 2790 4684 Equilinus
2813 4625 2964 4670 notat
2987 4615 3081 4669 lib.
3097 4629 3170 4683 vt,
3191 4628 3309 4683 cap.
3326 4611 3418 4684 99:
3443 4608 3528 4664 Ab
3549 4617 3778 4684 utroque

2189 4691 2368 4738 autem
2395 4680 2610 4740 die‘no'n
2634 4687 2916 4742 minimum
2943 4680 3372 4742 videtur'distare
3395 4683 3616 4748 Dexter,
3646 4680 3776 4735 dum

2190 4755 2348 4828 docet
2371 4757 2664 4827 'contigisse
2708 4759 2796 4814 die
2823 4760 3008 4814 ultima
3035 4758 3200 4814 Junii.
3221 4821 3233 4828 _

2265 4826 2501 4902 Utraque
2522 4823 2708 4885 ‘tamen
2740 4832 2970 4902 quaestio
2998 4829 3071 4886 de
3094 4830 3193 4902 die
3221 4823 3286 4884 'et
3311 4841 3457 4883 anno
3493 4823 3780 4883 divisionis

2189 4901 2505 4969 apostolicae
2551 4902 2708 4957 facile
2755 4900 3005 4967 solvitur,
3036 4903 3080 4957 si
3130 4900 3500 4962 advertamus,
3533 4913 3643 4954 non
3672 4912 3780 4969 uno

2190 4968 2494 5045 eodemque
2506 4973 2593 5028 die
2606 4975 2658 5027 di
2669 4973 2928 5029 visionem
2959 4973 3076 5045 (seu
3089 4971 3452 5045 sortitionem)
3469 4968 3782 5045 Provincia-

2189 5060 2308 5100 rum
2328 5041 2520 5099 factam
2538 5041 2997 5115 interApostolos,
3011 5053 3067 5100 et
3083 5043 3413 5115 exsecutioni
3430 5041 3737 5098 mandatam
3757 5055 3774 5107 ;

2192 5115 2420 5184 primum
2443 5115 2710 5186 siquidem
2736 5114 2920 5170 ultima
2933 5115 3026 5170 die
3051 5115 3196 5171 Junii
3217 5114 3459 5186 ejusdem
3482 5115 3634 5186 anni,
3671 5127 3780 5182 quo

2189 5187 2436 5242 Christus
2460 5185 2557 5256 pro
2578 5187 2733 5258 nobis
2749 5195 2996 5242 mortuus
3009 5194 3115 5257 est,
3128 5185 3436 5258 congregati
3454 5185 3614 5258 simul
3637 5185 3784 5254 Apo-

2191 5258 2334 5325 stoli,
2369 5273 2492 5314 cum
2530 5258 2598 5312 ab
2626 5257 2818 5314 eodem
2849 5261 3210 5329 accepissent,
3261 5258 3410 5326 ipsos
3463 5257 3779 5329 universum

2190 5330 2378 5385 orbem
2404 5337 2807 5398 peragraturos,
2827 5341 2882 5385 et
2906 5331 2957 5385 in
2983 5327 3237 5386 omnibus
3260 5336 3533 5384 terrarum
3558 5327 3781 5399 provin-

2191 5403 2292 5456 ciis
2346 5397 2693 5471 Evangelium
2731 5402 3154 5473 praedicaturos,
3187 5401 3255 5457 de
3307 5400 3438 5472 ipsis
3484 5397 3781 5473 provinciis

2191 5480 2369 5528 sortes
2401 5468 2690 5539 miserunt;
2733 5468 2856 5544 'quo
2886 5475 3117 5545 quisque
3140 5468 3354 5529 eorum
3413 5468 3599 5534 sciret,
3633 5468 3778 5542 quod

2181 5545 2488 5615 animarum
2520 5559 2659 5600 onus
2689 5546 2790 5615 ipsi
2813 5546 3175 5608 incumberet,
3227 5559 3291 5599 ac
3343 5560 3439 5612 pro
3470 5557 3661 5598 earum
3694 5555 3782 5595 sa-

2184 5614 2295 5670 lute
2335 5616 2453 5671 sine
2479 5614 2740 5672 dilatione
2770 5629 2826 5674 et
2875 5617 3280 5673 intermissione
3327 5615 3614 5671 Dominum
3653 5626 3782 5667 ora-

2182 5695 2284 5742 ret.
2330 5687 2600 5744 Caeterum
2645 5704 2753 5744 non
2802 5690 2985 5744 statim
3029 5687 3131 5743 fuit
3159 5685 3495 5744 exsecutioni
3526 5683 3778 5739 mandata

2181 5758 2448 5828 ejusmodi
2464 5760 3116 5838 provinciarnm‘sortitio
3142 5773 3312 5831 usque
3357 5758 3426 5813 ad
3460 5771 3679 5838 ιιιιιιιιιιιι⁸
3719 5756 3776 5836 7,

2182 5839 2242 5886 ut
2286 5842 2412 5888 mox
2448 5831 2734 5894 dicemus:
2765 5832 3031 5905 siquidem
3073 5845 3213 5904 opus
3264 5838 3384 5888 erat
3429 5831 3777 5886 conversioni
