4032 6340
241 293 316 354 89
1275 294 1505 354 FLAVII
1545 294 1726 355 LUCII
1767 294 2024 358 DEXTRI
2064 295 2483 358 CHBONICON.
3465 301 3536 363 90

1457 433 1712 492 BIVARII
1751 433 2309 494 COMMENTARlUS.

244 553 746 629 Hierosolymorum
778 563 831 611 et
860 553 1023 629 totius
1065 550 1266 610 Judacze
1317 550 1555 629 regionis
1605 551 1840 623 primum
1869 553 1918 614 A
1947 551 2239 621 Apostolos
2277 550 2412 629 facta
2457 552 2594 629 fuit_;
2642 567 2765 629 nam
2799 553 3203 629 ilicrosolynize
3247 557 3408 613 etiam
3440 574 3538 628 per

240 644 433 686 omnes
459 625 744 694 insistere,
791 637 845 682 et
872 627 924 681 in
956 641 1122 681 unum
1145 639 1344 695 corpus
1365 625 1743 695 coalescentes
1781 637 1843 680 se

242 718 271 756 a
297 701 523 757 Judaica
554 701 937 771 persecutione
961 694 1291 771 defendere;
1322 705 1376 771 et
1403 696 1472 754 de
1503 694 1685 750 multis
1709 709 1845 771 qu_o-

244 788 352 844 que
393 765 689 844 disponere
717 787 839 841 qua:
864 770 932 844 ad
964 769 1122 824 tidem
1169 768 1520 844 catholicam
1547 775 1664 844 toto
1711 765 1844 822 Orbe

243 838 625 902 stabiliendam
655 838 962 898 necessaria
991 848 1176 898 erant:
1203 839 1464 896 videlicet
1489 838 1558 895 de
1610 839 1697 895 his
1723 852 1845 904 qua:

242 917 309 972 ad
352 919 832 972 Sacramentorum
883 913 1334 979 celebrationem,
1392 920 1449 966 et
1477 908 1844 980 dispensatio-

244 1003 392 1053 nem,
423 996 480 1043 et
508 987 676 1042 totius
705 986 960 1042 Ecclesiae
988 985 1350 1042 (economiam
1380 983 1655 1054 pertinere
1697 980 1847 1054 vide-

242 1059 464 1116 bantur.
494 1058 633 1114 Cum
660 1073 793 1114 vero
819 1067 900 1113 tot
927 1066 1183 1127 tantaque
1207 1053 1466 1110 Ecclesiae
1498 1053 1845 1127 stabilienda:

246 1130 463 1201 negetis
499 1141 723 1201 repente
751 1129 866 1184 lieri
901 1123 1207 1197 nequirent,
1249 1127 1346 1182 sed
1376 1140 1569 1201 magna
1592 1123 1848 1201 prius(ut

247 1195 343 1273 par
357 1200 518 1268 erat)
543 1195 728 1258 habita
757 1195 1115 1273 discussione,
1145 1195 1679 1273 etgniaturgj'udicio,
1703 1195 1846 1273 quod

243 1269 397 1330 recte
444 1275 730 1330 annotavit
778 1273 978 1328 Dexter
1025 1272 1152 1326 dum
1193 1270 1359 1334 dixit,
1402 1269 1598 1324 Habito
1628 1269 1850 1322 consilio

249 1347 444 1399 laetam
465 1361 590 1402 esse
633 1345 975 1400 sortitionem
1002 1343 1276 1408 divinam;
1329 1341 1454 1397 inde
1487 1341 1548 1396 lit
1587 1349 1646 1395 ut
1671 1339 1851 1395 consi-

249 1419 380 1471 lium
413 1416 685 1486 ejusmodi
715 1416 1076 1486 apostolicum
1110 1431 1216 1470 non
1250 1430 1356 1468 uno
1385 1428 1486 1469 nec
1515 1414 1700 1483 paucis
1728 1411 1847 1486 die-

251 1490 350 1542 bus
378 1484 1026 1558 consummari—potuerit,
1053 1486 1165 1558 sed
1197 1487 1393 1540 multos
1414 1486 1726 1542 necessario
1751 1484 1849 1558 in-

253 1561 570 1629 sumpserit.
623 1561 752 1630 Ejus
777 1556 912 1614 vero
941 1557 1202 1614 memoria
1249 1558 1512 1613 celebrari
1564 1556 1849 1630 consuevit

252 1628 678 1703 Hierosolymis,
701 1641 756 1686 et
787 1632 838 1686 in
860 1630 1342 1703 Orientetdiequo
1371 1638 1608 1703 coeptum
1636 1637 1738 1703 est.
1770 1628 1850 1681 vi-

250 1705 452 1758 delicet
480 1699 552 1758 δυ
580 1703 837 1758 etultitna
867 1703 1067 1757 mensis
1100 1700 1267 1757 Junii.
1296 1700 1463 1769 Cujus
1493 1700 1568 1754 rei
1598 1699 1846 1753 testimo-

251 1775 396 1828 nium
429 1775 719 1842 perhibet(
749 1775 950 1829 Dextro
977 1773 1358 1842 consentiens)
1391 1771 1706 1828 Graecnrum
1741 1769 1849 1825 Me-

253 1849 528 1915 nvilogium
576 1848 717 1918 quod
750 1847 829 1901 sic
854 1845 1076 1918 habet:
1110 1843 1204 1918 Die
1233 1844 1302 1918 50
1322 1843 1484 1918 Junii
1517 1843 1848 1918 congregatio

248 1914 547 1972 sanctorum
594 1914 649 1972 ct
701 1917 1082 1971 benedictorum
1137 1916 1426 1985 duodecim
1453 1914 1840 1985 Apostolorum.

250 1991 495 2044 Meminit
527 1989 768 2060 ejusdem
819 1987 964 2060 festi,
997 1997 1050 2060 et
1078 1989 1362 2043 verborum
1388 1984 1666 2060 Usuard‘us
1695 1985 1840 2060 apud

247 2061 521 2115 Nolanum
552 2056 653 2116 hac
676 2061 792 2130 ipsa
815 2059 922 2114 die.
953 2059 1141 2115 Obiter
1166 2059 1470 2113 annutarim
1503 2056 1614 2130 falli
1635 2071 1729 2112 eos
1750 2056 1842 2125 qui

250 2133 347 2186 hac
364 2132 455 2186 die
482 2128 783 2187 credebant
810 2131 948 2202 apud
969 2131 1189 2186 Grreeos
1210 2129 1489 2202 celebrari
1502 2128 1695 2202 festum
1723 2143 1842 2182 om-

249 2204 393 2258 nium
418 2203 808 2269 Apostolorum
834 2198 1020 2270 simul,
1051 2217 1158 2273 quo
1188 2217 1290 2255 ttna
1321 2200 1439 2256 dies
1465 2198 1658 2273 festiva
1681 2214 1846 2273 cune-

249 2276 313 2329 tis
337 2286 786 2339 cousecraretur,
831 2271 1112 2345 postquam
1145 2273 1499 2345 antecedente
1527 2271 1596 2345 de
1642 2271 1845 2345 princi-

248 2349 406 2416 pibus
424 2347 748 2403 eorumdem
779 2341 938 2402 Petro
961 2341 1015 2402 et
1045 2346 1210 2399 Paulo
1229 2341 1489 2399 solemnia
1529 2341 1666 2416 facta
1709 2341 1846 2398 fuis-

245 2414 388 2473 sent.
421 2419 479 2474 Si
513 2419 656 2473 enim
687 2419 790 2474 hoc
826 2418 1005 2474 Grzcei
1034 2417 1396 2481 intenderent,
1431 2414 1838 2482 noudixissent,

248 2489 599 2564 gangregatio
617 2489 682 2545 12
699 2490 1089 2564 Apostolorum,
1105 2487 1199 2544 sed
1215 2486 1427 2564 Festum
1445 2486 1808 2564 Apostolorum
1823 2501 1844 2541 :

245 2560 381 2615 Nam
426 2558 868 2632 cbngregatiOnis
895 2576 1090 2617 nomen
1138 2561 1429 2616 concilium
1459 2569 1637 2632 sonat,
1664 2567 1720 2614 et
1745 2558 1844 2632 ad-

245 2643 463 2689 vertere
506 2629 820 2688 debuissent
867 2633 930 2688 D.
962 2632 1410 2702 Chrysostomum
1453 2629 1846 2702 horniliamde

248 2704 528 2760 divisione
555 2707 937 2771 Apostolorum
971 2699 1214 2774 hae'ipsa
1243 2703 1331 2757 die
1364 2703 1430 2756 ad
1466 2703 1719 2774 populum
1750 2699 1847 2754 ha-

249 2777 458 2840 buisse,
493 2786 552 2831 ut
574 2777 995 2832 Molannsret‘ert
1017 2777 1069 2830 in
1095 2772 1241 2831 notis
1269 2774 1334 2828 ad
1369 2774 1492 2829 ldus
1519 2772 1668 2838 Julii,
1694 2786 1842 2826 num.

247 2848 297 2908 5.
329 2851 391 2902 in
418 2862 522 2901 suo
547 2847 812 2904 Usuardo.
856 2847 1009 2917 Quod
1041 2850 1215 2918 primo
1254 2847 1415 2916 igitur
1438 2846 1634 2918 factum
1668 2853 1753 2899 est
1790 2843 1845 2899 in

249 2918 348 2974 hoc
373 2921 639 2986 concilio,
665 2919 765 2974 fuit
786 2920 984 2976 divisio
1009 2917 1072 2974 ac
1097 2919 1311 2974 sortitio
1334 2917 1761 2987 provinciarum.
1793 2923 1850 2970 et

248 2993 348 3046 hoc
387 2991 566 3060 primo
613 2991 1051 3063 congregationis
1088 2990 1196 3045 die.
1229 2989 1638 3063 COusequenter
1666 2997 1846 3063 actum

245 3072 325 3116 est
359 3058 461 3132 per
485 3063 683 3117 multos
710 3058 845 3116 alios
870 3062 940 3118 de
980 3060 1483 3132 Constitutionibus
1519 3058 1849 3132 Apostolicis

245 3143 300 3189 et
325 3131 648 3189 Canonibus
675 3134 1184 3198 Sacramentorum;
1236 3133 1433 3188 deinde
1459 3131 1647 3186 Jacobi
1677 3131 1849 3186 Mino-

245 3206 470 3278 ris(cui
519 3205 1016 3278 Hierosolymorum
1059 3203 1460 3278 administratio
1486 3212 1633 3278 sorte
1673 3201 1850 3278 couti-

244 3274 446 3347 gerat)
476 3274 818 3332 consecratio
866 3277 1135 3332 celebrata
1176 3275 1260 3332 est
1287 3275 1357 3330 27
1399 3276 1486 3347 die
1509 3274 1841 3340 decembris,

1947 634 2152 700 sortem
2176 625 2530 700 contigerunt
2552 627 2780 681 Jacobo.
2799 627 2911 700 lloe
2935 625 3325 700 vero'oportuit
3345 625 3535 687 necem

1948 694 2213 769 Stephani
2248 697 2599 766 praecessisse
2623 738 2639 764 ,
2673 694 3259 769 quandoquidcm'ipse
3287 701 3541 757 diacona-

1949 775 2059 842 tum
2105 767 2205 842 sub
2226 768 2644 842 illoexercuit,
2675 767 2754 842 fut
2776 767 2978 842 auctor
3006 779 3090 826 est
3120 767 3178 824 DL
3210 771 3452 842 lguatius
3484 775 3536 831 iu

1947 841 2108 912 epist.
2128 840 2200 912 ad
2225 838 2554 912 Trallianos:
2584 841 2722 908 Quid
2749 841 2956 897 diaconi
2981 842 3104 912 (ait)
3129 838 3538 900 nisi'imt'tatores

1948 907 2139 983 Christi
2167 910 2519 983 ministrantes
2563 907 2822 983 episcopo,
2852 907 2999 968 sicut
3018 907 3316 982 Stephanus
3350 919 3538 972 beatis-

1947 981 2077 1051 simo
2097 978 2316 1047 Jacobo,
2341 993 2387 1036 et
2408 978 2713 1039 Timotheus
2738 978 2799 1040 ἐι
2829 983 2976 1040 Titus
2998 978 3201 1051 Paulo,
3248 985 3528 1044 Anacletus

1947 1062 1994 1106 et
2027 1050 2469 1127 ClemensPetro.
2501 1053 2648 1110 Idem
2685 1058 2884 1127 repetit
2921 1058 2973 1112 in
3004 1050 3233 1126 epistola
3268 1060 3333 1112 ad
3358 1060 3534 1115 Hero-

1949 1138 2094 1199 nem:
2123 1124 2802 1199 Quinimmo_Heronymus
2821 1128 2917 1199 lib.
2941 1128 3008 1184 de
3031 1124 3227 1199 Script.
3254 1129 3458 1184 Eccles.
3479 1133 3531 1186 in

1947 1195 2386 1275 Jaclnbninquit:
2417 1196 2544 1252 Post
2567 1195 2858 1275 passionem
2883 1197 3091 1275 Domini
3109 1195 3288 1255 statim
3308 1202 3374 1256 ab
3393 1202 3538 1275 Apo-

1949 1266 2099 1342 stoii_s
2123 1266 2606 1342 Hierosolymorum
2637 1271 2907 1342 episcopus
2929 1273 3200 1328 ordinatus
3219 1281 3318 1328 est.

2026 1338 2111 1394 15.
2167 1338 2531 1412 Quadraginta
2581 1350 2628 1396 et
2665 1338 3044 1399 'oclo'diebus.
3108 1343 3333 1400 Restitui
3394 1346 3532 1400 hanc

1954 1409 2153 1486 lientro
2187 1409 2474 1486 lectionem
2500 1455 2515 1478 ,
2561 1422 2817 1482 corrupte
2848 1413 3112 1486 siquidem
3143 1415 3424 1482 legebatur
3454 1417 3522 1472 58

1954 1481 2134 1536 diebus
2178 1483 2652 1559 posthAdveuAtum
2681 1481 2929 1555 spiritus
2950 1486 3124 1559 sancti
3151 1481 3530 1559 congregatio-

1953 1569 2076 1608 nem
2118 1553 2473 1622 apostolicam
2519 1553 2739 1612 factam
2760 1573 2927 1627 super
2959 1556 3228 1613 divisione
3257 1553 3435 1614 orbis.
3474 1558 3529 1614 Si

1951 1627 2092 1698 enim
2119 1664 2135 1692 ,
2169 1635 2239 1698 _ut
2271 1642 2463 1698 verum
2494 1635 2580 1682 est
2600 1668 2616 1693 ,
2652 1638 2707 1683 et
2735 1631 3080 1698 pra-mittitur
3103 1646 3132 1683 a
3158 1629 3359 1684 Dextro
3386 1672 3400 1695 ,
3443 1631 3534 1685 die

1952 1697 2136 1751 ultima
2160 1695 2306 1769 Junii
2335 1698 2604 1754 celebrata
2635 1695 2748 1769 ρει(
2776 1701 2998 1764 nou1’18,
3029 1700 3124 1756 sed
3152 1702 3221 1756 48
3251 1703 3366 1756 dies
3395 1703 3536 1758 inter

1951 1783 2074 1841 eam
2102 1779 2156 1823 et
2181 1767 2472 1824 adventum
2505 1767 2765 1827 Paracleti
2798 1772 3256 1838 intercesserunt,
3289 1773 3533 1841 quando-

1954 1840 2170 1910 quidem
2193 1850 2424 1896 mortem
2447 1841 2668 1907 Christi,
2695 1855 2749 1898 et
2772 1842 2976 1898 Pascha
3003 1857 3068 1898 eo
3090 1859 3235 1897 anno
3260 1840 3331 1898 25
3361 1843 3534 1899 Martii

1952 1913 2248 1984 contigisse
2271 1928 2431 1968 nemo
2457 1915 2661 1978 nescit;
2689 1924 2743 1970 et
2763 1926 3165 1984 consequenter
3182 1915 3535 1970 Pentecosten

1951 1981 2020 2054 15
2047 1981 2191 2049 Maii,
2226 1984 2478 2039 nimirqu
2509 1998 2624 2054 post
2649 1985 2720 2042 50
2746 1985 2865 2043 dies
2888 2003 2917 2040 a
2942 1981 3226 2052 Paschate;
3258 2002 3284 2038 a
3314 1988 3380 2042 l5
3406 2002 3536 2040 vero

1942 2053 2092 2123 Maii,
2109 2069 2213 2124 qua
2238 2055 2470 2125 Spiritus
2491 2053 2714 2114 sanctus
2734 2060 2974 2122 advenit,
2995 2072 3165 2127 usque
3187 2056 3252 2113 ad
3275 2058 3343 2113 30
3362 2056 3535 2126 Junii,

1943 2140 2046 2252 qu;
2090 2128 2326 2252 mundus
2357 2130 2584 2185 sortitus
2615 2139 2699 2186 est
2731 2133 2867 2186 inter
2899 2129 3217 2202 Apostolos,
3257 2130 3328 2185 48
3365 2132 3537 2186 inter-

1943 2212 2004 2252 ce
2049 2215 2116 2252 un
2146 2239 2160 2252 .

1942 2207 2160 2252 cedunt.

2019 2270 2107 2324 14.
2149 2269 2216 2324 In
2239 2273 2500 2327 rwnacuto
2527 2273 2680 2342 Sion,
2709 2283 2814 2331 etc.
2846 2271 3075 2329 Ohstare
3101 2271 3314 2328 videtur
3342 2270 3538 2342 auscl-

1945 2356 2067 2416 mu_s
2090 2345 2142 2397 in
2166 2343 2537 2416 descriptione
2554 2341 2740 2402 Terrae
2762 2349 2978 2401 Sanctae
3001 2344 3142 2416 typis
3165 2358 3353 2400 recens
3373 2341 3535 2416 datus

1944 2428 1979 2486 a
2017 2412 2236 2469 Canisio
2267 2412 2414 2470 tomo
2444 2416 2511 2472 Vl
2541 2416 2727 2486 Antiq.
2764 2418 2887 2473 lect.
2917 2417 3006 2473 ubi
3025 2412 3152 2471 hinc
3179 2417 3254 2470 ait
3298 2431 3313 2470 :
3347 2414 3391 2468 Λ
3420 2415 3533 2470 loco

1945 2485 2285 2559 Ascensionis
2305 2486 2499 2542 Christi
2529 2489 2598 2542 ad
2624 2485 2697 2544 40'
2720 2506 2902 2559 passus
2935 2487 3140 2558 pedum,
3174 2488 3346 2541 adhuc
3371 2503 3539 2559 appaf

1946 2565 2060 2632 rent
2105 2558 2436 2632 vetustissimi
2479 2558 2882 2632 parietesmuri
2925 2560 3118 2632 ruentis
3143 2603 3157 2629 ,
3208 2561 3259 2613 in
3302 2559 3416 2632 loco
3451 2558 3539 2612 ubi

1949 2627 2183 2700 Apostoli
2226 2627 2508 2685 diuiserunt
2548 2631 2647 2686 sibi
2691 2634 2989 2700 provincias
3029 2631 3098 2684 ad
3144 2627 3281 2700 quas
3322 2628 3534 2698 quisque

1945 2699 2020 2776 ire
2049 2698 2397 2776 debueratA,Aet
2422 2703 2494 2756 ibi
2517 2698 3130 2776 Credoicomposuerunt.
3145 2698 3260 2776 Non
3293 2701 3452 2776 igitur
3475 2701 3532 2755 in

1947 2770 2244 2826 Cmiiaculo
2285 2773 2439 2840 Sion,
2473 2777 2568 2830 sed
2610 2785 2758 2830 extra
2801 2770 3113 2841 civitatein,
3153 2774 3276 2828 loco
3315 2772 3385 2826 ab
3423 2775 3533 2827 An-

1949 2842 2120 2896 selmo
2146 2844 2338 2908 relato,
2383 2845 2501 2901 hzec
2538 2848 2754 2902 sortitio
2786 2848 2923 2901 facta
2955 2845 3071 2900 fuit.
3098 2845 3369 2901 Caeterum
3401 2857 3534 2898 con-

1948 2913 2121 2968 fundit
2145 2916 2230 2968 hic
2251 2924 2441 2971 auctor
2455 2918 2776 2972 divisionem
2803 2917 3228 2986 provinciarum,
3246 2929 3368 2984 quae
3391 2913 3531 2970 facta

1951 2993 2036 3057 est
2065 2987 2116 3039 in
2147 2986 2606 3051 Cmnaculo,cum
2637 2989 2906 3044 divisione
2937 2987 3320 3057 Apostolorum
3354 2987 3422 3042 ab
3455 2990 3536 3040 in-

1951 3056 2148 3129 vicem,
2198 3074 2320 3129 quas
2355 3072 2476 3128 p05t
2517 3063 2546 3115 7
2577 3077 2768 3118 annos.
2785 3075 2852 3116 eo
2893 3056 2999 3114 loci
3027 3057 3532 3128 contigit,'dicendo
3587 3083 3591 3088 -

1950 3127 2232 3184 basilicam
2283 3127 2431 3186 illam
2475 3148 2572 3190 seu
2621 3134 2797 3189 locum
2848 3146 3066 3186 sacrum
3110 3127 3351 3185 erectum
3399 3130 3528 3184 olim

1951 3199 2118 3256 fuisse
2139 3202 2191 3256 iu
2215 3204 2529 3260 memoriam
2553 3205 2918 3260 devotissimte
2937 3201 3340 3266 collocutionis,
3364 3215 3527 3269 quam

1951 3272 2201 3341 Apostoli
2248 3274 2590 3343 habuerunt,
2627 3292 2749 3332 cum
2794 3274 3162 3330 discesserunt
3199 3275 3417 3328 tandem
3458 3273 3528 3327 ab

246 3341 354 3415 quo
411 3341 483 3404 ab
513 3348 750 3405 Eusebio
790 3358 847 3404 et
898 3349 1119 3404 liabauo
1166 3349 1404 3418 ponitur.
1454 3346 1680 3401 Demum
1724 3362 1845 3418 eum
1875 3341 1921 3406 C
1955 3343 2205 3418 invicem.
2237 3347 2389 3413 Quod
2418 3363 2549 3404 vero
2577 3341 2649 3405 ibi
2679 3345 2805 3403 ﬁdei
2835 3346 3141 3418 symbolum
3171 3343 3527 3418 confecerint,

241 3418 350 3487 jam
382 3420 685 3491 Synagoga:
715 3420 1005 3492 repudium
1049 3422 1232 3492 datum
1272 3426 1457 3492 esset,
1489 3429 1546 3472 et
1597 3417 1849 3492 gentibus

251 3489 459 3546 ostium
501 3489 871 3560 apertum,'ab
901 3491 1130 3547 invicem
1173 3491 1332 3545 divisi
1361 3489 1414 3544 in
1445 3504 1594 3544 suam
1623 3490 1849 3559 quisque

247 3562 589 3630 prnviuciam
620 3561 894 3636 prolectus
939 3563 1195 3636 estsllmc
1231 3577 1362 3636 vero
1388 3561 1584 3636 divisio
1617 3560 1850 3636 Aposto-

247 3637 424 3689 lorum
459 3641 528 3689 ab
555 3632 790 3691 ini-icem
811 3637 898 3691 die
933 3636 996 3690 15
1038 3633 1170 3690 Julii
1197 3633 1446 3704 contigit,
1480 3641 1537 3686 ut
1563 3648 1630 3704 ex
1681 3632 1848 3687 tradi-

248 3706 389 3760 tione
420 3707 590 3762 habet
613 3707 873 3772 Ecclesia,
899 3721 1019 3777 quze
1039 3723 1101 3762 ea
1124 3706 1211 3760 die
1232 3703 1550 3760 divisionem
1570 3703 1847 3775 hujusmo-

246 3778 296 3830 di
325 3778 463 3832 olim
494 3778 776 3834 celebrare
801 3779 1102 3834 consuevit.

313 3848 632 3918 Contigisse
655 3866 786 3904 vero
809 3849 1115 3920 hujusmodi
1143 3847 1466 3904 divisionem
1495 3848 1698 3920 anno7
1722 3855 1846 3920 post

246 3919 450 3976 Christi
487 3929 743 3989 mortem,
775 3918 1022 3977 suo'loco
1043 3936 1168 3978 cum
1192 3921 1396 3976 Dextro
1417 3929 1470 3976 et
1492 3918 1844 3974 Genebrardo

246 3992 625 4048 ostendemus.

315 4064 587 4120 Occurret
627 4064 868 4122 fortasse
906 4065 1028 4129 quis
1075 4083 1086 4119 :

247 4145 443 4202 erant,
493 4151 667 4207 quare
712 4147 821 4192 tam
870 4138 978 4192 cito
1023 4137 1349 4193 divisionem
1392 4133 1553 4190 orbis
1594 4133 1842 4207 fecerunt

249 4205 548 4277 Apostoli?
589 4209 696 4265 Sed
737 4209 894 4264 facile
937 4210 1148 4265 sedabit
1175 4208 1509 4276 scrupulum,
1539 4207 1628 4278 qui
1657 4205 1840 4261 animo

251 4279 633 4349 perpenderit.
664 4282 954 4350 Apostolos
986 4295 1092 4336 non
1126 4281 1292 4335 fuisse
1315 4281 1517 4347 tardos,
1547 4290 1600 4334 et
1635 4279 1836 4348 pigros,

254 4351 343 4405 sed
404 4353 697 4422 providos,
743 4367 807 4407 ac
835 4353 1263 4408 solertissimos:
1298 4361 1651 4421 praeterquam
1694 4350 1838 4420 quod

249 4423 564 4490 oportebat,
589 4439 1023 4495 unumquemque
1049 4439 1236 4480 eorum
1261 4423 1574 4492 expeditum
1606 4436 1750 4485 esse,
1783 4430 1840 4476 et

254 4506 504 4562 paratum
545 4496 611 4550 ad
657 4510 792 4563 opus
833 4497 899 4550 ad
941 4496 1082 4564 quod
1111 4505 1424 4564 assumptus
1449 4503 1568 4548 erat
1593 4537 1608 4560 ,
1658 4503 1712 4547 et
1741 4508 1838 4564 pro

255 4566 368 4620 suis
393 4567 600 4622 ovibus
625 4581 814 4633 orare;
844 4576 900 4623 et
920 4568 1089 4622 multa
1119 4567 1336 4622 interim
1365 4580 1654 4620 occurrere
1686 4573 1839 4635 pote-

246 4647 365 4710 rant
393 4640 638 4708 negotia,
664 4638 730 4693 ad
759 4638 1058 4709 peculiares
1086 4640 1394 4710 provincias
1424 4640 1744 4710 spectantia,
1780 4646 1837 4692 ut

1137 4064 1182 4121 si
1223 4079 1329 4119 non
1363 4063 1512 4119 illico
1545 4061 1839 4134 profecturi

244 4708 600 4790 de‘llispania
638 4708 764 4779 jam
791 4711 991 4790 dicam.
1022 4708 1176 4790 Quod
1200 4713 1244 4766 si
1291 4715 1393 4764 hoc
1413 4708 1643 4790 difficile
1671 4709 1832 4790 alicui
1865 4731 1910 4790 ι)

247 4779 532 4851 videatur,
574 4797 810 4851 quaeram
844 4783 912 4837 ab
939 4795 1044 4837 eo:
1092 4784 1136 4837 si
1168 4799 1273 4837 non
1303 4783 1486 4837 statim
1515 4797 1543 4835 a
1575 4785 1834 4851 passione

247 4849 463 4906 Domini
497 4854 550 4906 in
583 4849 842 4908 mundum
870 4853 1104 4924 dispergi
1150 4869 1246 4909 eos
1287 4853 1530 4922 oportuit
1553 4849 1587 4920 ,’
1616 4860 1674 4907 ut
1702 4853 1832 4924 quid

243 4926 405 4995 etiam
428 4932 558 4980 ante
577 4925 871 4979 adventum
886 4925 1121 4995 Spiritus
1143 4927 1314 4981 sancti
1336 4935 1537 4980 sortem
1557 4925 1833 4982 mittentes

247 4993 528 5049 Matthiam
554 4999 604 5049 iu
637 4993 956 5066 Apostolum
983 4998 1299 5067 elegerunt?
1317 4998 1443 5051 dum
1472 5000 1615 5052 enim
1643 5012 1832 5051 omnes

243 5069 402 5122 simul
447 5068 757 5138 degebant,
798 5070 981 5123 minus
1012 5071 1382 5125 necessarium
1417 5069 1699 5123 videbatur
1756 5068 1827 5124 12

246 5139 426 5218 potius
466 5154 626 5210 quam
676 5139 930 5218 undecim
959 5155 1100 5196 esse.
1146 5141 1212 5196 Et
1230 5141 1500 5218 quidquid
1533 5141 1833 5218 liuie_qna:-

245 5211 410 5265 stioni
438 5226 760 5282 responsum
793 5211 979 5282 fuerit,
1011 5211 1358 5283 respondebo
1385 5228 1487 5282 ego
1518 5221 1574 5269 et
1605 5213 1702 5266 illi.
1735 5212 1829 5267 ln-

244 5295 413 5356 super
443 5283 571 5339 inde
595 5283 777 5354 colligi
811 5291 990 5356 potest
1017 5284 1164 5354 quod
1191 5285 1353 5356 paulo
1383 5296 1507 5354 post
1541 5285 1830 5339 adventum

245 5350 481 5420 Spiritus
507 5356 702 5422 sancti,
728 5350 925 5409 divisio
945 5350 1352 5412 Provinciamm
1384 5350 1522 5411 iacta
1547 5366 1655 5423 est,
1689 5356 1832 5425 quod

246 5425 390 5498 nulla
433 5425 485 5480 in
517 5440 580 5482 ea
626 5428 834 5482 mentio
860 5426 1000 5483 facta
1033 5438 1118 5483 est
1144 5429 1294 5483 Pauli
1322 5471 1336 5493 ,
1370 5432 1454 5483 cui
1491 5429 1831 5498 postmodum

247 5497 417 5576 totius
447 5498 692 5553 universi
713 5500 1272 5576 geut_i_ur_n_conversio
1303 5500 1401 5576 fuit
1429 5497 1831 5576 commendata.

245 5567 475 5640 Sit-nim
518 5567 765 5638 tempore
816 5569 1102 5627 divisionis
1144 5581 1289 5627 esset
1332 5571 1648 5640 Apostolus,
1689 5571 1831 5627 haud

245 5635 468 5694 dubium
495 5635 780 5710 quin'cum
806 5643 1023 5698 caeteris
1054 5645 1108 5697 in
1137 5635 1421 5698 sortitione
1463 5643 1551 5698 illa
1589 5659 1834 5698 commu-

246 5711 463 5785 nionem
523 5713 766 5768 haberet.
811 5715 963 5770 Adde
989 5714 1132 5785 quod
1175 5716 1319 5784 apud
1349 5729 1542 5770 omnes
1570 5727 1832 5772 constans

244 5791 328 5836 est
359 5783 687 5856 ,_Jacobnm
735 5794 864 5840 tunc
915 5783 1413 5856 Hierosolymorum
1476 5788 1833 5844 constitutum

246 5853 554 5924 pontificem
581 5898 597 5924 ,
638 5873 761 5914 cum
793 5859 1008 5914 sortitio
1047 5853 1448 5929 provinciarum
1478 5856 1621 5916 inter
1645 5873 1838 5916 omnes

1951 3423 2007 3470 et
2032 3431 2138 3470 non
2173 3417 2227 3471 in
2257 3421 2540 3476 ctenaculo
2583 3423 2714 3476 Sion
2741 3461 2755 3481 .
2797 3415 2919 3486 quae
2942 3425 3059 3472 erat
3094 3416 3287 3472 domus
3322 3415 3526 3482 Mariae,

1949 3487 2394 3564 niatris_Joannis
2431 3500 2792 3564 cognomento
2819 3490 3024 3564 Marci_,
3079 3503 3204 3564 n_on_
3233 3487 3528 3564 Opponitur

1947 3556 2108 3633 dictis
2137 3559 2323 3616 Dextri
2359 3579 2374 3616 ι
2407 3556 2679 3620 ἰηεέηἰιιι
2721 3577 2828 3620 non
2869 3561 2936 3616 de
2981 3556 3286 3633 SymbolQQ
3310 3556 3415 3613 “sed
3454 3559 3523 3633 (ἔα

1946 3628 2435 3706 Constitutionibus
2463 3635 2791 3706 Apostolicis
2831 3628 3043 3706 locutus
3077 3631 3202 3706 fuit.
3239 3629 3528 3699 Quomodo

1946 3710 2123 3779 autem
2158 3703 2212 3758 in
2235 3702 2630 3779 constitutione
2661 3705 2934 3779 Symboli,
2977 3702 3263 3779 duodecim
3294 3715 3528 3779 concur-

1947 3775 2154 3851 rerint,
2194 3776 2452 3833 nimirum
2491 3771 2956 3851 singuli'singulos
2986 3775 3116 3851 fidei.
3139 3773 3400 3851 articulos
3431 3771 3527 3827 tri-

1946 3841 2194 3921 buendo,
2209 3856 2442 3904 tractant
2465 3841 2991 3921 Augustinus'serm.
3014 3845 3120 3900 115
3139 3845 3208 3899 de
3231 3844 3524 3921 Tempore,

1943 3913 2268 3973 Ambrosius
2288 3934 2452 3975 serui.
2481 3913 2635 3976 58'ad
2662 3921 2843 3985 linem,
2875 3917 3100 3971 Rufinus
3129 3915 3271 3986 apud
3299 3913 3526 3986 Cypria-

1943 4001 2092 4049 num,
2113 4000 2166 4042 et
2181 3989 2479 4046 Venantius
2494 3992 2820 4048 Fortunatus
2839 3991 2892 4044 in
2904 3990 3242 4055 exiiositione
3255 3987 3524 4056 ejusdem.

2017 4059 2129 4134 15._
2147 4060 2375 4134 Contigit
2402 4065 2464 4119 S.
2486 4063 2682 4120 Iacobo
2703 4061 2939 4134 Zebedari
2965 4060 3077 4134 ﬁlio
3108 4058 3384 4129 Hispania,
3413 4064 3524 4134 etc.

1942 4129 2075 4205 Quae
2103 4127 2393 4191 Provincia
2422 4138 2593 4204 orbis,
2631 4138 2824 4205 cuique
2853 4127 3416 4205 Apustolorumsorte
3444 4127 3526 4205 di:

1941 4204 2064 4257 vina
2105 4205 2432 4276 contigerit,
2477 4199 2590 4263 non'
2613 4209 2684 4263 ita
2717 4199 2924 4262 certum
2957 4213 3041 4258 est
3065 4243 3080 4267 ,
3121 4202 3264 4276 quod
3297 4203 3418 4270 ejus
3445 4199 3526 4253 rei

1939 4284 2149 4329 certum
2181 4272 2436 4334 Ecclesiae
2463 4280 2830 4335 testimonium
2867 4288 3164 4332 teneamus.
3192 4272 3376 4342 Neque
3397 4285 3527 4325 vero

1942 4345 2194 4420 idemest
2215 4349 2451 4420 aliquem
2480 4351 2801 4420 Apostolum
2831 4348 2918 4403 hic
2941 4347 3030 4401 vel
3054 4345 3164 4420 illic
3187 4343 3529 4420 evangelium

1942 4417 2289 4487 praedicasse,
2308 4415 2375 4476 'et
2406 4422 2480 4478 ibi
2508 4415 2712 4478 sortem
2741 4435 2893 4477 suam
2927 4418 3238 4486 accepisse:
3272 4415 3529 4487 Quando-

1939 4486 2156 4558 quidem
2187 4486 2294 4547 non
2327 4508 2488 4548 unam
2519 4503 2726 4550 tantum
2759 4491 2942 4547 mundi
2986 4489 3263 4559 regionem
3292 4486 3527 4557 quilibet

1938 4562 2144 4635 docuit,
2163 4563 2258 4618 sed
2287 4567 2440 4621 multi
2475 4567 2700 4633 multas,
2731 4578 2933 4635 easque
2964 4561 3524 4635 retnotissimas;_ne-

1936 4633 2057 4703 gari
2107 4643 2284 4690 tamen
2339 4653 2454 4693 non.
2491 4630 2711 4707 potest,
2763 4630 3200 4707 unumquemque
3252 4630 3524 4707 praecipue

1939 4701 2283 4776 conversioni
2319 4708 2462 4764 illius
2494 4701 2769 4766 institisse
2793 4751 2808 4776 ,
2851 4701 2974 4776 quae
3004 4701 3523 4776 ipsieorumendata

1938 4775 2136 4847 fuerat.
2191 4778 2372 4847 Quare
2420 4783 2713 4837 lectissime
2757 4773 2991 4836 asseruit
3037 4775 3276 4847 Dexter,
3316 4773 3524 4847 Jacobo

1938 4846 2186 4924 Zebedtei
2202 4843 2314 4924 lilio
2329 4853 2642 4924 Hispaniam
2660 4851 2976 4924 contigisse,
2992 4845 3242 4924 quamvis
3264 4845 3315 4899 in
3333 4843 3523 4924 Judaea

1937 4932 1992 4995 et
2018 4929 2132 4995 toto
2155 4923 2351 4979 itinere
2372 4917 2544 4995 usque
2572 4927 2639 4980 ad
2663 4917 2979 4994 Hispaniam
3012 4917 3387 4995 praedicaverit
3419 4931 3435 4973 :
3468 4922 3526 4970 et

1936 4991 2135 5046 Joanni
2176 4995 2329 5050 fratri
2373 4989 2473 5052 suo
2515 4997 2700 5052 Asiam
2729 4989 3005 5061 [tametsi
3053 4989 3206 5044 multi
3231 4999 3480 5044 asserant
3505 5029 3522 5056 ,

1938 5063 2167 5120 Parthos
2197 5067 2364 5122 etiam
2394 5069 2646 5126 docuiSse
2669 5069 2853 5132 tidem,
2881 5069 3202 5135 argumento
3228 5061 3520 5135 desumpta

1935 5150 1982 5212 a_
1996 5136 2157 5212 titulo
2184 5138 2370 5209 primae
2398 5155 2512 5196 sua:
2533 5141 2794 5212 Epistolas
2815 5129 3128 5212 Canonieae,
3157 5148 3277 5212 qua;
3295 5129 3435 5212 olim
3449 5129 3520 5184 ad

1938 5205 2168 5264 Parthos
2184 5203 2452 5282 inscripta
2478 5203 2786 5283 legebatur;
2818 5219 2874 5266 et
2893 5203 3516 5283 MatthmoAEthiopiam,

1936 5295 2262 5352 ‘anIIIQuam
2290 5275 2429 5339 tes-te
2458 5275 2664 5340 Isidoro
2692 5275 3062 5341 Macedoniam
3086 5275 3248 5331 etiam
3281 5276 3519 5330 illustra-

1937 5351 2075 5407 verit
2108 5351 2272 5410 Verbo
2305 5355 2437 5424 Dei;
2480 5366 2536 5413 et
2577 5357 2803 5412 Thomas
2842 5353 3091 5424 Indiam“,
3131 5359 3515 5424 quem_tamcn

1937 5424 2378 5500 Parthileedis,
2412 5419 2613 5494 Persis,
2648 5427 2930 5500 llyrcauis,
2960 5433 3013 5478 et
3042 5419 3519 5500 Braeinan‘i‘s-prw-

1936 5488 2170 5572 dicasse,
2202 5488 2648 5572 Martyrologium
2679 5488 2976 5554 Romanum
3008 5488 3519 5572 occiuitthilippo

1935 5571 2062 5643 item
2085 5565 2382 5643 Scythiam,
2408 5565 2878 5643 qui'nihilominus
2904 5613 2918 5638 ,
2943 5565 3518 5643 cOdQlll_lesf?i_}!SQ‘}°

1935 5641 2002 5716 ad
2046 5633 2190 5716 Asia:
2234 5633 2560 5715 Hierapolim
2615 5644 2878 5716 pervenit.
2907 5633 3080 5716 Quod
3131 5636 3198 5689 de
3239 5633 3412 5688 Gallia
3461 5633 3517 5686 in

1941 5715 2188 5784 Philippo
2217 5716 2364 5771 addit
2396 5711 2630 5784 Dexter;
2650 5725 2799 5787 putat
2827 5711 3092 5787 Barooius
3124 5718 3369 5762 errorem
3396 5717 3519 5787 esse

1939 5779 2227 5856 scrip—toris
2257 5779 2613 5860 (ianidoro)
2643 5779 2740 5844 lib.
2771 5787 2839 5843 de
2867 5786 3027 5860 Obitu
3051 5779 3270 5860 Patrum
3297 5817 3314 5844 ,
3347 5779 3435 5860 qui
3468 5779 3522 5858 ei

1940 5847 2158 5929 quoque
2203 5847 2391 5916 tribuit
2426 5847 2658 5917 Galliam
2685 5905 2700 5930 ,
2747 5856 3132 5925 contenditque
3165 5847 3377 5927 debere
3421 5847 3526 5917 legi
