4002 6342
413 285 593 406 /9s

1569 314 1801 373 FLAVI!
1839 312 2021 372 LUCII
2061 311 2324 374 DEXTRI
2359 310 2780 374 CHRONICON.
3751 309 3819 372 96

518 455 587 512 Α.
615 452 677 513 C.
707 455 797 514 35.
855 454 958 514 bus
984 454 1248 512 exoritur.
1281 453 1572 526 Plusquam
1611 453 1922 525 quindecim
1955 451 2102 508 mille
2129 451 2396 524 viri,'qui,
2421 451 2838 524 praedicantibus
2869 451 3164 524 Apostolis,
3203 451 3257 509 in
3278 451 3498 511 Christo
3524 453 3590 511 Δ.
3613 451 3823 511 83186.

948 549 1316 615 crediderant,
1346 547 1620 620 fugantur.
1648 544 1759 601 Alii
1785 544 1854 600 ad
1883 542 2092 614 A'siam,
2122 544 2374 601 nonnulli
2400 543 2468 600 ad
2500 545 2769 617 Europam
2801 545 3047 601 veniunt.

873 645 953 704 Ex
985 643 1092 715 (his
1132 643 1419 715 plusquam
1461 639 1746 714 quingenti
1786 652 1926 696 nave
1970 637 2135 712 Cypri
2182 637 2408 710 educti,
2463 647 2681 710 portum
2729 637 3214 711 Carthaginensem
3269 637 3544 712 llispanire

954 739 1316 812 pertingunt.)

1737 827 1999 885 BIVARII
2037 825 2603 885 COMMENTARIUS.
3301 905 3306 909 ι

532 929 845 1002 Stephanus
865 929 1057 987 eodem
1078 941 1224 1002 anno
1253 924 1573 1002 martyrium
1601 937 1792 994 passus
1821 922 1984 1002 fuerit
2011 937 2121 1002 non
2152 925 2203 986 Α
2233 923 2342 1002 rint
2369 922 2529 978 docet
2559 937 2697 1002 ca_p._
2716 938 2772 1002 xt_
2806 921 2994 979 dicens
3016 939 3032 982 :
3051 923 3131 1002 ‘Et
3155 923 3238 1002 illi
3263 921 3582 1002 quidemqui
3607 924 3829 1002 dispersi

531 995 692 1073 longe
717 1011 837 1072 post
865 995 1510 1073 AscensionemADontini
1537 1040 1552 1064 ,
1571 1005 1649 1073 ‘ut
1679 995 2122 1073 martyrologium

531 1066 836 1130 Rosianum
849 1074 996 1130 cauit
1023 1071 1090 1126 ad
1109 1071 1248 1127 diem
1266 1069 1337 1125 26
1366 1068 1645 1128 Decemb..
1682 1066 1770 1137 qui
1799 1067 2132 1131 poteritcon-

531 1145 728 1202 sistere
740 1145 882 1217 quod
905 1145 1102 1217 Dexter
1117 1158 1259 1217 nunc
1277 1141 1506 1217 profert,
1523 1138 1776 1217 nimirum
1792 1137 2128 1217 Stephanum

535 1231 678 1271 anno
718 1209 789 1274 5'5
816 1217 1018 1273 Christi
1054 1209 1392 1285 lapidatum?
1427 1211 1699 1285 Caeterum
1742 1209 1883 1264 taciti
1913 1209 2131 1285 negotio

539 1288 932 1354 respondemus
954 1328 970 1355 ,
1003 1280 1297 1356 utrumque
1319 1284 1665 1356 verissimum
1695 1295 1849 1356 esse;
1881 1280 2130 1350 quando-

539 1351 757 1430 quidem
783 1360 827 1414 si
863 1359 937 1430 de_
957 1351 1107 1430 anno
1138 1351 1304 1430 solari
1336 1355 1646 1430 loquamur,
1679 1351 1872 1430 eodem
1905 1367 2131 1430 prorsus

541 1422 683 1485 anno
714 1445 862 1486 mors
907 1428 1109 1485 Christi
1141 1436 1197 1482 et
1219 1422 1476 1493 Stephani
1507 1423 1766 1496 contigit;
1800 1424 1887 1477 illa
1912 1422 2129 1496 quidem

539 1501 610 1556 :25
635 1501 810 1557 Martii
835 1543 848 1566 ,
881 1501 996 1555 hzrc
1025 1508 1206 1554 autem
1236 1499 1308 1553 26
1341 1495 1680 1553 Decembris.
1712 1495 2131 1566 Loquendoau-

534 1583 648 1627 rem
677 1573 747 1629 de
773 1573 932 1628 annis
960 1569 1164 1626 Christi
1192 1569 1426 1631 Domini,
1459 1577 1704 1624 mortuus
1733 1568 1850 1636 ipse
1879 1565 1977 1620 luit
2002 1565 2129 1620 dum

538 1642 606 1698 54
651 1655 831 1713 ageret
872 1659 983 1696 sua:
1014 1642 1190 1696 letalis
1216 1683 1232 1706 ,
1273 1641 1581 1713 Stephanus
1611 1653 1742 1713 vero
1781 1637 1869 1713 die
1895 1639 2130 1713 secunda

537 1716 667 1770 auiti
686 1707 787 1781 '53,
823 1715 946 1786 quia
977 1713 1064 1769 die
1091 1707 1390 1768 nativitatis
1419 1709 1747 1782 praecedenti
1774 1710 1924 1764 linito
1951 1707 2021 1765 54
2052 1710 2133 1764 in-

537 1797 756 1844 ceperat
782 1789 868 1844 55.
1094 1825 1096 1827 ›

604 1802 911 1929 ἓῗΐῇιῗὲἧα
940 1857 1254 1930 persecutio,
1286 1865 1392 1912 etc.
1428 1855 1511 1930 De
1531 1851 1929 1930 eahmcbabet
1954 1850 2132 1930 Lucas

541 1943 661 2000 cap.
693 1931 726 1984 8
754 1925 875 1986 Act.
911 1925 1126 1983 {Facta
1163 1935 1240 1983 est
1286 1927 1548 2000 autem__in
1592 1925 1686 2000 illa
1722 1925 1805 2000 die
1843 1925 2133 1995 persecutio

545 1996 736 2069 magna
767 2002 821 2054 in
859 2001 1126 2065 Ecclesia,
1155 2015 1272 2069 qua:
1302 2009 1410 2054 erat
1439 1996 1850 2069 Hierosolymis,
1884 2005 1928 2048 et
1959 2011 2134 2048 omnes

539 2068 764 2145 dispersi
783 2085 900 2127 sunt
927 2089 1024 2145 per
1041 2068 1274 2145 regiones
1301 2069 1504 2145 ludam:
1531 2077 1578 2122 et
1608 2068 1864 2145 Samaria:
1893 2110 1908 2145 τ
1948 2076 2133 2145 prwter

545 2138 844 2212 Ap'ostolos.
875 2138 1029 2213 Quod
1063 2138 1193 2198 vero
1223 2141 1340 2196 dies
1370 2141 1519 2196 illius
1551 2138 1943 2213 persecutionis
1975 2139 2135 2213 fuerit

549 2210 793 2287 martyrii
824 2210 1180 2274 SfStephani
1209 2258 1224 2279 ,
1257 2213 1636 2287 manifestant,
1669 2210 2134 2287 quqimmediate

544 2281 848 2357 subjuhgit:
873 2287 1191 2343 Curaverunt
1218 2292 1395 2338 autent
1421 2283 1746 2357 Stephanum
1779 2281 1982 2357 (idest,
2007 2295 2132 2357 aro-

549 2353 784 2413 maiibus
804 2362 1082 2414 conditum
1114 2357 1487 2424 sepelierunt)
1521 2354 1617 2408 viri
1645 2353 1895 2418 timorati,
1923 2362 1971 2406 et
2003 2353 2134 2424 fecef

546 2439 669 2483 runt
727 2429 989 2498 planctum
1039 2422 1283 2500 magnum
1335 2422 1489 2500 super
1534 2441 1677 2500 eum.
1737 2424 1937 2500 Verum
1991 2422 2135 2492 quod

546 2495 747 2554 Dexter
767 2512 1054 2557 cnutneret
1076 2495 1356 2570 plusquam
1384 2495 1695 2566 quindecim
1723 2495 2134 2570 millelugatos,

549 2571 614 2626 D.
639 2582 820 2627 autem
846 2573 1022 2628 Lucas
1048 2565 1334 2627 numerum
1364 2565 1733 2639 dispersorum
1761 2565 1864 2621 hoc
1887 2567 2006 2639 loco
2029 2582 2135 2621 non

548 2644 875 2712 constituat,
909 2644 1102 2699 tuirum
1131 2657 1254 2697 esse
1285 2659 1392 2696 non
1429 2638 1622 2712 debet,
1655 2655 1776 2694 cum
1811 2655 1876 2692 ex
1907 2638 1988 2692 his
2017 2651 2138 2707 quin

552 2713 670 2785 ipse
689 2723 911 2771 sanctus
939 2715 1284 2785 Evangelista
1313 2713 1510 2768 ibidem
1534 2711 1722 2779 relert,
1749 2711 1930 2785 colligi
1951 2717 2134 2785 queat.

601 2785 632 2839 d
659 2785 888 2854 primam
912 2780 1176 2856 siquidem
1202 2785 1346 2840 Petri
1371 2785 1714 2856 concionem,
1735 2781 1828 2856 die
1854 2785 1971 2851 ipso
1999 2780 2140 2856 Pen-

551 2853 808 2924 tecostes,
833 2853 1069 2914 habitam
1099 2872 1283 2912 coram
1315 2857 1462 2911 omni
1496 2853 1860 2918 multitudine,
1889 2853 2142 2924 apposita:

551 2940 672 3000 sunt
694 2922 913 3000 (inquit)
947 2930 1069 2996 ﬁdei
1095 2930 1148 2983 in
1177 2927 1271 2982 illa
1302 2930 1385 2982 die
1409 2929 1597 3000 animo:
1618 2925 1820 3000 circiter
1845 2922 1944 2978 tria
1965 2922 2141 3000 millia

553 2995 807 3072 (Αριξιι).
843 2995 924 3055 Ad
948 2995 1245 3056 Secundam
1277 3015 1440 3070 quam
1473 2999 1722 3072 princeps
1754 2995 2138 3072 Apostolorum

556 3067 776 3135 habuit,
807 3073 1094 3126 occasione
1138 3067 1394 3140 accepta,
1425 3085 1454 3123 a
1500 3070 1788 3140 virtuteet
1829 3067 2142 3140 integritate

555 3141 749 3196 claudo
775 3157 1058 3208 concessa,
1095 3140 1249 3195 Multi
1276 3137 1460 3196 eorum
1488 3143 1578 3211 qui
1606 3139 1879 3194 audierant
1909 3137 2139 3204 verbum,

553 3213 926 3284 crediderunt:
966 3225 1014 3284 et
1060 3213 1230 3284 factus
1261 3223 1334 3267 est
1374 3228 1620 3266 numerus
1653 3211 1881 3264 virorum
1920 3211 2144 3284 quinque

555 3283 722 3357 millia
750 3283 890 3357 (Act.
921 3281 1334 3357 tv).7Sim_ilique
1362 3287 1718 3357 proportione
1745 3297 1852 3336 non
1876 3282 2051 3357 solum
2075 3281 2142 3334 ad

599 3355 1002 3412 medicationem
1027 3355 1198 3418 Petri,
1229 3356 1327 3411 sed
1358 3355 1521 3411 etiam
1554 3364 1877 3408 cancrorum
1904 3356 2142 3420 Aposto-

558 3369 774 3481 rorum:
806 3443 906 3481 nec
934 3429 1000 3481 ad
1032 3427 1194 3481 unius
1221 3438 1429 3481 tantum
1463 3425 1707 3480 miraculi
1739 3425 2107 3479 ostensiouem
2127 3465 2142 3481 .

581 3441 774 3493 orum;
806 3443 906 3482 nec
934 3429 1000 3482 ad
1032 3427 1194 3482 unius
1221 3438 1429 3482 tantum
1463 3425 1707 3480 miraculi
1739 3425 2107 3479 ostensiouem
2127 3465 2142 3490 ,

558 3497 656 3552 sed
687 3498 981 3554 tntiltorum
1011 3501 1287 3569 signorum
1326 3509 1382 3554 et
1411 3497 1802 3568 prodigiorum,
1828 3509 1965 3569 quae
1995 3497 2143 3569 Apo-

562 3569 684 3624 stoli
714 3567 1102 3640 Operabantur,
1137 3567 1436 3640 augebatur
1473 3570 1524 3622 in
1556 3570 1672 3624 dies
1701 3567 1871 3637 magis
1893 3610 1908 3634 ,
1942 3567 2144 3640 magis-

561 3655 668 3709 que
698 3638 956 3696 numerus
991 3638 1252 3696 ﬁdelium.
1301 3641 1453 3696 Unde
1482 3655 1601 3708 cap.
1638 3655 1671 3692 v
1701 3654 1822 3693 cum
1855 3638 2147 3706 prmmisis-

2234 999 2443 1068 fuerunt
2476 1011 2508 1068 α
2541 994 2872 1050 tribulatione
2896 1011 3014 1068 qua:
3040 995 3182 1068 facta
3207 994 3510 1068 [κέναι-δυσ
3531 994 3826 1068 Stephano,

2232 1066 2710 1139 perambulauerunt
2741 1065 2915 1137 usque
2935 1065 3256 1135 Phoenicem,
3286 1077 3334 1122 et
3360 1066 3614 1139 Cyprum,
3630 1065 3690 1122 ἐι
3719 1070 3828 1122 An-

2197 1189 2204 1193 .
2232 1137 2520 1222 nae/tiam,
2543 1137 2648 1194 Sed
2682 1147 2744 1222 et.
2775 1139 3041 1222 Apamam
3073 1137 3428 1222 discipulum,
3466 1139 3559 1222 qui
3598 1138 3826 1222 Paullum

2236 1210 2562 1280 baptizavit,
2598 1225 2703 1263 non
2733 1209 2784 1264 in
2811 1209 2996 1264 Judaea
3022 1252 3038 1278 ,
3063 1225 3164 1266 nec
3203 1210 3258 1266 in
3287 1210 3532 1266 Samaria
3553 1251 3568 1276 ,
3600 1212 3694 1266 sed
3725 1211 3832 1266 Da-

2235 1280 2432 1349 masci,
2487 1297 2609 1348 quae
2658 1280 2788 1352 urbs
2827 1280 3000 1352 Syria:
3039 1291 3160 1347 est,
3205 1281 3548 1344 constitisse.
3589 1297 3655 1337 ex
3697 1283 3831 1352 ipsis

2234 1353 2552 1420 apostolicis
2583 1352 2732 1408 Actis
2756 1350 3017 1408 habemus
3039 1367 3160 1422 cap.
3196 1367 3272 1408 Ix.
3304 1353 3615 1409 Consonum
3642 1350 3828 1410 autem

2236 1423 2430 1479 rationi
2452 1435 2538 1480 est
2563 1423 2812 1490 credere,
2847 1424 3046 1495 multos
3078 1425 3292 1480 illorum
3328 1425 3379 1478 iu
3412 1438 3538 1480 suas
3569 1425 3827 1495 regiones

2234 1495 2404 1550 fuisse
2426 1510 2698 1558 reversos,
2729 1505 2786 1549 ut
2813 1494 2928 1549 suis
2947 1495 3261 1552 concivibus
3285 1510 3510 1566 regnum
3537 1494 3827 1551 Dei’evan-

2233 1566 2563 1637 gelizareut;
2594 1581 2714 1621 cum
2745 1565 2965 1637 quidam
2993 1582 3058 1621 ex
3087 1565 3238 1638 Asia,
3265 1565 3483 1635 quidam
3516 1583 3582 1622 ex
3610 1568 3827 1638 Eumpa

2235 1638 2450 1693 oriundi
2484 1645 2689 1704 essent,
2723 1649 2911 1708 utpote
2937 1637 3029 1708 qui
3059 1639 3126 1694 ad
3150 1637 3308 1693 ﬁdem
3331 1639 3584 1693 conversi
3611 1637 3830 1695 fuerant

2234 1724 2261 1763 a
2304 1709 2390 1764 die
2419 1709 2765 1765 Pentec05tes
2787 1710 2897 1780 .iiu
2931 1724 3032 1780 qua
3063 1709 3432 1778 prmdicationi
3471 1709 3614 1780 Petri
3655 1711 3826 1766 inter-

2237 1781 2455 1836 fuerunt
2478 1781 2686 1847 Parthi,
2713 1788 2769 1836 et
2788 1779 3027 1847 Medi,’et
3052 1781 3317 1845 Elamittn,
3333 1791 3388 1835 et
3406 1781 3496 1850 qtti
3518 1779 3834 1838 habitabant

2236 1853 2714 1922 MeSOpotamiam,
2765 1852 3189 1921 Cappadociam,
3243 1852 3504 1916 Pontum,
3554 1863 3607 1908 et
3646 1853 3832 1910 Asiam

2236 1923 2498 1980 Minorem
2529 1926 2676 1993 (quae
2703 1937 2893 1978 omnes
2925 1924 3177 1994 regiones
3199 1923 3300 1978 sub
3325 1925 3452 1979 Asia
3481 1923 3673 1993 hlajori
3699 1939 3836 1981 con-

2237 1996 2519 2064 tinentur),
2538 2003 2594 2050 et
2615 2005 2813 2064 prmter
2839 1994 2939 2048 hos
2966 1997 3127 2050 etiam
3156 1995 3449 2051 adfuerunt
3474 1995 3700 2052 advenae
3723 1996 3836 2051 Ro-

2238 2069 2412 2131 mani;
2445 2082 2552 2137 quo
2582 2067 2805 2120 nomine
2831 2065 2999 2121 Italos
3027 2081 3236 2135 omnes,
3270 2077 3325 2122 et
3355 2081 3450 2122 eos
3477 2068 3565 2137 qui
3589 2067 3833 2126 Romana

2239 2139 2529 2210 utebamur
2559 2138 2742 2208 lingua
2765 2178 2780 2202 ,
2811 2143 3109 2207 praesertim
3144 2139 3411 2209 llispanos
3440 2139 3832 2210 appellabant,

2242 2220 2300 2263 ut
2325 2209 2596 2278 Josephus
2626 2211 2744 2278 ipse
2775 2211 2928 2263 testis
2954 2220 3058 2275 est,
3089 2211 3244 2279 cujus
3269 2211 3435 2266 verba
3469 2209 3637 2266 refert
3665 2211 3838 2267 Baro-

2241 2281 2365 2335 nius
2401 2291 2530 2336 tom.
2569 2296 2586 2336 ι
2621 2279 2688 2335 ad
2719 2294 2848 2334 ann.
2895 2280 2958 2335 D.
3002 2281 3107 2347 72,
3137 2281 3430 2337 videlicet:
3472 2280 3836 2338 Romanorum

2239 2353 2510 2406 clementia
2539 2354 2734 2406 cunctis
2756 2392 2771 2417 ,
2802 2366 2905 2406 non
2937 2353 3204 2424 parvulum
3230 2353 3423 2408 donum
3463 2353 3835 2424 appellationis

2239 2440 2348 2478 sua:
2372 2424 2688 2498 concessit;
2728 2439 2832 2498 non
2873 2422 3041 2478 solum
3085 2422 3506 2498 virislsingulis,
3535 2422 3625 2479 sed
3671 2427 3836 2480 etiam

2240 2495 2482 2549 maximis
2512 2495 2748 2564 gentibus
2784 2495 2837 2565 in
2872 2497 3166 2562 communi;
3198 2495 3427 2564 Hispani
3450 2497 3668 2565 denique
3694 2499 3837 2552 anti-

2239 2567 2329 2636 qui
2349 2576 2395 2620 et
2422 2563 2703 2638 Tyrrheni,
2727 2573 2774 2620 et
2797 2563 3003 2637 Sabini,
3032 2567 3257 2622 Romani
3278 2563 3548 2623 uocantur.
3576 2563 3836 2638 idemque

2242 2639 2408 2692 habet
2443 2636 2780 2710 Augustinus
2813 2638 2866 2690 in
2894 2636 3146 2710 ps.'t.vut
3182 2657 3195 2694 :
3231 2639 3420 2696 Omnes
3450 2639 3673 2694 Romani
3703 2636 3838 2710 [acti

2240 2719 2381 2777 sunt,
2407 2719 2452 2763 et
2483 2707 2656 2764 omnes
2686 2707 2910 2764 Romani
2941 2710 3208 2765 dicuntur.
3241 2711 3393 2778 Quod
3421 2725 3555 2766 vero
3581 2707 3834 2768 nonnulli

2242 2780 2308 2835 ad
2344 2781 2612 2854 Europam
2635 2781 2853 2854 venisse
2873 2779 3142 2854 dicantur,
3171 2797 3278 2854 non
3305 2785 3420 2838 leve
3445 2795 3833 2854 argumentum

2244 2854 2450 2922 prazhet
2489 2849 2655 2908 Maria
2696 2852 2784 2906 illa
2821 2849 3038 2908 Salome
3071 2870 3206 2910 uxor
3236 2849 3536 2922 Zebedaei,‘
3568 2869 3691 2924 quae
3733 2856 3837 2912 hac

2245 2926 2361 2992 ipsa
2386 2928 2766 2994 persecutione
2789 2925 2988 2995 fugata,
3017 2925 3067 2978 in
3092 2925 3296 2980 Italiam
3326 2927 3621 2991 concessit,
3646 2933 3700 2982 et
3729 2926 3841 2983 Ve-

2244 2995 2381 3050 rulis
2406 2997 2544 3066 apud
2573 2996 2840 3052 llcrnicos
2868 2996 3062 3051 itinere
3091 2997 3330 3066 fatigata,
3359 2997 3409 3052 in
3440 3011 3570 3068 pace
3599 2996 3836 3067 quierit,

2245 3077 2302 3120 ut
2333 3069 2570 3138 produnt
2604 3076 2794 3123 vetera
2825 3077 3177 3124 monumenta
3217 3069 3475 3124 Ecclesia:
3510 3069 3797 3124 Verulana:
3817 3112 3836 3138 ,

2251 3139 2340 3210 ubi
2385 3138 2502 3209 ejus
2547 3139 2914 3196 venerandum
2959 3153 3159 3209 corpus
3201 3139 3453 3210 religiose
3495 3152 3837 3196 asservatur.

2247 3209 2510 3280 Exemplo
2542 3210 2644 3266 hoc
2672 3211 2842 3266 utitur
2882 3211 3174 3266 eardinaiis
3205 3209 3466 3266 Beronius
3505 3211 3557 3267 in
3592 3213 3736 3266 notis
3765 3213 3838 3268 ad

2245 3280 2316 3336 25
2352 3281 2502 3350 Julii,
2535 3294 2592 3336 ut
2623 3281 2858 3354 explicet
2883 3281 2975 3336 illa
3002 3285 3213 3354 (verba:
3249 3281 3435 3337 Omnes
3464 3282 3685 3354 dispersi
3711 3292 3840 3338 sunt

2245 3370 2336 3426 per
2377 3357 2608 3426 regiones
2648 3353 2849 3426 Judoue
2891 3362 2940 3426 et
2981 3353 3286 3421 Samaria;
3325 3354 3571 3426 quamvis
3608 3353 3680 3410 de
3717 3355 3844 3426 ipsa

2249 3423 2464 3478 uberius
2496 3441 2597 3479 nos
2624 3440 2722 3479 suo
2744 3425 2864 3479 loco
2892 3425 3085 3480 dicturi
3109 3428 3298 3481 simus.

2319 3494 2371 3548 ι.
2402 3495 2486 3551 Ex
2507 3495 2590 3584 Itis
2610 3498 2905 3584 plusquam,
2932 3508 3038 3552 etc.
3074 3497 3359 3584 Maximam
3383 3497 3684 3584 fugatqrum
3713 3512 3846 3568 par-

2250 3575 2355 3621 tem
2403 3583 2572 3638 usque
2612 3568 2677 3622 ad
2717 3568 2952 3638 Cyprum
3001 3568 3459 3638 perambulasse‘,
3483 3569 3747 3624 habemus
3771 3585 3844 3625 ex

2251 3640 2559 3712 testimonio
2589 3639 2759 3694 relato
2787 3655 2908 3709 cap.
2940 3655 2997 3695 xt
3026 3642 3210 3697 Actor.
3243 3659 3258 3697 :
3285 3640 3350 3696 Et
3381 3641 3460 3695 illi
3490 3641 3721 3712 quidem,
3750 3641 3848 3710 qui

565 3722 715 3791 scut,
753 3713 895 3791 quod
925 3730 1028 3791 Aper
1057 3729 1241 3791 manus
1277 3714 1645 3791 Apostolorum
1684 3709 1872 3791 ﬁebant
1899 3710 2071 3791 signa,
2105 3725 2150 3767 et
2181 3717 2226 3780 Ο
2257 3710 2476 3791 dispersi
2508 3714 2714 3780 fuerant
2748 3727 2791 3791 α.
2822 3711 3154 3791 tribulatione
3176 3752 3192 3779 ,
3234 3730 3358 3791 qui
3374 3709 3512 3791 [aeta
3543 3715 3715 3782 [uerat
3743 3709 3847 3791 iub

564 3779 805 3856 prodigia
825 3779 986 3856 multa
1009 3785 1062 3838 in
1085 3785 1254 3856 plebe,
1280 3779 1552 3838 subinlcrt
1576 3779 1770 3856 Lucas,
1797 3779 1970 3856 Magis
1995 3797 2154 3854 auge-

566 3853 1154 3910 batur-'credetttittm'in
1191 3856 1472 3910 Dominum
1505 3854 1780 3909 multitudo
1804 3853 2027 3906 virorum
2049 3853 2078 3920 ,⁷
2097 3871 2158 3908 ac

568 3926 884 3982 mulierum:
915 3928 967 3981 in
1007 3936 1210 3982 tantum
1244 3939 1299 3981 ut
1331 3930 1563 3982 animose
1589 3936 1634 3981 et
1662 3926 1930 3997 audacter,
1964 3925 2016 3977 in
2045 3927 2158 3997 pla-

567 4007 675 4072 teas
709 4001 952 4072 ejicerent
981 3999 1235 4072 inﬁrmos,
1273 4009 1322 4052 et
1351 4009 1598 4072 ponerent
1636 3996 1920 4072 inlcclulis
1946 4013 2006 4072 ac
2039 3996 2159 4067 gra-

568 4065 803 4133 batisIut
824 4065 1051 4124 veniente
1068 4069 1246 4133 Petro,
1267 4065 1448 4124 saltem
1470 4071 1649 4132 umbra
1667 4067 1811 4121 illius
1831 4065 2158 4121 obumbfarel

568 4156 873 4210 quemquam
922 4157 1136 4205 eorum,
1186 4151 1233 4195 et
1286 4141 1628 4194 liberarentur
1662 4140 1726 4210 ab
1770 4137 2159 4210 infirmitatibus

570 4212 697 4266 suis.
735 4209 852 4265 Non
900 4214 1074 4266 solum
1125 4229 1191 4268 ex
1233 4211 1440 4265 civibus
1484 4209 1821 4266 Hierusalem
1863 4209 2162 4263 credebant

574 4281 747 4348 multi,
781 4281 877 4336 sed
909 4299 976 4337 ex
1005 4283 1126 4338 aliis
1153 4283 1374 4336 urbibus
1401 4281 1735 4336 concurrebat
1775 4278 2058 4332 multitudo
2085 4281 2165 4333 vi-

573 4355 809 4406 cinarum
853 4354 1115 4408 civitatum
1159 4354 1489 4408 Hierusalem
1538 4352 1812 4419 oﬂ'erentes
1853 4366 2019 4420 (egros
2045 4391 2060 4414 ,
2115 4361 2163 4406 et

575 4435 782 4477 remotos
807 4442 838 4476 a
867 4425 1137 4495 spiritibus
1162 4425 1471 4485 immundis;
1502 4428 1591 4495 qui
1622 4421 1936 4495 curabuntur
1966 4439 2158 4495 omnes.

577 4495 708 4564 Quis
737 4493 917 4551 autem
941 4495 1083 4551 dicat
1105 4496 1224 4552 sine
1248 4495 1350 4550 tide
1380 4497 1479 4550 hos
1496 4493 1685 4549 uumes
1711 4493 2041 4564 accessisse?
2063 4494 2162 4550 De-

580 4563 725 4620 tutnn
765 4579 884 4636 post
922 4567 1272 4622 diaconorum
1306 4568 1664 4631 electionem,
1708 4563 1926 4618 Verbum
1953 4563 2164 4620 Domini

578 4638 679 4707 (ait
701 4636 872 4692 Lucas
892 4637 1014 4694 Act.
1045 4641 1122 4709 vt)
1147 4640 1421 4705 crescebat,
1450 4649 1497 4693 et
1527 4637 1968 4706 multiplicabatur
1989 4653 2167 4691 nume-

577 4725 668 4764 rus
706 4710 1082 4779 discipulorum
1125 4712 1180 4764 in
1222 4709 1596 4764 Hierusalem:
1635 4710 1797 4762 multa
1842 4709 1976 4762 enim
2015 4709 2166 4764 turba

577 4780 902 4834 sacerdotum
933 4781 1195 4836 obcdiebot
1234 4783 1378 4849 ﬁdei.
1411 4781 1622 4837 Netnini
1654 4782 1818 4850 igitur
1849 4779 2167 4838 incredibile

579 4851 828 4907 videatur
857 4861 1102 4922 tempore
1141 4855 1328 4923 prima:
1362 4854 1790 4923 persecutionis,
1835 4850 1902 4906 ad
1933 4852 2166 4920 quinde-

583 4924 688 4977 cim
715 4923 879 4978 millia
902 4923 1138 4978 virorum
1159 4925 1470 4979 ascendisse
1491 4925 1826 4980 credentium
1848 4939 2164 4988 numerum;

579 5008 702 5048 cum
735 5009 862 5051 vero
892 5011 960 5052 ex
995 4996 1136 5051 Luca
1172 4999 1463 5052 habeamus
1490 5012 1682 5052 omnes
1724 4998 1793 5051 ab
1826 4995 2168 5053 Hierusalem

582 5067 794 5138 lagatos
825 5068 1012 5133 luisse,
1045 5078 1240 5138 praeter
1271 5071 1581 5138 Apostolos,
1619 5085 1724 5123 non
1751 5069 1848 5122 abs
1878 5084 1935 5124 re
1962 5068 2165 5124 Dexter

581 5141 864 5266 plt‘isq‘uam
895 5140 1198 5210 quindecim
1238 5143 1385 5196 nulle
1419 5144 1567 5198 viros
1608 5141 1730 5197 inde
1761 5140 1973 5211 fugatos
2002 5140 2166 5198 luisse

581 5225 640 5266 re
665 5225 726 5266 er
753 5250 767 5266 .

579 5225 640 5266 re
645 5219 745 5267 fert
753 5250 767 5266 .

653 5285 707 5338 5.
751 5281 855 5338 Alii
894 5282 963 5336 ad
1001 5283 1200 5338 Asiam.
1234 5281 1502 5340 Czetcrum
1551 5300 1672 5340 eum
1710 5301 1776 5341 ex
1817 5300 1979 5342 sacro
2021 5293 2168 5340 textu

583 5354 877 5410 habeamus
895 5371 1084 5410 omnes
1102 5356 1378 5426 dispersos
1402 5357 1565 5412 luisse
1587 5375 1674 5426 per
1691 5359 1926 5428 regiones
1944 5358 1972 5412 .l
1984 5358 2166 5420 utltvw,

580 5427 938 5500 elsamariat,
969 5433 1244 5500 quomodo
1269 5429 1428 5500 stabit
1455 5432 1596 5500 quod
1633 5427 1830 5484 Dexter
1861 5429 2029 5483 dixit:
2061 5429 2169 5483 Alii

580 5497 868 5572 adAsiam,
913 5498 1152 5572 nonnulli
1181 5501 1249 5554 ad
1289 5497 1552 5572 Europam
1583 5500 1833 5572 veniunt?
1870 5501 2165 5572 Nimirum,

580 5570 702 5638 quia
734 5585 924 5625 omnes
954 5571 1184 5640 primum
1217 5572 1269 5626 in
1297 5570 1498 5627 Judaéa‘:
1521 5573 1601 5627 vel
1634 5571 1892 5626 Samaria:
1920 5571 2172 5640 regiones

583 5640 811 5708 profecti
842 5653 989 5708 sunt,
1021 5652 1080 5697 ut
1103 5644 1274 5699 Lucas
1298 5645 1483 5708 docet,
1515 5644 1638 5697 inde
1666 5658 1796 5696 vero
1825 5643 2073 5697 nonnulli
2105 5643 2170 5697 ad

582 5711 718 5784 aiias
737 5712 1036 5784 divertisse
1061 5724 1277 5769 constat
1307 5732 1318 5768 :
1353 5730 1475 5769 nam
1504 5723 1627 5784 post
1658 5713 1911 5783 prtedicta
1940 5714 2170 5782 subjun-

583 5780 694 5850 git:
727 5781 898 5855 Igitur
928 5787 1269 5858 qui_dispcrsi
1301 5793 1468 5850 erant,
1505 5780 1887 5858 pertransibunt
1920 5780 2175 5858 evangeli-

584 5864 756 5910 z-mtcs
781 5860 982 5913 verbum
1016 5855 1144 5912 Dei.
1167 5857 1284 5924 Quo
1309 5855 1683 5928 autemaliqui
1721 5871 1909 5914 eorum
1941 5855 2173 5930 perlige-

2193 5107 2247 5168 D

2261 3781 2560 3855 Stephano,
2595 3781 3077 3851 perambulaverunt
3107 3781 3271 3855 usque
3316 3781 3613 3838 Phoenicem
3656 3791 3720 3855 et“
3735 3781 3852 3855 Cy-

2261 3851 2434 3924 prum.
2479 3853 2589 3909 Nec
2615 3855 2840 3919 mirum,
2879 3871 3001 3910 cum
3029 3851 3229 3927 subdat
3257 3855 3599 3927 Evangelista
3624 3871 3640 3909 ε
3672 3851 3850 3910 Erant

2260 3933 2430 3998 autem
2466 3927 2679 3998 quidam
2726 3941 2788 3998 ea:
2825 3927 2897 3998 eis
2932 3929 3024 3980 viri
3067 3926 3264 3998 Cyprii.
3320 3926 3466 3982 Inter
3491 3927 3628 3998 alios
3656 3933 3850 3981 autem

2261 3995 2498 4066 Cyprum
2550 3996 2717 4052 fuisse
2749 3995 2809 4050 Β.
2840 3995 3153 4052 Βειηιςιιιιηῐί
3188 4001 3448 4054 habemus
3489 4013 3558 4054 ex
3592 3997 3852 4052 Romano

2263 4067 2652 4138 martyrologio
2683 4069 2769 4122 die
2813 4067 2957 4123 Junii
2993 4070 3078 4125 Η.
3124 4069 3202 4124 Ex
3246 4086 3352 4138 quo
3396 4072 3560 4125 etiam
3587 4113 3601 4136 ,
3650 4069 3737 4124 die
3772 4072 3853 4125 ΞΕ)

2263 4139 2510 4211 sequenti
2529 4149 2878 4211 compertum
2905 4151 3023 4208 est,
3062 4142 3189 4197 illuc
3217 4158 3340 4197 cum
3369 4142 3651 4211 adfugeret
3673 4183 3688 4202 ,
3718 4157 3857 4210 pcr-

2263 4212 2476 4283 veuisse
2496 4209 2713 4283 Mariam
2739 4221 2964 4267 matrem
2987 4214 3234 4280 Joannis,
3260 4209 3625 4283 cognomento
3648 4209 3856 4278 Marci,

2263 4280 2579 4356 cuiuserat
2616 4282 2812 4356 domus
2861 4287 3124 4356 cmnaculi
3168 4280 3490 4356 apostqlici,
3541 4295 3595 4339 et
3637 4283 3858 4340 ibidem

2264 4353 2558 4430 quievisse.
2604 4353 2874 4409 Caeterum
2907 4372 2974 4430 ex_
3010 4353 3404 4430 Cypro—insula
3444 4353 3499 4412 in
3526 4356 3854 4430 Hispaniam

2264 4424 2619 4499 adtravigasse
2661 4442 2909 4497 magnam
2951 4424 3256 4498 fugat—orum
3303 4437 3513 4499 portent
3547 4469 3563 4494 ,
3620 4424 3748 4483 inde
3792 4429 3865 4483 lit

2267 4496 2716 4572 verisimillnnum
2741 4496 2928 4568 {quod
2953 4496 3026 4554 ab
3047 4500 3177 4555 Asia
3209 4496 3563 4572 per’Cyprum
3595 4499 3865 4569 lrequen-

2269 4569 2473 4622 tissima
2505 4579 2652 4624 esset
2673 4572 2943 4640 navigatio
2965 4572 3016 4626 in
3047 4569 3336 4640 Hispanias
3353 4569 3387 4640 ,⁷
3404 4569 3491 4627 ubi
3522 4579 3865 4628 mercatura:

2266 4639 2588 4714 exercenda:
2634 4639 2850 4712 gratia,
2896 4641 3041 4714 Tyrii
3073 4652 3124 4698 et
3150 4639 3453 4699 Phoenices
3483 4659 3587 4713 non
3620 4657 3862 4714 paucas,

2270 4726 2369 4766 nec
2399 4711 2672 4781 minimas,
2707 4717 2773 4767 ad
2807 4711 2956 4768 littus
2987 4714 3151 4768 maris
3189 4711 3547 4770 fundaverant
3572 4711 3864 4780 civitates,

2267 4793 2324 4836 ut
2345 4794 2595 4838 auctores
2618 4785 2820 4853 suntQ.
2837 4783 3052 4840 Curtius
3072 4783 3225 4840 lib.v.
3246 4787 3313 4839 de
3334 4787 3494 4842 rebus
3516 4785 3862 4854 Alex.c.12,

2268 4855 2464 4940 Stran
2481 4857 2580 4940 lib.
2605 4855 3052 4940 niuCeographim,
3075 4857 3394 4940 Plutarchus
3414 4860 3473 4940 in
3499 4858 3612 4940 κρυ.
3635 4855 3871 4940 Scipio-

2270 4929 2375 5001 nis,
2399 4925 2818 5001 Solinttsrlih.de
2841 4925 3028 5001 Mitah.
3045 4929 3234 5001 mundi
3258 4944 3380 5001 cap.
3414 4931 3504 5001 ξι,
3521 4928 3872 5001 Pomponius

2270 4999 2404 5054 Mela
2425 5041 2440 5060 ,
2463 5009 2517 5054 et
2547 4998 2635 5052 alii
2657 5000 2904 5070 quiinter
2929 4998 3121 5070 Tyrias
3151 4998 3718 5066 releru'ntCartheiam
3744 4999 3878 5055 Ga—

2270 5069 2752 5135 des,Abdcramet
2773 5069 3094 5142 Malacajnin
3129 5069 3421 5142 Hispaniis,
3446 5081 3500 5127 et
3525 5087 3592 5127 ex
3618 5071 3874 5128 adverso

2275 5143 2457 5197 littore
2483 5145 2878 5215 Carthaginem
2907 5140 3257 5215 Africanam,
3300 5145 3456 5215 cujus
3487 5144 3594 5198 lilia
3625 5145 3721 5198 luit
3755 5142 3875 5199 Hi-

2275 5229 2440 5284 spana
2458 5213 2902 5286 Carthago,quo
2932 5212 3182 5286 discipuli
3205 5212 3589 5286 Apostolorum
3621 5229 3880 5286 conces-

2273 5291 2412 5341 sisse
2439 5285 2714 5340 dicuntur.
2746 5285 2988 5355 Namque
3012 5285 3166 5341 valde
3189 5285 3485 5343 consonum
3519 5285 3717 5342 rationi
3742 5295 3875 5355 est,

2273 5372 2370 5412 eos
2399 5357 2489 5424 qui
2533 5357 2711 5430 fugam
2741 5358 3053 5430 quaerebant
3075 5398 3091 5423 ,
3123 5373 3315 5413 navem
3347 5359 3676 5414 conduxisse
3697 5399 3712 5424 ,
3746 5374 3877 5430 qua

2275 5429 2326 5484 in
2384 5427 2778 5485 remotissimas
2835 5428 3076 5500 lugerent
3133 5430 3421 5502 regiones,
3472 5427 3882 5502 reperisseque

2273 5501 2512 5572 primum
2533 5514 2722 5555 navent
2758 5511 3076 5556 mercatura:
3104 5500 3470 5557 conducendze
3497 5500 3878 5572 industriam,

2271 5580 2327 5626 et
2353 5586 2471 5625 eam
2501 5570 2652 5642 ipsos
2672 5573 3075 5639 conscendisse,
3109 5573 3541 5643 proﬁciscentem
3575 5575 3628 5629 in
3663 5570 3885 5643 llispa;

2276 5643 2582 5715 niatn.Cui
2632 5643 2880 5708 accedit,
2941 5642 3144 5699 multos
3177 5642 3482 5715 fugatorum
3526 5658 3649 5700 esse
3675 5642 3881 5715 alica

2276 5714 2558 5782 oriundos,
2584 5725 2642 5771 ut
2668 5732 2793 5772 mox
2824 5716 3196 5781 ostendemus,
3228 5714 3347 5771 cum
3373 5716 3567 5785 quibus
3596 5714 3688 5770 alii
3721 5715 3886 5786 (liu-

2276 5788 2442 5858 ropzei
2478 5788 2821 5858 praesertim)
2869 5787 3012 5842 hami
3052 5787 3270 5843 dillicile
3300 5788 3497 5843 sociari
3531 5796 3882 5858 potuerunt.

2275 5857 2430 5927 Quod
2477 5857 2658 5918 autem
2706 5858 2794 5930 ad]
2813 5871 3028 5928 portum
3078 5857 3887 5932 Carthaginensem_llispanim
