4032 6340
198 283 277 345 97
1259 286 1488 350 FLAVI!
1528 286 1710 351 LUCII
1750 286 2009 351 DEXTBI
2045 290 2458 353 CllRONlCUN.
3435 302 3507 363 98

190 398 269 458 Δ.
298 392 363 460 ο.
403 401 501 460 35.
577 398 790 459 Diversi
818 398 927 475 [AL
956 398 1173 475 Divisi.]
1201 417 1298 475 per
1317 402 1606 475 Hispanias
1636 414 1866 464 mortem
1892 406 2118 477 Christi,
2147 409 2713 484 resurrectionemque
2739 410 3096 485 denuntiant;
3125 425 3180 476 et
3207 416 3276 478 Δ.
3295 417 3506 481 11.786.

614 540 617 541 ν
645 495 828 554 Maria:
862 495 1054 566 vitam,
1083 495 1152 553 ad
1178 511 1338 569 quam
1369 495 1627 569 frequens
1651 513 1722 556 ex
1756 500 2013 574 Hispania
2047 501 2212 558 ﬁebat
2239 503 2635 577 peregrinatio;
2668 508 2905 566 maxime
2943 518 3061 582 post
3090 526 3224 569 con-

637 588 948 649 versionem
971 587 1208 648 Cornelii
1236 589 1577 649 centurionis
1607 611 1622 649 :
1655 602 1932 667 totamque
1971 596 2304 668 provinciam
2334 597 2573 671 undique
2602 599 2850 661 miriﬁcis
2876 612 2932 662 et
2963 603 3221 663 inauditis

630 688 838 746 nuntiis
862 688 1156 761 complent.

567 776 651 837 Ex
677 780 761 837 bis
785 780 941 852 primi
972 789 1095 853 post
1138 795 1169 837 a
1217 780 1282 838 Β.
1310 780 1515 841 Jacobo
1554 782 1832 856 eliguntur
1861 784 2080 843 urbium
2122 786 2426 861 pontiﬁces,
2471 798 2526 848 et
2566 798 2814 863 pastores
2853 810 2866 849 :
2897 788 3118 850 dubium
3156 807 3226 851 an

635 888 827 931 omnes
856 872 1028 931 Judaei
1058 872 1280 932 fuerint.

564 995 787 1069 llispani
816 996 1089 1069 praecipue
1115 995 1289 1054 Judaei
1331 996 1555 1055 mittunt
1582 997 1794 1073 legatos
1837 998 1904 1056 ad
1936 1000 2228 1073 Apostolos
2259 1011 2315 1060 ut
2343 1005 2739 1077 quamprimum
2781 1005 2978 1080 aliquis
3017 1022 3211 1066 eorum

636 1088 852 1146 veniret
876 1087 945 1145 ad
974 1103 1092 1157 eos,
1120 1089 1213 1161 qui
1237 1088 1307 1147 de
1337 1088 1503 1146 rebus
1530 1091 1818 1147 recensitis
1838 1090 1908 1149 de
1929 1091 2147 1149 Christo
2173 1107 2271 1151 eos
2290 1096 2473 1152 verius
2502 1106 2559 1154 et
2584 1095 2805 1155 uberius
2825 1096 3070 1157 doceret.

1417 1230 1681 1288 BIVARII
1716 1230 2287 1291 COMMENTARIUS.

191 1344 593 1425 applicuerint,
619 1348 935 1425 praestantia
958 1345 1307 1425 famosissimi
1337 1346 1459 1419 ejus
1488 1347 1722 1417 emporii
1745 1347 1801 1405 in
1828 1351 1880 1412 Α
1905 1350 2198 1425 sanctitatis
2242 1349 2493 1425 angelicis
2536 1354 2787 1411 sociatur.
2806 1330 2813 1333 1
2831 1353 2901 1411 Et
2944 1355 3056 1413 Ita'c
3087 1356 3216 1413 talia
3243 1357 3505 1415 excitave-

190 1433 364 1475 causa
396 1420 535 1487 fuit,
574 1420 718 1489 quod
752 1421 807 1476 in
840 1421 979 1476 hanc
1008 1435 1178 1489 usque
1207 1420 1351 1475 diem
1381 1435 1412 1474 a
1438 1432 1799 1476 mercatorum

190 1491 435 1561 navigiis
462 1500 522 1546 et
562 1493 879 1549 triremibus
915 1493 1310 1561 frequentatur.
1340 1490 1646 1560 Descripsit
1673 1491 1803 1547 olim

186 1560 694 1632 Carthaginensem
716 1572 930 1629 portum
956 1560 1139 1618 Livius
1164 1561 1263 1617 lib.
1292 1576 1344 1617 vt
1370 1562 1525 1632 cujus
1549 1563 1649 1619 ista
1678 1573 1806 1618 sunt

188 1633 408 1708 verba;
441 1632 563 1708 Sita
599 1634 860 1708 Carthago
885 1636 959 1708 sic
988 1647 1113 1708 est;
1137 1635 1281 1708 sinus
1306 1644 1379 1689 est
1419 1636 1601 1702 maris,
1634 1634 1805 1689 media

187 1707 303 1778 fere
323 1702 613 1772 Hispanite
640 1723 754 1772 ora,
786 1702 1011 1762 maxime
1037 1706 1218 1776 Africo
1246 1716 1396 1760 rcuto
1422 1709 1694 1778 oppositus
1714 1749 1728 1772 ,
1755 1714 1806 1761 et

187 1775 515 1850 quingentos
542 1795 728 1846 passus
756 1779 1039 1833 introrsum
1063 1775 1338 1850 retractus,
1366 1775 1525 1850 paulo
1547 1780 1661 1848 plus
1687 1794 1808 1848 pas-

188 1863 349 1922 suum
376 1848 806 1922 inlatitudinem
828 1858 1027 1921 patens.
1056 1847 1230 1922 Hujus
1252 1850 1305 1903 in
1331 1847 1462 1922 ostio
1483 1847 1627 1904 sinus
1648 1847 1807 1920 parva

187 1918 370 1973 insula
403 1918 611 1993 objecta
637 1920 701 1976 ab
723 1918 837 1976 alto
857 1963 872 1988 ,
902 1928 1115 1993 portum
1132 1918 1197 1993 ab
1218 1919 1457 1993 omnibus
1486 1918 1656 1993 ventis
1678 1937 1811 1987 pra:-

190 2001 435 2064 terquant
462 1991 678 2064 Africo,
703 2002 868 2064 tutum
902 1992 1048 2064 facit.
1083 1991 1159 2046 Ab
1183 1993 1365 2045 intimo
1388 1992 1507 2046 sinu
1532 1991 1808 2064 peninsula

189 2062 442 2135 excurrit
462 2062 484 2135 (
507 2063 741 2119 tumulus
764 2065 809 2118 is
834 2062 946 2135 ipse
967 2063 1020 2117 in
1044 2079 1147 2135 quo
1176 2063 1388 2117 condita
1414 2062 1561 2135 (urbs
1591 2072 1665 2118 est
1690 2065 1705 2132 )
1741 2064 1806 2118 ab

190 2144 311 2187 ortu
359 2133 492 2190 solis
517 2179 533 2203 ,
581 2144 631 2191 et
654 2152 687 2190 a
717 2134 931 2190 meridie
954 2133 1125 2189 cincta
1155 2135 1321 2200 mari;
1364 2134 1430 2189 ab
1468 2151 1656 2190 occasu
1699 2145 1806 2192 sta-

190 2221 354 2275 gnum
383 2206 615 2279 claudit,
643 2206 861 2279 paulum
892 2215 939 2261 et
965 2206 1035 2260 ad
1066 2207 1479 2279 septentrionem
1493 2206 1692 2279 fusum,
1722 2208 1808 2261 in-

191 2284 353 2331 rertre
380 2276 688 2350 altitudinis
713 2320 728 2345 ,
774 2294 992 2350 cumque
1027 2276 1278 2333 exa‘stuat
1317 2287 1406 2333 aut
1443 2276 1616 2348 deﬁcit
1640 2295 1803 2346 mare,

193 2349 489 2403 continenti
514 2349 722 2419 urbem,
738 2349 927 2424 jugum
953 2350 1203 2406 ducentos
1227 2352 1335 2421 {ere
1361 2357 1407 2403 et
1429 2350 1808 2424 quinquaginta

192 2436 391 2495 passus
413 2432 621 2495 patens,
649 2423 942 2495 conjungit.

265 2489 335 2564 5.;
352 2489 524 2564 Divisi
548 2508 639 2559 per
667 2489 975 2564 Hispanias,
1001 2501 1106 2549 etc.
1131 2491 1275 2548 Nihil
1292 2490 1607 2548 credibilius
1639 2508 1803 2562 quam

192 2562 341 2629 quod
391 2563 484 2620 hic
540 2565 740 2634 Dexter
772 2562 1018 2634 promit:
1068 2580 1165 2621 eos
1197 2565 1491 2630 nimirum,
1517 2566 1609 2631 qui
1642 2564 1805 2634 fugati

196 2634 264 2688 ad
312 2646 539 2704 portum
586 2633 1069 2707 Carthaginiensem
1116 2637 1475 2705 appulerant,
1511 2635 1720 2691 divisos
1752 2637 1806 2691 in

196 2707 383 2799 ξπξὲ
414 2707 994 2799 regiqnesilispanite,
1023 2709 1379 2790 denuntiasse
1399 2707 1656 2799 Hispanis
1682 2722 1803 2790 qua:
1837 2737 1884 2799 Β

195 2775 266 2832 de
296 2775 523 2849 Christi
544 2778 756 2835 Dutnini
800 2775 1017 2841 morte.
1052 2779 1455 2835 resurrectione
1482 2775 1799 2847 ,idoclrina,

194 2860 247 2902 et
274 2850 587 2914 miraculis,
617 2851 843 2906 suismet
870 2851 1046 2907 oculis
1069 2850 1315 2906 viderant
1349 2869 1363 2904 :
1394 2850 1660 2906 addentes
1690 2850 1809 2921 ejus

195 2923 636 2977 sacratissimam
665 2923 892 2978 Matrem
919 2967 934 2992 ,
962 2923 1155 2993 adhuc
1200 2924 1252 2977 in
1284 2922 1420 2976 viris
1460 2937 1622 2993 agere
1650 2963 1663 2985 ,
1699 2939 1808 2990 ψιο

197 3007 293 3046 cos
322 2993 698 3049 accenderent
733 2992 1009 3050 desiderio
1049 2993 1257 3049 visendi
1293 2992 1515 3061 ipsam.’
1544 2992 1617 3047 De
1646 3008 1809 3062 pcre-

198 3064 522 3136 grinatione
566 3064 928 3135 Hispanorum
974 3065 1043 3121 ad
1086 3066 1148 3121 Β.
1200 3064 1481 3136 Dciparam
1507 3107 1523 3133 ,
1574 3079 1680 3120 non
1722 3073 1810 3122 est

203 3134 354 3208 quod
386 3136 514 3207 quis
539 3134 786 3208 miretur,
818 3152 940 3193 cum
972 3137 1106 3192 nihil
1138 3134 1310 3208 magis
1341 3137 1391 3191 in
1428 3150 1529 3191 usu
1561 3150 1628 3191 co
1663 3143 1802 3192 tem-

204 3206 360 3274 poris
410 3206 576 3264 fuerit
616 3207 757 3278 apud
788 3209 1032 3264 omnium
1063 3206 1342 3265 nationum
1378 3208 1600 3270 ﬁdeles,
1643 3226 1806 3278 quam

201 3292 302 3347 pro
324 3293 435 3334 suo
467 3280 707 3334 maximo
735 3278 859 3336 fidei
890 3280 1086 3337 ardore
1124 3279 1177 3334 in
1210 3280 1548 3335 Palaestinam
1581 3279 1693 3336 iter
1720 3297 1808 3335 ar-

200 3349 432 3421 ripere,
490 3360 548 3407 et
594 3351 713 3408 loca
764 3361 949 3408 sancta
987 3363 1186 3407 nostra:
1215 3351 1609 3421 redemptionis
1640 3367 1808 3408 vene-

200 3420 347 3494 rari;
395 3422 559 3494 idque
582 3438 799 3494 semper
830 3424 883 3479 in
917 3423 1162 3479 Ecclesia
1193 3420 1451 3478 usitatum
1483 3422 1601 3478 fuit.
1648 3423 1805 3492 Quod

202 3493 247 3566 si
311 3494 369 3549 id
425 3493 771 3566 pestmudum
818 3504 925 3550 tam
980 3505 1397 3566 perseveranter
1455 3498 1804 3550 observatum

201 3565 330 3630 luit,
368 3565 763 3636 refrigescente
804 3565 1236 3622 etiaot’tidelium
1268 3566 1567 3628 charitate.
1600 3576 1805 3636 quatito

204 3638 383 3707 magis
410 3647 660 3707 tempore
692 3639 967 3695 nascentis
999 3637 1255 3708 Ecclesiae
1276 3681 1290 3706 ,
1320 3638 1535 3708 quando
1574 3638 1696 3693 tidei
1719 3655 1807 3694 ar-

203 3707 306 3761 dor
355 3708 562 3765 eximie
608 3710 660 3764 in
713 3710 968 3767 cordibus
1016 3707 1450 3765 ChriSIianorum
1500 3709 1800 3779 ﬂagrabat!

204 3779 337 3844 Quis
367 3788 553 3836 autem
580 3796 689 3836 non
720 3780 899 3837 videat
919 3781 986 3835 ad
1011 3798 1128 3838 eam
1157 3780 1645 3851 peregrinationem
1679 3797 1804 3850 pcr-

205 3851 479 3921 agendam
522 3852 723 3907 mirum
767 3853 820 3908 in
860 3854 1079 3909 modum
1130 3853 1339 3909 animos
1370 3852 1802 3909 Christianorum

207 3922 532 3993 impulisse,
581 3924 935 3993 cupiditatem
976 3925 1186 3980 visendi
1219 3936 1271 3979 ct
1300 3924 1645 3992 colloquendi
1678 3940 1801 3980 cum

207 3993 269 4067 ll.
302 3994 537 4067 Virgine,
561 3995 1136 4067 iltsiusBedemptoris
1165 3995 1367 4067 Matre?
1392 3994 1497 4067 _Vis
1524 3997 1799 4064 specimen

205 4066 432 4138 aliquod
482 4066 580 4122 tibi
622 4065 895 4138 pneheam
942 4065 1060 4138 ejus
1107 4068 1227 4124 rei?
1270 4065 1498 4122 Prolero
1539 4068 1702 4122 Verba
1737 4069 1797 4123 D.

1909 1431 2031 1504 runt
2079 1422 2279 1504 uiscera.
2315 1422 2536 1504 nostra,
2569 1436 2615 1504 et
2646 1437 2834 1504 cogunt
2864 1428 3013 1504 valde
3041 1429 3336 1504 desiderare
3360 1447 3508 1504 aspe-

1909 1503 2051 1572 ctum
2082 1493 2239 1572 liuius
2262 1495 2329 1566 (si
2346 1497 2439 1572 fas
2467 1493 2533 1572 sit
2564 1493 2944 1572 [qrifcaelcstis
2973 1501 3220 1572 prodigii.
3244 1511 3291 1555 et
3317 1493 3503 1558 saeia-

1908 1565 2105 1638 tissimi
2142 1565 2378 1638 monstri.
2428 1565 2639 1638 Adiecit
2676 1565 2736 1623 ὀι
2785 1565 3077 1626 secundam
3126 1565 3195 1627 de
3224 1575 3415 1629 eadem
3447 1589 3508 1631 re

1908 1636 2199 1716 epistolam
2231 1637 2312 1716 sic
2344 1636 2645 1710 incipiens;
2682 1640 2746 1716 Si
2780 1643 2977 1716 licitum
3003 1652 3079 1697 est
3112 1642 3237 1697 milti
3263 1646 3406 1716 apud
3436 1655 3506 1712 te,

1907 1708 1977 1787 ad
2002 1706 2391 1787 Ilierosolgniar
2410 1706 2579 1787 partes
2619 1714 2735 1768 uolo
2763 1715 3078 1787 ascendere;
3110 1723 3158 1769 et
3179 1706 3350 1787 pidei‘e
3376 1706 3511 1787 ﬁde;

1907 1779 1981 1859 les
2010 1788 2217 1859 sanctos
2239 1779 2425 1859 qniibi
2452 1791 2605 1859 sunt;
2626 1784 2886 1859 prazcipue
2912 1779 3137 1859 Mariam
3160 1784 3319 1859 Jesu.
3349 1779 3509 1859 quam

1907 1848 2084 1905 dicunt
2126 1848 2374 1909 universis
2418 1848 2825 1921 admirandam,
2876 1864 2922 1910 et
2961 1857 3163 1911 cunctis
3193 1848 3512 1912 desiderabi-

1908 1922 2027 1976 lem.
2057 1921 2223 1989 Quem
2253 1925 2387 2002 enim
2418 1941 2519 2002 non
2552 1926 2767 1981 delectet
2800 1928 2971 2002 uidere
3010 1944 3124 1982 eam
3149 1969 3165 1995 ,
3206 1937 3261 2002 et
3287 1930 3508 2002 alloqui,

1906 2009 2023 2070 qua:
2049 2009 2239 2070 perunt
2281 1993 2449 2070 Deum
2478 1997 2543 2070 tle
2564 2014 2619 2053 se
2643 1998 2876 2070 peperit,
2918 1999 2964 2053 si
2997 1993 3188 2055 nostra:
3215 2000 3282 2053 sit
3306 1993 3433 2067 ﬁdei
3460 1993 3508 2056 et

1907 2064 2177 2143 religionis
2198 2067 2445 2143 anticus?
2475 2064 3016 2143 llaecgqnie‘lgnatius
3044 2073 3204 2127 refert
3223 2111 3239 2136 ,
3270 2064 3512 2143 peregri-

1908 2141 2027 2213 nari
2058 2137 2323 2205 eugcbant
2356 2154 2385 2193 a
2420 2137 2997 2213 rctnotissimis'etiam
3040 2137 3333 2213 provinciis
3376 2137 3511 2199 li'de-

1915 2207 2016 2275 les,
2041 2218 2101 2263 ut
2125 2224 2246 2279 qua:
2278 2225 2426 2285 _aure
2471 2212 2787 2285 audierant,
2823 2214 2997 2269 oculis
3026 2207 3142 2269 suis
3169 2212 3347 2285 quoad
3381 2230 3504 2284 pos-

1909 2288 2031 2357 sent
2055 2322 2070 2346 ,
2099 2280 2502 2357 conspicerent.
2550 2282 2681 2352 Quis
2709 2293 2888 2340 autem
2935 2285 2982 2341 si
3026 2299 3170 2340 nunc
3186 2280 3427 2357 alloqui,
3450 2294 3510 2343 et

1911 2349 2100 2406 ridere
2130 2349 2306 2407 vivam
2348 2349 2606 2422 daretur}
2652 2359 2790 2410 sicut
2826 2365 2954 2411 tunc
2978 2349 3352 2412 beatissimam
3388 2349 3510 2417 Dei-

1908 2436 2119 2493 param,
2155 2423 2421 2493 rjusmodi
2450 2426 2554 2482 iter
2578 2442 2686 2481 non
2715 2427 3043 2485 cauliceret?

1985 2493 2718 2572 lluc_accetlit,_in_gtat_iam
2747 2498 3225 2570 peregrinationis,
3254 2515 3417 2572 quam
3441 2500 3511 2558 ad

1909 2564 2083 2636 ipsam
2109 2565 2335 2642 _ll_i5pani
2371 2564 2565 2642 fecisse
2587 2564 3044 2640 dicun'turfipsos
3074 2564 3254 2627 rerum
3271 2564 3512 2642 'magna-

1911 2652 2031 2692 rum
2070 2636 2288 2711 videndi
2334 2638 2682 2697 avidissimos
2716 2636 2941 2711 semper
2978 2642 3183 2705 fuisse.
3226 2654 3281 2699 et
3330 2636 3407 2699 ea'
3440 2645 3510 2701 de

1910 2723 2075 2764 causa
2114 2710 2175 2784 in
2224 2712 2617 2784 re‘ttiotissimas
2659 2714 2808 2768 orbis
2841 2710 3045 2784 plagas.
3097 2714 3143 2768 si
3173 2729 3311 2784 opus
3337 2725 3502 2782 esset,

1914 2780 2325 2855 peregrinandi.
2369 2781 2482 2848 Qua
2529 2783 2596 2837 de
2624 2799 2704 2855 ire
2746 2780 3116 2845 nmlta'nobis
3162 2780 3514 2855 suppeditant

1913 2851 2162 2927 exempla
2194 2853 2567 2927 antiquorum
2622 2854 2907 2927 historiae,
2958 2856 3046 2912 ubi
3089 2870 3189 2927 pro
3217 2851 3512 2917 le'riorihus

1912 2923 2077 2978 rebus
2108 2923 2344 2995 idipsos
2375 2924 2568 2981 leci~se
2599 2925 2850 2995 legimus.
2887 2926 2950 2982 Et
2979 2939 3034 2981 ut
3065 2923 3282 2994 aliquod
3308 2929 3507 2983 affera-

1912 3010 2065 3070 mus:
2098 2994 2180 3049 Ad
2206 2994 2390 3070 (Titum
2418 2994 2621 3070 Livium
2657 2994 2760 3069 "(ait
2788 2999 2854 3053 D.
2892 2999 3256 3070 Hieronymus
3281 3003 3347 3053 ad
3371 3000 3514 3055 Pau-

1913 3066 2085 3151 linum
2111 3065 2382 3151 scribens)
2410 3068 2573 3151 lacteo
2609 3065 2915 3151 eloquentia:
2937 3072 3081 3151 [ante
3098 3065 3424 3151 manantem,
3447 3073 3516 3151 tle

1911 3135 2110 3211 ultimis
2142 3135 2417 3210 Hispanite
2447 3139 2658 3208 ﬁnibus,
2685 3135 2948 3211 quosdam
2968 3142 3162 3196 venisse
3183 3135 3420 3209 nobiles,
3439 3145 3514 3198 le-

1909 3210 2081 3280 gimus
2105 3225 2125 3264 :
2165 3218 2213 3265 et
2251 3212 2491 3284 quosed
2514 3210 3025 3284 contemplationem
3067 3216 3147 3268 sui
3189 3213 3360 3268 Roma
3404 3231 3512 3271 non

1911 3285 2357 3357 traxerat,_unius
2379 3282 2604 3357 hominis
2634 3282 2779 3353 fama
2803 3286 3064 3352 perduxit.
3097 3284 3294 3340 Audita
3327 3287 3511 3357 magni

1910 3351 2135 3409 Antonii
2183 3353 2322 3407 fama
2347 3394 2362 3417 ,
2402 3354 2607 3409 multos
2627 3351 2942 3411 etiam'eum
2971 3357 3332 3426 Hispanorum
3360 3351 3509 3412 visu-

1912 3439 2034 3497 ros,
2060 3426 2459 3497 remotissimas
2495 3426 3179 3497 solitudinespcnetrasse
3207 3437 3398 3483 auctor
3426 3438 3514 3484 est

1910 3493 1987 3571 D._
2009 3495 2347 3571 Athanasius
2376 3496 2428 3550 in
2457 3496 2575 3566 ejus
2608 3497 2724 3553 \‘ita
2743 3516 2764 3571 Δτ
2797 3493 3075 3553 Hominem
3101 3500 3211 3553 alio
3235 3515 3363 3571 pene
3387 3501 3509 3555 orbe

1910 3567 2170 3642 celatum,
2201 3567 2410 3642 etinter
2446 3577 2617 3625 tantas
2640 3569 2862 3642 positum
2899 3571 3204 3625 solitudines
3231 3567 3427 3642 Africa:
3455 3581 3506 3626 et

1910 3635 2189 3708 Hispaniae
2232 3635 2881 3696 demonstraritfltursus
2922 3643 3118 3697 mirum
3175 3635 3292 3697 erat
3331 3641 3508 3699 humi-

1910 3723 2033 3764 nem
2083 3725 2251 3781 super
2299 3716 2614 3783 columnam
2658 3713 2942 3782 degentem
2986 3713 3346 3783 conspicere?
3378 3714 3504 3770 illac

1909 3796 2126 3854 quoque
2176 3783 2318 3838 inter
2356 3782 2494 3837 alios
2530 3783 2803 3851 proiectos
2826 3784 3092 3854 IliSpanos
3118 3782 3286 3840 tuisse
3315 3785 3502 3842 docuit

1909 3851 2281 3928 'l'lreodoretus
2300 3855 2352 3928 in
2373 3855 2478 3908 vita
2495 3855 2667 3928 ipsius
2679 3851 2950 3928 Simeonis
2967 3856 3198 3928 Stylitae,
3220 3856 3470 3925 inquiens
3488 3873 3505 3915 :

1915 3922 2199 3999 Hominum
2226 3924 2443 3999 pelagus
2470 3922 2699 3994 undique
2725 3922 3142 3999 adventantium,
3164 3936 3211 3980 et
3237 3922 3377 3983 more
3395 3930 3500 3999 ﬂu-

1907 3994 2101 4049 minum
2137 3994 2529 4066 con/tuentium,
2568 4000 2721 4070 apud
2738 3996 2888 4051 illum
2911 3998 3084 4052 videre
3103 4005 3210 4070 est,
3237 4014 3340 4053 non
3369 3994 3507 4054 enim

1907 4074 2166 4122 nostrates
2208 4077 2413 4122 tantum
2438 4112 2453 4138 ,
2487 4068 2577 4122 sed
2608 4066 2659 4122 et
2691 4066 2995 4134 Ismaclitw,
3019 4078 3064 4124 et
3097 4067 3309 4136 Perste,
3338 4080 3382 4124 et
3415 4070 3509 4125 lto-

207 4132 402 4211 lgn'atii
423 4132 725 4211 martyris,
761 4137 818 4211 ia
852 4132 1079 4211 epistola
1110 4139 1176 4193 ad
1198 4139 1513 4211 apostolum
1539 4138 1800 4211 Joannem
1829 4132 1875 4195 C
1906 4153 2022 4211 rum
2050 4139 2259 4209 ﬁnitimi
2284 4132 2553 4211 Armenii,
2579 4151 2626 4194 et
2655 4139 2841 4195 Hiberi
2869 4152 2916 4195 ct
2946 4132 3232 4196 Homeritte
3252 4183 3267 4208 ,
3294 4132 3341 4196 et
3371 4141 3508 4197 inte-

210 4209 327 4264 lnec
375 4208 652 4280 loquentis
682 4226 698 4266 :
748 4208 885 4266 Sunt
912 4223 961 4265 et
982 4210 1068 4265 hic
1097 4209 1277 4265 multae
1299 4208 1363 4263 de
1390 4209 1703 4265 mulieribus-
1721 4229 1815 4265 no-

208 4281 331 4335 stris
365 4279 602 4336 uariam
625 4280 759 4336 Jesu
783 4281 954 4337 videre
977 4283 1264 4350 cupientes,
1293 4290 1341 4336 et
1370 4283 1598 4352 quotidie
1617 4300 1648 4334 a
1670 4284 1817 4338 nobis

207 4352 277 4404 ad
303 4368 397 4407 vos
418 4354 718 4408 discurrere
743 4353 987 4425 volentes,
1018 4365 1072 4409 ut
1103 4370 1212 4425 eam
1243 4356 1543 4425 contingant
1578 4364 1625 4407 et
1658 4359 1816 4409 ubera

206 4426 327 4494 ejus
351 4432 602 4493 tractent,
623 4440 741 4496 qua
771 4424 1054 4479 Dominum
1084 4422 1264 4478 Iesum
1288 4422 1563 4491 aluerunt;
1596 4436 1643 4479 et
1674 4442 1816 4494 qua:-

207 4497 334 4569 dam
363 4498 486 4569 ejus
510 4498 788 4552 secretiora
804 4504 1205 4569 percunctentur
1225 4497 1389 4569 ipsum
1417 4496 1638 4569 Mariam
1662 4497 1811 4553 Jesu.

212 4566 304 4621 Ιζιι
334 4566 638 4624 είδαιοηω
665 4566 820 4639 quam
848 4568 1026 4639 diligis
1065 4567 1178 4639 ﬁlia
1205 4609 1220 4633 ,
1262 4567 1645 4639 Hierosolymis
1675 4587 1816 4624 anno

208 4651 257 4713 et
282 4641 526 4713 quinque
540 4637 800 4695 mensibus
823 4637 965 4713 apud
993 4637 1106 4713 eam
1136 4655 1460 4713 commorans
1477 4637 1577 4713 ,ξεί
1605 4643 1818 4713 quidam

209 4711 353 4779 [orte
376 4711 730 4783 noti/icarere,
756 4710 987 4766 eamdem
1005 4711 1226 4765 Matrem
1246 4710 1343 4764 Dei
1373 4712 1599 4783 omnium
1616 4710 1817 4783 gratia-

211 4798 328 4834 ruin
352 4781 728 4856 abundantem,
751 4793 797 4837 et
826 4784 1053 4856 omnium
1077 4784 1324 4856 virtutum
1353 4783 1519 4854 (more
1560 4781 1815 4856 Virginis)

214 4864 258 4906 ct
279 4855 476 4927 gratiae
498 4854 776 4927 fecundam
792 4871 813 4927 ;
828 4870 958 4927 qua:
986 4855 1061 4927 (ut
1083 4856 1279 4925 dicunt)
1299 4855 1351 4907 in
1380 4854 1815 4927 persecutionibus

216 4936 263 4977 (ι
282 4925 661 4996 afﬂictionibus
680 4937 753 4980 est
780 4925 984 4993 hilaris,
998 4925 1061 4981 in
1084 4928 1309 4993 penuriis
1324 4937 1368 4980 et
1392 4926 1690 4995 intligentiis
1711 4944 1814 4983 non

216 4996 866 5069 querula;injurianlibus
888 5008 1112 5069 grata,et
1129 4998 1341 5052 molesta
1365 5014 1418 5051 re
1431 4998 1816 5060 lwtatui',itiisc-

221 5069 293 5122 ris
323 5076 374 5121 et
390 5068 605 5138 afﬂictis
626 5068 865 5124 condolct
893 5068 1117 5140 afﬂicta,
1146 5081 1190 5123 et
1220 5068 1484 5124 subvenire
1513 5086 1613 5123 non
1639 5071 1812 5140 pigre-

220 5141 319 5215 scit
335 5155 356 5215 ς
368 5150 550 5215 contra
566 5142 803 5215 vitiorum
824 5150 990 5215 autem
1004 5142 1132 5215 pesti
1136 5141 1271 5212 feros
1283 5141 1628 5215 conﬂictus,in
1643 5160 1816 5215 pugna

220 5210 350 5279 ﬁdei
376 5211 678 5285 disceptans
719 5212 970 5267 enitescit.
1005 5210 1226 5267 Nostra:
1252 5227 1398 5285 nocte
1434 5210 1733 5283 religionis,
1766 5222 1813 5270 et

221 5282 539 5353 pertinatia}
563 5296 637 5339 est
667 5284 918 5355 magistra
941 5292 1039 5356 ,'_ct
1066 5285 1204 5356 apud
1223 5282 1410 5356 ﬁdeles
1441 5282 1670 5337 omnium
1699 5302 1816 5356 ope-

222 5369 345 5407 rum
377 5355 586 5424 pietatis
624 5354 884 5410 ministra.
926 5354 1235 5410 Humilibus
1262 5354 1469 5425 quidem
1500 5366 1572 5410 est
1604 5354 1810 5424 devota,

222 5436 267 5478 et
297 5426 499 5481 devotis
545 5427 781 5482 devotius
819 5427 1127 5482 ltuntiliatur
1148 5468 1164 5491 ,
1197 5436 1244 5481 et
1272 5426 1459 5481 mirum
1488 5428 1552 5481 ab
1577 5429 1813 5484 omnibus

220 5497 614 5570 magniﬁcatur,
646 5515 765 5553 cum
791 5516 824 5552 a
850 5497 1030 5553 scribis
1052 5509 1099 5554 et
1120 5496 1389 5570 pltarisa'is
1415 5500 1461 5553 ei
1485 5499 1804 5554 detrahatur.

1919 4210 2080 4283 riores
2120 4211 2285 4283 etiam
2322 4209 2506 4283 populi
2551 4211 2882 4267 (aitueniunt.
2926 4211 3084 4267 Multi
3114 4213 3265 4267 ctiant
3293 4212 3508 4268 illorum

1918 4282 2010 4356 qui
2033 4282 2267 4356 ultimam
2299 4282 2942 4356 Allesperiatnincolunt,
2973 4284 3209 4339 videlicet
3254 4283 3503 4356 Hispani,

1918 4351 2180 4424 Britanni,
2207 4365 2252 4408 et
2285 4351 2465 4422 Galli,
2510 4354 2599 4424 qui
2634 4355 2685 4409 in
2714 4356 2882 4409 medio
2911 4355 3098 4412 horum
3117 4364 3271 4421 sunt;
3301 4351 3422 4410 nam
3442 4360 3509 4413 de

1919 4422 2083 4477 Italia
2100 4424 2282 4497 dicere
2309 4422 2753 4497 supervacaneum
2778 4438 2873 4480 est.
2910 4428 3015 4483 Sed
3040 4428 3108 4483 de
3138 4427 3220 4483 his
3241 4426 3397 4482 satis.

1990 4498 2043 4551 li.
2080 4495 2174 4570 Ea;
2196 4498 2276 4570 his
2298 4495 2455 4570 primi
2474 4538 2489 4564 ,
2519 4508 2628 4570 etc.
2653 4496 2801 4570 (Cum
2836 4498 3023 4553 lideles
3050 4498 3156 4553 hac
3184 4499 3357 4570 prima
3386 4513 3510 4570 per-

1917 4567 2430 4641 secutienel'ugati,
2461 4567 2714 4639 primitiae
2750 4570 2955 4625 iuerint
2980 4569 3104 4625 tidei
3138 4567 3195 4626 in
3224 4567 3507 4641 Hispania,

1919 4656 2026 4696 non
2070 4649 2155 4695 est
2197 4638 2423 4695 dubium
2464 4638 2600 4710 quin
2633 4656 2698 4695 cx
2731 4642 2813 4696 eis
2857 4641 2919 4695 D.
2949 4641 3186 4698 Jacobus
3225 4638 3508 4710 apostolos

1917 4711 2163 4784 elegerit,
2196 4712 2406 4784 ip~ique
2433 4712 2770 4768 adhaeserint
2792 4714 2843 4767 iu
2868 4711 3139 4784 llispaniis
3164 4714 3505 4783 praedicanti.

1916 4783 2051 4839 Nam
2092 4793 2148 4838 et
2194 4782 2492 4856 episcopos
2520 4784 2877 4856 assumendus
2907 4782 2978 4840 ex'
3001 4782 3425 4856 antiquioribus
3452 4795 3510 4841 et

1917 4856 2323 4925 proh'atioribus
2367 4857 2419 4910 in
2458 4854 2914 4924 Ecclesiadocnit
2944 4854 3149 4912 Paulus
3166 4870 3290 4912 cum
3318 4855 3387 4913 ad
3415 4855 3507 4913 Ti-

1918 4924 2509 5000 mothetnn__scriheret
2541 4943 2556 4980 :
2626 4925 2839 4995 Oportet
2881 4925 3004 4999 (ait)
3042 4929 3339 5000 episcopum
3377 4928 3510 5000 irre-

1915 4996 2445 5072 preltensibilentesse
2468 5015 2487 5052 :
2511 4996 2993 5072 nonneopltgtum,
3033 4996 3096 5054 ne
3132 5000 3185 5055 in
3212 4996 3506 5072 superbiam

1914 5068 2107 5140 cintus,
2120 5069 2186 5140 in
2198 5068 2463 5140 judicium
2494 5069 2688 5140 incidat
2708 5068 2926 5127 diaboli.

1989 5141 2051 5214 7._
2081 5138 2308 5214 Hispani
2321 5141 2580 5214 prwcipue
2598 5138 2794 5214 Judaei,
2811 5151 2920 5197 clc.
2945 5141 3216 5199 Vivebant
3237 5142 3290 5198 in
3312 5141 3507 5214 llispa-

1916 5212 2002 5268 nia
2022 5210 2192 5268 Jutlai
2224 5210 2386 5267 simul
2407 5222 2459 5267 et
2481 5211 2748 5279 Gentiles;
2779 5222 3037 5282 utrosque
3064 5224 3247 5269 autem
3274 5214 3340 5269 ad
3366 5210 3504 5284 prte—

1914 5284 2242 5340 dicationem
2275 5299 2368 5340 seu
2418 5288 2783 5339 narrationem
2817 5286 3118 5352 legatorum
3150 5286 3218 5341 ab
3250 5286 3505 5341 Hierusa-

1914 5356 2044 5425 lem,
2078 5356 2144 5411 de
2174 5355 2451 5411 miraculis
2478 5365 2532 5412 et
2555 5355 2798 5411 doctrina
2823 5355 3049 5423 Christi,
3083 5369 3362 5423 accensos,
3393 5357 3505 5427 ple-

1915 5430 2039 5482 nius
2064 5427 2279 5483 edoceri
2309 5428 2545 5498 cupiisse
2583 5428 2651 5483 de
2679 5427 2842 5483 rebus
2880 5429 3162 5485 recensitis
3188 5429 3257 5484 de
3287 5430 3503 5494 eodem,

1916 5500 2089 5572 facile
2118 5498 2323 5572 credet,
2353 5499 2634 5570 quiquam
2675 5504 2859 5572 animo
2900 5502 3152 5572 propensi
3177 5499 3376 5572 iuerint
3401 5499 3503 5572 ipsi

222 5566 491 5643 Practerea
508 5571 661 5626 multi
686 5570 798 5642 (qui
825 5571 1032 5627 scilicet
1054 5566 1464 5643 peregrinantes
1485 5571 1612 5626 illuc
1638 5573 1808 5643 ipsam
1835 5569 1891 5631 D
1914 5586 2040 5643 erga
2071 5566 2385 5634 Dominum,
2414 5566 2753 5643 cognoverit.
2804 5566 3017 5628 Narrat'
3032 5574 3248 5643 quidem
3277 5566 3504 5643 inferius

225 5640 517 5709 viderant,
567 5651 624 5698 et
660 5639 880 5698 allocuti
911 5639 1141 5714 inerant)
1181 5639 1347 5695 inulta
1373 5646 1602 5713 referunt
1631 5642 1696 5697 de
1722 5660 1808 5698 ea-

222 5716 374 5778 dem;
413 5724 589 5768 tamen
635 5714 869 5768 omnibus
910 5730 1002 5782 per
1031 5713 1205 5768 omnia
1240 5729 1342 5766 non
1372 5716 1623 5769 audemus
1649 5714 1806 5784 ﬁdem

223 5785 503 5857 concedere
526 5825 543 5849 ,
594 5801 688 5840 nec
720 5786 810 5857 tibi
834 5786 1024 5857 referre
1041 5826 1055 5850 ,
1086 5784 1187 5857 sed
1212 5789 1342 5839 sicut
1370 5785 1514 5840 nobis
1535 5804 1565 5837 a
1594 5787 1696 5854 ﬁde
1723 5788 1806 5841 di-

224 5856 340 5929 gnis
361 5867 630 5933 narratur,
659 5858 713 5914 in
739 5854 909 5916 Mariti
934 5855 1085 5930 Jesu,
1117 5856 1360 5917 humana:
1388 5865 1589 5915 natura?
1616 5868 1804 5918 natura

1915 5640 2118 5699 Dexter
2141 5658 2285 5698 anno
2328 5643 2420 5713 57,
2450 5642 2682 5714 Judwos
2708 5640 2976 5714 Histtanos
3005 5640 3095 5714 qui
3120 5641 3500 5714 Carpetaniam

1914 5715 2224 5770 incolebant
2241 5711 2413 5785 (nunc
2429 5713 2746 5771 Toletanum
2768 5711 2990 5786 regnum
3019 5711 3271 5785 dicimus)
3292 5713 3501 5786 litteras

1911 5788 2217 5855 suscepiSSe
2269 5802 2298 5840 a
2351 5785 2857 5858 llicrosolymitanis
2908 5786 3273 5855 pontilicibus,
3305 5785 3503 5858 quibus

1913 5872 2195 5919 assensum
2226 5873 2415 5918 corum
2449 5857 2819 5934 postulabant,
2853 5872 3019 5933 super
3064 5857 3263 5917 Christi
3295 5857 3501 5932 morte;
