4032 6340
415 252 518 312 127

1444 244 1673 304 FLAVll
1709 244 1890 305 LUC"
1930 245 2188 303 DEX‘I'RI
2227 243 2642 306 CllRONlCON.

3611 256 3714 317 128

413 369 483 425 A.
514 366 574 425 C.
613 366 706 425 37.
735 363 936 424 Multos
973 364 1135 422 etiam
1159 361 1481 434 discipulos,
1508 362 1813 434 praecipuos
1837 369 2015 416 autem
2044 375 2272 418 numero
2292 360 2599 430 duodecim,
2631 377 2782 421 more
2809 367 3110 435 apostolico
3137 367 3189 424 in
3219 366 3494 442 llispa-A.
3515 367 3714 430 H.788.

839 458 986 514 niam
1035 471 1220 513 secum
1271 463 1469 526 portat.
1511 453 1731 511 Scilicet
1776 453 2064 524 episcopos
2117 452 2416 522 Basilium,
2454 455 2641 522 Pium,
2691 456 3044 514 Athanasium
3077 459 3429 531 :Maximum,

838 552 1278 626 Chrysogonum,
1310 550 1700 622 presbyteros:
1734 547 2104 616 Theodorum,
2153 547 2451 615 Caecilium,
2497 549 2950 620 Tliesiphontem,
3003 551 3223 622 lscium,
3273 553 3430 610 Calo-

845 655 1070 708 cerum,
1102 641 1376 698 lectores:
1425 639 1780 710 Torquatum,
1813 639 2173 705 exorcistam;
2219 648 2274 696 et
2303 637 2636 707 Secundum,
2681 639 3035 707 lndalccium,
3067 642 3428 714 Euplirasium

847 735 1124 792 ostiarius.

776 825 854 883 Ex
887 825 973 881 bis
1002 824 1228 880 Basilius
1258 822 1524 879 successit
1549 821 1713 878 Petro
1755 822 2077 880 Bracarcnsi
2105 839 2116 876 :
2150 821 2478 880 Athanasius
2520 822 2619 879 fuit
2654 823 2858 894 primus
2897 825 3183 899 episc0pus
3224 825 3434 884 Cassar-

846 925 1175 988 augustanus
1207 932 1223 969 :
1252 914 1380 970 Pius
1409 913 1765 986 Hispalensis.

778 1016 930 1072 Alios
958 1016 1120 1071 etiam
1149 1014 1208 1071 S.
1235 1011 1469 1069 Jacobus
1499 1015 1707 1071 creavit
1731 1013 2035 1085 episcOpos,
2083 1011 2314 1068 alterum
2365 1011 2656 1078 Basiliam,
2693 1014 2782 1084 qui
2823 1013 3030 1084 primus
3061 1014 3161 1070 fuit
3205 1014 3435 1071 Cartha-

847 1109 990 1182 ginis
1020 1107 1310 1179 Spartaria:
1344 1107 1586 1178 pracsul:
1618 1107 1896 1178 Eugenius
1937 1105 2228 1172 Valentia};
2273 1105 2653 1177 Agathodorus
2686 1107 3146 1175 Tarraconensis;
3193 1108 3440 1181 Elpidius

1634 1239 1894 1297 BlVARll
1933 1239 2503 1298 COMMENTARIUS.

428 1366 601 1432 gnant
627 1359 744 1413 suis
779 1356 1021 1428 scriptis,
1049 1365 1303 1432 auctores
1326 1355 1793 1432 quoq_ue_il_larum
1827 1364 2015 1432 notare

2124 1353 2679 1432 Ctesaraugustanus,
2707 1370 2876 1432 agens
2901 1356 2969 1412 de
3000 1355 3060 1432 S.
3082 1356 3261 1432 Petro
3290 1359 3632 1432 Bracarensi,
3659 1361 3728 1416 «le

425 1426 852 1495 consueverunt,
893 1426 969 1483 ut
991 1441 1074 1484 est
1107 1428 1237 1482 illud
1273 1426 1426 1482 Pauli
1466 1427 1510 1482 ll
1555 1427 1796 1481 'l‘imoth.
1826 1441 1902 1480 tt:
1936 1426 2022 1479 Ex

424 1503 612 1569 quibus
637 1511 709 1554 est
745 1501 1061 1572 llyntenarus
1091 1510 1138 1555 et
1171 1499 1438 1564 Philetus,
1471 1498 1560 1568 qui
1587 1515 1619 1552 a
1648 1498 1860 1572 veritate
1881 1497 2019 1572 caci:-

422 1568 610 1627 derunt
633 1568 882 1637 dicentes,
924 1571 1374 1625 Resurrectionem
1402 1585 1512 1642 esse
1539 1572 1657 1642 jam
1700 1569 1912 1642 factam.
1956 1568 2024 1622 Et

430 1644 564 1699 illud
610 1644 754 1699 Petri
804 1660 891 1712 ep.
931 1643 971 1696 ll
1005 1659 1127 1708 cap.
1174 1658 1209 1695 ll
1243 1658 1258 1695 :
1292 1639 1551 1712 Audaces,
1593 1640 1688 1712 sibi
1737 1639 2019 1712 placentes,

431 1725 592 1770 sectas
652 1730 753 1768 non
794 1709 1030 1768 metuunt
1076 1713 1405 1766 introducere
1454 1709 1894 1779 blasphemantes.
1953 1710 2021 1764 Et

429 1785 560 1840 illud
608 1785 832 1840 Joannis
855 1801 943 1855 ep.
976 1784 996 1838 l
1039 1799 1158 1852 cap.
1185 1799 1228 1855 ill
1263 1801 1275 1834 :
1315 1782 1472 1836 Nunc
1501 1781 1826 1855 Antichristi
1873 1781 2022 1835 multi

429 1859 559 1927 facti
589 1865 746 1923 sunt;
774 1873 837 1910 ex
883 1854 1383 1927 nobisrprodierunt,
1416 1854 1507 1908 sed
1532 1869 1644 1927 non
1667 1861 1819 1927 erant
1841 1868 1904 1906 ea:
1926 1869 2020 1927 no-

429 1923 527 1982 bis.
565 1927 631 1981 Et
657 1927 893 1997 denique
928 1923 1260 1989 illud'Judaz,
1288 1925 1694 1979 subintroicrunt
1737 1923 1872 1977 enim
1898 1924 2018 1990 qui-

427 1999 547 2054 dam
590 1997 826 2053 homines
861 1999 1030 2069 impii,
1063 1997 1160 2050 Dei
1187 1997 1349 2051 nostri
1399 1998 1625 2069 gratiam
1653 1998 2019 2069 transferentes

429 2071 481 2124 in
525 2069 810 2134 luxuriam,
849 2064 957 2123 etc.
1005 2069 1240 2125 Solusne
1279 2064 1414 2137 ergo
1459 2067 1694 2122 Jacohns
1744 2064 2020 2120 haereticis

365 2167 382 2180 ι
430 2149 682 2210 parceret
711 2184 726 2208 ,
756 2149 1044 2196 contentus
1067 2139 1389 2207 simpliciter
1415 2139 1701 2193 veritatem
1720 2139 1835 2191 suis
1867 2151 2021 2192 erro-

429 2209 586 2265 ribus
606 2212 908 2281 oppositam
943 2211 1179 2266 docere?
1200 2210 1380 2274 Absit,
1412 2209 1576 2263 immo
1601 2225 1742 2281 vero
1770 2221 1893 2262 cum
1921 2221 2019 2281 eos

429 2297 537 2336 non
581 2277 752 2344 notet,
783 2282 1009 2337 minime
1040 2290 1227 2338 contra
1263 2281 1550 2335 ha‘reticos
1581 2279 1890 2350 disputasse
1920 2277 2018 2332 do-

431 2367 639 2408 cemnr.
662 2353 814 2408 Adde
843 2354 1124 2408 Simonem
1150 2366 1256 2406 non
1285 2351 1536 2406 docuisse
1579 2351 1740 2408 ﬁdem
1770 2364 1835 2404 ac
1861 2365 2016 2416 spem

431 2423 482 2478 in
519 2424 686 2477 Deum
720 2424 784 2478 ad
817 2425 1043 2478 salutem
1073 2422 1348 2486 sufﬁcere,
1402 2422 1496 2477 sed
1542 2437 1692 2491 spem
1724 2430 1780 2475 et
1827 2422 2014 2486 tidem,

429 2508 588 2563 quam
621 2495 672 2548 in
703 2511 763 2550 se
807 2506 865 2550 et
911 2495 1032 2562 ejus
1063 2494 1313 2562 pellicem
1346 2493 1607 2548 llelcnem
1637 2493 1888 2547 homines
1920 2491 2016 2545 ha-

430 2565 652 2632 herent;
685 2580 948 2636 arrogans
994 2566 1094 2621 sibi
1141 2564 1339 2620 Christi
1374 2563 1719 2636 dignitatem.
1752 2563 2014 2636 Quamvis

427 2645 608 2690 autem
641 2653 708 2691 rx
742 2633 842 2690 hoc
867 2636 1000 2691 illud
1022 2651 1238 2706 quoque
1264 2645 1608 2706 sequeretur,
1637 2635 1815 2688 adhuc
1838 2633 2016 2688 nesci-

2123 1439 2230 1494 quo
2258 1424 2464 1495 inquit:
2495 1424 2560 1478 In
2590 1427 2709 1480 sede
2742 1428 3022 1482 Portuensi
3070 1428 3130 1484 S.
3159 1428 3422 1484 Basiliam
3469 1424 3730 1486 condisci-

2126 1497 2310 1571 pulum
2336 1497 2530 1571 posuit,
2564 1499 2654 1566 qui
2675 1497 2756 1571 illi
2782 1515 2874 1569 per
2898 1501 3206 1571 martyrium
3251 1501 3456 1555 sublato
3500 1505 3729 1558 succedit

2123 1569 2178 1621 in
2220 1567 2339 1644 sede
2387 1566 2748 1644 Bracarensi__:
2774 1566 2948 1644 subiit
2991 1566 3089 1644 pro
3134 1571 3358 1644 Christo
3407 1575 3728 1644 martyrium

2123 1653 2266 1692 anno
2301 1638 2516 1712 Domini
2553 1640 2642 1712 93$,
2677 1639 2766 1694 die
2795 1640 2866 1695 ‘25
2903 1640 3023 1696 Maii
3072 1660 3084 1696 :
3126 1656 3228 1709 qua
3260 1642 3351 1698 die
3408 1638 3629 1712 ponitur
3673 1647 3728 1699 in

2126 1710 2519 1783 martyrologio
2567 1709 2982 1783 Romanoicum
3037 1712 3096 1769 S.
3130 1714 3370 1783 Epitatio
3411 1709 3730 1770 'Ambrasim

2121 1781 2392 1853 episcopo
2436 1780 2555 1853 (de
2599 1797 2706 1851 quo
2761 1782 2988 1853 inferius
3041 1780 3303 1853 agemus)
3351 1784 3437 1839 his
3493 1785 3726 1841 verbis:

2123 1850 2480 1929 lit_llisp_ani_tt
2503 1850 3164 1929 Sanctorumulllartgrum
3215 1850 3432 1929 Epitatii
3479 1855 3733 1929 Episcopi

2120 1933 2168 1977 et
2193 1912 2401 1996 Basilii.
2432 1922 2697 1996 Subaudi,
2725 1923 2965 1996 similiter
2986 1912 3273 1996 Episcopi:
3290 1928 3382 1984 Sic
3405 1912 3550 1982 enim
3576 1912 3730 1983 asse-

2120 1992 2348 2049 rendum
2394 2008 2519 2068 esse
2548 1993 2746 2068 docent
2777 1992 3063 2068 Equilinus
3110 1992 3300 2068 lilia",
3348 2013 3470 2068 cap.
3507 1998 3726 2063 ultimo,

2124 2081 2353 2142 numero
2384 2065 2638 2142 l§8,Aubi
2679 2065 2795 2142 ait,
2828 2065 3096 2142 [ainalius
3121 2078 3177 2142 ret
3202 2065 3439 2142 Basilius
3497 2071 3730 2142 episcopi

2120 2138 2173 2189 in
2203 2135 2708 2209 Hispaniaclarcnt,
2740 2138 2825 2209 170.
2850 2136 2974 2194 Kal.
3000 2137 3168 2195 Junii.
3197 2141 3262 2198 Et
3293 2135 3578 2209 antiquum
3603 2135 3710 2196 ms.

2135 2206 2584 2277 martyrologium
2653 2208 2912 2264 Ecclesize
2976 2209 3306 2265 Placentinae
3349 2206 3726 2276 in'Hispania

2109 2293 2118 2298 ”
2133 2293 2252 2352 quae
2272 2279 2537 2352 gloriatur
2557 2279 2866 2348 magisterio
2878 2279 2935 2335 S.
2951 2279 3170 2352 Epitatii
3191 2282 3271 2336 sic
3292 2280 3456 2336 habet
3479 2299 3494 2337 :
3516 2281 3719 2352 Hispa-

2120 2350 2220 2403 nia:
2260 2349 2575 2404 Sanctorum
2600 2354 2961 2417 episcoporum
2989 2351 3208 2416 Epitatii
3260 2362 3308 2407 et
3331 2352 3544 2416 Basilii,
3570 2349 3716 2406 illius

2119 2421 2285 2494 nostri
2316 2419 2671 2494 Tudensisque
2709 2422 2962 2494 episcopi,
2996 2423 3164 2494 iPetri
3213 2422 3552 2478 Bracarensis
3601 2424 3717 2494 epi-

2117 2492 2262 2562 sc0pi
2290 2491 2555 2562 discipuli.
2598 2495 2781 2562 Agunt
2807 2491 2963 2548 de'S.
2993 2493 3190 2550 Basilio
3216 2494 3280 2547 D.
3326 2494 3514 2550 Jacobi
3559 2491 3730 2548 disci-

2119 2562 2620 2635 puloPrudentius
2661 2564 2732 2635 de
2773 2564 3041 2635 Sandoval
3098 2566 3391 2634 episcopus
3448 2564 3726 2635 Pampilo-

2119 2634 2306 2688 nensis
2337 2633 2390 2686 in
2422 2633 2662 2688 Historia
2692 2633 2952 2702 Tudcnsi,
3009 2646 3065 2691 et
3115 2633 3340 2692 Marieta
3387 2636 3459 2693 de
3501 2633 3725 2693 Sanctis

429 2708 727 2798 [ηιμ-,μεεὶρ
758 2709 827 2798 de
868 2709 982 2798 Deo
1010 2704 1224 2763 diceret
1253 2723 1266 2760 :
1298 2707 1421 2776 quia
1453 2705 1704 2762 lizeretici
1736 2719 1843 2760 non
1867 2718 2014 2759 scm-
2045 2739 2094 2798 Β
2122 2704 2512 2798 Ilis’p’atLi‘iaantLp:
2543 2704 2928 2798 ligatae.

429 2793 525 2848 per
550 2779 654 2848 sibi
678 2787 949 2834 constant.

499 2852 555 2904 8.
595 2847 792 2903 Multos
844 2850 1150 2919 discipulos.
1189 2847 1347 2904 Circa
1399 2863 1684 2904 numerum
1725 2846 2020 2919 discipulo-

433 2935 554 2974 rum
608 2920 666 2976 S.
711 2922 899 2975 Jaeohi
948 2917 1097 2976 varie
1156 2920 1402 2974 sentiunt
1463 2928 1740 2974 auctores.
1787 2917 2018 2985 Quidam

431 2990 575 3045 enim
615 2991 818 3046 audent
849 2991 1059 3056 dicere,
1092 2991 1298 3046 nullum
1342 2993 1454 3046 fere
1485 2991 1716 3045 fructum
1744 2989 1939 3044 fecisse
1965 2991 2017 3043 in

428 3061 710 3131 Hispania,
735 3074 789 3117 et
821 3063 892 3116 ibi
924 3063 991 3116 ad
1021 3077 1291 3118 summum
1320 3062 1458 3115 duos
1499 3071 1679 3116 tresve
1720 3061 2019 3128 discipulos

427 3133 785 3196 convertisse.
816 3133 1174 3189 Athanasium
1211 3133 1428 3188 scilicet
1451 3142 1506 3187 et
1534 3132 1910 3195 Theodorum,
1963 3141 2018 3186 et

431 3203 476 3258 si
500 3218 661 3272 quem
695 3204 883 3258 alium.
913 3205 1021 3259 Alii
1051 3206 1116 3258 ad
1147 3212 1358 3271 septem
1387 3203 1710 3269 extendunt,
1762 3202 1885 3256 illos
1915 3205 2020 3257 sci-

425 3272 556 3346 licet
582 3275 672 3344 qui
691 3276 1040 3346 postmodum
1065 3291 1095 3330 a
1131 3277 1290 3331 l’ctro
1320 3275 1373 3329 in
1426 3274 1729 3345 Episcopus
1767 3273 1930 3346 electi
1963 3275 2015 3328 in

429 3344 718 3414 Hispanias
751 3347 1152 3415 praedicationis
1193 3348 1368 3416 gratia
1401 3347 1555 3400 missi
1589 3344 1736 3411 sunt,
1777 3344 2022 3415 Torqua-

428 3423 541 3470 tum
573 3416 828 3473 videlicet
874 3428 930 3473 et
955 3417 1137 3473 socios
1165 3415 1357 3485 ipsius.
1405 3416 1546 3472 Sunt
1583 3420 1670 3483 qui
1705 3431 1901 3471 novem
1935 3415 2018 3470 la-

430 3495 646 3542 teamur
682 3486 849 3559 (quod
882 3488 1132 3559 sequitur
1153 3487 1456 3560 Episcopus
1494 3488 1774 3560 Equilinus
1812 3487 1908 3542 lib.
1941 3505 2014 3554 vi,

441 3571 563 3626 cap.
597 3561 724 3632 155)
767 3561 908 3632 duos
938 3561 1152 3632 priores
1199 3559 1254 3616 et
1281 3569 1487 3632 septem
1537 3573 1680 3632 nunc
1708 3559 1884 3626 dictos
1915 3575 2017 3613 nu-

427 3630 688 3684 merando
737 3630 1008 3688 :demtim
1059 3631 1279 3700 quidam
1333 3630 1622 3686 duodecim
1687 3639 2016 3700 enumerant

426 3699 681 3755 addendo
729 3702 1007 3772 priedictis
1051 3699 1192 3758 alios
1248 3710 1384 3764 tres,
1435 3717 1573 3770 quos
1623 3699 2018 3772 Hierosolymis

426 3782 776 3827 converterat
830 3775 896 3828 ad
928 3773 1126 3838 ,ﬁdem,
1181 3772 1596 3842 Hermogenem,
1643 3781 1700 3827 et
1743 3771 2014 3827 Philetuin

429 3842 655 3913 magicis
683 3844 835 3913 prius
863 3846 1072 3900 artibus
1102 3845 1369 3908 addictos,
1395 3855 1449 3897 et
1470 3843 1674 3898 Josiam
1702 3843 1793 3912 qui
1821 3857 2013 3898 recens

429 3911 730 3982 baptizatus
757 3915 924 3971 simul
954 3931 1075 3972 cum
1119 3915 1238 3985 ipso
1284 3915 1546 3982 Apostulo
1591 3911 1769 3984 capite
1818 3914 2012 3983 plexus

426 3993 543 4055 est,
569 3995 733 4055 atque
779 3987 941 4054 hujus
989 3989 1172 4054 placiti
1218 3995 1410 4041 auctor
1447 3986 1647 4041 dicitur
1681 3985 2008 4052 Calixtusll,

425 4051 573 4123 Papa
606 4051 660 4109 in
690 4056 786 4113 lib.
818 4051 885 4112 de
921 4051 1198 4112 Mi'raculis
1227 4058 1284 4112 S.
1313 4056 1524 4111 Jacobi.
1548 4057 1817 4112 Czeterutn
1843 4051 2006 4112 verba

2196 2775 2537 2850 3°_S_.Al’i_us,_
2587 2775 2896 2850 Episcopus
2931 2776 3356 2850 1,7Hispalensis
3384 2785 3439 2832 et
3470 2777 3720 2850 Martyr.

2124 2845 2280 2912 Quod
2308 2845 2610 2917 discipulus
2661 2845 2822 2903 fuerit
2864 2847 2924 2904 S.
2983 2845 3174 2904 Jacobi
3227 2849 3480 2917 Apostoli
3537 2845 3725 2904 docuit

2126 2927 2253 2990 ante
2287 2916 2394 2972 500
2434 2931 2610 2990 annos
2663 2919 2843 2987 gravis
2881 2930 2936 2974 et
2979 2919 3175 2976 doctus
3207 2916 3479 2990 lliSpanize
3533 2919 3722 2976 llisto-

2125 2987 2476 3062 riographus,
2507 2989 2758 3062 Pelagius
2804 2991 3093 3046 Ovetensis
3143 2987 3466 3062 Episcopus,
3498 2994 3590 3062 qui
3625 2991 3726 3045 llo-

2123 3061 2398 3131 ruit_anno
2431 3060 2640 3114 Domini
2671 3060 2830 3125 l900,
2864 3070 3106 3131 tempore
3132 3060 3466 3130 AdelphOnsi
3496 3061 3588 3130 γι,
3616 3063 3726 3118 lte-

2121 3131 2202 3200 gis
2231 3129 2532 3197 Hispaniae,
2582 3131 2740 3200 cujus
2771 3133 2909 3186 lihcr
2935 3129 3114 3188 eistat
3162 3134 3214 3188 in
3261 3129 3601 3190 Bibliotheca
3635 3150 3724 3189 re-

2121 3201 2208 3270 gia
2241 3201 2300 3257 S.
2333 3201 2608 3256 Laurentii
2648 3201 2701 3256 in
2731 3202 3029 3270 Excuriali,
3079 3215 3132 3260 et
3165 3206 3217 3258 in
3255 3204 3586 3260 bibliotheca
3619 3206 3721 3260 Ec-

2121 3272 2640 3346 clesize_0vctensis.
2693 3275 2783 3346 ubi
2811 3289 2937 3330 eum
2969 3275 3101 3346 legit
3139 3275 3467 3331 Ambrosius
3496 3275 3565 3346 de
3597 3275 3719 3330 Mo-

2121 3345 2284 3398 rales.
2303 3344 2466 3398 Cadit
2494 3353 2672 3400 autem
2704 3345 2882 3413 ipsum
2895 3344 3323 3413 cum'Pampyro
3346 3345 3718 3412 Asturicensi,

2121 3425 2174 3470 et
2199 3415 2524 3488 Sebastiano
2557 3416 2932 3488 Salmaticensi
2967 3418 3247 3488 episcopis
3295 3425 3350 3472 et
3376 3417 3722 3488 perantiquis

2123 3486 2818 3558 scriptoribuspracdictus
2848 3487 3122 3544 Sandoval
3164 3486 3464 3558 episcopus
3495 3486 3716 3555 Pampi-

2121 3555 2406 3628 lionensis.
2457 3555 2697 3628 ldipsum
2729 3567 2959 3614 testatur
3013 3555 3276 3626 Mariana,
3332 3555 3438 3614 lib.
3486 3574 3539 3613 iv
3571 3559 3718 3615 Hist.

2119 3627 2271 3696 Hisp.
2313 3643 2432 3697 cap.
2460 3630 2519 3695 2,
2544 3627 2643 3684 γι]ϋί
2689 3629 2804 3685 ιιωο
2831 3630 2996 3687 habet
3019 3647 3033 3684 :
3059 3630 3290 3686 Prorsus
3317 3632 3404 3698 qui
3445 3631 3721 3685 historiam

2118 3709 2240 3788 ante
2266 3698 2390 3788 ,⁵ου
2434 3699 2624 3788 terra.
2647 3717 2812 3788 αείηρξ
2865 3704 3072 3788 script“
3095 3702 3387 3788 ..Ρείίαέιίαε
3449 3701 3720 3788 meum

2117 3771 2405 3853 episcopus,
2435 3769 2624 3824 Jacobi
2666 3772 2950 3844 discipulos
2976 3769 2979 3770 ⁷
3003 3772 3128 3841 facit
3158 3789 3173 3832 :
3203 3769 3530 3838 Calocerum,
3560 3771 3719 3826 Basi-

2117 3841 2266 3913 ltum,
2300 3840 2479 3906 Pium,
2503 3841 2919 3913 Chrysogonum,
2944 3843 3295 3912 Theodorum,
3342 3843 3715 3908 Athanasium,

2097 3922 2173 3986 -et_
2190 3911 2506 3986 Maximum.
2551 3911 2756 3986 Passus
2788 3913 2910 3986 luit
2948 3911 3446 3986 martyriutnanno
3502 3914 3720 3969 Domini

2115 3983 2206 4048 60,
2238 3985 2328 4038 die
2353 3985 2387 4038 4
2417 3983 2612 4038 Martii.
2641 3985 2891 4054 Ejusdem
2934 3983 3181 4041 meminit
3210 3985 3542 4042 Caledonius
3590 3987 3719 4040 Bra-

2115 4055 2358 4128 carensis
2389 4054 2530 4128 apud
2562 4055 2840 4128 liugonem
2872 4056 3367 4128 Portugallensem.

424 4118 544 4192 ejus
575 4126 692 4181 inec
718 4137 844 4183 sunt
876 4145 889 4182 :
919 4128 1024 4184 Sed
1067 4127 1334 4182 sciendum
1363 4128 1501 4196 quod
1531 4126 1594 4181 Β.
1642 4125 1869 4182 Iacobus
1897 4129 2012 4198 plu-
2037 4118 2084 4178 C
2189 4126 2246 4180 4°
2368 4118 2705 4198 Athanasius,
2739 4127 2945 4196 primus
2971 4118 3399 4198 Cte'saraugustze
3426 4127 3714 4196 episc0pus

427 4211 529 4262 res,
555 4198 646 4270 sed
661 4199 934 4253 duodecim
957 4199 1135 4254 habuit
1162 4199 1446 4269 discipulos
1473 4199 1745 4270 speciales,
1777 4208 1886 4254 etc.
1923 4199 2011 4253 ubi

425 4281 551 4338 enin
599 4269 801 4324 Dextro
848 4272 1025 4338 potius
1079 4275 1416 4325 concordare
1471 4269 1712 4334 videtur,
1759 4273 1851 4338 qui
1895 4271 2009 4324 ait:

427 4336 627 4414 Multos
651 4336 935 4414 discipulos
967 4343 1278 4414 (pracipuos
1298 4352 1469 4395 autem
1491 4357 1700 4395 numero
1718 4336 2011 4414 duodecim)

425 4409 479 4461 in
517 4407 829 4480 Hispaniain
857 4407 1030 4467 secum
1054 4407 1246 4484 portat.
1291 4414 1534 4479 Quorum
1588 4426 1766 4468 tamen
1811 4407 2014 4468 verbo;-

428 4493 557 4552 rum
585 4497 692 4537 non
725 4494 808 4537 est
837 4499 1062 4550 sensus,
1091 4499 1188 4541 eos
1219 4500 1410 4540 omnes
1457 4487 1508 4540 in
1556 4484 1870 4552 Hispaniam
1916 4484 2012 4539 de-

429 4549 677 4626 duxisse,
701 4569 837 4626 quos
862 4557 1118 4613 nimirum
1147 4568 1270 4612 ante
1291 4571 1573 4612 accessum
1603 4549 1670 4610 ad
1693 4558 1864 4626 ipsam
1883 4569 2014 4610 con-

435 4623 845 4690 vertisset,’boc
875 4629 1022 4682 enim
1062 4643 1250 4683 verum
1282 4643 1390 4683 non
1421 4637 1537 4683 est:
1565 4626 1661 4682 sed
1685 4623 1780 4682 eos
1803 4628 1856 4682 in
1889 4627 2014 4681 llis-

425 4694 663 4774 Ρίξηίξυη,
688 4695 802 4774 huc
825 4710 928 4767 εει,
966 4701 1104 4774 intra
1137 4699 1453 4774 Hispaniam
1483 4702 1552 4753 ah
1583 4713 1688 4752 una
1736 4699 1856 4768 ejus
1883 4713 2013 4770 pro-

431 4765 608 4818 vincia
635 4766 703 4821 ad
733 4769 890 4823 aliam
915 4765 1192 4826 transiens
1221 4765 1535 4826 deduxisse.

427 4902 440 4917 .
500 4836 756 4917 Assignat
799 4850 979 4917 autem
1016 4843 1212 4898 Dexter
1235 4841 1534 4917 discipulos
1579 4839 1823 4917 Apostoli
1873 4857 2011 4912 quos

425 4905 478 4987 i_n
510 4905 764 4987 Hispania
799 4910 986 4987 habuit
1019 4931 1044 4987 :_
1067 4929 1188 4987 nam
1222 4915 1289 4967 de
1320 4905 1551 4987 Phileto.
1589 4905 1926 4987 Hermogene
1953 4922 2010 4970 et

425 4976 1193 5059 Josia,’quosAllierosolymis
1221 4995 1342 5059 post
1370 4985 1671 5059 discessum
1712 4976 2010 5059 ab'llispa-

425 5054 515 5103 nia
545 5054 839 5118 convertit,
895 5055 984 5110 hic
1023 5054 1132 5110 non
1161 5056 1426 5119 meminit,
1457 5062 1506 5109 et
1539 5069 1663 5108 cum
1690 5054 1841 5110 solus
1868 5056 2012 5111 Dex-

426 5129 510 5197 ter
556 5127 982 5197 totenumeret,
1032 5142 1194 5182 nemo
1227 5137 1333 5180 tam
1381 5125 1613 5193 diligens
1643 5125 1813 5182 hacin
1846 5127 2008 5197 reju-

425 5191 594 5267 dicari
625 5193 819 5267 debet;
849 5208 903 5252 et
933 5191 1112 5253 tamen
1143 5198 1328 5252 nullus
1375 5191 1590 5252 illorum
1637 5207 1722 5252 est
1761 5198 1829 5253 de
1856 5191 2010 5267 cujus

425 5264 745 5332 Apostolico
814 5269 916 5324 sub
959 5269 1145 5325 Jacobi
1191 5269 1542 5337 discipulam,
1575 5282 1681 5321 non
1713 5264 2011 5327 habeamus

422 5349 590 5409 grave
611 5337 1044 5409 _te§timonium.
1079 5340 1185 5396 Sed
1217 5341 1512 5394 invisamus
1555 5340 1821 5409 singulos.

495 5407 558 5460 l°
598 5406 670 5481 S.
694 5407 906 5481 Petrus.
953 5411 1300 5466 Bracarensis
1331 5406 1910 5481 .episcopus'primus,
1941 5414 2010 5470 de

2117 4204 2242 4266 post
2281 4197 2338 4252 S.
2381 4195 2643 4251 Jacobum
2696 4195 3024 4263 apostolum.
3083 4195 3414 4254 N0tissiiiius
3465 4195 3715 4252 ’onininm

2114 4267 2503 4338 discipulorum
2531 4269 2766 4334 apostoli
2801 4269 2884 4323 hic
2905 4279 3013 4336 est,
3038 4285 3198 4338 quem
3229 4276 3571 4337 cognoscunt
3606 4268 3720 4323 Leo

2118 4338 2182 4393 Ill
2213 4336 2268 4392 ct
2291 4336 2530 4393 Calixtus
2558 4338 2598 4393 ll
2631 4339 2998 4406 Belvaccnsis,
3033 4336 3090 4394 et
3127 4341 3218 4396 alii
3253 4336 3385 4396 dum
3423 4340 3493 4394 de
3529 4342 3586 4394 ὃ.
3631 4340 3720 4394 Ja-

2114 4410 2252 4464 ρυϋο
2281 4418 2476 4479 agunt:
2511 4410 2852 4466 Breviarium
2884 4412 3266 4475 Cordubense,
3291 4422 3347 4468 et
3397 4412 3716 4476 Eborensc,

2114 4491 2168 4535 ct
2195 4479 2310 4536 lere
2337 4484 2519 4535 omnia
2552 4483 2769 4551 antiqua
2803 4482 3078 4551 Hispania:
3110 4483 3386 4539 Breviaria
3419 4501 3432 4536 :
3467 4483 3720 4545 Pelagius

2114 4553 2424 4618 Ovetensis,
2456 4553 2693 4621 Vasznus,
2729 4553 2986 4619 Mariana,
3011 4553 3252 4618 Marieta,
3293 4567 3344 4610 et
3365 4554 3547 4609 caeteri
3591 4553 3718 4608 llis-

2115 4625 2237 4693 pani
2260 4623 2557 4692 scriptores
2585 4641 2600 4678 :
2633 4633 2689 4679 et
2715 4625 2830 4694 ipse
2855 4626 2905 4679 id
2938 4625 3007 4680 de
3027 4639 3086 4680 se
3108 4623 3309 4680 fatetur
3330 4626 3382 4680 in
3415 4624 3720 4693 fragmento

2113 4695 2257 4764 quod
2279 4695 2528 4764 superius
2555 4696 2880 4751 adduximus
2906 4694 2976 4751 de
2999 4696 3057 4751 S.
3086 4696 3248 4751 Petro
3274 4695 3594 4751 Bracarensi
3624 4695 3710 4748 iu-

2112 4767 2302 4839 quiens
2334 4763 2355 4820 :7
2389 4763 2625 4821 Iacobus
2654 4766 2892 4839 Zebedari
2921 4767 3062 4836 ﬁlius
3095 4769 3344 4839 magister
3380 4783 3578 4839 meus,_
3600 4775 3714 4839 etc.

2113 4836 2482 4962 IM..Maximus
2510 4839 2562 4894 in
2603 4839 2723 4908 ejus
2772 4837 3038 4894 honorem
3093 4836 3426 4909 epigramma
3473 4836 3718 4909 scripsit.

2137 4919 2305 4962 ncimt
2324 4922 2496 4962 vero:

2137 4919 2305 4978 neiptt
2324 4922 2456 4964 vero
2483 4927 2496 4964 :

2267 5022 2460 5073 Primus
2481 5022 2772 5073 Athanasius
2795 5029 2958 5072 nostra
2981 5021 3035 5072 lit
3062 5022 3236 5086 praesul
3254 5023 3301 5086 in
3324 5022 3471 5086 urbe,

2329 5085 2678 5148 Angeliczeque
2703 5086 2876 5137 domus
2899 5084 3396 5150 pastor'honoritlcus.

2112 5187 2344 5247 Inferius
2365 5205 2498 5246 vero
2527 5191 2644 5247 haec
2674 5189 2876 5247 habet:

2267 5303 2424 5370 Macte
2450 5306 2595 5370 animi
2620 5305 2805 5370 pietate
2827 5317 3008 5370 senex,
3035 5303 3335 5370 praesulque,
3353 5309 3628 5370 paterque,

2331 5367 2614 5431 Discipulos
2631 5366 2800 5417 Jacobi
2827 5381 2904 5429 es,
2929 5366 3320 5431 Pontiﬁcumque
3337 5366 3509 5418 decus.

424 5480 708 5574 item}?
737 5480 1905 5574 iiﬁ'lptzimjkuz.“3993.,95‘3._§"Pl?}"§
1927 5495 2010 5574 est
2041 5514 2090 5574 ι)
2115 5493 2372 5574 ιίιινει.ἀε
2397 5509 2462 5574 ορ
2492 5495 2606 5550 suis
2636 5493 2778 5574 locis.
2812 5495 2970 5574 aenis
2998 5494 3180 5574 te-“
3202 5566 3214 5574 _
3236 5495 3325 5574 ξίοο
3375 5494 3717 5574 Εείιημείιυε

425 5555 689 5624 martyrio
743 5568 886 5624 anno
914 5553 1004 5620 45,
1049 5553 1138 5608 die
1167 5553 1237 5608 26
1290 5552 1511 5621 Aprilis.
1557 5567 1665 5622 quo
1705 5555 1912 5624 agitde
1944 5571 2011 5612 eo

429 5623 874 5692 martyrologimn
910 5624 1067 5681 Rom.
1098 5623 1293 5680 Usuar.
1329 5633 1384 5677 et
1409 5624 1499 5677 alii
1528 5635 1805 5680 auctores.

475 5687 672 5770 βῶξ.
711 5687 940 5770 Basilius
980 5695 1248 5752 secundus
1305 5695 1650 5770 Bracarensis
1697 5696 2010 5770 episcopus.

426 5759 559 5828 Ejus
597 5762 982 5834 discipulatttm
1029 5775 1277 5824 notatum
1310 5765 1534 5838 reliquit
1587 5769 1644 5822 ὃ.
1696 5759 2015 5830 Α’[ιίιδιέδίυε

2117 5565 2368 5636 superius
2395 5567 2460 5620 ad
2483 5581 2682 5621 annum
2711 5567 2803 5632 35,
2833 5567 3047 5623 Comm.
3075 5565 3132 5634 2,
3165 5565 3254 5620 ubi
3285 5565 3593 5622 testimonio
3619 5565 3716 5622 Ju-

2121 5638 2247 5692 liani
2272 5638 2632 5703 ostendimus,
2662 5638 2804 5692 hunc
2825 5653 2950 5692 cum
2981 5637 3104 5692 aliis
3133 5641 3357 5692 missum
3391 5641 3558 5694 fuisse
3587 5639 3713 5693 Ilie-

2123 5709 2426 5780 rosolymaﬁs
2453 5709 2521 5764 ab
2549 5711 2801 5777 Hispanis
2829 5708 3032 5780 Judmis
3082 5723 3253 5778 super
3289 5719 3468 5764 morte
3515 5708 3718 5764 Christi

2127 5778 2362 5837 Domini.
2387 5778 2520 5837 Vide
2535 5780 2885 5837 Caledonium
2915 5789 2968 5836 et
2994 5779 3274 5850 llugonem
3299 5795 3466 5850 supra
3493 5781 3717 5837 relatos.
