4002 6342
2983 233 3007 259 1

357 275 463 336 151
538 270 544 276 ’
1408 271 1647 335 FLAVI]
1685 270 1867 333 LUCII
1906 268 2166 331 DEXTRI
2201 268 2613 331 CHRONICON.
3562 270 3671 331 152

344 395 430 473 Α.
456 392 638 471 C._43.
715 393 940 469 Sepulto
965 408 1200 469 corpore
1226 393 1586 453 sacratissimi
1612 391 1900 465 magistri:
1932 390 2241 464 Torquatus
2257 433 2273 463 ,
2305 387 2684 463 Thesiphous,
2704 385 2987 458 Caecilius,
3013 385 3205 459 lseius,
3234 385 3338 448 Ser
3364 384 3432 446 Δ.
3451 383 3520 446 R.
3538 385 3666 447 794.

793 490 1027 561 cuudus,
1058 490 1389 561 lndalecius,
1413 488 1747 564 Euphrasius
1775 486 2003 546 Romam
2033 497 2244 561 petunt.

1604 601 1865 660 BlVARll
1903 600 2480 661 COMMENTARIUS.

370 732 459 805 qui
483 729 683 805 primus
705 726 938 805 omnium
956 723 1331 805 Apostolorum
1340 720 1649 805 pradicant
1668 719 1724 775 in
1744 718 1853 803 oris
1864 717 1977 805 ρο·
2004 718 2058 782 Α
2079 717 2302 805 jamjam
2332 716 2669 805 descendere
2686 760 2723 805 ,I
2753 732 2818 801 ac
2846 716 3080 804 Romam
3099 799 3110 805 _
3121 726 3318 805 petere
3330 761 3346 805 τ
3364 717 3675 805 prmdictos

376 789 746 860 Eidc'ntalibus.
776 798 979 854 lleleca
1002 789 1167 853 etiam
1197 796 1252 851 in
1290 789 1659 850 additionibus
1687 792 1822 860 suis,
1855 789 1974 845 Me-
2081 789 2290 860 Septem
2320 790 2616 861 discipulos
2655 789 2725 847 ad
2757 790 2930 861 ipsum
2968 789 3201 845 'nuntios
3228 791 3476 856 mittere,
3522 798 3583 845 ut
3623 791 3675 847 ei

378 859 569 939 inuria,
618 870 828 942 diesque
879 875 1036 942 festus
1057 866 1203 942 (ait)
1235 865 1321 942 Διιι)Δ
1350 865 1513 942 ipsius
1547 865 1618 942 _in_
1660 862 1979 942 Ilispaniam
2082 859 2490 942 translationem
2523 859 2855 942 corporis'S:
2886 859 3209 942 JacobiLct
3238 877 3331 918 res
3358 861 3674 942 ll_iSp_anicae

376 934 641 1018 ingressu.
674 934 755 999 S.'
782 934 968 996 Jacobi
1005 934 1388 1018 ﬁlii_gebedmi
1435 935 1643 992 celebris
1675 934 1975 1018 habebatur.

384 1006 535 1073 Vixit
560 1015 649 1070 hic
678 1024 867 1070 auctor
892 1006 1037 1067 anno
1062 1009 1168 1066 830
1189 1023 1299 1080 quo
1328 1012 1576 1079 tempore
1604 1015 1726 1080 post
1760 1006 1979 1080 Mauru-

385 1087 602 1160 runtlin
642 1085 894 1160 Hispania
923 1075 1376 1160 devastationem,
1406 1075 1527 1160 qua
1566 1075 1875 1160 sepulcrum
1913 1075 1976 1160 8ἶ

384 1159 574 1216 Jacobi
592 1159 644 1214 in
669 1147 998 1212 oblivionem
1020 1155 1338 1218 transierat,
1362 1147 1980 1206 aTheodomirolricnsi

391 1232 651 1303 episcopo
681 1229 888 1303 iterum
907 1231 1337 1303 repertum_est_,_
1357 1222 1811 1303 praeguntjbusnet
1839 1234 1980 1303 pra:-

390 1291 827 1357 nionstrantibus
876 1291 1054 1352 locnm
1107 1291 1424 1351 cmlestibus
1476 1291 1784 1348 luminariis
1836 1292 1981 1347 circa

394 1387 595 1428 annum
623 1369 827 1426 ChriSIi
879 1369 1006 1439 850,
1046 1366 1148 1439 sub
1175 1380 1305 1439 rege
1344 1364 1631 1439 Alphonso
1656 1365 1984 1439 cognomine

390 1445 585 1508 Casto;
618 1441 707 1513 qui
736 1448 960 1513 accepto
993 1431 1203 1513 nuntio,
1236 1431 1787 1513 festinantemmagna
1815 1431 1984 1513 animi

392 1504 684 1571 devotione
704 1504 954 1567 cucurrit
984 1510 1051 1565 ad
1079 1507 1425 1564 venerandas
1453 1507 1700 1578 Apostoli
1726 1504 1983 1570 exuvias;

393 1586 725 1654 doaavitquc
761 1583 810 1636 ci
853 1578 1449 1654 trialmilliarialuudi
1497 1591 1715 1654 quaqua
1744 1590 1981 1654 versum.

390 1647 691 1728 Apostolns
715 1668 847 1708 vero
867 1652 983 1728 regi
1006 1652 1229 1728 Ramiro
1256 1647 1529 1720 Alphonsi
1549 1648 1890 1728 successori,
1908 1647 1989 1702 vi-

393 1719 651 1785 déntibus
701 1723 911 1780 cunctis
939 1719 1034 1793 qui
1086 1722 1333 1793 aderant,
1390 1735 1514 1776 sese
1571 1720 1640 1793 in
1674 1719 1985 1793 praesidium

394 1798 649 1870 praebuit,
685 1794 936 1870 _in_bello
961 1788 1049 1870 Lde
1079 1792 1303 1865 Clacijo,
1348 1806 1458 1870 quo
1503 1788 1737 1870 vectigal
1784 1788 1990 1870 infame

397 1861 618 1926 centum
636 1861 914 1936 'virginum
956 1861 1259 1936 Sarracen'o
1289 1861 1402 1935 regi
1436 1861 1733 1936 quotannis
1772 1861 1991 1917 solven-

397 1942 590 1997 darum
638 1933 874 1992 ablatum
921 1945 1029 1993 est.
1070 1936 1131 2006 In
1169 1934 1324 2006 cujus
1361 1933 1750 2006 gra'titudinem
1791 1947 1891 1988 rex
1934 1941 1992 2006 et

396 2012 612 2069 nobiles
664 2018 1057 2086 concesserunt
1096 2002 1400 2086 Apostolo;
1427 2004 1815 2086 privilegium,
1842 2002 1989 2086 quod

397 2090 618 2146 vocant,
651 2080 715 2134 de
744 2080 820 2135 los
847 2078 1009 2135 Votos
1031 2096 1051 2134 :
1079 2074 1263 2135 datum
1285 2074 1610 2148 Callagurrii
1629 2074 1727 2148 die
1745 2075 1818 2148 22
1842 2074 1989 2141 Maii,

401 2158 509 2212 Era
542 2152 670 2221 872,
712 2151 803 2223 qui
849 2160 932 2223 est
972 2165 1146 2206 annus
1179 2149 1380 2223 Christi
1422 2146 1810 2223 854._Deind_e
1849 2160 1992 2201 anno

407 2225 572 2289 1045,
603 2216 800 2279 iterum
829 2220 1063 2278 visibilis
1087 2222 1326 2293 armiger
1356 2220 1528 2293 factus
1552 2216 1869 2293 Apostolus,
1901 2231 1997 2272 au-

407 2296 541 2353 xilio
559 2288 674 2350 luit
696 2293 1046 2350 Ferdinando
1075 2293 1212 2363 regi,
1233 2288 1568 2363 cognomine
1588 2288 1804 2363 Magno,
1831 2302 1999 2363 super

409 2365 875 2425 Connimbricam.
908 2360 1477 2434 Demum'Alphnnsus
1504 2376 1605 2434 res
1635 2360 1821 2434 itidem
1852 2360 2002 2434 Mag-

406 2453 512 2495 nus
563 2444 930 2519 nuncupatus;
965 2450 1137 2519 nepos
1179 2431 1415 2519 Ramiri,
1444 2431 1719 2519 templum
1732 2431 2001 2519 Apostolo

407 2504 856 2582 augustissimum
896 2504 1170 2582 condidit;
1221 2505 1291 2582 ad
1327 2504 1486 2582 cujus
1528 2504 2001 2582 consecrationem

411 2574 574 2656 (teste
622 2579 889 2659 Samper
912 2577 1251 2659 Asturice_nsi
1277 2574 1558 2659 episcopo,
1591 2574 1713 2643 ejus
1740 2574 2003 2659 temporis

411 2644 658 2723 auctore)
688 2644 1084 2723 Joannesi’apa
1109 2648 1229 2723 Vill
1252 2644 1397 2723 misit
1421 2644 1654 2723 legatum
1674 2644 2006 2723 suun1_Ray-

411 2716 660 2789 naldum,
693 2736 817 2778 cum
852 2716 1061 2779 Severo
1101 2731 1158 2776 et
1188 2716 1628 2792 Syde_ric_o_re_g_is
1657 2716 2001 2792 oratoribus;

414 2811 536 2862 qua:
555 2787 829 2850 dedicatio
856 2792 1130 2848 celebrata
1159 2787 1262 2846 luit
1289 2790 1378 2862 die
1399 2788 1433 2844 6
1447 2787 1768 2862 Maii,lann_o
1790 2787 2004 2862 Domini

414 2858 543 2933 865,
578 2863 1057 2929 interessentibus,
1082 2869 1246 2931 atque
1262 2861 1511 2933 diploma
1535 2858 2007 2933 subscribentibus

415 2929 624 3012 Joanne
642 2935 901 3012 Aucensi,
934 2929 1223 3012 Vincentio
1251 2929 1599 3012 Legioneusi,
1619 2929 1880 3012 gemello
1904 2929 2008 2987 As-

416 3007 698 3072 turicensi,
749 3000 1134 3076 Ermenegildo
1160 3000 1437 3070 Ovetensi,
1480 3001 1731 3076 Dulcidjo
1759 3000 2010 3076 Salman-

417 3078 639 3147 ticensi,
663 3077 871 3133 Nausto
890 3072 1348 3140 Coriimbricensi,
1373 3073 1645 3147 Argimiro
1664 3072 2006 3147 Lamacensi,

421 3142 787 3207 Theodemiro
829 3147 1077 3218 Visensi,
1132 3146 1413 3218 Gumaldo
1451 3142 1788 3218 PutjtuensiL
1806 3142 2011 3218 Jucobo

421 3220 725 3285 Cauriensi,
779 3214 1071 3290 Argimiro'
1100 3215 1698 3290 Bracarensi,_Didaco
1745 3214 2007 3290 'l‘udensi,

421 3292 576 3362 Egila
599 3285 886 3357 Auriensi;
902 3288 1208 3347 Sisenando
1228 3288 1440 3362 lriensi,
1463 3285 1730 3362 Ricaredo
1756 3285 2010 3355 Lucensi,

425 3357 812 3419 Theoderindo
831 3362 1185 3424 Britoniensi,
1210 3360 1477 3418 etHeleca‘
1498 3357 2009 3430 Ctesaraugustano,

426 3436 720 3506 episcopis.
771 3434 848 3489 Ita
891 3435 1135 3506 referunt
1161 3432 1463 3506 Rodericus
1504 3429 1820 3506 :l'oletantts,
1864 3431 2003 3489 Hist.

424 3501 579 3577 ll'isp.
612 3501 708 3577 lib.
735 3520 790 3571 v,
824 3519 946 3577 cap.
964 3506 1075 3577 47;
1104 3504 1281 3575 Lucas
1306 3502 1376 3577 de
1403 3501 1925 3577 'l‘ude,_S_ampvrus;
1958 3515 2014 3561 et

427 3594 498 3633 ex
525 3573 606 3634 eis
634 3573 1017 3648 Moralesﬂib.
1062 3573 1143 3644 η’,
1171 3590 1294 3648 cap.
1323 3575 1377 3630 7.
1407 3574 1527 3642 Quo
1550 3573 1740 3629 videas
1775 3573 1890 3629 falli
1919 3591 2016 3633 eos

424 3649 521 3720 qui
564 3657 754 3718 putant
795 3647 1197 3705 dedicationem
1235 3647 1417 3720 istam,
1463 3647 1818 3720 et_corporis_
1838 3649 2015 3720 sancti

424 3714 799 3776 inventionem
823 3719 1017 3774 factam
1045 3720 1151 3776 sub
1169 3733 1298 3775 cura
1319 3714 1701 3788 CarolilMagni
1720 3730 1751 3771 a
1774 3715 2016 3788 Turpino

428 3791 709 3856 Remensi,
734 3800 790 3847 et
813 3791 937 3847 aliis
960 3792 1031 3848 60
1059 3790 1329 3862 episcopis
1349 3786 1746 3862 (quodmirum
1772 3797 1858 3862 est
1894 3786 2014 3857 pla-

425 3862 604 3918 cuisse
640 3863 876 3918 Baronio
925 3864 981 3918 in
1027 3857 1169 3919 notis
1204 3857 1272 3918 ad
1322 3857 1469 3919 diem
1510 3859 1583 3916 25
1620 3857 1751 3933 Julii
1789 3858 2010 3933 Martyr.

424 3933 637 4003 Rom.),
685 3948 807 3989 cum
842 3943 1193 4005 compertum
1234 3935 1304 3989 sit
1348 3932 1604 3991 Carolum
1631 3930 1834 3988 obiisse
1871 3930 2016 3990 anno

428 4006 556 4070 814,
591 4007 664 4061 ita
706 4004 941 4075 sepulcri
984 4004 1071 4061 sui
1114 4004 1391 4076 epitaphio
1436 4010 1773 4076 attestaute»;
1816 4016 2015 4076 corpus

427 4091 561 4131 vero
598 4073 828 4147 apostoli
847 4073 1279 4147 repertum—luit
1297 4084 1483 4146 postea
1523 4089 1667 4129 anno
1704 4073 1830 4147 850,
1860 4073 2016 4147 cujus

432 4152 513 4203 rci
536 4155 593 4203 et
611 4144 778 4202 totius
807 4144 1049 4201 historiae
1076 4144 1309 4202 exstant
1329 4147 1687 4200 instrutnenta
1710 4144 1761 4198 in
1779 4145 2015 4201 archivis

433 4218 683 4274 ecclesiae
708 4217 1182 4288 Compostellanac.
1212 4216 1321 4274 Sed
1347 4217 1418 4272 de
1442 4213 1527 4270 his
1542 4218 1705 4288 satis.

503 4290 648 4345 A.C.
667 4288 760 4344 45.
781 4285 1099 4357 -—'Sepulto
1118 4304 1354 4358 corpore,
1389 4295 1497 4343 etc.
1526 4286 1659 4358 Cum
1688 4286 1747 4358 S.
1782 4285 2017 4358 lacubus

427 4356 1001 4432 martyriumsubicrit
1028 4358 1117 4414 die
1130 4356 1217 4432 25
1230 4359 1405 4414 Martii
1427 4357 1553 4432 anni
1578 4356 1796 4432 Domini
1820 4357 1915 4432 42,
1959 4374 2016 4417 et

427 4428 628 4503 corpus
662 4431 835 4513 ipsius
864 4440 1028 4513 noctu
1062 4429 1333 4513 sublatum
1355 4444 1386 4485 a
1413 4428 1694 4513 discipulis
1719 4430 1863 4499 apud
1885 4430 2017 4513 Jup-

428 4500 551 4574 pern
582 4500 762 4558 navim
783 4504 1042 4573 ingressis
1060 4512 1269 4574 septem
1296 4503 1584 4574 dumtaxat
1607 4500 1817 4574 dierum
1838 4500 2015 4573 spatio

424 4571 482 4631 in
512 4574 821 4645 Hispaniam
845 4571 1085 4631 delatum
1118 4571 1277 4629 fuerit
1297 4571 1464 4645 (quod
1485 4586 1563 4645 es
1581 4572 1739 4629 dictis
1766 4571 2014 4644 superius

423 4643 641 4717 liquet),
666 4661 950 4717 necessum
976 4656 1081 4717 est,
1109 4653 1166 4700 ut
1197 4643 1352 4717 tertia
1372 4643 1461 4717 vel
1470 4643 1514 4717 _4
1534 4643 1623 4700 die
1643 4643 1844 4715 Aprilis
1862 4645 2011 4717 ejus-

426 4714 550 4774 dem
572 4714 701 4774 anui
723 4716 878 4774 lriam
901 4716 1139 4775 Flaviam
1159 4714 1445 4788 appulerit.
1468 4714 1812 4773 Decerta’tum
1830 4714 2010 4775 autem

426 4802 510 4845 εει
549 4805 671 4846 cum
715 4789 947 4861 Luparia
989 4799 1045 4845 et
1071 4788 1280 4861 Regulo
1314 4788 1791 4861 aliquotmeuses,
1822 4792 2010 4860 quain

424 4876 490 4916 re
517 4871 572 4918 et
598 4864 651 4917 in
680 4859 1067 4919 convocatione
1095 4859 1292 4930 Elpidii
1320 4902 1335 4927 ,
1362 4859 1543 4916 Basilii
1568 4902 1584 4927 ,
1616 4859 1917 4930 Athanasii,
1947 4879 2012 4921 ac

426 4933 758 5005 reliquorum
808 4932 1198 5003 discipulorum
1220 4975 1236 5000 ,
1268 4932 1359 5003 qui
1402 4946 1501 5002 per
1524 4934 1811 5005 Hispanias
1853 4935 2012 4993 divisi

426 5013 605 5072 erant,
648 5004 715 5060 ad
747 5005 935 5060 altaris
964 5014 1023 5061 et
1062 5005 1296 5075 sepulcri
1324 5006 1606 5076 apostolici
1630 5004 2015 5064 consecratio-

428 5090 576 5139 nem,
610 5076 880 5148 reliquum
911 5077 1040 5133 anni
1066 5077 1399 5147 insumptum
1425 5076 1561 5133 fuit:
1593 5093 1717 5135 nam
1740 5086 1796 5134 et
1823 5093 2015 5137 conse-

428 5148 604 5223 cratio
626 5156 691 5223 ut
714 5147 782 5204 ex
811 5148 1099 5223 traditioue
1124 5147 1419 5223 habemus,
1445 5150 1672 5223 contigit
1695 5149 1785 5207 die
1814 5150 1884 5206 50
1912 5150 2018 5210 De-

430 5219 694 5295 cembris,
724 5219 965 5295 quo_ja_m
986 5235 1018 5274 a
1037 5219 1328 5295 Nativjtate
1351 5220 1552 5295 Christi
1577 5219 1822 5295 e'mperat
1841 5238 2017 5281 annus

430 5290 526 5365 45.
545 5290 714 5365 Recte
730 5291 958 5365 proiude
990 5292 1152 5365 modo
1177 5292 1377 5348 Dexter
1394 5290 1782 5365 profectionem
1805 5304 2015 5365 septem

429 5361 819 5437 discipulorum
851 5362 1077 5437 Romam
1098 5364 1162 5437 in
1194 5378 1397 5437 annum
1414 5363 1495 5437 4'5
1519 5366 1715 5437 rejicit.
1763 5361 2016 5434 Quinimo

430 5433 684 5489 existimo
710 5479 724 5504 ,
766 5436 1053 5511 nonjllico
1080 5435 1198 5511 iter
1221 5433 1688 5511 arripuissefsed
1727 5433 2013 5511 postquam

429 5519 537 5578 per
568 5520 784 5578 menses
830 5507 1037 5577 aliquot
1080 5504 1422 5578 Evangeli’cze
1469 5504 1885 5578 praedicationis
1914 5526 2013 5567 ne-

429 5576 579 5645 gotio
611 5577 750 5633 bene
777 5576 1081 5634 consaltum
1109 5577 1227 5644 fuit,
1260 5586 1315 5633 et
1341 5576 1603 5637 custodim
1642 5583 1781 5637 sacri
1821 5595 2015 5645 corpo-

431 5596 579 5645 gout)
612 5596 750 5633 uene
777 5596 1081 5634 CODSUllllm
1109 5596 1227 5644 lllll,
1260 5596 1315 5633 et
1341 5596 1603 5637 cuswutm
1642 5597 1781 5637 sacri
1821 5596 1915 5637 cor
1956 5597 2011 5637 o-

431 5647 530 5702 ris.
562 5647 771 5724 Placuit
793 5660 971 5724 autent
996 5649 1356 5724 prtesulibus,
1398 5650 1456 5707 S.
1493 5651 1680 5711 Jacobi
1709 5596 2011 5724 discipuris,

432 5733 555 5773 cum
581 5722 785 5777 scirent
812 5721 1194 5794 Apostolorum
1232 5720 1534 5794 principem
1561 5740 1591 5781 e
1619 5720 1861 5781 careere'
1878 5724 2014 5781 libe-

429 5801 628 5859 ratum,
660 5792 1137 5851 relictaOrientali
1168 5792 1455 5866 Ecclesia,
1507 5797 1560 5854 in
1603 5797 2007 5857 Occidentalem

2020 2121 2070 2182 B

2080 932 2451 990 conversionis
2473 932 2539 988 ad
2569 935 2743 1002 ipsum
2766 932 3055 989 referrent.
3087 932 3223 1004 Sive
3248 947 3379 988 vero
3401 932 3505 1004 ipsi
3535 948 3677 1004 pra:-

2082 1004 2331 1062 veucrint
2354 1004 2675 1076 Apostolum
2705 1004 2954 1072 Romam,
2986 1004 3058 1076 ita
3085 1003 3230 1074 quod
3255 1004 3383 1060 illuc
3413 1020 3680 1074 pervene-

2081 1079 2193 1133 rint
2240 1091 2388 1133 anuo
2430 1077 2541 1148 1⁸5,Δ
2569 1076 2685 1148 sive
2726 1075 3004 1148 subsecuti
3051 1075 3163 1148 sint
3202 1090 3348 1131 anno
3394 1076 3675 1148 sequenti,

2083 1158 2291 1205 certum
2322 1158 2407 1204 est
2434 1163 2501 1204 es
2530 1146 2614 1202 his
2657 1162 2780 1216 quas
2808 1145 3045 1202 diximus
3069 1146 3137 1202 ad
3166 1162 3371 1202 annuat
3400 1145 3493 1212 ιζ
3524 1156 3578 1203 et
3607 1163 3677 1204 ex

2084 1218 2307 1277 Eusebii
2335 1219 2651 1275 testimonio
2681 1218 2736 1273 in
2768 1218 3063 1286 Chronico,
3092 1219 3153 1274 S.
3196 1218 3419 1275 Petrum
3447 1216 3677 1275 Romam

2085 1292 2385 1348 accessisse
2415 1306 2556 1345 anno
2589 1291 2660 1346 44
2691 1289 2909 1345 Domini
2946 1305 2960 1344 :
2993 1288 3240 1345 fundavit
3276 1300 3455 1346 autem
3487 1290 3677 1346 sedem

2086 1378 2182 1419 seu
2209 1361 2526 1418 cathedram
2570 1360 2873 1417 Romanam
2911 1361 3003 1416 die
3035 1361 3103 1417 18
3129 1360 3396 1428 Januarii,
3440 1377 3549 1432 quo
3593 1360 3678 1416 fc-

2086 1443 2231 1490 stum
2259 1435 2380 1503 ejus
2407 1433 2734 1489 celebratur.
2768 1432 2888 1501 Quo
2918 1432 3013 1487 (iet
3058 1443 3117 1487 ut
3159 1433 3350 1489 eodem
3399 1448 3543 1487 anno
3580 1432 3678 1500 44,

2087 1506 2265 1576 ipsum
2292 1504 2870 1576 convenerintRomae,
2895 1516 2949 1559 et
2975 1503 3044 1560 ab
3072 1504 3269 1560 eodem
3296 1504 3560 1576 Apostolo
3586 1519 3683 1560 or-

2088 1574 2262 1633 dinati
2292 1574 2405 1631 sint
2427 1575 2691 1646 episcopi.
2715 1576 2884 1643 Cujus
2911 1575 3034 1631 freti
3055 1574 3382 1632 auctoritate
3404 1576 3457 1630 in
3484 1575 3683 1646 Hispa-

2092 1651 2232 1704 niam
2286 1648 2494 1703 reversi
2548 1645 2707 1715 sunt,
2762 1647 2817 1700 in
2872 1645 3100 1703 urbibus
3155 1647 3368 1702 Bmticm
3423 1645 3682 1702 littoralis

2090 1718 2470 1791 praedicaturi;
2499 1718 2935 1789 quandoquidem
2962 1727 3177 1791 celeras
3201 1720 3455 1791 regiones
3477 1718 3683 1790 praedi-

2090 1789 2303 1847 catores
2335 1798 2391 1845 et
2420 1792 2709 1861 episcopos
2744 1803 2875 1861 suos
2905 1789 3177 1861 habebant
3203 1807 3219 1845 :
3248 1789 3394 1860 quod
3424 1804 3490 1845 ex
3520 1803 3687 1861 supe-

2091 1862 2208 1919 rius
2235 1861 2397 1918 dictis
2425 1860 2492 1917 ad
2516 1876 2718 1916 annum
2749 1860 2817 1916 56
2835 1871 2890 1917 et
2917 1860 2987 1915 57
3016 1860 3224 1932 liquido
3252 1868 3486 1918 constat.
3504 1860 3687 1932 Quare

2091 1935 2312 1990 dubium
2353 1948 2462 1988 non
2512 1933 2582 1988 sit
2622 1932 3049 2004 Eysengreuium
3076 1931 3215 2004 'sine
3254 1942 3392 1989 teste
3435 1932 3586 2004 loqui
3628 1931 3685 1987 in

2092 2005 2361 2062 Chronico
2391 2002 2817 2076 Spirensi,'dum
2847 2018 2990 2076 anno
3016 2004 3088 2061 45
3117 2003 3321 2076 Christi
3349 2003 3511 2060 decet
3545 2002 3687 2059 Tor-

2095 2083 2395 2148 quatumlet
2418 2074 2597 2148 socios
2624 2074 2810 2130 Romae
2833 2075 3126 2148 episcopos
3143 2075 3425 2148 ordinatos
3455 2092 3467 2129 :
3499 2083 3686 2148 etnon

2099 2146 2402 2204 audiendus
2432 2147 2683 2203 similiter
2711 2148 3011 2213 Baronius,
3039 2146 3131 2217 qui
3160 2146 3229 2202 ad
3250 2161 3472 2217 annum
3502 2146 3574 2203 46
3604 2162 3690 2202 re-

2103 2220 2216 2290 iicit
2247 2218 2384 2274 hanc
2412 2218 2838 2282 ordinationem,
2868 2229 2920 2274 et
2942 2216 2997 2273 in
3025 2233 3091 2273 eo
3116 2216 3406 2290 quodcum
3428 2217 3693 2274 concedat

2143 2298 2318 2346 etrum
2348 2304 2492 2345 anno
2520 2291 2591 2346 44
2618 2290 2844 2344 Romam
2875 2287 3205 2359 accessisse,
3234 2287 3354 2346 sine
3380 2304 3543 2345 causa
3571 2305 3692 2344 erc-

2101 2361 2339 2433 ctionem
2383 2359 2861 2433 cathedrmrejicit
2886 2362 2952 2433 in
2996 2376 3197 2417 annum
3236 2370 3553 2433 sequentem
3578 2359 3687 2427 45;

2100 2448 2209 2489 non
2235 2432 2379 2504 enim
2402 2431 2500 2488 fuit
2527 2431 2674 2488 aliud
2704 2431 2982 2488 cathedrae
3002 2433 3228 2497 erectio,
3252 2431 3419 2504 quam
3440 2446 3694 2489 accessus

2076 2503 2221 2576 ‘ejus
2248 2503 2512 2573 Romam,
2547 2519 2670 2560 cum
2698 2504 2870 2576 ipsius
2901 2510 3141 2576 potestas
3168 2503 3279 2559 non
3296 2503 3638 2576 dependeret
3654 2518 3693 2576 ra

2105 2575 2457 2647 possessione
2478 2577 2659 2643 aliqua
2680 2575 2942 2647 canonice
2960 2575 3300 2647 accipienda.
3327 2575 3385 2631 ιη
3406 2590 3516 2647 quo
3538 2575 3696 2647 nobis

2104 2645 2464 2716 adstipulatur
2492 2652 2682 2702 auctor
2707 2646 2972 2704 Thesauri
2998 2645 3452 2703 Concionatorutn
3482 2647 3539 2702 itt
3572 2645 3693 2703 Vita

2106 2719 2165 2776 S.
2198 2717 2367 2775 Petri.
2402 2718 2528 2790 Dies
2554 2728 2738 2774 autem
2775 2733 2884 2788 quo
2913 2719 2966 2774 in
3004 2718 3320 2790 llispaniam
3351 2718 3597 2790 appulsi,
3625 2718 3694 2775 ad

2106 2790 2379 2862 civitatem
2405 2789 2735 2862 ,Accitanam
2778 2789 2948 2862 (nunc
2991 2788 3227 2862 Gaudia.)
3254 2788 3595 2862 pervenere,
3641 2799 3698 2862 et

2107 2861 2369 2918 miraculo
2400 2861 2616 2917 liberati
2663 2860 2811 2933 sunt,
2840 2862 3054 2917 videtur
3079 2861 3247 2919 fuisse
3277 2861 3344 2918 15
3373 2860 3532 2931 Maii,
3570 2860 3696 2933 quia

2107 2933 2293 2990 ea’die
2319 2933 2582 2988 memoria
2612 2931 2855 2989 omnium
2887 2947 3076 2989 eorum
3105 2933 3436 3001 celebratur,
3463 2931 3698 2990 ctnn'ta-

2109 3019 2234 3060 men
2276 3019 2385 3060 non
2423 3003 2642 3072 eadem,
2686 3004 2783 3061 sed
2833 3005 3065 3060 diversis
3106 3007 3160 3061 in
3199 3004 3365 3060 vitam
3416 3004 3696 3061 meliorem

2111 3074 2360 3131 translati
2386 3073 2493 3130 sint
2524 3091 2538 3129 :
2570 3075 2825 3131 nimirum
2857 3075 3139 3132 Secundus
3162 3075 3365 3144 2Maii,
3393 3075 3699 3131 lndaleeius

2109 3147 2181 3204 '50
2200 3146 2425 3217 Aprilis,
2455 3145 2801 3218 Thesiphons
2822 3148 2849 3203 1
2878 3148 3105 3218 Aprilis,
3129 3147 3378 3204 Cmcilius
3401 3148 3427 3203 1
3460 3147 3701 3203 Februa-

2110 3219 2199 3291 rii,
2219 3217 2407 3291 lsieius
2436 3218 2463 3273 1
2497 3217 2697 3291 Martii,
2715 3229 2832 3291 etc._
2855 3217 3107 3291 Satisque
3135 3219 3187 3276 id
3205 3218 3421 3276 videtur
3446 3219 3700 3291 innuere.

2112 3288 2273 3359 Rom.
2306 3288 2769 3363 Martyrologium,
2802 3289 2929 3345 dum
2952 3288 3701 3363 eumquemllsuardus‘vo-

2111 3369 2265 3433 caret
2295 3359 2431 3433 diem
2448 3359 2669 3416 Natalis
2707 3363 2948 3432 ipsorum
2968 3402 2984 3428 ,
3011 3359 3194 3419 able—to
3228 3361 3415 3418 Natali
3443 3360 3697 3433 nomine,

2114 3432 2259 3498 quod
2288 3431 2434 3487 diem
2460 3433 2651 3488 mortis
2679 3431 2861 3500 sonat,
2889 3433 3064 3490 solum
3080 3444 3260 3502 vocat,
3292 3433 3486 3490 festum
3518 3431 3697 3489 diem:

2037 3498 2083 3562 C
2119 3502 2183 3559 1η
2209 3501 2502 3576 Hispania,
2530 3503 2609 3577 ait
2631 3544 2647 3568 ,
2668 3498 2991 3577 sanctorum
3022 3498 3312 3577 Torquati,
3347 3502 3698 3577 Tesipltontis,

2118 3585 2250 3647 etc.,
2277 3575 2334 3629 in
2359 3590 2423 3630 ea
2446 3575 2711 3647 provincia
2735 3575 2950 3632 diversis
2975 3576 3102 3632 locis
3124 3575 3442 3647 quieuerunt.
3469 3575 3592 3632 Non
3616 3578 3704 3630 vi-

2117 3645 2277 3719 detur
2305 3645 2489 3719 autem
2517 3648 2768 3719 quaealia
2793 3662 2959 3703 causa
2987 3645 3156 3705 fuerit
3182 3647 3341 3719 hujus
3369 3647 3700 3719 festivitatis,

2118 3717 2220 3772 nisi
2249 3717 2516 3791 adventus
2547 3718 2600 3772 in
2641 3718 2988 3791 Hispaniam,
3021 3728 3078 3791 et
3106 3717 3318 3791 initium
3357 3717 3703 3791 miraculum

2117 3788 2494 3859 conversionis
2531 3788 2811 3859 gentilitim
2851 3789 2920 3845 ad
2965 3790 3145 3847 Iidem.
3182 3790 3378 3847 Narrat
3419 3789 3700 3846 historiam

2116 3858 2262 3931 Beda
2303 3859 2357 3915 in
2392 3858 2778 3931 Martyrologio
2800 3861 2867 3915 ad
2909 3862 3051 3918 diem
3089 3863 3158 3919 15
3194 3862 3317 3918 Maii
3360 3861 3444 3919 his
3471 3861 3697 3918 verbis:

2117 3929 2248 4007 Cum
2274 3932 2351 4007 ad;
2370 3929 2628 4007 eicitutem
2654 3929 2957 4007 Accitanant
2983 3933 3266 3998 venissent,
3302 3941 3350 3989 et
3380 3940 3589 4007 propter
3614 3932 3698 3989 la-

2117 4002 2299 4077 borem
2335 4004 2537 4077 itineris
2557 4003 2827 4077 modicum
2872 4005 3218 4077 quiescerent,
3251 4014 3300 4060 et
3341 4002 3499 4061 citust:
3540 4005 3702 4061 victus

2115 4075 2318 4152 emendi
2344 4074 2627 4152 discipulos
2648 4076 2701 4129 in
2724 4074 2901 4152 urbem
2920 4077 3211 4152 misissent;
3238 4093 3358 4133 mox
3378 4093 3703 4152 puganorum

2115 4145 2400 4201 multitudo
2420 4186 2436 4215 ,
2468 4145 2555 4219 qui
2596 4156 2717 4200 tunc
2756 4151 2892 4219 forte
2918 4148 3021 4203 diis
3049 4150 3154 4205 suis
3194 4151 3326 4219 festa
3353 4145 3698 4218 celebrabant,

2115 4232 2202 4270 eos
2230 4217 2485 4293 usquead
2510 4218 2719 4293 ﬂumen
2749 4217 3015 4293 persecuta
3039 4229 3112 4275 est
3141 4237 3160 4276 :
3186 4217 3238 4275 in
3267 4238 3370 4293 quo
3399 4237 3529 4292 pons
3557 4217 3705 4293 mira:

2114 4288 2489 4360 magnitudinis
2517 4298 2566 4342 et
2595 4288 2919 4360 fortitudinis
2959 4288 3290 4358 exstructus,
3315 4288 3699 4348 transeuntibus

2115 4359 2335 4434 sanctis,
2364 4360 2462 4434 Dei
2489 4368 2640 4426 nutu,
2664 4377 2780 4434 cum
2809 4361 3037 4434 omnium
3064 4362 3445 4434 insequentium
3469 4365 3705 4418 multitu-

2116 4430 2237 4504 dine
2263 4432 2753 4504 fundituscorruit.
2783 4432 2866 4486 Ad
2890 4433 3028 4504 quod
3052 4430 3367 4504 miraculum
3404 4435 3575 4491 centeri
3600 4446 3704 4490 ter-

2114 4502 2226 4578 riti,
2257 4501 2305 4559 et
2328 4501 2607 4578 cujusdam
2638 4520 2839 4578 magna:
2861 4501 3129 4578 senatrieis
3164 4503 3428 4578 Luparice,
3458 4522 3576 4574 qua:
3614 4506 3703 4578 di-

2114 4573 2306 4630 vinitus
2352 4573 2615 4646 inspirata
2660 4573 2746 4631 eoi
2791 4575 3005 4646 benigne
3067 4573 3698 4647 suscipiens,credidit,

2111 4648 2405 4773 (eirjmplum
2434 4645 2620 4715 secuti,
2652 4647 2851 4704 relictis
2882 4645 3071 4719 idolis,
3100 4645 3308 4705 Christo
3334 4647 3559 4705 Domino
3586 4645 3703 4706 ere-1

2148 4736 2163 4773 t
2207 4730 2374 4773 erunt.
2754 4770 2761 4773 _

2148 4730 2374 4776 ruerunt.
2748 4770 2761 4779 κ

2183 4791 2455 4849 Confundi
2488 4791 2824 4848 videbuntur
2856 4791 3019 4850 alicui
3046 4792 3099 4849 in
3133 4793 3238 4851 hac
3262 4792 3508 4861 historia,
3536 4791 3705 4850 mira-

2115 4864 2300 4936 culum
2328 4866 2510 4936 pontis
2540 4864 2767 4936 ruentis,
2782 4873 2847 4936 et
2865 4865 3154 4922 conversio
3175 4864 3445 4936 Luparia,
3469 4881 3591 4922 cum
3614 4864 3704 4923 bis

2115 4952 2238 5007 qua:
2280 4934 2339 4992 in
2384 4935 2741 4993 translatione
2772 4934 2831 4992 S.
2875 4936 3061 4994 laeohi
3104 4938 3159 4993 in
3184 4934 3439 4994 Callaecia
3483 4948 3701 4994 narrata

2115 5018 2280 5078 sunt,
2315 5009 2678 5079 praesentibus
2716 5007 2923 5064 eisdem
2952 5019 3161 5079 septem
3206 5008 3531 5079 discipulis,
3562 5007 3705 5065 Tor-

2117 5089 2282 5150 quato
2308 5078 2364 5136 et
2383 5080 2568 5136 sociis.
2598 5078 2868 5135 Caeterum
2900 5079 2985 5151 bis
3010 5078 3190 5151 pontis
3220 5080 3543 5137 miraculum
3573 5095 3704 5135 san-

2117 5151 2221 5224 ctis
2248 5153 2565 5222 contigisse,
2586 5152 2756 5224 semel
2779 5151 2895 5207 lritr
2915 5149 3139 5224 Flaviae,
3163 5153 3360 5209 iterum
3385 5167 3520 5224 vero
3541 5151 3703 5224 Acci,

2117 5222 2401 5279 doctorum
2424 5223 2720 5278 auctoritas
2741 5222 3128 5295 irrelragabilis
3149 5224 3443 5281 convincit.
3468 5222 3703 5295 Luparia

2120 5309 2335 5369 quoque
2362 5296 2620 5369 _Ac_c_itaua
2646 5293 2888 5369 senatrix
2917 5294 3026 5350 ﬁlia
3053 5304 3172 5369 erat
3197 5295 3422 5352 alterius
3444 5293 3704 5369 Luparia)

2120 5368 2321 5437 regula:
2349 5365 2760 5437 Gallaeciensis,
2810 5377 2865 5421 ut
2910 5381 3037 5421 mox
3074 5367 3143 5423 ad
3184 5382 3386 5423 annum
3427 5368 3496 5425 60
3535 5365 3706 5425 docet

2120 5436 2339 5494 Dexter.
2380 5437 2543 5495 Certe
2590 5436 2751 5492 Beda:
2786 5437 2867 5509 (ut
2905 5439 3239 5496 recentiores
3285 5438 3701 5509 liispaniearnm

2115 5523 2297 5582 rerum
2346 5519 2600 5567 auctores
2652 5509 2942 5582 omittam,
3002 5510 3295 5582 Moralem,
3341 5509 3644 5566 Truxillum
3683 5556 3701 5581 ,

2115 5580 2431 5648 Marianam,
2472 5581 2778 5653 Marietam,
2816 5578 3076 5651 Villegam
3107 5590 3163 5637 et
3186 5578 3325 5638 alios
3355 5578 3704 5653 innumeros)

2112 5653 2462 5726 consentiunt
2481 5652 2638 5709 Addo
2667 5654 2719 5726 in
2746 5653 3168 5726 Martyrologio:
3193 5653 3497 5726 Equilinus,
3522 5654 3613 5710 lib.
3643 5652 3700 5723 v,

2112 5737 2164 5796 ρ.
2206 5723 2271 5796 5;
2314 5731 2373 5796 et
2420 5724 2785 5796 manuscripta
2824 5723 3225 5796 vetustissima,
3259 5723 3489 5794 quorum
3531 5741 3705 5782 unum

2113 5793 2219 5866 legi
2259 5794 2313 5853 iu
2363 5793 2710 5857 bibliotheca
2753 5794 3069 5857 monasterii
3111 5793 3311 5854 montis
3360 5797 3491 5857 Sion
3543 5806 3702 5857 extra
