  <div class='ocr_page' id='page_1' title='image "/cluster/home/n/w/nwhite01/storage/ocr_20150623/31/hvd.32044015471444/099.png"; bbox 0 0 3998 6352; ppageno 0'>
   <div class='ocr_carea' id='block_1_1' title="bbox 485 334 599 401">
    <p class='ocr_par' dir='ltr' id='par_1_1' title="bbox 485 334 599 401">
     <span class='ocr_line' id='line_1_1' title="bbox 485 334 599 401; baseline -0.044 0"><span class='ocrx_word' id='word_1_1' title='bbox 485 334 599 401; x_wconf 79' lang='grc'><strong>,187</strong></span> 
     </span>
    </p>
   </div>
   <div class='ocr_carea' id='block_1_2' title="bbox 1544 315 2819 398">
    <p class='ocr_par' dir='ltr' id='par_1_2' title="bbox 1544 315 2819 398">
     <span class='ocr_line' id='line_1_2' title="bbox 1544 315 2819 398; baseline 0.001 -2"><span class='ocrx_word' id='word_1_2' title='bbox 1544 331 1777 397; x_wconf 70' lang='lat' dir='ltr'><strong>rmvn</strong></span> <span class='ocrx_word' id='word_1_3' title='bbox 1815 333 1996 396; x_wconf 86' lang='lat' dir='ltr'><strong>LUCll</strong></span> <span class='ocrx_word' id='word_1_4' title='bbox 2031 333 2294 396; x_wconf 77' lang='lat' dir='ltr'><strong>ut:me</strong></span> <span class='ocrx_word' id='word_1_5' title='bbox 2331 315 2746 398; x_wconf 63' lang='lat' dir='ltr'><strong>caueamus.</strong></span> <span class='ocrx_word' id='word_1_6' title='bbox 2796 335 2819 354; x_wconf 61' lang='grc' dir='ltr'>θ</span> 
     </span>
    </p>
   </div>
   <div class='ocr_carea' id='block_1_3' title="bbox 3697 341 3797 409">
    <p class='ocr_par' dir='ltr' id='par_1_3' title="bbox 3697 341 3797 409">
     <span class='ocr_line' id='line_1_3' title="bbox 3697 341 3797 409; baseline 0.05 -5"><span class='ocrx_word' id='word_1_7' title='bbox 3697 341 3797 409; x_wconf 75' lang='grc'>188</span> 
     </span>
    </p>
   </div>
   <div class='ocr_carea' id='block_1_4' title="bbox 487 429 3791 530">
    <p class='ocr_par' dir='ltr' id='par_1_4' title="bbox 487 429 3791 530">
     <span class='ocr_line' id='line_1_4' title="bbox 487 429 3791 530; baseline 0.003 -16"><span class='ocrx_word' id='word_1_8' title='bbox 487 449 560 514; x_wconf 70' lang='grc' dir='ltr'>Δ.</span> <span class='ocrx_word' id='word_1_9' title='bbox 597 449 656 513; x_wconf 88' lang='lat' dir='ltr'><strong>C.</strong></span> <span class='ocrx_word' id='word_1_10' title='bbox 697 450 793 515; x_wconf 84' lang='lat'><strong>60.</strong></span> <span class='ocrx_word' id='word_1_11' title='bbox 839 449 1105 514; x_wconf 77' lang='lat' dir='ltr'><strong>Martialis</strong></span> <span class='ocrx_word' id='word_1_12' title='bbox 1127 453 1515 530; x_wconf 70' lang='lat' dir='ltr'><strong>epigrammate</strong></span> <span class='ocrx_word' id='word_1_13' title='bbox 1543 455 1577 512; x_wconf 88' lang='lat'><strong>7</strong></span> <span class='ocrx_word' id='word_1_14' title='bbox 1605 465 1658 514; x_wconf 91' lang='lat' dir='ltr'><strong>et</strong></span> <span class='ocrx_word' id='word_1_15' title='bbox 1680 455 1713 512; x_wconf 90' lang='lat'><strong>8</strong></span> <span class='ocrx_word' id='word_1_16' title='bbox 1743 462 2009 529; x_wconf 79' lang='lat' dir='ltr'><strong>martyres</strong></span> <span class='ocrx_word' id='word_1_17' title='bbox 2039 455 2093 512; x_wconf 91' lang='lat' dir='ltr'><strong>in</strong></span> <span class='ocrx_word' id='word_1_18' title='bbox 2119 445 2336 513; x_wconf 82' lang='lat' dir='ltr'><strong>crucem</strong></span> <span class='ocrx_word' id='word_1_19' title='bbox 2377 465 2550 530; x_wconf 90' lang='lat' dir='ltr'><strong>actos,</strong></span> <span class='ocrx_word' id='word_1_20' title='bbox 2581 453 3061 518; x_wconf 88' lang='lat' dir='ltr'><strong>vocatLaureolos</strong></span> <span class='ocrx_word' id='word_1_21' title='bbox 3089 464 3145 518; x_wconf 87' lang='lat' dir='ltr'><strong>et</strong></span> <span class='ocrx_word' id='word_1_22' title='bbox 3171 439 3424 521; x_wconf 67' lang='lat' dir='ltr'><strong>Dtedalos</strong></span> <span class='ocrx_word' id='word_1_23' title='bbox 3453 459 3521 519; x_wconf 76' lang='grc' dir='ltr'>Α.</span> <span class='ocrx_word' id='word_1_24' title='bbox 3664 438 3791 524; x_wconf 81' lang='grc'>811.</span> 
     </span>
    </p>
   </div>
   <div class='ocr_carea' id='block_1_5' title="bbox 925 550 1192 609">
    <p class='ocr_par' dir='ltr' id='par_1_5' title="bbox 925 550 1192 609">
     <span class='ocr_line' id='line_1_5' title="bbox 925 550 1192 609; baseline 0.015 -4"><span class='ocrx_word' id='word_1_25' title='bbox 925 550 1192 609; x_wconf 85' lang='lat' dir='ltr'><strong>volantes.</strong></span> 
     </span>
    </p>
   </div>
   <div class='ocr_carea' id='block_1_6' title="bbox 670 627 2601 716">
    <p class='ocr_par' dir='ltr' id='par_1_6' title="bbox 670 627 2601 716">
     <span class='ocr_line' id='line_1_6' title="bbox 670 627 2601 716; baseline -0.002 -15"><span class='ocrx_word' id='word_1_26' title='bbox 670 645 762 701; x_wconf 81' lang='lat' dir='ltr'><strong>6i.</strong></span> <span class='ocrx_word' id='word_1_27' title='bbox 841 643 986 702; x_wconf 86' lang='lat' dir='ltr'><strong>Nero</strong></span> <span class='ocrx_word' id='word_1_28' title='bbox 1015 657 1243 702; x_wconf 93' lang='lat' dir='ltr'><strong>matrem</strong></span> <span class='ocrx_word' id='word_1_29' title='bbox 1271 661 1423 702; x_wconf 88' lang='lat' dir='ltr'><strong>suam</strong></span> <span class='ocrx_word' id='word_1_30' title='bbox 1448 643 1823 716; x_wconf 81' lang='lat' dir='ltr'><strong>Agrippinam,</strong></span> <span class='ocrx_word' id='word_1_31' title='bbox 1856 651 1913 701; x_wconf 92' lang='lat' dir='ltr'><strong>et</strong></span> <span class='ocrx_word' id='word_1_32' title='bbox 1941 627 2188 700; x_wconf 84' lang='lat' dir='ltr'><strong>sororem</strong></span> <span class='ocrx_word' id='word_1_33' title='bbox 2221 643 2391 713; x_wconf 89' lang='lat' dir='ltr'><strong>patris</strong></span> <span class='ocrx_word' id='word_1_34' title='bbox 2422 653 2601 701; x_wconf 91' lang='lat' dir='ltr'><strong>necat.</strong></span> 
     </span>
    </p>
   </div>
   <div class='ocr_carea' id='block_1_7' title="bbox 675 735 2642 814">
    <p class='ocr_par' dir='ltr' id='par_1_7' title="bbox 675 735 2642 814">
     <span class='ocr_line' id='line_1_7' title="bbox 675 735 2642 814; baseline -0.001 -18"><span class='ocrx_word' id='word_1_35' title='bbox 675 740 768 800; x_wconf 80' lang='grc'><strong>65.</strong></span> <span class='ocrx_word' id='word_1_36' title='bbox 846 741 1125 800; x_wconf 83' lang='lat' dir='ltr'><strong>Barnabas</strong></span> <span class='ocrx_word' id='word_1_37' title='bbox 1149 741 1201 798; x_wconf 91' lang='lat' dir='ltr'><strong>in</strong></span> <span class='ocrx_word' id='word_1_38' title='bbox 1228 739 1429 814; x_wconf 90' lang='lat' dir='ltr'><strong>Cypro,</strong></span> <span class='ocrx_word' id='word_1_39' title='bbox 1461 747 1517 794; x_wconf 93' lang='lat' dir='ltr'><strong>et</strong></span> <span class='ocrx_word' id='word_1_40' title='bbox 1541 735 1778 796; x_wconf 89' lang='lat' dir='ltr'><strong>Jacobus</strong></span> <span class='ocrx_word' id='word_1_41' title='bbox 1815 736 1996 794; x_wconf 82' lang='lat' dir='ltr'><strong>min’or</strong></span> <span class='ocrx_word' id='word_1_42' title='bbox 2027 735 2419 810; x_wconf 80' lang='lat' dir='ltr'><strong>Hierosolymis</strong></span> <span class='ocrx_word' id='word_1_43' title='bbox 2446 736 2642 795; x_wconf 87' lang='lat' dir='ltr'><strong>occisi.</strong></span> 
     </span>
    </p>
   </div>
   <div class='ocr_carea' id='block_1_8' title="bbox 638 827 2361 903">
    <p class='ocr_par' dir='ltr' id='par_1_8' title="bbox 638 827 2361 903">
     <span class='ocr_line' id='line_1_8' title="bbox 638 827 2361 903; baseline -0.003 -13"><span class='ocrx_word' id='word_1_44' title='bbox 638 836 651 902; x_wconf 70' lang='grc' dir='ltr'><em>ἴ</em></span> <span class='ocrx_word' id='word_1_45' title='bbox 677 831 768 890; x_wconf 74' lang='grc'><strong>64.</strong></span> <span class='ocrx_word' id='word_1_46' title='bbox 843 835 986 892; x_wconf 85' lang='lat' dir='ltr'><strong>Ante</strong></span> <span class='ocrx_word' id='word_1_47' title='bbox 1013 847 1255 891; x_wconf 87' lang='lat' dir='ltr'><strong>mensam</strong></span> <span class='ocrx_word' id='word_1_48' title='bbox 1281 830 1514 889; x_wconf 81' lang='lat' dir='ltr'><strong>Neronis</strong></span> <span class='ocrx_word' id='word_1_49' title='bbox 1536 827 1883 903; x_wconf 84' lang='lat' dir='ltr'><strong>imperatoris</strong></span> <span class='ocrx_word' id='word_1_50' title='bbox 1910 827 2116 885; x_wconf 80' lang='lat' dir='ltr'><strong>fulmen</strong></span> <span class='ocrx_word' id='word_1_51' title='bbox 2143 827 2361 886; x_wconf 93' lang='lat' dir='ltr'><strong>cecidit.</strong></span> 
     </span>
    </p>
   </div>
   <div class='ocr_carea' id='block_1_9' title="bbox 3663 649 3794 708">
    <p class='ocr_par' dir='ltr' id='par_1_9' title="bbox 3663 649 3794 708">
     <span class='ocr_line' id='line_1_9' title="bbox 3663 649 3794 708; baseline -0.015 0"><span class='ocrx_word' id='word_1_52' title='bbox 3663 649 3794 708; x_wconf 70' lang='lat'><strong>812.</strong></span> 
     </span>
    </p>
   </div>
   <div class='ocr_carea' id='block_1_10' title="bbox 3665 743 3795 801">
    <p class='ocr_par' dir='ltr' id='par_1_10' title="bbox 3665 743 3795 801">
     <span class='ocr_line' id='line_1_10' title="bbox 3665 743 3795 801; baseline 0 -1"><span class='ocrx_word' id='word_1_53' title='bbox 3665 743 3795 801; x_wconf 73' lang='lat' dir='ltr'><strong>8H.</strong></span> 
     </span>
    </p>
   </div>
   <div class='ocr_carea' id='block_1_11' title="bbox 3666 838 3798 898">
    <p class='ocr_par' dir='ltr' id='par_1_11' title="bbox 3666 838 3798 898">
     <span class='ocr_line' id='line_1_11' title="bbox 3666 838 3798 898; baseline -0.023 0"><span class='ocrx_word' id='word_1_54' title='bbox 3666 838 3798 898; x_wconf 82' lang='grc'>815.</span> 
     </span>
    </p>
   </div>
   <div class='ocr_carea' id='block_1_12' title="bbox 856 909 3506 1000">
    <p class='ocr_par' dir='ltr' id='par_1_12' title="bbox 856 909 3506 1000">
     <span class='ocr_line' id='line_1_12' title="bbox 856 909 3506 1000; baseline 0.001 -17"><span class='ocrx_word' id='word_1_55' title='bbox 856 927 1145 1000; x_wconf 68' lang='lat' dir='ltr'><strong>Epanetus</strong></span> <span class='ocrx_word' id='word_1_56' title='bbox 1170 940 1292 982; x_wconf 90' lang='lat' dir='ltr'><strong>cum</strong></span> <span class='ocrx_word' id='word_1_57' title='bbox 1323 924 1553 981; x_wconf 88' lang='lat' dir='ltr'><strong>multum</strong></span> <span class='ocrx_word' id='word_1_58' title='bbox 1582 923 1786 995; x_wconf 91' lang='lat' dir='ltr'><strong>diuque</strong></span> <span class='ocrx_word' id='word_1_59' title='bbox 1809 921 1865 978; x_wconf 90' lang='lat' dir='ltr'><strong>in</strong></span> <span class='ocrx_word' id='word_1_60' title='bbox 1899 919 2155 993; x_wconf 87' lang='lat' dir='ltr'><strong>Hispania</strong></span> <span class='ocrx_word' id='word_1_61' title='bbox 2178 919 2504 990; x_wconf 81' lang='lat' dir='ltr'><strong>laborasset,</strong></span> <span class='ocrx_word' id='word_1_62' title='bbox 2537 921 2760 982; x_wconf 85' lang='lat' dir='ltr'><strong>tandem</strong></span> <span class='ocrx_word' id='word_1_63' title='bbox 2793 923 2903 983; x_wconf 86' lang='lat' dir='ltr'><strong>fine</strong></span> <span class='ocrx_word' id='word_1_64' title='bbox 2941 923 3104 983; x_wconf 88' lang='lat' dir='ltr'><strong>beato</strong></span> <span class='ocrx_word' id='word_1_65' title='bbox 3132 909 3188 984; x_wconf 89' lang='lat' dir='ltr'><strong>in</strong></span> <span class='ocrx_word' id='word_1_66' title='bbox 3232 926 3369 986; x_wconf 87' lang='lat' dir='ltr'><strong>urbe</strong></span> <span class='ocrx_word' id='word_1_67' title='bbox 3407 943 3506 986; x_wconf 87' lang='lat' dir='ltr'><strong>sua</strong></span> 
     </span>
    </p>
   </div>
   <div class='ocr_carea' id='block_1_13' title="bbox 925 1019 1768 1093">
    <p class='ocr_par' dir='ltr' id='par_1_13' title="bbox 925 1019 1768 1093">
     <span class='ocr_line' id='line_1_13' title="bbox 925 1019 1768 1093; baseline -0.008 -14"><span class='ocrx_word' id='word_1_68' title='bbox 925 1019 1150 1093; x_wconf 81' lang='lat' dir='ltr'><strong>quievit.</strong></span> <span class='ocrx_word' id='word_1_69' title='bbox 1182 1019 1415 1076; x_wconf 90' lang='lat' dir='ltr'><strong>Dubium</strong></span> <span class='ocrx_word' id='word_1_70' title='bbox 1443 1033 1512 1075; x_wconf 91' lang='lat' dir='ltr'><strong>an</strong></span> <span class='ocrx_word' id='word_1_71' title='bbox 1537 1025 1768 1090; x_wconf 84' lang='lat' dir='ltr'><strong>martyr.</strong></span> 
     </span>
    </p>
   </div>
   <div class='ocr_carea' id='block_1_14' title="bbox 1705 1121 2619 1201">
    <p class='ocr_par' dir='ltr' id='par_1_14' title="bbox 1705 1121 2619 1201">
     <span class='ocr_line' id='line_1_14' title="bbox 1705 1121 2619 1201; baseline 0.003 -13"><span class='ocrx_word' id='word_1_72' title='bbox 1705 1121 1968 1189; x_wconf 68' lang='lat' dir='ltr'><strong>BWARll</strong></span> <span class='ocrx_word' id='word_1_73' title='bbox 2004 1123 2619 1201; x_wconf 54' lang='lat' dir='ltr'><strong>COMMENTARIUSJE</strong></span> 
     </span>
    </p>
   </div>
   <div class='ocr_carea' id='block_1_15' title="bbox 493 1243 3798 1324">
    <p class='ocr_par' dir='ltr' id='par_1_15' title="bbox 493 1243 3798 1324">
     <span class='ocr_line' id='line_1_15' title="bbox 493 1243 3798 1324; baseline 0.003 -20"><span class='ocrx_word' id='word_1_74' title='bbox 493 1253 595 1313; x_wconf 73' lang='lat' dir='ltr'><strong>riis</strong></span> <span class='ocrx_word' id='word_1_75' title='bbox 623 1253 894 1324; x_wconf 76' lang='lat' dir='ltr'><strong>Hispaniae</strong></span> <span class='ocrx_word' id='word_1_76' title='bbox 922 1259 977 1308; x_wconf 89' lang='lat' dir='ltr'><strong>et</strong></span> <span class='ocrx_word' id='word_1_77' title='bbox 1008 1252 1175 1308; x_wconf 84' lang='lat' dir='ltr'><strong>Petro</strong></span> <span class='ocrx_word' id='word_1_78' title='bbox 1205 1251 1463 1324; x_wconf 89' lang='lat' dir='ltr'><strong>episcopo</strong></span> <span class='ocrx_word' id='word_1_79' title='bbox 1505 1248 1764 1324; x_wconf 78' lang='lat' dir='ltr'><strong>Equilin‘o</strong></span> <span class='ocrx_word' id='word_1_80' title='bbox 1801 1245 2088 1324; x_wconf 44' lang='lat' dir='ltr'><strong>annotavi:</strong></span> <span class='ocrx_word' id='word_1_81' title='bbox 2113 1250 2162 1307; x_wconf 71' lang='grc' dir='ltr'>Α</span> <span class='ocrx_word' id='word_1_82' title='bbox 2193 1243 2333 1324; x_wconf 59' lang='grc' dir='ltr'><strong>Ῐζίᾶθ</strong></span> <span class='ocrx_word' id='word_1_83' title='bbox 2380 1245 2627 1324; x_wconf 77' lang='lat' dir='ltr'><strong>Tacitum</strong></span> <span class='ocrx_word' id='word_1_84' title='bbox 2657 1247 2773 1303; x_wconf 85' lang='lat' dir='ltr'><strong>&#39;lib.</strong></span> <span class='ocrx_word' id='word_1_85' title='bbox 2827 1263 2920 1320; x_wconf 80' lang='lat' dir='ltr'><strong>xv,</strong></span> <span class='ocrx_word' id='word_1_86' title='bbox 2975 1250 3301 1324; x_wconf 83' lang='lat' dir='ltr'><strong>suetonium</strong></span> <span class='ocrx_word' id='word_1_87' title='bbox 3352 1259 3409 1324; x_wconf 88' lang='lat' dir='ltr'><strong>et</strong></span> <span class='ocrx_word' id='word_1_88' title='bbox 3459 1250 3691 1311; x_wconf 83' lang='lat' dir='ltr'><strong>Dionem</strong></span> <span class='ocrx_word' id='word_1_89' title='bbox 3741 1257 3798 1312; x_wconf 88' lang='lat' dir='ltr'><strong>in</strong></span> 
     </span>
    </p>
   </div>
   <div class='ocr_carea' id='block_1_16' title="bbox 500 1319 2090 1396">
    <p class='ocr_par' dir='ltr' id='par_1_16' title="bbox 500 1319 2090 1396">
     <span class='ocr_line' id='line_1_16' title="bbox 500 1319 2090 1396; baseline -0.006 -13"><span class='ocrx_word' id='word_1_90' title='bbox 500 1342 621 1383; x_wconf 90' lang='lat' dir='ltr'><strong>mus</strong></span> <span class='ocrx_word' id='word_1_91' title='bbox 649 1319 905 1395; x_wconf 59' lang='lat' dir='ltr'><strong>de&#39;hujus</strong></span> <span class='ocrx_word' id='word_1_92' title='bbox 934 1325 1124 1396; x_wconf 86' lang='lat' dir='ltr'><strong>Reguli</strong></span> <span class='ocrx_word' id='word_1_93' title='bbox 1153 1319 1516 1380; x_wconf 82' lang='lat' dir='ltr'><strong>conversione</strong></span> <span class='ocrx_word' id='word_1_94' title='bbox 1545 1319 1611 1376; x_wconf 81' lang='lat' dir='ltr'><strong>ad</strong></span> <span class='ocrx_word' id='word_1_95' title='bbox 1642 1334 1842 1396; x_wconf 81' lang='lat' dir='ltr'><strong>annum</strong></span> <span class='ocrx_word' id='word_1_96' title='bbox 1861 1319 2090 1396; x_wconf 77' lang='lat' dir='ltr'><strong>Domini</strong></span> 
     </span>
    </p>
   </div>
   <div class='ocr_carea' id='block_1_17' title="bbox 500 1390 2092 1476">
    <p class='ocr_par' dir='ltr' id='par_1_17' title="bbox 500 1390 2092 1476">
     <span class='ocr_line' id='line_1_17' title="bbox 500 1390 2092 1476; baseline -0.006 -23"><span class='ocrx_word' id='word_1_97' title='bbox 500 1398 600 1476; x_wconf 58' lang='lat' dir='ltr'><strong>i2,</strong></span> <span class='ocrx_word' id='word_1_98' title='bbox 635 1390 831 1468; x_wconf 76' lang='lat' dir='ltr'><strong>quibus</strong></span> <span class='ocrx_word' id='word_1_99' title='bbox 856 1390 1178 1476; x_wconf 72' lang='lat' dir='ltr'><strong>nuncaddit</strong></span> <span class='ocrx_word' id='word_1_100' title='bbox 1202 1396 1433 1476; x_wconf 70' lang='lat' dir='ltr'><strong>Dexter,</strong></span> <span class='ocrx_word' id='word_1_101' title='bbox 1465 1404 1672 1476; x_wconf 71' lang='lat' dir='ltr'><strong>tantum</strong></span> <span class='ocrx_word' id='word_1_102' title='bbox 1705 1392 1759 1446; x_wconf 91' lang='lat' dir='ltr'><strong>in</strong></span> <span class='ocrx_word' id='word_1_103' title='bbox 1805 1390 1912 1446; x_wconf 83' lang='lat' dir='ltr'><strong>[ide</strong></span> <span class='ocrx_word' id='word_1_104' title='bbox 1961 1406 2092 1476; x_wconf 43' lang='lat' dir='ltr'><strong>prof</strong></span> 
     </span>
    </p>
   </div>
   <div class='ocr_carea' id='block_1_18' title="bbox 497 1463 2092 1539">
    <p class='ocr_par' dir='ltr' id='par_1_18' title="bbox 497 1463 2092 1539">
     <span class='ocr_line' id='line_1_18' title="bbox 497 1463 2092 1539; baseline -0.003 -16"><span class='ocrx_word' id='word_1_105' title='bbox 497 1463 717 1539; x_wconf 79' lang='lat' dir='ltr'><strong>fecisse,</strong></span> <span class='ocrx_word' id='word_1_106' title='bbox 745 1480 804 1524; x_wconf 90' lang='lat' dir='ltr'><strong>ut</strong></span> <span class='ocrx_word' id='word_1_107' title='bbox 834 1469 1040 1524; x_wconf 85' lang='lat' dir='ltr'><strong>relictis</strong></span> <span class='ocrx_word' id='word_1_108' title='bbox 1067 1469 1323 1523; x_wconf 89' lang='lat' dir='ltr'><strong>omnibus</strong></span> <span class='ocrx_word' id='word_1_109' title='bbox 1353 1468 1410 1523; x_wconf 91' lang='lat' dir='ltr'><strong>in</strong></span> <span class='ocrx_word' id='word_1_110' title='bbox 1440 1464 1800 1522; x_wconf 88' lang='lat' dir='ltr'><strong>solitudinem</strong></span> <span class='ocrx_word' id='word_1_111' title='bbox 1825 1463 2092 1519; x_wconf 82' lang='lat' dir='ltr'><strong>secedens</strong></span> 
     </span>
    </p>
   </div>
   <div class='ocr_carea' id='block_1_19' title="bbox 499 1540 1911 1618">
    <p class='ocr_par' dir='ltr' id='par_1_19' title="bbox 499 1540 1911 1618">
     <span class='ocr_line' id='line_1_19' title="bbox 499 1540 1911 1618; baseline 0.016 -22"><span class='ocrx_word' id='word_1_112' title='bbox 499 1544 888 1618; x_wconf 61' lang='lat' dir='ltr'><strong>sancteegcrit</strong></span> <span class='ocrx_word' id='word_1_113' title='bbox 903 1540 1136 1618; x_wconf 83' lang='lat' dir='ltr'><strong>iu__luco.</strong></span> <span class='ocrx_word' id='word_1_114' title='bbox 1204 1607 1245 1618; x_wconf 85' lang='lat'><em>__</em></span> <span class='ocrx_word' id='word_1_115' title='bbox 1687 1606 1703 1618; x_wconf 84' lang='lat'>_</span> <span class='ocrx_word' id='word_1_116' title='bbox 1877 1604 1911 1618; x_wconf 88' lang='lat'><strong>_.</strong></span> 
     </span>
    </p>
   </div>
   <div class='ocr_carea' id='block_1_20' title="bbox 570 1601 2092 1688">
    <p class='ocr_par' dir='ltr' id='par_1_20' title="bbox 570 1601 2092 1688">
     <span class='ocr_line' id='line_1_20' title="bbox 570 1601 2092 1688; baseline -0.005 -22"><span class='ocrx_word' id='word_1_117' title='bbox 570 1612 624 1688; x_wconf 76' lang='lat'><strong>7.</strong></span> <span class='ocrx_word' id='word_1_118' title='bbox 668 1601 1041 1688; x_wconf 50' lang='lat' dir='ltr'><strong>Sflilartialis,</strong></span> <span class='ocrx_word' id='word_1_119' title='bbox 1071 1619 1179 1666; x_wconf 88' lang='lat' dir='ltr'><strong>etc.</strong></span> <span class='ocrx_word' id='word_1_120' title='bbox 1204 1607 1283 1664; x_wconf 90' lang='lat' dir='ltr'><strong>Eo</strong></span> <span class='ocrx_word' id='word_1_121' title='bbox 1313 1609 1559 1688; x_wconf 58' lang='lat' dir='ltr'><strong>saevitia},</strong></span> <span class='ocrx_word' id='word_1_122' title='bbox 1585 1619 1649 1688; x_wconf 69' lang='lat' dir='ltr'><strong>ac</strong></span> <span class='ocrx_word' id='word_1_123' title='bbox 1671 1604 1963 1688; x_wconf 81' lang='lat' dir='ltr'><strong>dementiae</strong></span> <span class='ocrx_word' id='word_1_124' title='bbox 1985 1601 2092 1688; x_wconf 56' lang='lat' dir='ltr'><strong>Doo</strong></span> 
     </span>
    </p>
   </div>
   <div class='ocr_carea' id='block_1_21' title="bbox 501 1678 2089 1760">
    <p class='ocr_par' dir='ltr' id='par_1_21' title="bbox 501 1678 2089 1760">
     <span class='ocr_line' id='line_1_21' title="bbox 501 1678 2089 1760; baseline -0.008 -20"><span class='ocrx_word' id='word_1_125' title='bbox 501 1683 757 1760; x_wconf 70' lang='lat' dir='ltr'><strong>mitianiis</strong></span> <span class='ocrx_word' id='word_1_126' title='bbox 790 1678 1083 1760; x_wconf 63' lang='lat' dir='ltr'><strong>imperator</strong></span> <span class='ocrx_word' id='word_1_127' title='bbox 1119 1681 1438 1760; x_wconf 65' lang='lat' dir='ltr'><strong>pervenisse</strong></span> <span class='ocrx_word' id='word_1_128' title='bbox 1468 1680 1736 1760; x_wconf 75' lang='lat' dir='ltr'><strong>proditur,</strong></span> <span class='ocrx_word' id='word_1_129' title='bbox 1770 1678 1910 1742; x_wconf 87' lang='lat' dir='ltr'><strong>quod</strong></span> <span class='ocrx_word' id='word_1_130' title='bbox 1942 1678 2089 1760; x_wconf 77' lang='lat' dir='ltr'><strong>anti-</strong></span> 
     </span>
    </p>
   </div>
   <div class='ocr_carea' id='block_1_22' title="bbox 499 1751 2087 1830">
    <p class='ocr_par' dir='ltr' id='par_1_22' title="bbox 499 1751 2087 1830">
     <span class='ocr_line' id='line_1_22' title="bbox 499 1751 2087 1830; baseline -0.005 -21"><span class='ocrx_word' id='word_1_131' title='bbox 499 1769 660 1827; x_wconf 91' lang='lat' dir='ltr'><strong>quam</strong></span> <span class='ocrx_word' id='word_1_132' title='bbox 689 1751 944 1830; x_wconf 76' lang='lat' dir='ltr'><strong>Laureoli</strong></span> <span class='ocrx_word' id='word_1_133' title='bbox 987 1754 1221 1808; x_wconf 88' lang='lat' dir='ltr'><strong>fabulam</strong></span> <span class='ocrx_word' id='word_1_134' title='bbox 1273 1753 1327 1830; x_wconf 82' lang='lat' dir='ltr'><strong>in</strong></span> <span class='ocrx_word' id='word_1_135' title='bbox 1367 1751 1689 1830; x_wconf 75' lang='lat' dir='ltr'><strong>Christianis</strong></span> <span class='ocrx_word' id='word_1_136' title='bbox 1734 1751 2087 1830; x_wconf 68' lang='lat' dir='ltr'><strong>expresserit,</strong></span> 
     </span>
    </p>
   </div>
   <div class='ocr_carea' id='block_1_23' title="bbox 500 1819 2089 1904">
    <p class='ocr_par' dir='ltr' id='par_1_23' title="bbox 500 1819 2089 1904">
     <span class='ocr_line' id='line_1_23' title="bbox 500 1819 2089 1904; baseline -0.007 -21"><span class='ocrx_word' id='word_1_137' title='bbox 500 1819 558 1883; x_wconf 78' lang='lat' dir='ltr'><strong>tit</strong></span> <span class='ocrx_word' id='word_1_138' title='bbox 611 1826 814 1904; x_wconf 84' lang='lat' dir='ltr'><strong>popuio</strong></span> <span class='ocrx_word' id='word_1_139' title='bbox 862 1826 1122 1904; x_wconf 61' lang='lat' dir='ltr'><strong>ilorpano</strong></span> <span class='ocrx_word' id='word_1_140' title='bbox 1187 1824 1460 1904; x_wconf 68' lang='lat' dir='ltr'><strong>praeberet</strong></span> <span class='ocrx_word' id='word_1_141' title='bbox 1513 1823 1734 1904; x_wconf 76' lang='lat' dir='ltr'><strong>insolita</strong></span> <span class='ocrx_word' id='word_1_142' title='bbox 1788 1819 1854 1904; x_wconf 78' lang='lat' dir='ltr'><strong>ad</strong></span> <span class='ocrx_word' id='word_1_143' title='bbox 1912 1819 2089 1904; x_wconf 79' lang='lat' dir='ltr'><strong>vivum</strong></span> 
     </span>
    </p>
   </div>
   <div class='ocr_carea' id='block_1_24' title="bbox 499 1891 2095 1966">
    <p class='ocr_par' dir='ltr' id='par_1_24' title="bbox 499 1891 2095 1966">
     <span class='ocr_line' id='line_1_24' title="bbox 499 1891 2095 1966; baseline -0.005 -15"><span class='ocrx_word' id='word_1_144' title='bbox 499 1891 832 1966; x_wconf 82' lang='lat' dir='ltr'><strong>spectacula.</strong></span> <span class='ocrx_word' id='word_1_145' title='bbox 855 1897 1110 1952; x_wconf 88' lang='lat' dir='ltr'><strong>Creditur</strong></span> <span class='ocrx_word' id='word_1_146' title='bbox 1140 1912 1170 1951; x_wconf 90' lang='lat' dir='ltr'><strong>a</strong></span> <span class='ocrx_word' id='word_1_147' title='bbox 1191 1891 1373 1964; x_wconf 81' lang='lat' dir='ltr'><strong>poetis</strong></span> <span class='ocrx_word' id='word_1_148' title='bbox 1401 1894 1709 1950; x_wconf 86' lang='lat' dir='ltr'><strong>Laureolus</strong></span> <span class='ocrx_word' id='word_1_149' title='bbox 1733 1891 2095 1966; x_wconf 64' lang='lat' dir='ltr'><strong>sceleratissi.</strong></span> 
     </span>
    </p>
   </div>
   <div class='ocr_carea' id='block_1_25' title="bbox 461 1957 2096 2039">
    <p class='ocr_par' dir='ltr' id='par_1_25' title="bbox 461 1957 2096 2039">
     <span class='ocr_line' id='line_1_25' title="bbox 461 1957 2096 2039; baseline -0.004 -17"><span class='ocrx_word' id='word_1_150' title='bbox 461 1957 624 2023; x_wconf 79' lang='lat' dir='ltr'><strong>‘mus</strong></span> <span class='ocrx_word' id='word_1_151' title='bbox 679 1969 838 2034; x_wconf 87' lang='lat' dir='ltr'><strong>latro,</strong></span> <span class='ocrx_word' id='word_1_152' title='bbox 893 1984 1068 2039; x_wconf 90' lang='lat' dir='ltr'><strong>eoque</strong></span> <span class='ocrx_word' id='word_1_153' title='bbox 1114 1957 1332 2023; x_wconf 83' lang='lat' dir='ltr'><strong>nomine</strong></span> <span class='ocrx_word' id='word_1_154' title='bbox 1371 1967 1426 2023; x_wconf 90' lang='lat' dir='ltr'><strong>in</strong></span> <span class='ocrx_word' id='word_1_155' title='bbox 1463 1973 1891 2039; x_wconf 17' lang='lat' dir='ltr'><strong>crucemiacttis,</strong></span> <span class='ocrx_word' id='word_1_156' title='bbox 1924 1970 1982 2018; x_wconf 92' lang='lat' dir='ltr'><strong>et</strong></span> <span class='ocrx_word' id='word_1_157' title='bbox 2026 1957 2096 2039; x_wconf 76' lang='lat' dir='ltr'><strong>ab</strong></span> 
     </span>
    </p>
   </div>
   <div class='ocr_carea' id='block_1_26' title="bbox 499 2034 2093 2108">
    <p class='ocr_par' dir='ltr' id='par_1_26' title="bbox 499 2034 2093 2108">
     <span class='ocr_line' id='line_1_26' title="bbox 499 2034 2093 2108; baseline -0.006 -11"><span class='ocrx_word' id='word_1_158' title='bbox 499 2055 633 2097; x_wconf 88' lang='lat' dir='ltr'><strong>urso</strong></span> <span class='ocrx_word' id='word_1_159' title='bbox 683 2034 1034 2098; x_wconf 75' lang='lat' dir='ltr'><strong>dilaceratus.</strong></span> <span class='ocrx_word' id='word_1_160' title='bbox 1081 2040 1211 2108; x_wconf 79' lang='lat' dir='ltr'><strong>Quae</strong></span> <span class='ocrx_word' id='word_1_161' title='bbox 1260 2039 1437 2095; x_wconf 91' lang='lat' dir='ltr'><strong>fabula</strong></span> <span class='ocrx_word' id='word_1_162' title='bbox 1490 2037 1781 2108; x_wconf 80' lang='lat' dir='ltr'><strong>aliquoties</strong></span> <span class='ocrx_word' id='word_1_163' title='bbox 1815 2034 2000 2108; x_wconf 60' lang='lat' dir='ltr'><strong>Romie</strong></span> <span class='ocrx_word' id='word_1_164' title='bbox 2038 2034 2093 2088; x_wconf 89' lang='lat' dir='ltr'><strong>in</strong></span> 
     </span>
    </p>
   </div>
   <div class='ocr_carea' id='block_1_27' title="bbox 500 2105 2095 2192">
    <p class='ocr_par' dir='ltr' id='par_1_27' title="bbox 500 2105 2095 2192">
     <span class='ocr_line' id='line_1_27' title="bbox 500 2105 2095 2192; baseline -0.004 -26"><span class='ocrx_word' id='word_1_165' title='bbox 500 2112 828 2192; x_wconf 68' lang='lat' dir='ltr'><strong>spectaculis</strong></span> <span class='ocrx_word' id='word_1_166' title='bbox 854 2105 1251 2192; x_wconf 63' lang='lat' dir='ltr'><strong>reprarsentata</strong></span> <span class='ocrx_word' id='word_1_167' title='bbox 1291 2119 1395 2192; x_wconf 80' lang='lat' dir='ltr'><strong>est,</strong></span> <span class='ocrx_word' id='word_1_168' title='bbox 1443 2105 1924 2192; x_wconf 33' lang='lat' dir='ltr'><strong>semeilquidema</strong></span> <span class='ocrx_word' id='word_1_169' title='bbox 1955 2105 2095 2192; x_wconf 51' lang='lat' dir='ltr'><strong>Deu-</strong></span> 
     </span>
    </p>
   </div>
   <div class='ocr_carea' id='block_1_28' title="bbox 503 2179 2093 2251">
    <p class='ocr_par' dir='ltr' id='par_1_28' title="bbox 503 2179 2093 2251">
     <span class='ocr_line' id='line_1_28' title="bbox 503 2179 2093 2251; baseline -0.003 -12"><span class='ocrx_word' id='word_1_170' title='bbox 503 2179 641 2250; x_wconf 77' lang='lat' dir='ltr'><strong>tulo,</strong></span> <span class='ocrx_word' id='word_1_171' title='bbox 688 2185 756 2239; x_wconf 91' lang='lat' dir='ltr'><strong>de</strong></span> <span class='ocrx_word' id='word_1_172' title='bbox 785 2199 893 2251; x_wconf 91' lang='lat' dir='ltr'><strong>quo</strong></span> <span class='ocrx_word' id='word_1_173' title='bbox 926 2179 1135 2240; x_wconf 79' lang='lat' dir='ltr'><strong>Dexter</strong></span> <span class='ocrx_word' id='word_1_174' title='bbox 1165 2183 1391 2239; x_wconf 89' lang='lat' dir='ltr'><strong>inferius</strong></span> <span class='ocrx_word' id='word_1_175' title='bbox 1421 2197 1564 2238; x_wconf 92' lang='lat' dir='ltr'><strong>anno</strong></span> <span class='ocrx_word' id='word_1_176' title='bbox 1593 2179 1687 2251; x_wconf 86' lang='lat'><strong>86,</strong></span> <span class='ocrx_word' id='word_1_177' title='bbox 1738 2179 1896 2249; x_wconf 84' lang='lat' dir='ltr'><strong>cujus</strong></span> <span class='ocrx_word' id='word_1_178' title='bbox 1925 2179 2093 2234; x_wconf 88' lang='lat' dir='ltr'><strong>etiam</strong></span> 
     </span>
    </p>
   </div>
   <div class='ocr_carea' id='block_1_29' title="bbox 507 2199 1386 2326">
    <p class='ocr_par' dir='ltr' id='par_1_29' title="bbox 507 2199 1386 2326">
     <span class='ocr_line' id='line_1_29' title="bbox 507 2199 1386 2311; baseline -0.001 -72"><span class='ocrx_word' id='word_1_179' title='bbox 507 2199 641 2250; x_wconf 86' lang='lat' dir='ltr'><strong>tuto,</strong></span> <span class='ocrx_word' id='word_1_180' title='bbox 688 2199 756 2239; x_wconf 92' lang='lat' dir='ltr'><strong>ue</strong></span> <span class='ocrx_word' id='word_1_181' title='bbox 785 2199 893 2311; x_wconf 56' lang='lat' dir='ltr'><strong>quo</strong></span> <span class='ocrx_word' id='word_1_182' title='bbox 935 2199 1135 2240; x_wconf 75' lang='lat' dir='ltr'><strong>Dexter</strong></span> <span class='ocrx_word' id='word_1_183' title='bbox 1165 2199 1386 2239; x_wconf 81' lang='lat' dir='ltr'><strong>interius</strong></span> 
     </span>
     <span class='ocr_line' id='line_1_30' title="bbox 507 2255 1386 2326; baseline -0.003 -14"><span class='ocrx_word' id='word_1_184' title='bbox 507 2255 758 2312; x_wconf 84' lang='lat' dir='ltr'><strong>meminit</strong></span> <span class='ocrx_word' id='word_1_185' title='bbox 821 2256 1065 2312; x_wconf 87' lang='lat' dir='ltr'><strong>uvenalis</strong></span> <span class='ocrx_word' id='word_1_186' title='bbox 1095 2257 1344 2326; x_wconf 87' lang='lat' dir='ltr'><strong>inquiens</strong></span> <span class='ocrx_word' id='word_1_187' title='bbox 1374 2273 1386 2309; x_wconf 93' lang='lat'>:</span> 
     </span>
    </p>
   </div>
   <div class='ocr_carea' id='block_1_30' title="bbox 686 2366 1909 2431">
    <p class='ocr_par' dir='ltr' id='par_1_30' title="bbox 686 2366 1909 2431">
     <span class='ocr_line' id='line_1_31' title="bbox 686 2366 1909 2431; baseline 0.002 -15"><span class='ocrx_word' id='word_1_188' title='bbox 686 2366 979 2431; x_wconf 65' lang='lat' dir='ltr'><strong>Laureolum</strong></span> <span class='ocrx_word' id='word_1_189' title='bbox 1006 2368 1152 2419; x_wconf 81' lang='lat' dir='ltr'><strong>velox</strong></span> <span class='ocrx_word' id='word_1_190' title='bbox 1180 2371 1326 2420; x_wconf 88' lang='lat' dir='ltr'><strong>etiam</strong></span> <span class='ocrx_word' id='word_1_191' title='bbox 1349 2368 1482 2419; x_wconf 86' lang='lat' dir='ltr'><strong>bene</strong></span> <span class='ocrx_word' id='word_1_192' title='bbox 1505 2367 1748 2420; x_wconf 81' lang='lat' dir='ltr'><strong>Lentulus</strong></span> <span class='ocrx_word' id='word_1_193' title='bbox 1770 2367 1909 2431; x_wconf 82' lang='lat' dir='ltr'><strong>egit:</strong></span> 
     </span>
    </p>
   </div>
   <div class='ocr_carea' id='block_1_31' title="bbox 688 2429 1839 2496">
    <p class='ocr_par' dir='ltr' id='par_1_31' title="bbox 688 2429 1839 2496">
     <span class='ocr_line' id='line_1_32' title="bbox 688 2429 1839 2496; baseline 0 -16"><span class='ocrx_word' id='word_1_194' title='bbox 688 2429 865 2483; x_wconf 85' lang='lat' dir='ltr'><strong>Judice</strong></span> <span class='ocrx_word' id='word_1_195' title='bbox 888 2445 990 2493; x_wconf 90' lang='lat' dir='ltr'><strong>me,</strong></span> <span class='ocrx_word' id='word_1_196' title='bbox 1019 2444 1132 2482; x_wconf 89' lang='lat' dir='ltr'><strong>vera</strong></span> <span class='ocrx_word' id='word_1_197' title='bbox 1151 2432 1328 2496; x_wconf 83' lang='lat' dir='ltr'><strong>dignus</strong></span> <span class='ocrx_word' id='word_1_198' title='bbox 1351 2445 1519 2482; x_wconf 82' lang='lat' dir='ltr'><strong>cruce.</strong></span> <span class='ocrx_word' id='word_1_199' title='bbox 1806 2429 1839 2448; x_wconf 78' lang='lat'><strong><em>&quot;</em></strong></span> 
     </span>
    </p>
   </div>
   <div class='ocr_carea' id='block_1_32' title="bbox 499 2536 2102 2609">
    <p class='ocr_par' dir='ltr' id='par_1_32' title="bbox 499 2536 2102 2609">
     <span class='ocr_line' id='line_1_33' title="bbox 499 2536 2102 2609; baseline 0 -17"><span class='ocrx_word' id='word_1_200' title='bbox 499 2536 660 2606; x_wconf 81' lang='lat' dir='ltr'><strong>Quod</strong></span> <span class='ocrx_word' id='word_1_201' title='bbox 688 2552 823 2609; x_wconf 78' lang='lat' dir='ltr'><strong>ergo</strong></span> <span class='ocrx_word' id='word_1_202' title='bbox 855 2538 908 2594; x_wconf 90' lang='lat' dir='ltr'><strong>in</strong></span> <span class='ocrx_word' id='word_1_203' title='bbox 947 2539 1126 2595; x_wconf 86' lang='lat' dir='ltr'><strong>Scena</strong></span> <span class='ocrx_word' id='word_1_204' title='bbox 1157 2540 1386 2609; x_wconf 84' lang='lat' dir='ltr'><strong>figurate</strong></span> <span class='ocrx_word' id='word_1_205' title='bbox 1418 2538 1700 2594; x_wconf 83' lang='lat' dir='ltr'><strong>dumtaxat</strong></span> <span class='ocrx_word' id='word_1_206' title='bbox 1739 2547 2102 2608; x_wconf 68' lang='lat' dir='ltr'><strong>repracsenta-</strong></span> 
     </span>
    </p>
   </div>
   <div class='ocr_carea' id='block_1_33' title="bbox 502 2609 2171 2706">
    <p class='ocr_par' dir='ltr' id='par_1_33' title="bbox 502 2609 2171 2706">
     <span class='ocr_line' id='line_1_34' title="bbox 502 2609 2171 2706; baseline 0.001 -44"><span class='ocrx_word' id='word_1_207' title='bbox 502 2609 684 2675; x_wconf 84' lang='lat' dir='ltr'><strong>batur,</strong></span> <span class='ocrx_word' id='word_1_208' title='bbox 730 2611 1072 2706; x_wconf 53' lang='lat' dir='ltr'><strong>Domitianus</strong></span> <span class='ocrx_word' id='word_1_209' title='bbox 1117 2611 1171 2665; x_wconf 90' lang='lat' dir='ltr'><strong>in</strong></span> <span class='ocrx_word' id='word_1_210' title='bbox 1211 2610 1549 2706; x_wconf 51' lang='lat' dir='ltr'><strong>martyribus</strong></span> <span class='ocrx_word' id='word_1_211' title='bbox 1583 2611 1856 2693; x_wconf 75' lang='lat' dir='ltr'><strong>expressit</strong></span> <span class='ocrx_word' id='word_1_212' title='bbox 1904 2611 1974 2706; x_wconf 67' lang='lat' dir='ltr'><strong>ad</strong></span> <span class='ocrx_word' id='word_1_213' title='bbox 2127 2645 2171 2706; x_wconf 74' lang='grc' dir='ltr'><strong><em>Β</em></strong></span> 
     </span>
    </p>
   </div>
   <div class='ocr_carea' id='block_1_34' title="bbox 500 2681 2096 2754">
    <p class='ocr_par' dir='ltr' id='par_1_34' title="bbox 500 2681 2096 2754">
     <span class='ocr_line' id='line_1_35' title="bbox 500 2681 2096 2754; baseline 0 -19"><span class='ocrx_word' id='word_1_214' title='bbox 500 2695 626 2735; x_wconf 87' lang='lat' dir='ltr'><strong>vum</strong></span> <span class='ocrx_word' id='word_1_215' title='bbox 662 2682 986 2754; x_wconf 38' lang='lat' dir='ltr'><strong>:didemque</strong></span> <span class='ocrx_word' id='word_1_216' title='bbox 1035 2691 1183 2754; x_wconf 16' lang='lat' dir='ltr'><strong>ante,</strong></span> <span class='ocrx_word' id='word_1_217' title='bbox 1209 2681 1388 2748; x_wconf 90' lang='lat' dir='ltr'><strong>ipsum</strong></span> <span class='ocrx_word' id='word_1_218' title='bbox 1435 2681 1601 2754; x_wconf 86' lang='lat' dir='ltr'><strong>Nero,</strong></span> <span class='ocrx_word' id='word_1_219' title='bbox 1637 2692 1694 2735; x_wconf 93' lang='lat' dir='ltr'><strong>ut</strong></span> <span class='ocrx_word' id='word_1_220' title='bbox 1728 2682 1839 2751; x_wconf 87' lang='lat' dir='ltr'><strong>jam</strong></span> <span class='ocrx_word' id='word_1_221' title='bbox 1882 2682 2096 2754; x_wconf 62' lang='lat' dir='ltr'><strong>videbi-</strong></span> 
     </span>
    </p>
   </div>
   <div class='ocr_carea' id='block_1_35' title="bbox 501 2751 2096 2825">
    <p class='ocr_par' dir='ltr' id='par_1_35' title="bbox 501 2751 2096 2825">
     <span class='ocr_line' id='line_1_36' title="bbox 501 2751 2096 2825; baseline 0.001 -18"><span class='ocrx_word' id='word_1_222' title='bbox 501 2765 646 2807; x_wconf 91' lang='lat' dir='ltr'><strong>mus.</strong></span> <span class='ocrx_word' id='word_1_223' title='bbox 694 2751 806 2809; x_wconf 80' lang='lat' dir='ltr'><strong>ﬂos</strong></span> <span class='ocrx_word' id='word_1_224' title='bbox 838 2751 1007 2825; x_wconf 77' lang='lat' dir='ltr'><strong>igitur</strong></span> <span class='ocrx_word' id='word_1_225' title='bbox 1036 2753 1248 2825; x_wconf 80' lang='lat' dir='ltr'><strong>deridet</strong></span> <span class='ocrx_word' id='word_1_226' title='bbox 1275 2753 1558 2819; x_wconf 84' lang='lat' dir='ltr'><strong>Martialis,</strong></span> <span class='ocrx_word' id='word_1_227' title='bbox 1589 2761 1646 2809; x_wconf 91' lang='lat' dir='ltr'><strong>ut</strong></span> <span class='ocrx_word' id='word_1_228' title='bbox 1692 2753 1923 2808; x_wconf 85' lang='lat' dir='ltr'><strong>ethnicis</strong></span> <span class='ocrx_word' id='word_1_229' title='bbox 1959 2754 2096 2809; x_wconf 88' lang='lat' dir='ltr'><strong>arri-</strong></span> 
     </span>
    </p>
   </div>
   <div class='ocr_carea' id='block_1_36' title="bbox 503 2823 1522 2906">
    <p class='ocr_par' dir='ltr' id='par_1_36' title="bbox 503 2823 1522 2906">
     <span class='ocr_line' id='line_1_37' title="bbox 503 2823 1522 2906; baseline 0.004 -28"><span class='ocrx_word' id='word_1_230' title='bbox 503 2828 651 2906; x_wconf 85' lang='lat' dir='ltr'><strong>deat,</strong></span> <span class='ocrx_word' id='word_1_231' title='bbox 685 2823 1080 2896; x_wconf 80' lang='lat' dir='ltr'><strong>epigrammate</strong></span> <span class='ocrx_word' id='word_1_232' title='bbox 1109 2823 1144 2882; x_wconf 88' lang='lat'><strong>9</strong></span> <span class='ocrx_word' id='word_1_233' title='bbox 1168 2835 1300 2881; x_wconf 88' lang='lat' dir='ltr'><strong>ante</strong></span> <span class='ocrx_word' id='word_1_234' title='bbox 1330 2825 1420 2880; x_wconf 87' lang='lat' dir='ltr'><strong>lib.</strong></span> <span class='ocrx_word' id='word_1_235' title='bbox 1455 2840 1472 2880; x_wconf 87' lang='grc' dir='ltr'><strong>ι</strong></span> <span class='ocrx_word' id='word_1_236' title='bbox 1506 2841 1522 2882; x_wconf 87' lang='lat'><strong>:</strong></span> 
     </span>
    </p>
   </div>
   <div class='ocr_carea' id='block_1_37' title="bbox 691 2939 2035 3004">
    <p class='ocr_par' dir='ltr' id='par_1_37' title="bbox 691 2939 2035 3004">
     <span class='ocr_line' id='line_1_38' title="bbox 691 2939 2035 3004; baseline 0.002 -16"><span class='ocrx_word' id='word_1_237' title='bbox 691 2939 912 3004; x_wconf 78' lang='lat' dir='ltr'><strong>Qualiter</strong></span> <span class='ocrx_word' id='word_1_238' title='bbox 940 2942 989 2991; x_wconf 91' lang='lat' dir='ltr'><strong>in</strong></span> <span class='ocrx_word' id='word_1_239' title='bbox 1014 2939 1240 3004; x_wconf 74' lang='lat' dir='ltr'><strong>Scythica</strong></span> <span class='ocrx_word' id='word_1_240' title='bbox 1259 2940 1512 3004; x_wconf 83' lang='lat' dir='ltr'><strong>relegatus</strong></span> <span class='ocrx_word' id='word_1_241' title='bbox 1539 2952 1663 3002; x_wconf 90' lang='lat' dir='ltr'><strong>rupe</strong></span> <span class='ocrx_word' id='word_1_242' title='bbox 1689 2940 2035 3001; x_wconf 82' lang='lat' dir='ltr'><strong>Prometheus,</strong></span> 
     </span>
    </p>
   </div>
   <div class='ocr_carea' id='block_1_38' title="bbox 750 3001 2035 3066">
    <p class='ocr_par' dir='ltr' id='par_1_38' title="bbox 750 3001 2035 3066">
     <span class='ocr_line' id='line_1_39' title="bbox 750 3001 2035 3066; baseline 0.002 -14"><span class='ocrx_word' id='word_1_243' title='bbox 750 3002 1008 3066; x_wconf 80' lang='lat' dir='ltr'><strong>Assiduam</strong></span> <span class='ocrx_word' id='word_1_244' title='bbox 1033 3001 1179 3054; x_wconf 67' lang='lat' dir='ltr'><strong>niveo</strong></span> <span class='ocrx_word' id='word_1_245' title='bbox 1206 3001 1305 3065; x_wconf 77' lang='grc' dir='ltr'><strong>[Αι.</strong></span> <span class='ocrx_word' id='word_1_246' title='bbox 1334 3001 1460 3066; x_wconf 68' lang='lat' dir='ltr'><strong>viiio]</strong></span> <span class='ocrx_word' id='word_1_247' title='bbox 1488 3001 1692 3064; x_wconf 81' lang='lat' dir='ltr'><strong>pectore</strong></span> <span class='ocrx_word' id='word_1_248' title='bbox 1717 3004 1851 3065; x_wconf 87' lang='lat' dir='ltr'><strong>pavit</strong></span> <span class='ocrx_word' id='word_1_249' title='bbox 1874 3016 2035 3054; x_wconf 81' lang='lat' dir='ltr'><strong>avem.</strong></span> 
     </span>
    </p>
   </div>
   <div class='ocr_carea' id='block_1_39' title="bbox 687 3062 1820 3129">
    <p class='ocr_par' dir='ltr' id='par_1_39' title="bbox 687 3062 1820 3129">
     <span class='ocr_line' id='line_1_40' title="bbox 687 3062 1820 3129; baseline -0.002 -14"><span class='ocrx_word' id='word_1_250' title='bbox 687 3062 831 3129; x_wconf 76' lang='lat' dir='ltr'><strong>Nuda</strong></span> <span class='ocrx_word' id='word_1_251' title='bbox 855 3065 1117 3129; x_wconf 69' lang='lat' dir='ltr'><strong>Caledonia</strong></span> <span class='ocrx_word' id='word_1_252' title='bbox 1135 3062 1426 3129; x_wconf 42' lang='lat' dir='ltr'><strong>sic—pectora</strong></span> <span class='ocrx_word' id='word_1_253' title='bbox 1445 3062 1661 3129; x_wconf 75' lang='lat' dir='ltr'><strong>praebuit</strong></span> <span class='ocrx_word' id='word_1_254' title='bbox 1683 3062 1820 3129; x_wconf 75' lang='lat' dir='ltr'><strong>urso,</strong></span> 
     </span>
    </p>
   </div>
   <div class='ocr_carea' id='block_1_40' title="bbox 756 3125 1800 3190">
    <p class='ocr_par' dir='ltr' id='par_1_40' title="bbox 756 3125 1800 3190">
     <span class='ocr_line' id='line_1_41' title="bbox 756 3125 1800 3190; baseline -0.001 -11"><span class='ocrx_word' id='word_1_255' title='bbox 756 3126 864 3179; x_wconf 93' lang='lat' dir='ltr'><strong>Non</strong></span> <span class='ocrx_word' id='word_1_256' title='bbox 882 3126 998 3176; x_wconf 78' lang='lat' dir='ltr'><strong>falsa</strong></span> <span class='ocrx_word' id='word_1_257' title='bbox 1022 3125 1248 3190; x_wconf 77' lang='lat' dir='ltr'><strong>pendens</strong></span> <span class='ocrx_word' id='word_1_258' title='bbox 1270 3128 1323 3176; x_wconf 92' lang='lat' dir='ltr'><strong>in</strong></span> <span class='ocrx_word' id='word_1_259' title='bbox 1339 3125 1486 3178; x_wconf 83' lang='lat' dir='ltr'><strong>cruce</strong></span> <span class='ocrx_word' id='word_1_260' title='bbox 1509 3125 1800 3178; x_wconf 88' lang='lat' dir='ltr'><strong>Laureolus.</strong></span> 
     </span>
    </p>
   </div>
   <div class='ocr_carea' id='block_1_41' title="bbox 503 3224 2102 3296">
    <p class='ocr_par' dir='ltr' id='par_1_41' title="bbox 503 3224 2102 3296">
     <span class='ocr_line' id='line_1_42' title="bbox 503 3224 2102 3296; baseline 0.003 -16"><span class='ocrx_word' id='word_1_261' title='bbox 503 3224 667 3294; x_wconf 82' lang='lat' dir='ltr'><strong>Quasi</strong></span> <span class='ocrx_word' id='word_1_262' title='bbox 697 3225 894 3282; x_wconf 76' lang='lat' dir='ltr'><strong>dixerit</strong></span> <span class='ocrx_word' id='word_1_263' title='bbox 919 3244 929 3280; x_wconf 89' lang='lat'>:</span> <span class='ocrx_word' id='word_1_264' title='bbox 959 3226 1057 3282; x_wconf 87' lang='lat' dir='ltr'><strong>Hic</strong></span> <span class='ocrx_word' id='word_1_265' title='bbox 1085 3241 1260 3282; x_wconf 89' lang='lat' dir='ltr'><strong>novus</strong></span> <span class='ocrx_word' id='word_1_266' title='bbox 1287 3225 1587 3282; x_wconf 84' lang='lat' dir='ltr'><strong>Laureolus</strong></span> <span class='ocrx_word' id='word_1_267' title='bbox 1618 3235 1978 3296; x_wconf 81' lang='lat' dir='ltr'><strong>repraesentat</strong></span> <span class='ocrx_word' id='word_1_268' title='bbox 2005 3243 2102 3284; x_wconf 90' lang='lat' dir='ltr'><strong>an-</strong></span> 
     </span>
    </p>
   </div>
   <div class='ocr_carea' id='block_1_42' title="bbox 505 3297 2096 3370">
    <p class='ocr_par' dir='ltr' id='par_1_42' title="bbox 505 3297 2096 3370">
     <span class='ocr_line' id='line_1_43' title="bbox 505 3297 2096 3370; baseline 0.003 -18"><span class='ocrx_word' id='word_1_269' title='bbox 505 3298 638 3370; x_wconf 80' lang='lat' dir='ltr'><strong>tiqui</strong></span> <span class='ocrx_word' id='word_1_270' title='bbox 665 3297 926 3364; x_wconf 80' lang='lat' dir='ltr'><strong>fabulam,</strong></span> <span class='ocrx_word' id='word_1_271' title='bbox 969 3313 1075 3352; x_wconf 91' lang='lat' dir='ltr'><strong>non</strong></span> <span class='ocrx_word' id='word_1_272' title='bbox 1109 3308 1289 3370; x_wconf 84' lang='lat' dir='ltr'><strong>tamen</strong></span> <span class='ocrx_word' id='word_1_273' title='bbox 1339 3301 1390 3352; x_wconf 93' lang='lat' dir='ltr'><strong>in</strong></span> <span class='ocrx_word' id='word_1_274' title='bbox 1424 3298 1555 3353; x_wconf 88' lang='lat' dir='ltr'><strong>falsa</strong></span> <span class='ocrx_word' id='word_1_275' title='bbox 1584 3314 1752 3370; x_wconf 80' lang='lat' dir='ltr'><strong>cruce</strong></span> <span class='ocrx_word' id='word_1_276' title='bbox 1785 3300 2005 3370; x_wconf 87' lang='lat' dir='ltr'><strong>pendet,</strong></span> <span class='ocrx_word' id='word_1_277' title='bbox 2044 3313 2096 3356; x_wconf 88' lang='lat' dir='ltr'><strong>et</strong></span> 
     </span>
    </p>
   </div>
   <div class='ocr_carea' id='block_1_43' title="bbox 507 3367 1878 3439">
    <p class='ocr_par' dir='ltr' id='par_1_43' title="bbox 507 3367 1878 3439">
     <span class='ocr_line' id='line_1_44' title="bbox 507 3367 1878 3439; baseline 0 -15"><span class='ocrx_word' id='word_1_278' title='bbox 507 3367 736 3439; x_wconf 77' lang='lat' dir='ltr'><strong>ﬁgurate</strong></span> <span class='ocrx_word' id='word_1_279' title='bbox 763 3370 1068 3436; x_wconf 80' lang='lat' dir='ltr'><strong>dumtaxat,</strong></span> <span class='ocrx_word' id='word_1_280' title='bbox 1091 3369 1186 3425; x_wconf 90' lang='lat' dir='ltr'><strong>sed</strong></span> <span class='ocrx_word' id='word_1_281' title='bbox 1209 3384 1340 3426; x_wconf 84' lang='lat' dir='ltr'><strong>vere</strong></span> <span class='ocrx_word' id='word_1_282' title='bbox 1369 3370 1518 3426; x_wconf 88' lang='lat' dir='ltr'><strong>cruci</strong></span> <span class='ocrx_word' id='word_1_283' title='bbox 1544 3369 1743 3426; x_wconf 82' lang='lat' dir='ltr'><strong>aiﬁxus</strong></span> <span class='ocrx_word' id='word_1_284' title='bbox 1772 3367 1878 3427; x_wconf 84' lang='lat' dir='ltr'><strong>est.</strong></span> 
     </span>
    </p>
   </div>
   <div class='ocr_carea' id='block_1_44' title="bbox 579 3439 1197 3498">
    <p class='ocr_par' dir='ltr' id='par_1_44' title="bbox 579 3439 1197 3498">
     <span class='ocr_line' id='line_1_45' title="bbox 579 3439 1197 3498; baseline -0.003 0"><span class='ocrx_word' id='word_1_285' title='bbox 579 3439 858 3498; x_wconf 85' lang='lat' dir='ltr'><strong>Subinfert</strong></span> <span class='ocrx_word' id='word_1_286' title='bbox 887 3441 1151 3497; x_wconf 77' lang='lat' dir='ltr'><strong>Martialis</strong></span> <span class='ocrx_word' id='word_1_287' title='bbox 1183 3458 1197 3496; x_wconf 89' lang='lat'><strong>:</strong></span> 
     </span>
    </p>
   </div>
   <div class='ocr_carea' id='block_1_45' title="bbox 693 3553 1848 3607">
    <p class='ocr_par' dir='ltr' id='par_1_45' title="bbox 693 3553 1848 3607">
     <span class='ocr_line' id='line_1_46' title="bbox 693 3553 1848 3607; baseline 0 -2"><span class='ocrx_word' id='word_1_288' title='bbox 693 3553 942 3607; x_wconf 79' lang='lat' dir='ltr'><strong>Vivebant</strong></span> <span class='ocrx_word' id='word_1_289' title='bbox 961 3554 1115 3605; x_wconf 89' lang='lat' dir='ltr'><strong>laceri</strong></span> <span class='ocrx_word' id='word_1_290' title='bbox 1139 3554 1373 3605; x_wconf 88' lang='lat' dir='ltr'><strong>membris</strong></span> <span class='ocrx_word' id='word_1_291' title='bbox 1394 3554 1691 3606; x_wconf 85' lang='lat' dir='ltr'><strong>stillantibus</strong></span> <span class='ocrx_word' id='word_1_292' title='bbox 1711 3560 1848 3606; x_wconf 90' lang='lat' dir='ltr'><strong>artus</strong></span> 
     </span>
    </p>
   </div>
   <div class='ocr_carea' id='block_1_46' title="bbox 1418 3615 2009 3684">
    <p class='ocr_par' dir='ltr' id='par_1_46' title="bbox 1418 3615 2009 3684">
     <span class='ocr_line' id='line_1_47' title="bbox 1418 3615 2009 3684; baseline 0.003 -16"><span class='ocrx_word' id='word_1_293' title='bbox 1418 3619 1499 3680; x_wconf 89' lang='lat' dir='ltr'><strong>(en</strong></span> <span class='ocrx_word' id='word_1_294' title='bbox 1523 3615 1752 3681; x_wconf 77' lang='lat' dir='ltr'><strong>martyris</strong></span> <span class='ocrx_word' id='word_1_295' title='bbox 1777 3617 2009 3684; x_wconf 85' lang='lat' dir='ltr'><strong>stragem)</strong></span> 
     </span>
    </p>
   </div>
   <div class='ocr_carea' id='block_1_47' title="bbox 756 3677 1906 3746">
    <p class='ocr_par' dir='ltr' id='par_1_47' title="bbox 756 3677 1906 3746">
     <span class='ocr_line' id='line_1_48' title="bbox 756 3677 1906 3746; baseline 0.003 -18"><span class='ocrx_word' id='word_1_296' title='bbox 756 3677 915 3741; x_wconf 87' lang='lat' dir='ltr'><strong>Inque</strong></span> <span class='ocrx_word' id='word_1_297' title='bbox 937 3679 1070 3728; x_wconf 89' lang='lat' dir='ltr'><strong>omni</strong></span> <span class='ocrx_word' id='word_1_298' title='bbox 1092 3691 1328 3746; x_wconf 83' lang='lat' dir='ltr'><strong>nusquam</strong></span> <span class='ocrx_word' id='word_1_299' title='bbox 1351 3677 1561 3745; x_wconf 78' lang='lat' dir='ltr'><strong>corpore</strong></span> <span class='ocrx_word' id='word_1_300' title='bbox 1584 3677 1760 3744; x_wconf 69' lang='lat' dir='ltr'><strong>corpus</strong></span> <span class='ocrx_word' id='word_1_301' title='bbox 1781 3677 1906 3732; x_wconf 58' lang='lat' dir='ltr'><strong>erat&quot;.</strong></span> 
     </span>
    </p>
   </div>
   <div class='ocr_carea' id='block_1_48' title="bbox 506 3783 1512 3861">
    <p class='ocr_par' dir='ltr' id='par_1_48' title="bbox 506 3783 1512 3861">
     <span class='ocr_line' id='line_1_49' title="bbox 506 3783 1512 3861; baseline 0.001 -20"><span class='ocrx_word' id='word_1_302' title='bbox 506 3783 658 3843; x_wconf 89' lang='lat' dir='ltr'><strong>Nunc</strong></span> <span class='ocrx_word' id='word_1_303' title='bbox 684 3787 942 3857; x_wconf 86' lang='lat' dir='ltr'><strong>supponit</strong></span> <span class='ocrx_word' id='word_1_304' title='bbox 976 3788 1206 3861; x_wconf 88' lang='lat' dir='ltr'><strong>martyri</strong></span> <span class='ocrx_word' id='word_1_305' title='bbox 1232 3787 1466 3844; x_wconf 88' lang='lat' dir='ltr'><strong>crimina</strong></span> <span class='ocrx_word' id='word_1_306' title='bbox 1497 3805 1512 3842; x_wconf 87' lang='lat'><strong><em>:</em></strong></span> 
     </span>
    </p>
   </div>
   <div class='ocr_carea' id='block_1_49' title="bbox 694 3899 2010 3969">
    <p class='ocr_par' dir='ltr' id='par_1_49' title="bbox 694 3899 2010 3969">
     <span class='ocr_line' id='line_1_50' title="bbox 694 3899 2010 3969; baseline 0.006 -21"><span class='ocrx_word' id='word_1_307' title='bbox 694 3899 924 3969; x_wconf 71' lang='lat' dir='ltr'><strong>Denique</strong></span> <span class='ocrx_word' id='word_1_308' title='bbox 947 3902 1244 3969; x_wconf 79' lang='lat' dir='ltr'><strong>supplicium</strong></span> <span class='ocrx_word' id='word_1_309' title='bbox 1269 3903 1476 3969; x_wconf 74' lang='lat' dir='ltr'><strong>dederat</strong></span> <span class='ocrx_word' id='word_1_310' title='bbox 1498 3903 1636 3954; x_wconf 85' lang='lat' dir='ltr'><strong>necis</strong></span> <span class='ocrx_word' id='word_1_311' title='bbox 1658 3901 1744 3955; x_wconf 90' lang='lat' dir='ltr'><strong>ille</strong></span> <span class='ocrx_word' id='word_1_312' title='bbox 1769 3911 2010 3969; x_wconf 67' lang='lat' dir='ltr'><strong>paternae,</strong></span> 
     </span>
    </p>
   </div>
   <div class='ocr_carea' id='block_1_50' title="bbox 758 3962 1911 4034">
    <p class='ocr_par' dir='ltr' id='par_1_50' title="bbox 758 3962 1911 4034">
     <span class='ocr_line' id='line_1_51' title="bbox 758 3962 1911 4034; baseline 0.009 -26"><span class='ocrx_word' id='word_1_313' title='bbox 758 3962 866 4034; x_wconf 25' lang='lat' dir='ltr'><strong>Vel;</strong></span> <span class='ocrx_word' id='word_1_314' title='bbox 877 3962 1068 4034; x_wconf 78' lang='lat' dir='ltr'><strong>Domini</strong></span> <span class='ocrx_word' id='word_1_315' title='bbox 1087 3967 1314 4034; x_wconf 79' lang='lat' dir='ltr'><strong>jugulum</strong></span> <span class='ocrx_word' id='word_1_316' title='bbox 1337 3964 1675 4034; x_wconf 35' lang='lat' dir='ltr'><strong>foderat‘ense</strong></span> <span class='ocrx_word' id='word_1_317' title='bbox 1700 3962 1911 4034; x_wconf 60' lang='lat' dir='ltr'><strong>nocens};</strong></span> 
     </span>
    </p>
   </div>
   <div class='ocr_carea' id='block_1_51' title="bbox 695 4023 1905 4092">
    <p class='ocr_par' dir='ltr' id='par_1_51' title="bbox 695 4023 1905 4092">
     <span class='ocr_line' id='line_1_52' title="bbox 695 4023 1905 4092; baseline 0.006 -17"><span class='ocrx_word' id='word_1_318' title='bbox 695 4023 909 4092; x_wconf 9' lang='lat' dir='ltr'><strong>Templa,</strong></span> <span class='ocrx_word' id='word_1_319' title='bbox 926 4027 1002 4076; x_wconf 87' lang='lat' dir='ltr'><strong>vel</strong></span> <span class='ocrx_word' id='word_1_320' title='bbox 1023 4023 1202 4079; x_wconf 64' lang='lat' dir='ltr'><strong>arcano</strong></span> <span class='ocrx_word' id='word_1_321' title='bbox 1224 4029 1434 4092; x_wconf 84' lang='lat' dir='ltr'><strong>demens</strong></span> <span class='ocrx_word' id='word_1_322' title='bbox 1450 4029 1749 4092; x_wconf 74' lang='lat' dir='ltr'><strong>spoliaverat</strong></span> <span class='ocrx_word' id='word_1_323' title='bbox 1767 4023 1905 4092; x_wconf 65' lang='lat' dir='ltr'><strong>auro:</strong></span> 
     </span>
    </p>
   </div>
   <div class='ocr_carea' id='block_1_52' title="bbox 760 4088 1824 4153">
    <p class='ocr_par' dir='ltr' id='par_1_52' title="bbox 760 4088 1824 4153">
     <span class='ocr_line' id='line_1_53' title="bbox 760 4088 1824 4153; baseline 0.003 -15"><span class='ocrx_word' id='word_1_324' title='bbox 760 4088 1059 4140; x_wconf 81' lang='lat' dir='ltr'><strong>Subdiderat</strong></span> <span class='ocrx_word' id='word_1_325' title='bbox 1077 4103 1236 4142; x_wconf 63' lang='lat' dir='ltr'><strong>seras</strong></span> <span class='ocrx_word' id='word_1_326' title='bbox 1256 4091 1336 4141; x_wconf 87' lang='lat' dir='ltr'><strong>vel</strong></span> <span class='ocrx_word' id='word_1_327' title='bbox 1361 4093 1468 4152; x_wconf 87' lang='lat' dir='ltr'><strong>tibi,</strong></span> <span class='ocrx_word' id='word_1_328' title='bbox 1482 4091 1651 4153; x_wconf 81' lang='lat' dir='ltr'><strong>Roma,</strong></span> <span class='ocrx_word' id='word_1_329' title='bbox 1673 4092 1824 4143; x_wconf 90' lang='lat' dir='ltr'><strong>faces.</strong></span> 
     </span>
    </p>
   </div>
   <div class='ocr_carea' id='block_1_53' title="bbox 508 4211 2106 4284">
    <p class='ocr_par' dir='ltr' id='par_1_53' title="bbox 508 4211 2106 4284">
     <span class='ocr_line' id='line_1_54' title="bbox 508 4211 2106 4284; baseline 0.005 -16"><span class='ocrx_word' id='word_1_330' title='bbox 508 4211 779 4268; x_wconf 69' lang='lat' dir='ltr'><strong>Caeterum</strong></span> <span class='ocrx_word' id='word_1_331' title='bbox 839 4213 972 4270; x_wconf 86' lang='lat' dir='ltr'><strong>nihil</strong></span> <span class='ocrx_word' id='word_1_332' title='bbox 1029 4215 1223 4270; x_wconf 89' lang='lat' dir='ltr'><strong>horum</strong></span> <span class='ocrx_word' id='word_1_333' title='bbox 1286 4217 1629 4273; x_wconf 88' lang='lat' dir='ltr'><strong>commisisse</strong></span> <span class='ocrx_word' id='word_1_334' title='bbox 1689 4227 1945 4284; x_wconf 85' lang='lat' dir='ltr'><strong>constat,</strong></span> <span class='ocrx_word' id='word_1_335' title='bbox 2019 4221 2106 4276; x_wconf 89' lang='lat' dir='ltr'><strong>cui</strong></span> 
     </span>
    </p>
   </div>
   <div class='ocr_carea' id='block_1_54' title="bbox 511 4283 2100 4357">
    <p class='ocr_par' dir='ltr' id='par_1_54' title="bbox 511 4283 2100 4357">
     <span class='ocr_line' id='line_1_55' title="bbox 511 4283 2100 4357; baseline 0.006 -19"><span class='ocrx_word' id='word_1_336' title='bbox 511 4283 722 4357; x_wconf 77' lang='lat' dir='ltr'><strong>nullum</strong></span> <span class='ocrx_word' id='word_1_337' title='bbox 757 4294 965 4340; x_wconf 88' lang='lat' dir='ltr'><strong>certmn</strong></span> <span class='ocrx_word' id='word_1_338' title='bbox 994 4287 1199 4342; x_wconf 86' lang='lat' dir='ltr'><strong>crimen</strong></span> <span class='ocrx_word' id='word_1_339' title='bbox 1229 4287 1512 4357; x_wconf 86' lang='lat' dir='ltr'><strong>objicitur,</strong></span> <span class='ocrx_word' id='word_1_340' title='bbox 1544 4285 1646 4344; x_wconf 89' lang='lat' dir='ltr'><strong>sed</strong></span> <span class='ocrx_word' id='word_1_341' title='bbox 1675 4287 1776 4344; x_wconf 87' lang='lat' dir='ltr'><strong>hoc</strong></span> <span class='ocrx_word' id='word_1_342' title='bbox 1815 4290 1900 4346; x_wconf 87' lang='lat' dir='ltr'><strong>vel</strong></span> <span class='ocrx_word' id='word_1_343' title='bbox 1923 4283 2055 4347; x_wconf 89' lang='lat' dir='ltr'><strong>illud</strong></span> <span class='ocrx_word' id='word_1_344' title='bbox 2087 4311 2100 4348; x_wconf 91' lang='lat'><strong>:</strong></span> 
     </span>
    </p>
   </div>
   <div class='ocr_carea' id='block_1_55' title="bbox 514 4355 2107 4426">
    <p class='ocr_par' dir='ltr' id='par_1_55' title="bbox 514 4355 2107 4426">
     <span class='ocr_line' id='line_1_56' title="bbox 514 4355 2107 4426; baseline 0.007 -19"><span class='ocrx_word' id='word_1_345' title='bbox 514 4355 773 4411; x_wconf 88' lang='lat' dir='ltr'><strong>videlicet</strong></span> <span class='ocrx_word' id='word_1_346' title='bbox 806 4358 888 4412; x_wconf 89' lang='lat' dir='ltr'><strong>vel</strong></span> <span class='ocrx_word' id='word_1_347' title='bbox 935 4355 1311 4426; x_wconf 78' lang='lat' dir='ltr'><strong>parricidium,</strong></span> <span class='ocrx_word' id='word_1_348' title='bbox 1342 4359 1425 4413; x_wconf 89' lang='lat' dir='ltr'><strong>vel</strong></span> <span class='ocrx_word' id='word_1_349' title='bbox 1465 4360 1674 4415; x_wconf 90' lang='lat' dir='ltr'><strong>domini</strong></span> <span class='ocrx_word' id='word_1_350' title='bbox 1704 4361 1783 4415; x_wconf 89' lang='lat' dir='ltr'><strong>sui</strong></span> <span class='ocrx_word' id='word_1_351' title='bbox 1815 4362 1984 4426; x_wconf 88' lang='lat' dir='ltr'><strong>necis,</strong></span> <span class='ocrx_word' id='word_1_352' title='bbox 2022 4364 2107 4420; x_wconf 90' lang='lat' dir='ltr'><strong>vel</strong></span> 
     </span>
    </p>
   </div>
   <div class='ocr_carea' id='block_1_56' title="bbox 513 4426 2110 4501">
    <p class='ocr_par' dir='ltr' id='par_1_56' title="bbox 513 4426 2110 4501">
     <span class='ocr_line' id='line_1_57' title="bbox 513 4426 2110 4501; baseline 0.006 -19"><span class='ocrx_word' id='word_1_353' title='bbox 513 4426 700 4501; x_wconf 79' lang='lat' dir='ltr'><strong>templi</strong></span> <span class='ocrx_word' id='word_1_354' title='bbox 739 4429 1002 4501; x_wconf 77' lang='lat' dir='ltr'><strong>_spoliutu,</strong></span> <span class='ocrx_word' id='word_1_355' title='bbox 1044 4430 1127 4484; x_wconf 89' lang='lat' dir='ltr'><strong>vel</strong></span> <span class='ocrx_word' id='word_1_356' title='bbox 1158 4430 1393 4501; x_wconf 88' lang='lat' dir='ltr'><strong>denique</strong></span> <span class='ocrx_word' id='word_1_357' title='bbox 1425 4430 1687 4486; x_wconf 77' lang='lat' dir='ltr'><strong>Romamn</strong></span> <span class='ocrx_word' id='word_1_358' title='bbox 1727 4433 1880 4488; x_wconf 92' lang='lat' dir='ltr'><strong>urbis</strong></span> <span class='ocrx_word' id='word_1_359' title='bbox 1921 4435 2110 4490; x_wconf 87' lang='lat' dir='ltr'><strong>incen-</strong></span> 
     </span>
    </p>
   </div>
   <div class='ocr_carea' id='block_1_57' title="bbox 511 4498 2108 4577">
    <p class='ocr_par' dir='ltr' id='par_1_57' title="bbox 511 4498 2108 4577">
     <span class='ocr_line' id='line_1_58' title="bbox 511 4498 2108 4577; baseline 0.008 -26"><span class='ocrx_word' id='word_1_360' title='bbox 511 4498 682 4577; x_wconf 76' lang='lat' dir='ltr'><strong>dium.</strong></span> <span class='ocrx_word' id='word_1_361' title='bbox 713 4499 832 4562; x_wconf 80' lang='lat' dir='ltr'><strong>Quo</strong></span> <span class='ocrx_word' id='word_1_362' title='bbox 886 4515 995 4556; x_wconf 90' lang='lat' dir='ltr'><strong>uno</strong></span> <span class='ocrx_word' id='word_1_363' title='bbox 1028 4498 1501 4577; x_wconf 22' lang='lat' dir='ltr'><strong>compertum‘tlt,</strong></span> <span class='ocrx_word' id='word_1_364' title='bbox 1539 4512 1860 4577; x_wconf 76' lang='lat' dir='ltr'><strong>martyrem</strong></span> <span class='ocrx_word' id='word_1_365' title='bbox 1886 4505 1955 4562; x_wconf 90' lang='lat' dir='ltr'><strong>de</strong></span> <span class='ocrx_word' id='word_1_366' title='bbox 2002 4523 2108 4577; x_wconf 92' lang='lat' dir='ltr'><strong>quo</strong></span> 
     </span>
    </p>
   </div>
   <div class='ocr_carea' id='block_1_58' title="bbox 513 4568 2108 4644">
    <p class='ocr_par' dir='ltr' id='par_1_58' title="bbox 513 4568 2108 4644">
     <span class='ocr_line' id='line_1_59' title="bbox 513 4568 2108 4644; baseline 0.006 -20"><span class='ocrx_word' id='word_1_367' title='bbox 513 4568 756 4638; x_wconf 91' lang='lat' dir='ltr'><strong>loquitur</strong></span> <span class='ocrx_word' id='word_1_368' title='bbox 810 4583 1002 4644; x_wconf 88' lang='lat' dir='ltr'><strong>poeta,</strong></span> <span class='ocrx_word' id='word_1_369' title='bbox 1058 4571 1128 4644; x_wconf 81' lang='lat' dir='ltr'><strong>de</strong></span> <span class='ocrx_word' id='word_1_370' title='bbox 1155 4568 1288 4627; x_wconf 53' lang='lat' dir='ltr'><strong>&#39;illis</strong></span> <span class='ocrx_word' id='word_1_371' title='bbox 1331 4568 1522 4641; x_wconf 81' lang='lat' dir='ltr'><strong>fuisse,</strong></span> <span class='ocrx_word' id='word_1_372' title='bbox 1580 4568 1779 4644; x_wconf 78' lang='lat' dir='ltr'><strong>quibus</strong></span> <span class='ocrx_word' id='word_1_373' title='bbox 1817 4575 1961 4632; x_wconf 85' lang='lat' dir='ltr'><strong>Nero</strong></span> <span class='ocrx_word' id='word_1_374' title='bbox 2002 4568 2108 4634; x_wconf 76' lang='lat' dir='ltr'><strong>cri-</strong></span> 
     </span>
    </p>
   </div>
   <div class='ocr_carea' id='block_1_59' title="bbox 513 4643 2111 4720">
    <p class='ocr_par' dir='ltr' id='par_1_59' title="bbox 513 4643 2111 4720">
     <span class='ocr_line' id='line_1_60' title="bbox 513 4643 2111 4720; baseline 0.006 -24"><span class='ocrx_word' id='word_1_375' title='bbox 513 4656 638 4720; x_wconf 70' lang='lat' dir='ltr'><strong>inen</strong></span> <span class='ocrx_word' id='word_1_376' title='bbox 673 4643 893 4720; x_wconf 75' lang='lat' dir='ltr'><strong>impegit</strong></span> <span class='ocrx_word' id='word_1_377' title='bbox 924 4643 1388 4720; x_wconf 27' lang='lat' dir='ltr'><strong>iiice‘ndiariorutn</strong></span> <span class='ocrx_word' id='word_1_378' title='bbox 1413 4643 1778 4720; x_wconf 78' lang='lat' dir='ltr'><strong>urbis,quam</strong></span> <span class='ocrx_word' id='word_1_379' title='bbox 1811 4647 1928 4720; x_wconf 90' lang='lat' dir='ltr'><strong>ipse</strong></span> <span class='ocrx_word' id='word_1_380' title='bbox 1959 4665 2111 4706; x_wconf 91' lang='lat' dir='ltr'><strong>com-</strong></span> 
     </span>
    </p>
   </div>
   <div class='ocr_carea' id='block_1_60' title="bbox 512 4711 1522 4787">
    <p class='ocr_par' dir='ltr' id='par_1_60' title="bbox 512 4711 1522 4787">
     <span class='ocr_line' id='line_1_61' title="bbox 512 4711 1522 4787; baseline 0.005 -19"><span class='ocrx_word' id='word_1_381' title='bbox 512 4711 783 4769; x_wconf 84' lang='lat' dir='ltr'><strong>busscrat.</strong></span> <span class='ocrx_word' id='word_1_382' title='bbox 820 4715 932 4770; x_wconf 83' lang='lat' dir='ltr'><strong>Hoc</strong></span> <span class='ocrx_word' id='word_1_383' title='bbox 964 4716 1111 4771; x_wconf 90' lang='lat' dir='ltr'><strong>enim</strong></span> <span class='ocrx_word' id='word_1_384' title='bbox 1137 4726 1221 4772; x_wconf 74' lang='lat' dir='ltr'><strong>eet</strong></span> <span class='ocrx_word' id='word_1_385' title='bbox 1251 4717 1394 4787; x_wconf 90' lang='lat' dir='ltr'><strong>quod</strong></span> <span class='ocrx_word' id='word_1_386' title='bbox 1426 4717 1522 4784; x_wconf 90' lang='lat' dir='ltr'><strong>ait,</strong></span> 
     </span>
    </p>
   </div>
   <div class='ocr_carea' id='block_1_61' title="bbox 759 4847 1816 4914">
    <p class='ocr_par' dir='ltr' id='par_1_61' title="bbox 759 4847 1816 4914">
     <span class='ocr_line' id='line_1_62' title="bbox 759 4847 1816 4914; baseline 0.005 -16"><span class='ocrx_word' id='word_1_387' title='bbox 759 4847 1057 4900; x_wconf 81' lang='lat' dir='ltr'><strong>Subdiderat</strong></span> <span class='ocrx_word' id='word_1_388' title='bbox 1079 4860 1233 4901; x_wconf 66' lang='lat' dir='ltr'><strong>saevas</strong></span> <span class='ocrx_word' id='word_1_389' title='bbox 1252 4849 1329 4902; x_wconf 81' lang='lat' dir='ltr'><strong>vel</strong></span> <span class='ocrx_word' id='word_1_390' title='bbox 1349 4850 1457 4913; x_wconf 87' lang='lat' dir='ltr'><strong>tibi,</strong></span> <span class='ocrx_word' id='word_1_391' title='bbox 1477 4849 1647 4914; x_wconf 81' lang='lat' dir='ltr'><strong>Roma,</strong></span> <span class='ocrx_word' id='word_1_392' title='bbox 1667 4851 1816 4905; x_wconf 83' lang='lat' dir='ltr'><strong>faces.</strong></span> 
     </span>
    </p>
   </div>
   <div class='ocr_carea' id='block_1_62' title="bbox 587 4951 1073 5026">
    <p class='ocr_par' dir='ltr' id='par_1_62' title="bbox 587 4951 1073 5026">
     <span class='ocr_line' id='line_1_63' title="bbox 587 4951 1073 5026; baseline 0.002 -17"><span class='ocrx_word' id='word_1_393' title='bbox 587 4951 756 5010; x_wconf 84' lang='lat' dir='ltr'><strong>Addit</strong></span> <span class='ocrx_word' id='word_1_394' title='bbox 783 4952 1025 5026; x_wconf 89' lang='lat' dir='ltr'><strong>denique</strong></span> <span class='ocrx_word' id='word_1_395' title='bbox 1058 4973 1073 5010; x_wconf 87' lang='lat'><strong>:</strong></span> 
     </span>
    </p>
   </div>
   <div class='ocr_carea' id='block_1_63' title="bbox 698 5067 1862 5134">
    <p class='ocr_par' dir='ltr' id='par_1_63' title="bbox 698 5067 1862 5134">
     <span class='ocr_line' id='line_1_64' title="bbox 698 5067 1862 5134; baseline 0.002 -14"><span class='ocrx_word' id='word_1_396' title='bbox 698 5067 902 5134; x_wconf 77' lang='lat' dir='ltr'><strong>Vicerat</strong></span> <span class='ocrx_word' id='word_1_397' title='bbox 931 5070 1142 5134; x_wconf 63' lang='lat' dir='ltr'><strong>antiqua;</strong></span> <span class='ocrx_word' id='word_1_398' title='bbox 1165 5069 1440 5134; x_wconf 82' lang='lat' dir='ltr'><strong>sceleratus</strong></span> <span class='ocrx_word' id='word_1_399' title='bbox 1460 5072 1660 5134; x_wconf 84' lang='lat' dir='ltr'><strong>crimina</strong></span> <span class='ocrx_word' id='word_1_400' title='bbox 1687 5067 1862 5134; x_wconf 60' lang='lat' dir='ltr'><strong>famae;</strong></span> 
     </span>
    </p>
   </div>
   <div class='ocr_carea' id='block_1_64' title="bbox 760 5130 2109 5262">
    <p class='ocr_par' dir='ltr' id='par_1_64' title="bbox 760 5130 2109 5262">
     <span class='ocr_line' id='line_1_65' title="bbox 760 5130 2106 5262; baseline 0.006 -81"><span class='ocrx_word' id='word_1_401' title='bbox 760 5130 819 5181; x_wconf 89' lang='lat' dir='ltr'><strong>In</strong></span> <span class='ocrx_word' id='word_1_402' title='bbox 848 5143 949 5194; x_wconf 89' lang='lat' dir='ltr'><strong>quo</strong></span> <span class='ocrx_word' id='word_1_403' title='bbox 971 5130 1082 5196; x_wconf 69' lang='lat' dir='ltr'><strong>qua:</strong></span> <span class='ocrx_word' id='word_1_404' title='bbox 1113 5132 1276 5194; x_wconf 80' lang='lat' dir='ltr'><strong>fuerat</strong></span> <span class='ocrx_word' id='word_1_405' title='bbox 1298 5132 1460 5184; x_wconf 83' lang='lat' dir='ltr'><strong>fabula</strong></span> <span class='ocrx_word' id='word_1_406' title='bbox 1487 5131 1569 5197; x_wconf 78' lang='lat' dir='ltr'><strong>(id</strong></span> <span class='ocrx_word' id='word_1_407' title='bbox 1596 5140 1664 5186; x_wconf 79' lang='lat' dir='ltr'><strong>est</strong></span> <span class='ocrx_word' id='word_1_408' title='bbox 1689 5130 2106 5262; x_wconf 44' lang='lat' dir='ltr'><strong>repraésgeriltatio)‘,</strong></span> 
     </span>
     <span class='ocr_line' id='line_1_66' title="bbox 1951 5215 2109 5250; baseline 0 0"><span class='ocrx_word' id='word_1_409' title='bbox 1951 5215 1976 5250; x_wconf 74' lang='lat'><strong>3</strong></span> <span class='ocrx_word' id='word_1_410' title='bbox 2022 5215 2067 5250; x_wconf 89' lang='grc' dir='ltr'><strong>ιιι</strong></span> <span class='ocrx_word' id='word_1_411' title='bbox 2096 5237 2109 5250; x_wconf 88' lang='grc'><strong>.</strong></span> 
     </span>
    </p>
   </div>
   <div class='ocr_carea' id='block_1_65' title="bbox 514 5319 2110 5401">
    <p class='ocr_par' dir='ltr' id='par_1_65' title="bbox 514 5319 2110 5401">
     <span class='ocr_line' id='line_1_67' title="bbox 514 5319 2110 5401; baseline 0.006 -25"><span class='ocrx_word' id='word_1_412' title='bbox 514 5319 629 5376; x_wconf 82' lang='lat' dir='ltr'><strong>Hoc</strong></span> <span class='ocrx_word' id='word_1_413' title='bbox 650 5327 757 5401; x_wconf 73' lang='lat' dir='ltr'><strong>est,</strong></span> <span class='ocrx_word' id='word_1_414' title='bbox 801 5322 989 5376; x_wconf 71' lang='lat' dir='ltr'><strong>veritas</strong></span> <span class='ocrx_word' id='word_1_415' title='bbox 1016 5324 1136 5401; x_wconf 74' lang='lat' dir='ltr'><strong>fuit.</strong></span> <span class='ocrx_word' id='word_1_416' title='bbox 1154 5323 1383 5401; x_wconf 84' lang='lat' dir='ltr'><strong>_Horum</strong></span> <span class='ocrx_word' id='word_1_417' title='bbox 1411 5324 1508 5380; x_wconf 90' lang='lat' dir='ltr'><strong>SS.</strong></span> <span class='ocrx_word' id='word_1_418' title='bbox 1529 5337 1845 5401; x_wconf 74' lang='lat' dir='ltr'><strong>martyrum</strong></span> <span class='ocrx_word' id='word_1_419' title='bbox 1873 5327 2110 5385; x_wconf 87' lang='lat' dir='ltr'><strong>celebris</strong></span> 
     </span>
    </p>
   </div>
   <div class='ocr_carea' id='block_1_66' title="bbox 514 5392 2107 5472">
    <p class='ocr_par' dir='ltr' id='par_1_66' title="bbox 514 5392 2107 5472">
     <span class='ocr_line' id='line_1_68' title="bbox 514 5392 2107 5472; baseline 0.004 -25"><span class='ocrx_word' id='word_1_420' title='bbox 514 5392 1114 5472; x_wconf 43' lang='lat' dir='ltr'><strong>memorianquotannis</strong></span> <span class='ocrx_word' id='word_1_421' title='bbox 1141 5395 1486 5472; x_wconf 74' lang='lat' dir='ltr'><strong>instauratur</strong></span> <span class='ocrx_word' id='word_1_422' title='bbox 1528 5398 1579 5452; x_wconf 92' lang='lat' dir='ltr'><strong>in</strong></span> <span class='ocrx_word' id='word_1_423' title='bbox 1632 5392 1876 5456; x_wconf 77' lang='lat' dir='ltr'><strong>Romano</strong></span> <span class='ocrx_word' id='word_1_424' title='bbox 1906 5401 2107 5472; x_wconf 84' lang='lat' dir='ltr'><strong>Marty-</strong></span> 
     </span>
    </p>
   </div>
   <div class='ocr_carea' id='block_1_67' title="bbox 512 5465 2102 5536">
    <p class='ocr_par' dir='ltr' id='par_1_67' title="bbox 512 5465 2102 5536">
     <span class='ocr_line' id='line_1_69' title="bbox 512 5465 2102 5536; baseline 0.004 -15"><span class='ocrx_word' id='word_1_425' title='bbox 512 5465 722 5536; x_wconf 83' lang='lat' dir='ltr'><strong>rologio</strong></span> <span class='ocrx_word' id='word_1_426' title='bbox 767 5465 858 5518; x_wconf 88' lang='lat' dir='ltr'><strong>die</strong></span> <span class='ocrx_word' id='word_1_427' title='bbox 909 5467 980 5520; x_wconf 70' lang='grc'><strong>24</strong></span> <span class='ocrx_word' id='word_1_428' title='bbox 1026 5468 1198 5535; x_wconf 81' lang='lat' dir='ltr'><strong>Junii,</strong></span> <span class='ocrx_word' id='word_1_429' title='bbox 1248 5471 1462 5524; x_wconf 82' lang='lat' dir='ltr'><strong>tametsi</strong></span> <span class='ocrx_word' id='word_1_430' title='bbox 1520 5486 1624 5525; x_wconf 86' lang='lat' dir='ltr'><strong>nou</strong></span> <span class='ocrx_word' id='word_1_431' title='bbox 1669 5486 1856 5526; x_wconf 88' lang='lat' dir='ltr'><strong>omnes</strong></span> <span class='ocrx_word' id='word_1_432' title='bbox 1911 5465 2102 5528; x_wconf 68' lang='lat' dir='ltr'><strong>eodem</strong></span> 
     </span>
    </p>
   </div>
   <div class='ocr_carea' id='block_1_68' title="bbox 514 5539 2102 5612">
    <p class='ocr_par' dir='ltr' id='par_1_68' title="bbox 514 5539 2102 5612">
     <span class='ocr_line' id='line_1_70' title="bbox 514 5539 2102 5612; baseline 0.005 -21"><span class='ocrx_word' id='word_1_433' title='bbox 514 5539 709 5592; x_wconf 85' lang='lat' dir='ltr'><strong>mortis</strong></span> <span class='ocrx_word' id='word_1_434' title='bbox 744 5550 942 5606; x_wconf 78' lang='lat' dir='ltr'><strong>genere</strong></span> <span class='ocrx_word' id='word_1_435' title='bbox 971 5539 1169 5612; x_wconf 77' lang='lat' dir='ltr'><strong>sublati</strong></span> <span class='ocrx_word' id='word_1_436' title='bbox 1196 5541 1312 5612; x_wconf 81' lang='lat' dir='ltr'><strong>sint</strong></span> <span class='ocrx_word' id='word_1_437' title='bbox 1347 5559 1360 5595; x_wconf 92' lang='lat'>:</span> <span class='ocrx_word' id='word_1_438' title='bbox 1391 5541 1482 5596; x_wconf 90' lang='lat' dir='ltr'><strong>ubi</strong></span> <span class='ocrx_word' id='word_1_439' title='bbox 1514 5542 1630 5597; x_wconf 70' lang='lat' dir='ltr'><strong>hmo</strong></span> <span class='ocrx_word' id='word_1_440' title='bbox 1674 5541 1904 5612; x_wconf 71' lang='lat' dir='ltr'><strong>lcginus</strong></span> <span class='ocrx_word' id='word_1_441' title='bbox 1938 5561 1952 5597; x_wconf 92' lang='lat'><strong>:</strong></span> <span class='ocrx_word' id='word_1_442' title='bbox 1991 5542 2102 5600; x_wconf 86' lang='lat' dir='ltr'><strong>Ro-</strong></span> 
     </span>
    </p>
   </div>
   <div class='ocr_carea' id='block_1_69' title="bbox 513 5611 2104 5687">
    <p class='ocr_par' dir='ltr' id='par_1_69' title="bbox 513 5611 2104 5687">
     <span class='ocr_line' id='line_1_71' title="bbox 513 5611 2104 5687; baseline 0.004 -24"><span class='ocrx_word' id='word_1_443' title='bbox 513 5624 612 5687; x_wconf 65' lang='lat' dir='ltr'><strong>ma?</strong></span> <span class='ocrx_word' id='word_1_444' title='bbox 655 5611 1241 5687; x_wconf 67' lang='lat' dir='ltr'><strong>contuiemoratio__S$.</strong></span> <span class='ocrx_word' id='word_1_445' title='bbox 1291 5613 1635 5687; x_wconf 79' lang='lat' dir='ltr'><strong>plurimorum</strong></span> <span class='ocrx_word' id='word_1_446' title='bbox 1667 5611 1975 5687; x_wconf 79' lang='lat' dir='ltr'><strong>martyrum,</strong></span> <span class='ocrx_word' id='word_1_447' title='bbox 2013 5617 2104 5687; x_wconf 83' lang='lat' dir='ltr'><strong>qui</strong></span> 
     </span>
    </p>
   </div>
   <div class='ocr_carea' id='block_1_70' title="bbox 510 5679 2104 5752">
    <p class='ocr_par' dir='ltr' id='par_1_70' title="bbox 510 5679 2104 5752">
     <span class='ocr_line' id='line_1_72' title="bbox 510 5679 2104 5752; baseline 0.005 -18"><span class='ocrx_word' id='word_1_448' title='bbox 510 5679 602 5734; x_wconf 87' lang='lat' dir='ltr'><strong>sub</strong></span> <span class='ocrx_word' id='word_1_449' title='bbox 649 5680 860 5736; x_wconf 85' lang='lat' dir='ltr'><strong>Nerone</strong></span> <span class='ocrx_word' id='word_1_450' title='bbox 896 5683 961 5736; x_wconf 84' lang='lat' dir='ltr'><strong>de</strong></span> <span class='ocrx_word' id='word_1_451' title='bbox 1005 5683 1143 5736; x_wconf 80' lang='lat' dir='ltr'><strong>urbis</strong></span> <span class='ocrx_word' id='word_1_452' title='bbox 1173 5683 1414 5738; x_wconf 84' lang='lat' dir='ltr'><strong>incendio</strong></span> <span class='ocrx_word' id='word_1_453' title='bbox 1464 5701 1552 5752; x_wconf 84' lang='lat' dir='ltr'><strong>per</strong></span> <span class='ocrx_word' id='word_1_454' title='bbox 1590 5679 1913 5740; x_wconf 71' lang='lat' dir='ltr'><strong>calumniam</strong></span> <span class='ocrx_word' id='word_1_455' title='bbox 1949 5679 2104 5743; x_wconf 75' lang='lat' dir='ltr'><strong>accu-</strong></span> 
     </span>
    </p>
   </div>
   <div class='ocr_carea' id='block_1_71' title="bbox 509 5753 2104 5830">
    <p class='ocr_par' dir='ltr' id='par_1_71' title="bbox 509 5753 2104 5830">
     <span class='ocr_line' id='line_1_73' title="bbox 509 5753 2104 5830; baseline 0.005 -24"><span class='ocrx_word' id='word_1_456' title='bbox 509 5753 632 5830; x_wconf 74' lang='lat' dir='ltr'><strong>soli,</strong></span> <span class='ocrx_word' id='word_1_457' title='bbox 661 5754 862 5830; x_wconf 70' lang='lat' dir='ltr'><strong>diverso</strong></span> <span class='ocrx_word' id='word_1_458' title='bbox 893 5756 1072 5830; x_wconf 82' lang='lat' dir='ltr'><strong>mortis</strong></span> <span class='ocrx_word' id='word_1_459' title='bbox 1101 5771 1293 5830; x_wconf 76' lang='lat' dir='ltr'><strong>genere</strong></span> <span class='ocrx_word' id='word_1_460' title='bbox 1309 5755 1375 5830; x_wconf 81' lang='lat' dir='ltr'><strong>ab</strong></span> <span class='ocrx_word' id='word_1_461' title='bbox 1404 5757 1579 5811; x_wconf 80' lang='lat' dir='ltr'><strong>eodem</strong></span> <span class='ocrx_word' id='word_1_462' title='bbox 1611 5759 1751 5830; x_wconf 74' lang='lat' dir='ltr'><strong>jussi</strong></span> <span class='ocrx_word' id='word_1_463' title='bbox 1778 5768 1896 5812; x_wconf 85' lang='lat' dir='ltr'><strong>sunt</strong></span> <span class='ocrx_word' id='word_1_464' title='bbox 1927 5762 2104 5814; x_wconf 68' lang='lat' dir='ltr'><strong>sieuis-</strong></span> 
     </span>
    </p>
   </div>
   <div class='ocr_carea' id='block_1_72' title="bbox 511 5824 2102 5903">
    <p class='ocr_par' dir='ltr' id='par_1_72' title="bbox 511 5824 2102 5903">
     <span class='ocr_line' id='line_1_74' title="bbox 511 5824 2102 5903; baseline 0.008 -29"><span class='ocrx_word' id='word_1_465' title='bbox 511 5824 925 5903; x_wconf 73' lang='lat' dir='ltr'><strong>sime_interﬁci,</strong></span> <span class='ocrx_word' id='word_1_466' title='bbox 949 5824 1167 5903; x_wconf 86' lang='lat' dir='ltr'><strong>quorum</strong></span> <span class='ocrx_word' id='word_1_467' title='bbox 1187 5827 1295 5903; x_wconf 74' lang='lat' dir='ltr'><strong>alii.</strong></span> <span class='ocrx_word' id='word_1_468' title='bbox 1323 5827 1551 5903; x_wconf 75' lang='lat' dir='ltr'><strong>ferarum</strong></span> <span class='ocrx_word' id='word_1_469' title='bbox 1581 5824 1734 5903; x_wconf 76' lang='lat' dir='ltr'><strong>tergis</strong></span> <span class='ocrx_word' id='word_1_470' title='bbox 1777 5835 1992 5903; x_wconf 82' lang='lat' dir='ltr'><strong>contecti</strong></span> <span class='ocrx_word' id='word_1_471' title='bbox 2021 5831 2102 5886; x_wconf 85' lang='lat' dir='ltr'><strong>la-</strong></span> 
     </span>
    </p>
   </div>
   <div class='ocr_carea' id='block_1_73' title="bbox 515 5896 2095 5977">
    <p class='ocr_par' dir='ltr' id='par_1_73' title="bbox 515 5896 2095 5977">
     <span class='ocr_line' id='line_1_75' title="bbox 515 5896 2095 5977; baseline 0.006 -27"><span class='ocrx_word' id='word_1_472' title='bbox 515 5896 737 5951; x_wconf 82' lang='lat' dir='ltr'><strong>niatibus</strong></span> <span class='ocrx_word' id='word_1_473' title='bbox 768 5913 959 5952; x_wconf 84' lang='lat' dir='ltr'><strong>canum</strong></span> <span class='ocrx_word' id='word_1_474' title='bbox 980 5900 1198 5971; x_wconf 71' lang='lat' dir='ltr'><strong>expositi</strong></span> <span class='ocrx_word' id='word_1_475' title='bbox 1221 5909 1364 5966; x_wconf 85' lang='lat' dir='ltr'><strong>sunt,</strong></span> <span class='ocrx_word' id='word_1_476' title='bbox 1396 5899 1492 5955; x_wconf 82' lang='lat' dir='ltr'><strong>alii</strong></span> <span class='ocrx_word' id='word_1_477' title='bbox 1520 5896 1761 5961; x_wconf 68' lang='lat' dir='ltr'><strong>crucibus</strong></span> <span class='ocrx_word' id='word_1_478' title='bbox 1785 5902 1960 5977; x_wconf 65' lang='lat' dir='ltr'><strong>afﬁci,</strong></span> <span class='ocrx_word' id='word_1_479' title='bbox 1989 5912 2095 5962; x_wconf 85' lang='lat' dir='ltr'><strong>etc.</strong></span> 
     </span>
    </p>
   </div>
   <div class='ocr_carea' id='block_1_74' title="bbox 2131 5437 2188 5500">
    <p class='ocr_par' dir='ltr' id='par_1_74' title="bbox 2131 5437 2188 5500">
     <span class='ocr_line' id='line_1_76' title="bbox 2131 5437 2188 5500; baseline 0 0"><span class='ocrx_word' id='word_1_480' title='bbox 2131 5437 2188 5500; x_wconf 86' lang='lat' dir='ltr'><strong>D</strong></span> 
     </span>
    </p>
   </div>
   <div class='ocr_carea' id='block_1_75' title="bbox 2195 1315 3806 1393">
    <p class='ocr_par' dir='ltr' id='par_1_75' title="bbox 2195 1315 3806 1393">
     <span class='ocr_line' id='line_1_77' title="bbox 2195 1315 3806 1393; baseline 0.009 -21"><span class='ocrx_word' id='word_1_481' title='bbox 2195 1315 2433 1393; x_wconf 70' lang='lat' dir='ltr'><strong>Nerone.</strong></span> <span class='ocrx_word' id='word_1_482' title='bbox 2498 1317 2558 1374; x_wconf 85' lang='lat' dir='ltr'><strong>In</strong></span> <span class='ocrx_word' id='word_1_483' title='bbox 2612 1315 3127 1393; x_wconf 62' lang='lat' dir='ltr'><strong>impresso&#39;codice</strong></span> <span class='ocrx_word' id='word_1_484' title='bbox 3185 1339 3283 1393; x_wconf 91' lang='lat' dir='ltr'><strong>pro</strong></span> <span class='ocrx_word' id='word_1_485' title='bbox 3339 1323 3626 1381; x_wconf 85' lang='lat' dir='ltr'><strong>Laureolos</strong></span> <span class='ocrx_word' id='word_1_486' title='bbox 3682 1338 3806 1386; x_wconf 90' lang='lat' dir='ltr'><strong>erat</strong></span> 
     </span>
    </p>
   </div>
   <div class='ocr_carea' id='block_1_76' title="bbox 2195 1386 3800 1460">
    <p class='ocr_par' dir='ltr' id='par_1_76' title="bbox 2195 1386 3800 1460">
     <span class='ocr_line' id='line_1_78' title="bbox 2195 1386 3800 1460; baseline 0.008 -18"><span class='ocrx_word' id='word_1_487' title='bbox 2195 1386 2486 1456; x_wconf 80' lang='lat' dir='ltr'><strong>Furculas,</strong></span> <span class='ocrx_word' id='word_1_488' title='bbox 2535 1389 2630 1445; x_wconf 85' lang='lat' dir='ltr'><strong>sed</strong></span> <span class='ocrx_word' id='word_1_489' title='bbox 2665 1386 2962 1460; x_wconf 83' lang='lat' dir='ltr'><strong>mendose;</strong></span> <span class='ocrx_word' id='word_1_490' title='bbox 3019 1409 3126 1449; x_wconf 89' lang='lat' dir='ltr'><strong>non</strong></span> <span class='ocrx_word' id='word_1_491' title='bbox 3170 1386 3314 1449; x_wconf 80' lang='lat' dir='ltr'><strong>enim</strong></span> <span class='ocrx_word' id='word_1_492' title='bbox 3363 1396 3623 1454; x_wconf 81' lang='lat' dir='ltr'><strong>Martialis</strong></span> <span class='ocrx_word' id='word_1_493' title='bbox 3653 1414 3800 1455; x_wconf 89' lang='lat' dir='ltr'><strong>mar-</strong></span> 
     </span>
    </p>
   </div>
   <div class='ocr_carea' id='block_1_77' title="bbox 2196 1461 3801 1536">
    <p class='ocr_par' dir='ltr' id='par_1_77' title="bbox 2196 1461 3801 1536">
     <span class='ocr_line' id='line_1_79' title="bbox 2196 1461 3801 1536; baseline 0.009 -23"><span class='ocrx_word' id='word_1_494' title='bbox 2196 1467 2345 1536; x_wconf 75' lang='lat' dir='ltr'><strong>tyres</strong></span> <span class='ocrx_word' id='word_1_495' title='bbox 2375 1471 2531 1516; x_wconf 89' lang='lat' dir='ltr'><strong>vocat</strong></span> <span class='ocrx_word' id='word_1_496' title='bbox 2561 1461 2847 1536; x_wconf 84' lang='lat' dir='ltr'><strong>Furculos,</strong></span> <span class='ocrx_word' id='word_1_497' title='bbox 2891 1466 2987 1521; x_wconf 91' lang='lat' dir='ltr'><strong>sed</strong></span> <span class='ocrx_word' id='word_1_498' title='bbox 3032 1466 3356 1536; x_wconf 87' lang='lat' dir='ltr'><strong>Laureolos,</strong></span> <span class='ocrx_word' id='word_1_499' title='bbox 3405 1468 3579 1524; x_wconf 89' lang='lat' dir='ltr'><strong>facilis</strong></span> <span class='ocrx_word' id='word_1_500' title='bbox 3617 1481 3801 1527; x_wconf 88' lang='lat' dir='ltr'><strong>autem</strong></span> 
     </span>
    </p>
   </div>
   <div class='ocr_carea' id='block_1_78' title="bbox 2193 1531 3797 1601">
    <p class='ocr_par' dir='ltr' id='par_1_78' title="bbox 2193 1531 3797 1601">
     <span class='ocr_line' id='line_1_80' title="bbox 2193 1531 3797 1601; baseline 0.01 -19"><span class='ocrx_word' id='word_1_501' title='bbox 2193 1531 2296 1584; x_wconf 89' lang='lat' dir='ltr'><strong>fuit</strong></span> <span class='ocrx_word' id='word_1_502' title='bbox 2319 1531 2527 1601; x_wconf 91' lang='lat' dir='ltr'><strong>lapsus,</strong></span> <span class='ocrx_word' id='word_1_503' title='bbox 2555 1533 2626 1588; x_wconf 89' lang='lat' dir='ltr'><strong>ab</strong></span> <span class='ocrx_word' id='word_1_504' title='bbox 2657 1550 2761 1588; x_wconf 91' lang='lat' dir='ltr'><strong>una</strong></span> <span class='ocrx_word' id='word_1_505' title='bbox 2792 1535 2857 1590; x_wconf 91' lang='lat' dir='ltr'><strong>ad</strong></span> <span class='ocrx_word' id='word_1_506' title='bbox 2888 1537 3049 1592; x_wconf 89' lang='lat' dir='ltr'><strong>aliam</strong></span> <span class='ocrx_word' id='word_1_507' title='bbox 3096 1531 3388 1595; x_wconf 88' lang='lat' dir='ltr'><strong>lectionem</strong></span> <span class='ocrx_word' id='word_1_508' title='bbox 3438 1540 3510 1595; x_wconf 93' lang='lat' dir='ltr'><strong>ob</strong></span> <span class='ocrx_word' id='word_1_509' title='bbox 3537 1540 3797 1598; x_wconf 87' lang='lat' dir='ltr'><strong>similitu-</strong></span> 
     </span>
    </p>
   </div>
   <div class='ocr_carea' id='block_1_79' title="bbox 2195 1601 3804 1680">
    <p class='ocr_par' dir='ltr' id='par_1_79' title="bbox 2195 1601 3804 1680">
     <span class='ocr_line' id='line_1_81' title="bbox 2195 1601 3804 1680; baseline 0.009 -23"><span class='ocrx_word' id='word_1_510' title='bbox 2195 1601 2379 1658; x_wconf 92' lang='lat' dir='ltr'><strong>dinem</strong></span> <span class='ocrx_word' id='word_1_511' title='bbox 2404 1603 2810 1680; x_wconf 87' lang='lat' dir='ltr'><strong>_ch_aracterum</strong></span> <span class='ocrx_word' id='word_1_512' title='bbox 2863 1609 3166 1679; x_wconf 83' lang='lat' dir='ltr'><strong>utriusque,</strong></span> <span class='ocrx_word' id='word_1_513' title='bbox 3202 1620 3257 1664; x_wconf 88' lang='lat' dir='ltr'><strong>et</strong></span> <span class='ocrx_word' id='word_1_514' title='bbox 3297 1612 3420 1680; x_wconf 86' lang='lat' dir='ltr'><strong>quia</strong></span> <span class='ocrx_word' id='word_1_515' title='bbox 3482 1612 3536 1666; x_wconf 92' lang='lat' dir='ltr'><strong>in</strong></span> <span class='ocrx_word' id='word_1_516' title='bbox 3577 1627 3804 1671; x_wconf 86' lang='lat' dir='ltr'><strong>crucem</strong></span> 
     </span>
    </p>
   </div>
   <div class='ocr_carea' id='block_1_80' title="bbox 2197 1675 3804 1750">
    <p class='ocr_par' dir='ltr' id='par_1_80' title="bbox 2197 1675 3804 1750">
     <span class='ocr_line' id='line_1_82' title="bbox 2197 1675 3804 1750; baseline 0.009 -22"><span class='ocrx_word' id='word_1_517' title='bbox 2197 1682 2368 1750; x_wconf 76' lang='lat' dir='ltr'><strong>actos,</strong></span> <span class='ocrx_word' id='word_1_518' title='bbox 2404 1676 2456 1730; x_wconf 94' lang='lat' dir='ltr'><strong>in</strong></span> <span class='ocrx_word' id='word_1_519' title='bbox 2490 1675 2951 1750; x_wconf 78' lang='lat' dir='ltr'><strong>furcamqtioque</strong></span> <span class='ocrx_word' id='word_1_520' title='bbox 2989 1691 3140 1736; x_wconf 86' lang='lat' dir='ltr'><strong>actos</strong></span> <span class='ocrx_word' id='word_1_521' title='bbox 3155 1675 3366 1737; x_wconf 57' lang='lat' dir='ltr'><strong>&#39;certu&#39;m</strong></span> <span class='ocrx_word' id='word_1_522' title='bbox 3411 1691 3515 1738; x_wconf 90' lang='lat' dir='ltr'><strong>est.</strong></span> <span class='ocrx_word' id='word_1_523' title='bbox 3558 1683 3804 1744; x_wconf 83' lang='lat' dir='ltr'><strong>Consule</strong></span> 
     </span>
    </p>
   </div>
   <div class='ocr_carea' id='block_1_81' title="bbox 2196 1746 3806 1818">
    <p class='ocr_par' dir='ltr' id='par_1_81' title="bbox 2196 1746 3806 1818">
     <span class='ocr_line' id='line_1_83' title="bbox 2196 1746 3806 1818; baseline 0.009 -19"><span class='ocrx_word' id='word_1_524' title='bbox 2196 1747 2266 1800; x_wconf 87' lang='lat' dir='ltr'><strong>de</strong></span> <span class='ocrx_word' id='word_1_525' title='bbox 2314 1746 2584 1818; x_wconf 84' lang='lat' dir='ltr'><strong>Laureolo</strong></span> <span class='ocrx_word' id='word_1_526' title='bbox 2623 1746 2965 1818; x_wconf 66' lang='lat' dir='ltr'><strong>Caleit&#39;inum,</strong></span> <span class='ocrx_word' id='word_1_527' title='bbox 3005 1760 3061 1806; x_wconf 90' lang='lat' dir='ltr'><strong>et</strong></span> <span class='ocrx_word' id='word_1_528' title='bbox 3105 1752 3300 1808; x_wconf 84' lang='lat' dir='ltr'><strong>Daren.</strong></span> <span class='ocrx_word' id='word_1_529' title='bbox 3353 1768 3480 1808; x_wconf 90' lang='lat' dir='ltr'><strong>ann.</strong></span> <span class='ocrx_word' id='word_1_530' title='bbox 3532 1755 3623 1811; x_wconf 90' lang='lat'><strong>98.</strong></span> <span class='ocrx_word' id='word_1_531' title='bbox 3671 1756 3806 1814; x_wconf 86' lang='lat' dir='ltr'><strong>Sive</strong></span> 
     </span>
    </p>
   </div>
   <div class='ocr_carea' id='block_1_82' title="bbox 2197 1817 3802 1896">
    <p class='ocr_par' dir='ltr' id='par_1_82' title="bbox 2197 1817 3802 1896">
     <span class='ocr_line' id='line_1_84' title="bbox 2197 1817 3802 1896; baseline 0.009 -26"><span class='ocrx_word' id='word_1_532' title='bbox 2197 1830 2328 1896; x_wconf 74' lang='lat' dir='ltr'><strong>vero</strong></span> <span class='ocrx_word' id='word_1_533' title='bbox 2355 1817 2626 1896; x_wconf 82' lang='lat' dir='ltr'><strong>eumdem,</strong></span> <span class='ocrx_word' id='word_1_534' title='bbox 2661 1817 2776 1875; x_wconf 81' lang='lat' dir='ltr'><strong>sive</strong></span> <span class='ocrx_word' id='word_1_535' title='bbox 2805 1823 3032 1896; x_wconf 78' lang='lat' dir='ltr'><strong>aiterum</strong></span> <span class='ocrx_word' id='word_1_536' title='bbox 3064 1836 3358 1896; x_wconf 89' lang='lat' dir='ltr'><strong>martyrem</strong></span> <span class='ocrx_word' id='word_1_537' title='bbox 3392 1825 3629 1882; x_wconf 89' lang='lat' dir='ltr'><strong>irriserit</strong></span> <span class='ocrx_word' id='word_1_538' title='bbox 3655 1827 3802 1885; x_wconf 78' lang='lat' dir='ltr'><strong>Mar-</strong></span> 
     </span>
    </p>
   </div>
   <div class='ocr_carea' id='block_1_83' title="bbox 2201 1887 3803 1968">
    <p class='ocr_par' dir='ltr' id='par_1_83' title="bbox 2201 1887 3803 1968">
     <span class='ocr_line' id='line_1_85' title="bbox 2201 1887 3803 1968; baseline 0.01 -26"><span class='ocrx_word' id='word_1_539' title='bbox 2201 1887 2363 1968; x_wconf 74' lang='lat' dir='ltr'><strong>iialis,</strong></span> <span class='ocrx_word' id='word_1_540' title='bbox 2395 1891 2787 1968; x_wconf 75' lang='lat' dir='ltr'><strong>epigrammate</strong></span> <span class='ocrx_word' id='word_1_541' title='bbox 2832 1893 2901 1950; x_wconf 91' lang='grc'>18</span> <span class='ocrx_word' id='word_1_542' title='bbox 2944 1887 3224 1968; x_wconf 62' lang='lat' dir='ltr'><strong>sequenti,</strong></span> <span class='ocrx_word' id='word_1_543' title='bbox 3255 1896 3459 1952; x_wconf 65' lang='lat' dir='ltr'><strong>Daedali</strong></span> <span class='ocrx_word' id='word_1_544' title='bbox 3488 1899 3537 1954; x_wconf 88' lang='lat' dir='ltr'><strong>ei</strong></span> <span class='ocrx_word' id='word_1_545' title='bbox 3591 1914 3803 1958; x_wconf 88' lang='lat' dir='ltr'><strong>nomen</strong></span> 
     </span>
    </p>
   </div>
   <div class='ocr_carea' id='block_1_84' title="bbox 2198 1959 2787 2036">
    <p class='ocr_par' dir='ltr' id='par_1_84' title="bbox 2198 1959 2787 2036">
     <span class='ocr_line' id='line_1_86' title="bbox 2198 1959 2787 2036; baseline 0.008 -22"><span class='ocrx_word' id='word_1_546' title='bbox 2198 1959 2478 2032; x_wconf 86' lang='lat' dir='ltr'><strong>imposuit,</strong></span> <span class='ocrx_word' id='word_1_547' title='bbox 2494 1959 2787 2036; x_wconf 80' lang='lat' dir='ltr'><strong>inquiens,</strong></span> 
     </span>
    </p>
   </div>
   <div class='ocr_carea' id='block_1_85' title="bbox 2384 2074 3549 2143">
    <p class='ocr_par' dir='ltr' id='par_1_85' title="bbox 2384 2074 3549 2143">
     <span class='ocr_line' id='line_1_87' title="bbox 2384 2074 3549 2143; baseline 0.003 -16"><span class='ocrx_word' id='word_1_548' title='bbox 2384 2074 2606 2143; x_wconf 62' lang='lat' dir='ltr'><strong>Daedale,</strong></span> <span class='ocrx_word' id='word_1_549' title='bbox 2625 2075 2822 2128; x_wconf 89' lang='lat' dir='ltr'><strong>Lucano</strong></span> <span class='ocrx_word' id='word_1_550' title='bbox 2837 2091 2947 2129; x_wconf 85' lang='lat' dir='ltr'><strong>cum</strong></span> <span class='ocrx_word' id='word_1_551' title='bbox 2973 2080 3044 2130; x_wconf 87' lang='lat' dir='ltr'><strong>sic</strong></span> <span class='ocrx_word' id='word_1_552' title='bbox 3064 2079 3308 2132; x_wconf 84' lang='lat' dir='ltr'><strong>lacereris</strong></span> <span class='ocrx_word' id='word_1_553' title='bbox 3330 2081 3392 2132; x_wconf 81' lang='lat' dir='ltr'><strong>ab</strong></span> <span class='ocrx_word' id='word_1_554' title='bbox 3415 2095 3549 2143; x_wconf 86' lang='lat' dir='ltr'><strong>urso,</strong></span> 
     </span>
    </p>
   </div>
   <div class='ocr_carea' id='block_1_86' title="bbox 2451 2139 3613 2205">
    <p class='ocr_par' dir='ltr' id='par_1_86' title="bbox 2451 2139 3613 2205">
     <span class='ocr_line' id='line_1_88' title="bbox 2451 2139 3613 2205; baseline 0.006 -16"><span class='ocrx_word' id='word_1_555' title='bbox 2451 2139 2607 2199; x_wconf 87' lang='lat' dir='ltr'><strong>Quam</strong></span> <span class='ocrx_word' id='word_1_556' title='bbox 2626 2153 2839 2204; x_wconf 88' lang='lat' dir='ltr'><strong>cuperes</strong></span> <span class='ocrx_word' id='word_1_557' title='bbox 2858 2155 3044 2205; x_wconf 85' lang='lat' dir='ltr'><strong>pennas</strong></span> <span class='ocrx_word' id='word_1_558' title='bbox 3065 2157 3192 2194; x_wconf 90' lang='lat' dir='ltr'><strong>nunc</strong></span> <span class='ocrx_word' id='word_1_559' title='bbox 3212 2144 3444 2196; x_wconf 87' lang='lat' dir='ltr'><strong>habuisse</strong></span> <span class='ocrx_word' id='word_1_560' title='bbox 3472 2139 3613 2196; x_wconf 81' lang='lat' dir='ltr'><strong>tuas?</strong></span> 
     </span>
    </p>
   </div>
   <div class='ocr_carea' id='block_1_87' title="bbox 2200 2243 3808 2308">
    <p class='ocr_par' dir='ltr' id='par_1_87' title="bbox 2200 2243 3808 2308">
     <span class='ocr_line' id='line_1_89' title="bbox 2200 2243 3808 2308; baseline 0.004 -7"><span class='ocrx_word' id='word_1_561' title='bbox 2200 2243 2410 2301; x_wconf 83' lang='lat' dir='ltr'><strong>Alludit</strong></span> <span class='ocrx_word' id='word_1_562' title='bbox 2435 2260 2568 2301; x_wconf 85' lang='lat' dir='ltr'><strong>vero</strong></span> <span class='ocrx_word' id='word_1_563' title='bbox 2599 2245 2665 2300; x_wconf 91' lang='lat' dir='ltr'><strong>ad</strong></span> <span class='ocrx_word' id='word_1_564' title='bbox 2698 2246 2982 2303; x_wconf 87' lang='lat' dir='ltr'><strong>columbas</strong></span> <span class='ocrx_word' id='word_1_565' title='bbox 3014 2248 3133 2303; x_wconf 89' lang='lat' dir='ltr'><strong>illas</strong></span> <span class='ocrx_word' id='word_1_566' title='bbox 3171 2248 3372 2304; x_wconf 75' lang='lat' dir='ltr'><strong>Dmdali</strong></span> <span class='ocrx_word' id='word_1_567' title='bbox 3405 2249 3602 2305; x_wconf 89' lang='lat' dir='ltr'><strong>summi</strong></span> <span class='ocrx_word' id='word_1_568' title='bbox 3628 2260 3808 2308; x_wconf 86' lang='lat' dir='ltr'><strong>astro-</strong></span> 
     </span>
    </p>
   </div>
   <div class='ocr_carea' id='block_1_88' title="bbox 2203 2317 3805 2390">
    <p class='ocr_par' dir='ltr' id='par_1_88' title="bbox 2203 2317 3805 2390">
     <span class='ocr_line' id='line_1_90' title="bbox 2203 2317 3805 2390; baseline 0.005 -18"><span class='ocrx_word' id='word_1_569' title='bbox 2203 2317 2377 2390; x_wconf 86' lang='lat' dir='ltr'><strong>nomi,</strong></span> <span class='ocrx_word' id='word_1_570' title='bbox 2409 2331 2545 2390; x_wconf 85' lang='lat' dir='ltr'><strong>quas</strong></span> <span class='ocrx_word' id='word_1_571' title='bbox 2572 2320 2744 2374; x_wconf 91' lang='lat' dir='ltr'><strong>certis</strong></span> <span class='ocrx_word' id='word_1_572' title='bbox 2777 2320 3001 2375; x_wconf 89' lang='lat' dir='ltr'><strong>libratas</strong></span> <span class='ocrx_word' id='word_1_573' title='bbox 3031 2321 3386 2390; x_wconf 88' lang='lat' dir='ltr'><strong>ponderibus,</strong></span> <span class='ocrx_word' id='word_1_574' title='bbox 3423 2322 3475 2375; x_wconf 92' lang='lat' dir='ltr'><strong>in</strong></span> <span class='ocrx_word' id='word_1_575' title='bbox 3506 2337 3632 2378; x_wconf 86' lang='lat' dir='ltr'><strong>aera</strong></span> <span class='ocrx_word' id='word_1_576' title='bbox 3663 2324 3805 2380; x_wconf 83' lang='lat' dir='ltr'><strong>voli-</strong></span> 
     </span>
    </p>
   </div>
   <div class='ocr_carea' id='block_1_89' title="bbox 2202 2389 3804 2465">
    <p class='ocr_par' dir='ltr' id='par_1_89' title="bbox 2202 2389 3804 2465">
     <span class='ocr_line' id='line_1_91' title="bbox 2202 2389 3804 2465; baseline 0.006 -23"><span class='ocrx_word' id='word_1_577' title='bbox 2202 2397 2326 2445; x_wconf 89' lang='lat' dir='ltr'><strong>tare</strong></span> <span class='ocrx_word' id='word_1_578' title='bbox 2353 2389 2603 2465; x_wconf 70' lang='lat' dir='ltr'><strong>i’aciebat,</strong></span> <span class='ocrx_word' id='word_1_579' title='bbox 2632 2391 2848 2445; x_wconf 87' lang='lat' dir='ltr'><strong>tametsi</strong></span> <span class='ocrx_word' id='word_1_580' title='bbox 2873 2407 3045 2465; x_wconf 59' lang='lat' dir='ltr'><strong>areas</strong></span> <span class='ocrx_word' id='word_1_581' title='bbox 3075 2394 3156 2447; x_wconf 92' lang='lat' dir='ltr'><strong>vel</strong></span> <span class='ocrx_word' id='word_1_582' title='bbox 3185 2393 3391 2465; x_wconf 84' lang='lat' dir='ltr'><strong>ligneas</strong></span> <span class='ocrx_word' id='word_1_583' title='bbox 3421 2410 3436 2448; x_wconf 90' lang='lat'><strong>:</strong></span> <span class='ocrx_word' id='word_1_584' title='bbox 3467 2408 3589 2465; x_wconf 77' lang='lat' dir='ltr'><strong>quae</strong></span> <span class='ocrx_word' id='word_1_585' title='bbox 3621 2404 3804 2452; x_wconf 88' lang='lat' dir='ltr'><strong>tamen</strong></span> 
     </span>
    </p>
   </div>
   <div class='ocr_carea' id='block_1_90' title="bbox 2204 2459 3337 2534">
    <p class='ocr_par' dir='ltr' id='par_1_90' title="bbox 2204 2459 3337 2534">
     <span class='ocr_line' id='line_1_92' title="bbox 2204 2459 3337 2534; baseline 0.004 -20"><span class='ocrx_word' id='word_1_586' title='bbox 2204 2473 2314 2515; x_wconf 92' lang='lat' dir='ltr'><strong>non</strong></span> <span class='ocrx_word' id='word_1_587' title='bbox 2353 2459 2864 2534; x_wconf 72' lang='lat' dir='ltr'><strong>habebantpennas</strong></span> <span class='ocrx_word' id='word_1_588' title='bbox 2896 2465 2961 2518; x_wconf 90' lang='lat' dir='ltr'><strong>ad</strong></span> <span class='ocrx_word' id='word_1_589' title='bbox 2998 2459 3337 2534; x_wconf 79' lang='lat' dir='ltr'><strong>lugiendum.</strong></span> 
     </span>
    </p>
   </div>
   <div class='ocr_carea' id='block_1_91' title="bbox 2274 2531 3810 2603">
    <p class='ocr_par' dir='ltr' id='par_1_91' title="bbox 2274 2531 3810 2603">
     <span class='ocr_line' id='line_1_93' title="bbox 2274 2531 3810 2603; baseline 0.005 -16"><span class='ocrx_word' id='word_1_590' title='bbox 2274 2537 2352 2603; x_wconf 84' lang='lat' dir='ltr'><strong>A.</strong></span> <span class='ocrx_word' id='word_1_591' title='bbox 2393 2531 2454 2586; x_wconf 91' lang='lat' dir='ltr'><strong>C.</strong></span> <span class='ocrx_word' id='word_1_592' title='bbox 2502 2533 2592 2588; x_wconf 82' lang='grc'><strong>61.</strong></span> <span class='ocrx_word' id='word_1_593' title='bbox 2629 2531 2798 2598; x_wconf 84' lang='lat' dir='ltr'><strong>Nero,</strong></span> <span class='ocrx_word' id='word_1_594' title='bbox 2838 2546 2947 2589; x_wconf 89' lang='lat' dir='ltr'><strong>etc.</strong></span> <span class='ocrx_word' id='word_1_595' title='bbox 2990 2531 3283 2603; x_wconf 79' lang='lat' dir='ltr'><strong>Utriusque</strong></span> <span class='ocrx_word' id='word_1_596' title='bbox 3310 2544 3543 2592; x_wconf 86' lang='lat' dir='ltr'><strong>mortem</strong></span> <span class='ocrx_word' id='word_1_597' title='bbox 3587 2537 3810 2594; x_wconf 86' lang='lat' dir='ltr'><strong>violen-</strong></span> 
     </span>
    </p>
   </div>
   <div class='ocr_carea' id='block_1_92' title="bbox 2203 2602 3803 2675">
    <p class='ocr_par' dir='ltr' id='par_1_92' title="bbox 2203 2602 3803 2675">
     <span class='ocr_line' id='line_1_94' title="bbox 2203 2602 3803 2675; baseline 0.004 -16"><span class='ocrx_word' id='word_1_598' title='bbox 2203 2612 2313 2659; x_wconf 86' lang='lat' dir='ltr'><strong>tam</strong></span> <span class='ocrx_word' id='word_1_599' title='bbox 2347 2602 2449 2659; x_wconf 76' lang='lat' dir='ltr'><strong>hbc</strong></span> <span class='ocrx_word' id='word_1_600' title='bbox 2477 2615 2697 2674; x_wconf 86' lang='lat' dir='ltr'><strong>quoque</strong></span> <span class='ocrx_word' id='word_1_601' title='bbox 2726 2611 2870 2660; x_wconf 85' lang='lat' dir='ltr'><strong>anno</strong></span> <span class='ocrx_word' id='word_1_602' title='bbox 2898 2606 3148 2675; x_wconf 80' lang='lat' dir='ltr'><strong>designat</strong></span> <span class='ocrx_word' id='word_1_603' title='bbox 3174 2602 3444 2663; x_wconf 89' lang='lat' dir='ltr'><strong>Eusebius</strong></span> <span class='ocrx_word' id='word_1_604' title='bbox 3477 2609 3530 2664; x_wconf 92' lang='lat' dir='ltr'><strong>in</strong></span> <span class='ocrx_word' id='word_1_605' title='bbox 3559 2608 3803 2665; x_wconf 89' lang='lat' dir='ltr'><strong>Chroni-</strong></span> 
     </span>
    </p>
   </div>
   <div class='ocr_carea' id='block_1_93' title="bbox 2201 2675 3808 2750">
    <p class='ocr_par' dir='ltr' id='par_1_93' title="bbox 2201 2675 3808 2750">
     <span class='ocr_line' id='line_1_95' title="bbox 2201 2675 3808 2750; baseline 0.003 -18"><span class='ocrx_word' id='word_1_606' title='bbox 2201 2689 2288 2742; x_wconf 91' lang='lat' dir='ltr'><strong>co,</strong></span> <span class='ocrx_word' id='word_1_607' title='bbox 2313 2675 2501 2750; x_wconf 83' lang='lat' dir='ltr'><strong>dicens</strong></span> <span class='ocrx_word' id='word_1_608' title='bbox 2520 2692 2534 2741; x_wconf 93' lang='lat'><strong>;</strong></span> <span class='ocrx_word' id='word_1_609' title='bbox 2551 2675 3076 2750; x_wconf 13' lang='lat' dir='ltr'><strong>iNero_Agrippinam</strong></span> <span class='ocrx_word' id='word_1_610' title='bbox 3101 2688 3321 2734; x_wconf 84' lang='lat' dir='ltr'><strong>matrem</strong></span> <span class='ocrx_word' id='word_1_611' title='bbox 3339 2695 3486 2734; x_wconf 81' lang='lat' dir='ltr'><strong>suam</strong></span> <span class='ocrx_word' id='word_1_612' title='bbox 3507 2689 3554 2735; x_wconf 86' lang='lat' dir='ltr'><strong>et</strong></span> <span class='ocrx_word' id='word_1_613' title='bbox 3574 2695 3808 2737; x_wconf 87' lang='lat' dir='ltr'><strong>sororem</strong></span> 
     </span>
    </p>
   </div>
   <div class='ocr_carea' id='block_1_94' title="bbox 2197 2747 3810 2820">
    <p class='ocr_par' dir='ltr' id='par_1_94' title="bbox 2197 2747 3810 2820">
     <span class='ocr_line' id='line_1_96' title="bbox 2197 2747 3810 2820; baseline 0.006 -20"><span class='ocrx_word' id='word_1_614' title='bbox 2197 2749 2360 2820; x_wconf 81' lang='lat' dir='ltr'><strong>patris</strong></span> <span class='ocrx_word' id='word_1_615' title='bbox 2390 2748 2651 2817; x_wconf 78' lang='lat' dir='ltr'><strong>interﬁcit.</strong></span> <span class='ocrx_word' id='word_1_616' title='bbox 2700 2747 2995 2819; x_wconf 32' lang='lat' dir='ltr'><strong>De‘quibus</strong></span> <span class='ocrx_word' id='word_1_617' title='bbox 3023 2750 3368 2819; x_wconf 85' lang='lat' dir='ltr'><strong>Suetonium,</strong></span> <span class='ocrx_word' id='word_1_618' title='bbox 3407 2751 3700 2809; x_wconf 88' lang='lat' dir='ltr'><strong>Dionemve</strong></span> <span class='ocrx_word' id='word_1_619' title='bbox 3729 2753 3810 2810; x_wconf 86' lang='lat' dir='ltr'><strong>le-</strong></span> 
     </span>
    </p>
   </div>
   <div class='ocr_carea' id='block_1_95' title="bbox 2237 2820 2334 2874">
    <p class='ocr_par' dir='ltr' id='par_1_95' title="bbox 2237 2820 2334 2874">
     <span class='ocr_line' id='line_1_97' title="bbox 2237 2820 2334 2874; baseline 0.021 -2"><span class='ocrx_word' id='word_1_620' title='bbox 2237 2820 2334 2874; x_wconf 91' lang='lat' dir='ltr'><strong>ito.</strong></span> 
     </span>
    </p>
   </div>
   <div class='ocr_carea' id='block_1_96' title="bbox 2199 2835 3809 2962">
    <p class='ocr_par' dir='ltr' id='par_1_96' title="bbox 2199 2835 3809 2962">
     <span class='ocr_line' id='line_1_98' title="bbox 2199 2835 3809 2962; baseline 0.006 -18"><span class='ocrx_word' id='word_1_621' title='bbox 2199 2835 2338 2945; x_wconf 53' lang='lat' dir='ltr'><strong>mg:</strong></span> <span class='ocrx_word' id='word_1_622' title='bbox 2380 2890 2443 2945; x_wconf 92' lang='lat' dir='ltr'><strong>C.</strong></span> <span class='ocrx_word' id='word_1_623' title='bbox 2486 2889 2577 2962; x_wconf 82' lang='lat'><strong>65.</strong></span> <span class='ocrx_word' id='word_1_624' title='bbox 2619 2890 2915 2962; x_wconf 83' lang='lat' dir='ltr'><strong>Barnabas,</strong></span> <span class='ocrx_word' id='word_1_625' title='bbox 2968 2901 3074 2948; x_wconf 92' lang='lat' dir='ltr'><strong>etc.</strong></span> <span class='ocrx_word' id='word_1_626' title='bbox 3119 2891 3176 2948; x_wconf 80' lang='lat' dir='ltr'><strong>In</strong></span> <span class='ocrx_word' id='word_1_627' title='bbox 3209 2892 3534 2950; x_wconf 88' lang='lat' dir='ltr'><strong>lectionibus</strong></span> <span class='ocrx_word' id='word_1_628' title='bbox 3567 2893 3809 2953; x_wconf 81' lang='lat' dir='ltr'><strong>Romani</strong></span> 
     </span>
    </p>
   </div>
   <div class='ocr_carea' id='block_1_97' title="bbox 2204 2961 3806 3038">
    <p class='ocr_par' dir='ltr' id='par_1_97' title="bbox 2204 2961 3806 3038">
     <span class='ocr_line' id='line_1_99' title="bbox 2204 2961 3806 3038; baseline 0.006 -23"><span class='ocrx_word' id='word_1_629' title='bbox 2204 2961 2466 3038; x_wconf 74' lang='lat' dir='ltr'><strong>l_3reviarii</strong></span> <span class='ocrx_word' id='word_1_630' title='bbox 2517 2961 2779 3038; x_wconf 80' lang='lat' dir='ltr'><strong>legimus,</strong></span> <span class='ocrx_word' id='word_1_631' title='bbox 2823 2961 3240 3038; x_wconf 32' lang='lat' dir='ltr'><strong>SgBarnabam</strong></span> <span class='ocrx_word' id='word_1_632' title='bbox 3292 2967 3608 3038; x_wconf 76' lang='lat' dir='ltr'><strong>martyrium</strong></span> <span class='ocrx_word' id='word_1_633' title='bbox 3658 2970 3806 3038; x_wconf 89' lang='lat' dir='ltr'><strong>apud</strong></span> 
     </span>
    </p>
   </div>
   <div class='ocr_carea' id='block_1_98' title="bbox 2201 3033 3807 3109">
    <p class='ocr_par' dir='ltr' id='par_1_98' title="bbox 2201 3033 3807 3109">
     <span class='ocr_line' id='line_1_100' title="bbox 2201 3033 3807 3109; baseline 0.003 -20"><span class='ocrx_word' id='word_1_634' title='bbox 2201 3033 2440 3104; x_wconf 89' lang='lat' dir='ltr'><strong>Cyprum</strong></span> <span class='ocrx_word' id='word_1_635' title='bbox 2472 3035 2762 3109; x_wconf 81' lang='lat' dir='ltr'><strong>pertulisse</strong></span> <span class='ocrx_word' id='word_1_636' title='bbox 2786 3035 2991 3090; x_wconf 84' lang='lat' dir='ltr'><strong>circiter</strong></span> <span class='ocrx_word' id='word_1_637' title='bbox 3019 3039 3296 3109; x_wconf 82' lang='lat' dir='ltr'><strong>septimum</strong></span> <span class='ocrx_word' id='word_1_638' title='bbox 3318 3033 3549 3094; x_wconf 76' lang='lat' dir='ltr'><strong>Neronis</strong></span> <span class='ocrx_word' id='word_1_639' title='bbox 3569 3033 3807 3107; x_wconf 73' lang='lat' dir='ltr'><strong>annum;</strong></span> 
     </span>
    </p>
   </div>
   <div class='ocr_carea' id='block_1_99' title="bbox 2200 3106 3805 3177">
    <p class='ocr_par' dir='ltr' id='par_1_99' title="bbox 2200 3106 3805 3177">
     <span class='ocr_line' id='line_1_101' title="bbox 2200 3106 3805 3177; baseline 0.004 -18"><span class='ocrx_word' id='word_1_640' title='bbox 2200 3119 2325 3177; x_wconf 87' lang='lat' dir='ltr'><strong>cum</strong></span> <span class='ocrx_word' id='word_1_641' title='bbox 2358 3120 2488 3177; x_wconf 84' lang='lat' dir='ltr'><strong>vero</strong></span> <span class='ocrx_word' id='word_1_642' title='bbox 2512 3106 2559 3160; x_wconf 90' lang='lat' dir='ltr'><strong>is</strong></span> <span class='ocrx_word' id='word_1_643' title='bbox 2589 3119 2819 3176; x_wconf 86' lang='lat' dir='ltr'><strong>regnare</strong></span> <span class='ocrx_word' id='word_1_644' title='bbox 2840 3106 3084 3175; x_wconf 64' lang='lat' dir='ltr'><strong>emperit&#39;</strong></span> <span class='ocrx_word' id='word_1_645' title='bbox 3102 3109 3170 3164; x_wconf 93' lang='lat' dir='ltr'><strong>ab</strong></span> <span class='ocrx_word' id='word_1_646' title='bbox 3196 3123 3341 3163; x_wconf 88' lang='lat' dir='ltr'><strong>anno</strong></span> <span class='ocrx_word' id='word_1_647' title='bbox 3369 3109 3582 3164; x_wconf 88' lang='lat' dir='ltr'><strong>Domini</strong></span> <span class='ocrx_word' id='word_1_648' title='bbox 3607 3111 3678 3166; x_wconf 83' lang='lat'><strong>56</strong></span> <span class='ocrx_word' id='word_1_649' title='bbox 3700 3154 3716 3177; x_wconf 88' lang='lat'><strong>,</strong></span> <span class='ocrx_word' id='word_1_650' title='bbox 3743 3106 3805 3166; x_wconf 88' lang='grc' dir='ltr'><strong>ιιι</strong></span> 
     </span>
    </p>
   </div>
   <div class='ocr_carea' id='block_1_100' title="bbox 2202 3176 3810 3247">
    <p class='ocr_par' dir='ltr' id='par_1_100' title="bbox 2202 3176 3810 3247">
     <span class='ocr_line' id='line_1_102' title="bbox 2202 3176 3810 3247; baseline 0.005 -16"><span class='ocrx_word' id='word_1_651' title='bbox 2202 3176 2324 3232; x_wconf 88' lang='lat' dir='ltr'><strong>idus</strong></span> <span class='ocrx_word' id='word_1_652' title='bbox 2351 3176 2629 3246; x_wconf 86' lang='lat' dir='ltr'><strong>Octobris,</strong></span> <span class='ocrx_word' id='word_1_653' title='bbox 2659 3192 2766 3247; x_wconf 91' lang='lat' dir='ltr'><strong>quo</strong></span> <span class='ocrx_word' id='word_1_654' title='bbox 2797 3179 2884 3235; x_wconf 89' lang='lat' dir='ltr'><strong>die</strong></span> <span class='ocrx_word' id='word_1_655' title='bbox 2909 3179 3170 3235; x_wconf 81' lang='lat' dir='ltr'><strong>Claudius</strong></span> <span class='ocrx_word' id='word_1_656' title='bbox 3201 3180 3433 3243; x_wconf 85' lang='lat' dir='ltr'><strong>obierat,</strong></span> <span class='ocrx_word' id='word_1_657' title='bbox 3487 3179 3546 3237; x_wconf 78' lang='lat' dir='ltr'><strong>fit</strong></span> <span class='ocrx_word' id='word_1_658' title='bbox 3573 3188 3632 3236; x_wconf 89' lang='lat' dir='ltr'><strong>ut</strong></span> <span class='ocrx_word' id='word_1_659' title='bbox 3660 3176 3810 3238; x_wconf 87' lang='lat' dir='ltr'><strong>mar-</strong></span> 
     </span>
    </p>
   </div>
   <div class='ocr_carea' id='block_1_101' title="bbox 2203 3248 3810 3321">
    <p class='ocr_par' dir='ltr' id='par_1_101' title="bbox 2203 3248 3810 3321">
     <span class='ocr_line' id='line_1_103' title="bbox 2203 3248 3810 3321; baseline 0.006 -20"><span class='ocrx_word' id='word_1_660' title='bbox 2203 3251 2404 3319; x_wconf 87' lang='lat' dir='ltr'><strong>tyrium</strong></span> <span class='ocrx_word' id='word_1_661' title='bbox 2435 3248 2492 3304; x_wconf 97' lang='grc'><strong>8.</strong></span> <span class='ocrx_word' id='word_1_662' title='bbox 2529 3249 2816 3314; x_wconf 59' lang='lat' dir='ltr'><strong>Barnabas,</strong></span> <span class='ocrx_word' id='word_1_663' title='bbox 2860 3261 2980 3320; x_wconf 84' lang='lat' dir='ltr'><strong>post</strong></span> <span class='ocrx_word' id='word_1_664' title='bbox 3011 3261 3219 3321; x_wconf 87' lang='lat' dir='ltr'><strong>septem</strong></span> <span class='ocrx_word' id='word_1_665' title='bbox 3249 3267 3422 3306; x_wconf 90' lang='lat' dir='ltr'><strong>annos</strong></span> <span class='ocrx_word' id='word_1_666' title='bbox 3448 3251 3680 3308; x_wconf 88' lang='lat' dir='ltr'><strong>Neronis</strong></span> <span class='ocrx_word' id='word_1_667' title='bbox 3708 3269 3810 3312; x_wconf 88' lang='lat' dir='ltr'><strong>oc-</strong></span> 
     </span>
    </p>
   </div>
   <div class='ocr_carea' id='block_1_102' title="bbox 2201 3321 3812 3396">
    <p class='ocr_par' dir='ltr' id='par_1_102' title="bbox 2201 3321 3812 3396">
     <span class='ocr_line' id='line_1_104' title="bbox 2201 3321 3812 3396; baseline 0.007 -24"><span class='ocrx_word' id='word_1_668' title='bbox 2201 3321 2322 3396; x_wconf 68' lang='lat' dir='ltr'><strong>cisi,</strong></span> <span class='ocrx_word' id='word_1_669' title='bbox 2359 3321 2640 3396; x_wconf 72' lang='lat' dir='ltr'><strong>manuum</strong></span> <span class='ocrx_word' id='word_1_670' title='bbox 2674 3322 2996 3396; x_wconf 9' lang='lat' dir='ltr'><strong>Domini???)</strong></span> <span class='ocrx_word' id='word_1_671' title='bbox 3036 3324 3305 3396; x_wconf 84' lang='lat' dir='ltr'><strong>inciderit.</strong></span> <span class='ocrx_word' id='word_1_672' title='bbox 3353 3322 3559 3379; x_wconf 88' lang='lat' dir='ltr'><strong>Natalis</strong></span> <span class='ocrx_word' id='word_1_673' title='bbox 3588 3339 3812 3396; x_wconf 86' lang='lat' dir='ltr'><strong>quoque</strong></span> 
     </span>
    </p>
   </div>
   <div class='ocr_carea' id='block_1_103' title="bbox 2201 3388 3816 3462">
    <p class='ocr_par' dir='ltr' id='par_1_103' title="bbox 2201 3388 3816 3462">
     <span class='ocr_line' id='line_1_105' title="bbox 2201 3388 3816 3462; baseline 0.002 -15"><span class='ocrx_word' id='word_1_674' title='bbox 2201 3391 2260 3447; x_wconf 86' lang='lat' dir='ltr'><strong>S.</strong></span> <span class='ocrx_word' id='word_1_675' title='bbox 2285 3388 2473 3447; x_wconf 82' lang='lat' dir='ltr'><strong>Jacobi</strong></span> <span class='ocrx_word' id='word_1_676' title='bbox 2495 3391 2596 3446; x_wconf 87' lang='lat' dir='ltr'><strong>hoc</strong></span> <span class='ocrx_word' id='word_1_677' title='bbox 2619 3393 2737 3462; x_wconf 89' lang='lat' dir='ltr'><strong>ipso</strong></span> <span class='ocrx_word' id='word_1_678' title='bbox 2763 3393 3025 3448; x_wconf 87' lang='lat' dir='ltr'><strong>accidisse</strong></span> <span class='ocrx_word' id='word_1_679' title='bbox 3048 3395 3280 3450; x_wconf 89' lang='lat' dir='ltr'><strong>habetur</strong></span> <span class='ocrx_word' id='word_1_680' title='bbox 3299 3410 3367 3450; x_wconf 80' lang='lat' dir='ltr'><strong>ex</strong></span> <span class='ocrx_word' id='word_1_681' title='bbox 3393 3388 3621 3452; x_wconf 75' lang='lat' dir='ltr'><strong>Eusebii</strong></span> <span class='ocrx_word' id='word_1_682' title='bbox 3635 3388 3816 3452; x_wconf 79' lang='lat' dir='ltr'><strong>Chro-</strong></span> 
     </span>
    </p>
   </div>
   <div class='ocr_carea' id='block_1_104' title="bbox 2206 3463 3815 3538">
    <p class='ocr_par' dir='ltr' id='par_1_104' title="bbox 2206 3463 3815 3538">
     <span class='ocr_line' id='line_1_106' title="bbox 2206 3463 3815 3538; baseline 0.005 -22"><span class='ocrx_word' id='word_1_683' title='bbox 2206 3463 2359 3538; x_wconf 74' lang='lat' dir='ltr'><strong>nico,</strong></span> <span class='ocrx_word' id='word_1_684' title='bbox 2403 3466 2730 3538; x_wconf 77' lang='lat' dir='ltr'><strong>asserentis:</strong></span> <span class='ocrx_word' id='word_1_685' title='bbox 2775 3468 2928 3520; x_wconf 83' lang='lat' dir='ltr'><strong>Anno</strong></span> <span class='ocrx_word' id='word_1_686' title='bbox 2962 3465 3194 3538; x_wconf 82' lang='lat' dir='ltr'><strong>Domini</strong></span> <span class='ocrx_word' id='word_1_687' title='bbox 3241 3467 3332 3532; x_wconf 79' lang='lat'><strong>65,</strong></span> <span class='ocrx_word' id='word_1_688' title='bbox 3371 3463 3601 3522; x_wconf 82' lang='lat' dir='ltr'><strong>Jacobus</strong></span> <span class='ocrx_word' id='word_1_689' title='bbox 3646 3474 3815 3538; x_wconf 78' lang='lat' dir='ltr'><strong>frater</strong></span> 
     </span>
    </p>
   </div>
   <div class='ocr_carea' id='block_1_105' title="bbox 2206 3533 3815 3608">
    <p class='ocr_par' dir='ltr' id='par_1_105' title="bbox 2206 3533 3815 3608">
     <span class='ocr_line' id='line_1_107' title="bbox 2206 3533 3815 3608; baseline 0.004 -20"><span class='ocrx_word' id='word_1_690' title='bbox 2206 3533 2493 3608; x_wconf 32' lang='lat' dir='ltr'><strong>Dominiua</strong></span> <span class='ocrx_word' id='word_1_691' title='bbox 2535 3534 2738 3589; x_wconf 73' lang='lat' dir='ltr'><strong>Judaais</strong></span> <span class='ocrx_word' id='word_1_692' title='bbox 2779 3537 3039 3606; x_wconf 80' lang='lat' dir='ltr'><strong>lapidibus</strong></span> <span class='ocrx_word' id='word_1_693' title='bbox 3088 3539 3419 3608; x_wconf 77' lang='lat' dir='ltr'><strong>Opprimitur.</strong></span> <span class='ocrx_word' id='word_1_694' title='bbox 3471 3533 3675 3594; x_wconf 71' lang='lat' dir='ltr'><strong>Auctor</strong></span> <span class='ocrx_word' id='word_1_695' title='bbox 3725 3549 3815 3596; x_wconf 83' lang='lat' dir='ltr'><strong>est</strong></span> 
     </span>
    </p>
   </div>
   <div class='ocr_carea' id='block_1_106' title="bbox 2208 3606 3810 3679">
    <p class='ocr_par' dir='ltr' id='par_1_106' title="bbox 2208 3606 3810 3679">
     <span class='ocr_line' id='line_1_108' title="bbox 2208 3606 3810 3679; baseline 0.005 -19"><span class='ocrx_word' id='word_1_696' title='bbox 2208 3612 2389 3679; x_wconf 80' lang='lat' dir='ltr'><strong>autem</strong></span> <span class='ocrx_word' id='word_1_697' title='bbox 2433 3606 2794 3677; x_wconf 84' lang='lat' dir='ltr'><strong>Hieronymus</strong></span> <span class='ocrx_word' id='word_1_698' title='bbox 2843 3609 2936 3663; x_wconf 65' lang='grc' dir='ltr'>ιιι).</span> <span class='ocrx_word' id='word_1_699' title='bbox 2985 3609 3055 3664; x_wconf 90' lang='lat' dir='ltr'><strong>de</strong></span> <span class='ocrx_word' id='word_1_700' title='bbox 3099 3606 3277 3679; x_wconf 82' lang='lat' dir='ltr'><strong>scrip.</strong></span> <span class='ocrx_word' id='word_1_701' title='bbox 3313 3609 3460 3664; x_wconf 85' lang='lat' dir='ltr'><strong>Eccl.</strong></span> <span class='ocrx_word' id='word_1_702' title='bbox 3489 3625 3597 3666; x_wconf 89' lang='lat' dir='ltr'><strong>non</strong></span> <span class='ocrx_word' id='word_1_703' title='bbox 3628 3611 3810 3668; x_wconf 88' lang='lat' dir='ltr'><strong>solum</strong></span> 
     </span>
    </p>
   </div>
   <div class='ocr_carea' id='block_1_107' title="bbox 2211 3677 3811 3753">
    <p class='ocr_par' dir='ltr' id='par_1_107' title="bbox 2211 3677 3811 3753">
     <span class='ocr_line' id='line_1_109' title="bbox 2211 3677 3811 3753; baseline 0.005 -21"><span class='ocrx_word' id='word_1_704' title='bbox 2211 3677 2492 3753; x_wconf 77' lang='lat' dir='ltr'><strong>lapidibus</strong></span> <span class='ocrx_word' id='word_1_705' title='bbox 2520 3679 2845 3753; x_wconf 80' lang='lat' dir='ltr'><strong>oppetitum,</strong></span> <span class='ocrx_word' id='word_1_706' title='bbox 2871 3680 2986 3753; x_wconf 84' lang='lat' dir='ltr'><strong>sed</strong></span> <span class='ocrx_word' id='word_1_707' title='bbox 3018 3681 3180 3753; x_wconf 83' lang='lat' dir='ltr'><strong>etiam</strong></span> <span class='ocrx_word' id='word_1_708' title='bbox 3209 3677 3239 3735; x_wconf 83' lang='lat' dir='ltr'><strong>e</strong></span> <span class='ocrx_word' id='word_1_709' title='bbox 3262 3682 3423 3751; x_wconf 91' lang='lat' dir='ltr'><strong>pinna</strong></span> <span class='ocrx_word' id='word_1_710' title='bbox 3459 3682 3644 3752; x_wconf 90' lang='lat' dir='ltr'><strong>templi</strong></span> <span class='ocrx_word' id='word_1_711' title='bbox 3668 3699 3811 3753; x_wconf 78' lang='lat' dir='ltr'><strong>pra:-</strong></span> 
     </span>
    </p>
   </div>
   <div class='ocr_carea' id='block_1_108' title="bbox 2208 3748 3815 3823">
    <p class='ocr_par' dir='ltr' id='par_1_108' title="bbox 2208 3748 3815 3823">
     <span class='ocr_line' id='line_1_110' title="bbox 2208 3748 3815 3823; baseline 0.004 -17"><span class='ocrx_word' id='word_1_712' title='bbox 2208 3749 2428 3823; x_wconf 90' lang='lat' dir='ltr'><strong>cipitem</strong></span> <span class='ocrx_word' id='word_1_713' title='bbox 2461 3748 2672 3815; x_wconf 84' lang='lat' dir='ltr'><strong>datum,</strong></span> <span class='ocrx_word' id='word_1_714' title='bbox 2717 3761 2773 3805; x_wconf 90' lang='lat' dir='ltr'><strong>et</strong></span> <span class='ocrx_word' id='word_1_715' title='bbox 2802 3751 3023 3807; x_wconf 83' lang='lat' dir='ltr'><strong>fullonis</strong></span> <span class='ocrx_word' id='word_1_716' title='bbox 3049 3751 3210 3820; x_wconf 90' lang='lat' dir='ltr'><strong>fuste,</strong></span> <span class='ocrx_word' id='word_1_717' title='bbox 3260 3748 3356 3821; x_wconf 79' lang='lat' dir='ltr'><strong>seu</strong></span> <span class='ocrx_word' id='word_1_718' title='bbox 3389 3748 3594 3823; x_wconf 77' lang='lat' dir='ltr'><strong>pertica</strong></span> <span class='ocrx_word' id='word_1_719' title='bbox 3636 3748 3688 3810; x_wconf 84' lang='lat' dir='ltr'><strong>in</strong></span> <span class='ocrx_word' id='word_1_720' title='bbox 3717 3769 3815 3812; x_wconf 85' lang='lat' dir='ltr'><strong>cc-</strong></span> 
     </span>
    </p>
   </div>
   <div class='ocr_carea' id='block_1_109' title="bbox 2209 3822 2733 3886">
    <p class='ocr_par' dir='ltr' id='par_1_109' title="bbox 2209 3822 2733 3886">
     <span class='ocr_line' id='line_1_111' title="bbox 2209 3822 2733 3886; baseline -0.004 -10"><span class='ocrx_word' id='word_1_721' title='bbox 2209 3822 2373 3876; x_wconf 91' lang='lat' dir='ltr'><strong>rebro</strong></span> <span class='ocrx_word' id='word_1_722' title='bbox 2402 3835 2733 3886; x_wconf 89' lang='lat' dir='ltr'><strong>percussum.</strong></span> 
     </span>
    </p>
   </div>
   <div class='ocr_carea' id='block_1_110' title="bbox 2282 3889 3816 3961">
    <p class='ocr_par' dir='ltr' id='par_1_110' title="bbox 2282 3889 3816 3961">
     <span class='ocr_line' id='line_1_112' title="bbox 2282 3889 3816 3961; baseline 0.007 -16"><span class='ocrx_word' id='word_1_723' title='bbox 2282 3891 2347 3946; x_wconf 87' lang='lat' dir='ltr'><strong>A.</strong></span> <span class='ocrx_word' id='word_1_724' title='bbox 2374 3889 2437 3947; x_wconf 85' lang='lat' dir='ltr'><strong>C.</strong></span> <span class='ocrx_word' id='word_1_725' title='bbox 2467 3893 2555 3949; x_wconf 69' lang='grc'><strong>64.</strong></span> <span class='ocrx_word' id='word_1_726' title='bbox 2582 3921 2656 3932; x_wconf 89' lang='lat'><strong>—-</strong></span> <span class='ocrx_word' id='word_1_727' title='bbox 2683 3895 2734 3948; x_wconf 91' lang='grc'>1.</span> <span class='ocrx_word' id='word_1_728' title='bbox 2767 3892 2899 3950; x_wconf 79' lang='lat' dir='ltr'><strong>Ante</strong></span> <span class='ocrx_word' id='word_1_729' title='bbox 2923 3912 3170 3961; x_wconf 85' lang='lat' dir='ltr'><strong>mensam,</strong></span> <span class='ocrx_word' id='word_1_730' title='bbox 3193 3903 3298 3952; x_wconf 87' lang='lat' dir='ltr'><strong>etc.</strong></span> <span class='ocrx_word' id='word_1_731' title='bbox 3330 3895 3398 3951; x_wconf 80' lang='lat' dir='ltr'><strong>Et</strong></span> <span class='ocrx_word' id='word_1_732' title='bbox 3419 3897 3524 3951; x_wconf 87' lang='lat' dir='ltr'><strong>hoc</strong></span> <span class='ocrx_word' id='word_1_733' title='bbox 3547 3898 3616 3952; x_wconf 85' lang='lat' dir='ltr'><strong>ab</strong></span> <span class='ocrx_word' id='word_1_734' title='bbox 3637 3897 3816 3956; x_wconf 86' lang='lat' dir='ltr'><strong>Euse-</strong></span> 
     </span>
    </p>
   </div>
   <div class='ocr_carea' id='block_1_111' title="bbox 2212 3963 3784 4038">
    <p class='ocr_par' dir='ltr' id='par_1_111' title="bbox 2212 3963 3784 4038">
     <span class='ocr_line' id='line_1_113' title="bbox 2212 3963 3784 4038; baseline 0.004 -20"><span class='ocrx_word' id='word_1_735' title='bbox 2212 3965 2304 4038; x_wconf 84' lang='lat' dir='ltr'><strong>bio</strong></span> <span class='ocrx_word' id='word_1_736' title='bbox 2327 3975 2607 4038; x_wconf 79' lang='lat' dir='ltr'><strong>acceptum</strong></span> <span class='ocrx_word' id='word_1_737' title='bbox 2632 3965 2906 4034; x_wconf 80' lang='lat' dir='ltr'><strong>existimo,</strong></span> <span class='ocrx_word' id='word_1_738' title='bbox 2938 3967 3114 4038; x_wconf 87' lang='lat' dir='ltr'><strong>cujus,</strong></span> <span class='ocrx_word' id='word_1_739' title='bbox 3144 3967 3412 4038; x_wconf 90' lang='lat' dir='ltr'><strong>ipsissima</strong></span> <span class='ocrx_word' id='word_1_740' title='bbox 3439 3963 3600 4025; x_wconf 86' lang='lat' dir='ltr'><strong>verba</strong></span> <span class='ocrx_word' id='word_1_741' title='bbox 3629 3980 3784 4026; x_wconf 91' lang='lat' dir='ltr'><strong>sunt.</strong></span> 
     </span>
    </p>
   </div>
   <div class='ocr_carea' id='block_1_112' title="bbox 2131 4033 3816 4109">
    <p class='ocr_par' dir='ltr' id='par_1_112' title="bbox 2131 4033 3816 4109">
     <span class='ocr_line' id='line_1_114' title="bbox 2131 4033 3816 4109; baseline 0.005 -21"><span class='ocrx_word' id='word_1_742' title='bbox 2131 4033 2181 4100; x_wconf 89' lang='lat' dir='ltr'><strong>C</strong></span> <span class='ocrx_word' id='word_1_743' title='bbox 2227 4105 2236 4109; x_wconf 88' lang='lat'>_</span> <span class='ocrx_word' id='word_1_744' title='bbox 2270 4035 2325 4089; x_wconf 65' lang='grc' dir='ltr'><strong>ἓ.</strong></span> <span class='ocrx_word' id='word_1_745' title='bbox 2358 4033 2656 4109; x_wconf 63' lang='grc' dir='ltr'><strong>Ερατηριιιε,</strong></span> <span class='ocrx_word' id='word_1_746' title='bbox 2706 4046 2812 4092; x_wconf 89' lang='lat' dir='ltr'><strong>etc.</strong></span> <span class='ocrx_word' id='word_1_747' title='bbox 2847 4033 3068 4109; x_wconf 78' lang='lat' dir='ltr'><strong>Egimus</strong></span> <span class='ocrx_word' id='word_1_748' title='bbox 3095 4033 3294 4094; x_wconf 73' lang='lat' dir='ltr'><strong>iterum</strong></span> <span class='ocrx_word' id='word_1_749' title='bbox 3321 4039 3393 4095; x_wconf 90' lang='lat' dir='ltr'><strong>de</strong></span> <span class='ocrx_word' id='word_1_750' title='bbox 3417 4041 3632 4106; x_wconf 87' lang='lat' dir='ltr'><strong>eodem,</strong></span> <span class='ocrx_word' id='word_1_751' title='bbox 3679 4055 3816 4097; x_wconf 89' lang='lat' dir='ltr'><strong>cum</strong></span> 
     </span>
    </p>
   </div>
   <div class='ocr_carea' id='block_1_113' title="bbox 2210 4105 3816 4179">
    <p class='ocr_par' dir='ltr' id='par_1_113' title="bbox 2210 4105 3816 4179">
     <span class='ocr_line' id='line_1_115' title="bbox 2210 4105 3816 4179; baseline 0.006 -21"><span class='ocrx_word' id='word_1_752' title='bbox 2210 4105 2448 4162; x_wconf 82' lang='lat' dir='ltr'><strong>Auctore</strong></span> <span class='ocrx_word' id='word_1_753' title='bbox 2472 4106 2538 4160; x_wconf 89' lang='lat' dir='ltr'><strong>ad</strong></span> <span class='ocrx_word' id='word_1_754' title='bbox 2560 4121 2760 4161; x_wconf 90' lang='lat' dir='ltr'><strong>annum</strong></span> <span class='ocrx_word' id='word_1_755' title='bbox 2790 4105 3000 4164; x_wconf 76' lang='lat' dir='ltr'><strong>Domini</strong></span> <span class='ocrx_word' id='word_1_756' title='bbox 3030 4111 3122 4179; x_wconf 79' lang='grc'><strong>50,</strong></span> <span class='ocrx_word' id='word_1_757' title='bbox 3155 4125 3381 4166; x_wconf 91' lang='lat' dir='ltr'><strong>numero</strong></span> <span class='ocrx_word' id='word_1_758' title='bbox 3405 4113 3464 4177; x_wconf 81' lang='grc'><strong>5,</strong></span> <span class='ocrx_word' id='word_1_759' title='bbox 3496 4111 3585 4166; x_wconf 87' lang='lat' dir='ltr'><strong>ubi</strong></span> <span class='ocrx_word' id='word_1_760' title='bbox 3613 4112 3816 4168; x_wconf 88' lang='lat' dir='ltr'><strong>docui-</strong></span> 
     </span>
    </p>
   </div>
   <div class='ocr_carea' id='block_1_114' title="bbox 2213 4179 3810 4251">
    <p class='ocr_par' dir='ltr' id='par_1_114' title="bbox 2213 4179 3810 4251">
     <span class='ocr_line' id='line_1_116' title="bbox 2213 4179 3810 4251; baseline 0.006 -21"><span class='ocrx_word' id='word_1_761' title='bbox 2213 4193 2334 4251; x_wconf 87' lang='lat' dir='ltr'><strong>mus</strong></span> <span class='ocrx_word' id='word_1_762' title='bbox 2373 4179 2870 4251; x_wconf 26' lang='lat' dir='ltr'><strong>exdbietaphraste,</strong></span> <span class='ocrx_word' id='word_1_763' title='bbox 2927 4183 3243 4251; x_wconf 86' lang='lat' dir='ltr'><strong>episcopum</strong></span> <span class='ocrx_word' id='word_1_764' title='bbox 3296 4183 3458 4237; x_wconf 85' lang='lat' dir='ltr'><strong>fuisse</strong></span> <span class='ocrx_word' id='word_1_765' title='bbox 3503 4184 3810 4250; x_wconf 83' lang='lat' dir='ltr'><strong>Sexilirmi,</strong></span> 
     </span>
    </p>
   </div>
   <div class='ocr_carea' id='block_1_115' title="bbox 2211 4247 3820 4325">
    <p class='ocr_par' dir='ltr' id='par_1_115' title="bbox 2211 4247 3820 4325">
     <span class='ocr_line' id='line_1_117' title="bbox 2211 4247 3820 4325; baseline 0.005 -22"><span class='ocrx_word' id='word_1_766' title='bbox 2211 4249 2364 4318; x_wconf 89' lang='lat' dir='ltr'><strong>cujus</strong></span> <span class='ocrx_word' id='word_1_767' title='bbox 2396 4247 2598 4325; x_wconf 78' lang='lat' dir='ltr'><strong>Plinius</strong></span> <span class='ocrx_word' id='word_1_768' title='bbox 2626 4247 2872 4325; x_wconf 80' lang='lat' dir='ltr'><strong>meminit</strong></span> <span class='ocrx_word' id='word_1_769' title='bbox 2897 4247 3182 4310; x_wconf 35' lang='lat' dir='ltr'><strong>in’Bzeti&#39;ca</strong></span> <span class='ocrx_word' id='word_1_770' title='bbox 3213 4253 3307 4309; x_wconf 70' lang='grc' dir='ltr'>ιιι».</span> <span class='ocrx_word' id='word_1_771' title='bbox 3340 4269 3416 4319; x_wconf 86' lang='grc' dir='ltr'>ιιι,</span> <span class='ocrx_word' id='word_1_772' title='bbox 3450 4270 3571 4325; x_wconf 87' lang='lat' dir='ltr'><strong>cap.</strong></span> <span class='ocrx_word' id='word_1_773' title='bbox 3600 4255 3652 4322; x_wconf 89' lang='grc'><strong>1,</strong></span> <span class='ocrx_word' id='word_1_774' title='bbox 3681 4247 3820 4311; x_wconf 58' lang='lat' dir='ltr'><strong>fuit;</strong></span> 
     </span>
    </p>
   </div>
   <div class='ocr_carea' id='block_1_116' title="bbox 2210 4321 3818 4394">
    <p class='ocr_par' dir='ltr' id='par_1_116' title="bbox 2210 4321 3818 4394">
     <span class='ocr_line' id='line_1_118' title="bbox 2210 4321 3818 4394; baseline 0.006 -20"><span class='ocrx_word' id='word_1_775' title='bbox 2210 4336 2343 4394; x_wconf 20' lang='lat' dir='ltr'><strong>quo;</strong></span> <span class='ocrx_word' id='word_1_776' title='bbox 2363 4321 2490 4374; x_wconf 92' lang='lat' dir='ltr'><strong>urbs</strong></span> <span class='ocrx_word' id='word_1_777' title='bbox 2540 4322 2763 4391; x_wconf 82' lang='lat' dir='ltr'><strong>insignis</strong></span> <span class='ocrx_word' id='word_1_778' title='bbox 2802 4325 2928 4378; x_wconf 89' lang='lat' dir='ltr'><strong>olim</strong></span> <span class='ocrx_word' id='word_1_779' title='bbox 2961 4326 3015 4380; x_wconf 90' lang='lat' dir='ltr'><strong>in</strong></span> <span class='ocrx_word' id='word_1_780' title='bbox 3046 4337 3232 4381; x_wconf 90' lang='lat' dir='ltr'><strong>monte</strong></span> <span class='ocrx_word' id='word_1_781' title='bbox 3276 4321 3603 4394; x_wconf 75' lang='lat' dir='ltr'><strong>Fregiliana,</strong></span> <span class='ocrx_word' id='word_1_782' title='bbox 3634 4321 3818 4383; x_wconf 84' lang='lat' dir='ltr'><strong>altero</strong></span> 
     </span>
    </p>
   </div>
   <div class='ocr_carea' id='block_1_117' title="bbox 2211 4391 3816 4468">
    <p class='ocr_par' dir='ltr' id='par_1_117' title="bbox 2211 4391 3816 4468">
     <span class='ocr_line' id='line_1_119' title="bbox 2211 4391 3816 4468; baseline 0.005 -22"><span class='ocrx_word' id='word_1_783' title='bbox 2211 4409 2277 4447; x_wconf 81' lang='lat' dir='ltr'><strong>cx</strong></span> <span class='ocrx_word' id='word_1_784' title='bbox 2306 4391 2749 4468; x_wconf 75' lang='lat' dir='ltr'><strong>Cranatensibus</strong></span> <span class='ocrx_word' id='word_1_785' title='bbox 2777 4397 3092 4465; x_wconf 83' lang='lat' dir='ltr'><strong>Alpuxarris</strong></span> <span class='ocrx_word' id='word_1_786' title='bbox 3145 4408 3236 4453; x_wconf 89' lang='lat' dir='ltr'><strong>aut</strong></span> <span class='ocrx_word' id='word_1_787' title='bbox 3272 4391 3418 4468; x_wconf 84' lang='lat' dir='ltr'><strong>quod</strong></span> <span class='ocrx_word' id='word_1_788' title='bbox 3449 4399 3574 4453; x_wconf 87' lang='lat' dir='ltr'><strong>aliis</strong></span> <span class='ocrx_word' id='word_1_789' title='bbox 3621 4399 3816 4457; x_wconf 79' lang='lat' dir='ltr'><strong>forsan</strong></span> 
     </span>
    </p>
   </div>
   <div class='ocr_carea' id='block_1_118' title="bbox 2213 4464 3818 4540">
    <p class='ocr_par' dir='ltr' id='par_1_118' title="bbox 2213 4464 3818 4540">
     <span class='ocr_line' id='line_1_120' title="bbox 2213 4464 3818 4540; baseline 0.006 -23"><span class='ocrx_word' id='word_1_790' title='bbox 2213 4464 2384 4540; x_wconf 78' lang='lat' dir='ltr'><strong>magis</strong></span> <span class='ocrx_word' id='word_1_791' title='bbox 2408 4465 2667 4540; x_wconf 78' lang='lat' dir='ltr'><strong>arrident,</strong></span> <span class='ocrx_word' id='word_1_792' title='bbox 2704 4464 2907 4530; x_wconf 85' lang='lat' dir='ltr'><strong>Mutril,</strong></span> <span class='ocrx_word' id='word_1_793' title='bbox 2937 4478 3029 4524; x_wconf 84' lang='lat' dir='ltr'><strong>aut</strong></span> <span class='ocrx_word' id='word_1_794' title='bbox 3060 4464 3460 4540; x_wconf 79' lang='lat' dir='ltr'><strong>Velczmalaga.</strong></span> <span class='ocrx_word' id='word_1_795' title='bbox 3491 4470 3644 4526; x_wconf 83' lang='lat' dir='ltr'><strong>Nunc</strong></span> <span class='ocrx_word' id='word_1_796' title='bbox 3671 4471 3818 4527; x_wconf 89' lang='lat' dir='ltr'><strong>illud</strong></span> 
     </span>
    </p>
   </div>
   <div class='ocr_carea' id='block_1_119' title="bbox 2211 4535 3818 4614">
    <p class='ocr_par' dir='ltr' id='par_1_119' title="bbox 2211 4535 3818 4614">
     <span class='ocr_line' id='line_1_121' title="bbox 2211 4535 3818 4614; baseline 0.006 -24"><span class='ocrx_word' id='word_1_797' title='bbox 2211 4535 2519 4614; x_wconf 77' lang='lat' dir='ltr'><strong>addendum</strong></span> <span class='ocrx_word' id='word_1_798' title='bbox 2553 4546 2825 4614; x_wconf 74' lang='lat' dir='ltr'><strong>putamus,</strong></span> <span class='ocrx_word' id='word_1_799' title='bbox 2855 4540 3182 4614; x_wconf 82' lang='lat' dir='ltr'><strong>Doro_theum</strong></span> <span class='ocrx_word' id='word_1_800' title='bbox 3211 4535 3486 4614; x_wconf 78' lang='lat' dir='ltr'><strong>abbatem,</strong></span> <span class='ocrx_word' id='word_1_801' title='bbox 3519 4557 3681 4614; x_wconf 89' lang='lat' dir='ltr'><strong>quem</strong></span> <span class='ocrx_word' id='word_1_802' title='bbox 3713 4559 3818 4599; x_wconf 87' lang='lat' dir='ltr'><strong>re-</strong></span> 
     </span>
    </p>
   </div>
   <div class='ocr_carea' id='block_1_120' title="bbox 2212 4608 3817 4684">
    <p class='ocr_par' dir='ltr' id='par_1_120' title="bbox 2212 4608 3817 4684">
     <span class='ocr_line' id='line_1_122' title="bbox 2212 4608 3817 4684; baseline 0.007 -23"><span class='ocrx_word' id='word_1_803' title='bbox 2212 4608 2318 4684; x_wconf 81' lang='lat' dir='ltr'><strong>fert</strong></span> <span class='ocrx_word' id='word_1_804' title='bbox 2358 4618 2420 4684; x_wconf 79' lang='lat' dir='ltr'><strong>et</strong></span> <span class='ocrx_word' id='word_1_805' title='bbox 2461 4610 2704 4684; x_wconf 84' lang='lat' dir='ltr'><strong>sequitur</strong></span> <span class='ocrx_word' id='word_1_806' title='bbox 2747 4611 2936 4684; x_wconf 82' lang='lat' dir='ltr'><strong>Petrus</strong></span> <span class='ocrx_word' id='word_1_807' title='bbox 2983 4611 3263 4682; x_wconf 85' lang='lat' dir='ltr'><strong>Equilinus</strong></span> <span class='ocrx_word' id='word_1_808' title='bbox 3301 4613 3395 4667; x_wconf 89' lang='lat' dir='ltr'><strong>lib.</strong></span> <span class='ocrx_word' id='word_1_809' title='bbox 3423 4608 3497 4682; x_wconf 78' lang='lat' dir='ltr'><strong>vi,</strong></span> <span class='ocrx_word' id='word_1_810' title='bbox 3525 4608 3646 4684; x_wconf 72' lang='lat' dir='ltr'><strong>cap.</strong></span> <span class='ocrx_word' id='word_1_811' title='bbox 3678 4614 3817 4684; x_wconf 65' lang='lat'><strong>100,</strong></span> 
     </span>
    </p>
   </div>
   <div class='ocr_carea' id='block_1_121' title="bbox 2211 4679 3822 4757">
    <p class='ocr_par' dir='ltr' id='par_1_121' title="bbox 2211 4679 3822 4757">
     <span class='ocr_line' id='line_1_123' title="bbox 2211 4679 3822 4757; baseline 0.004 -22"><span class='ocrx_word' id='word_1_812' title='bbox 2211 4679 2554 4757; x_wconf 68' lang='lat' dir='ltr'><strong>existimasse</strong></span> <span class='ocrx_word' id='word_1_813' title='bbox 2592 4682 2759 4757; x_wconf 60' lang='lat' dir='ltr'><strong>fuisse</strong></span> <span class='ocrx_word' id='word_1_814' title='bbox 2804 4683 2985 4757; x_wconf 82' lang='lat' dir='ltr'><strong>datum</strong></span> <span class='ocrx_word' id='word_1_815' title='bbox 3031 4679 3550 4757; x_wconf 86' lang='lat' dir='ltr'><strong>Carthaginensibus</strong></span> <span class='ocrx_word' id='word_1_816' title='bbox 3595 4679 3822 4757; x_wconf 59' lang='lat' dir='ltr'><strong>episco;</strong></span> 
     </span>
    </p>
   </div>
   <div class='ocr_carea' id='block_1_122' title="bbox 2211 4753 3822 4825">
    <p class='ocr_par' dir='ltr' id='par_1_122' title="bbox 2211 4753 3822 4825">
     <span class='ocr_line' id='line_1_124' title="bbox 2211 4753 3822 4825; baseline 0.005 -19"><span class='ocrx_word' id='word_1_817' title='bbox 2211 4767 2338 4822; x_wconf 89' lang='lat' dir='ltr'><strong>pum</strong></span> <span class='ocrx_word' id='word_1_818' title='bbox 2371 4767 2386 4806; x_wconf 94' lang='lat'>:</span> <span class='ocrx_word' id='word_1_819' title='bbox 2419 4753 2602 4825; x_wconf 88' lang='lat' dir='ltr'><strong>lloc_si</strong></span> <span class='ocrx_word' id='word_1_820' title='bbox 2637 4769 2825 4808; x_wconf 88' lang='lat' dir='ltr'><strong>verum</strong></span> <span class='ocrx_word' id='word_1_821' title='bbox 2871 4755 2940 4809; x_wconf 89' lang='lat' dir='ltr'><strong>sit</strong></span> <span class='ocrx_word' id='word_1_822' title='bbox 2967 4755 3043 4810; x_wconf 89' lang='lat' dir='ltr'><strong>ita</strong></span> <span class='ocrx_word' id='word_1_823' title='bbox 3072 4756 3218 4810; x_wconf 88' lang='lat' dir='ltr'><strong>credi</strong></span> <span class='ocrx_word' id='word_1_824' title='bbox 3244 4753 3434 4825; x_wconf 83' lang='lat' dir='ltr'><strong>posset</strong></span> <span class='ocrx_word' id='word_1_825' title='bbox 3456 4753 3655 4813; x_wconf 82' lang='lat' dir='ltr'><strong>factum</strong></span> <span class='ocrx_word' id='word_1_826' title='bbox 3678 4799 3692 4821; x_wconf 94' lang='lat'><strong>,</strong></span> <span class='ocrx_word' id='word_1_827' title='bbox 3749 4767 3822 4814; x_wconf 83' lang='lat' dir='ltr'><strong>ut</strong></span> 
     </span>
    </p>
   </div>
   <div class='ocr_carea' id='block_1_123' title="bbox 2213 4823 3820 4897">
    <p class='ocr_par' dir='ltr' id='par_1_123' title="bbox 2213 4823 3820 4897">
     <span class='ocr_line' id='line_1_125' title="bbox 2213 4823 3820 4897; baseline 0.005 -20"><span class='ocrx_word' id='word_1_828' title='bbox 2213 4825 2443 4894; x_wconf 89' lang='lat' dir='ltr'><strong>primmn</strong></span> <span class='ocrx_word' id='word_1_829' title='bbox 2474 4839 2505 4880; x_wconf 87' lang='lat' dir='ltr'><strong>a</strong></span> <span class='ocrx_word' id='word_1_830' title='bbox 2532 4823 2691 4897; x_wconf 84' lang='lat' dir='ltr'><strong>Petro</strong></span> <span class='ocrx_word' id='word_1_831' title='bbox 2709 4826 3000 4881; x_wconf 82' lang='lat' dir='ltr'><strong>Sexifirmo</strong></span> <span class='ocrx_word' id='word_1_832' title='bbox 3019 4823 3333 4897; x_wconf 77' lang='lat' dir='ltr'><strong>designatus</strong></span> <span class='ocrx_word' id='word_1_833' title='bbox 3370 4827 3534 4882; x_wconf 87' lang='lat' dir='ltr'><strong>fuerit</strong></span> <span class='ocrx_word' id='word_1_834' title='bbox 3553 4828 3820 4896; x_wconf 85' lang='lat' dir='ltr'><strong>antistes,</strong></span> 
     </span>
    </p>
   </div>
   <div class='ocr_carea' id='block_1_124' title="bbox 2213 4896 3825 4968">
    <p class='ocr_par' dir='ltr' id='par_1_124' title="bbox 2213 4896 3825 4968">
     <span class='ocr_line' id='line_1_126' title="bbox 2213 4896 3825 4968; baseline 0.005 -20"><span class='ocrx_word' id='word_1_835' title='bbox 2213 4896 2685 4968; x_wconf 15' lang='lat' dir='ltr'><strong>postrmartyriunt</strong></span> <span class='ocrx_word' id='word_1_836' title='bbox 2719 4897 2775 4953; x_wconf 93' lang='lat' dir='ltr'><strong>S.</strong></span> <span class='ocrx_word' id='word_1_837' title='bbox 2812 4897 2990 4953; x_wconf 86' lang='lat' dir='ltr'><strong>Basilii</strong></span> <span class='ocrx_word' id='word_1_838' title='bbox 3017 4896 3359 4965; x_wconf 82' lang='lat' dir='ltr'><strong>Carthaginis</strong></span> <span class='ocrx_word' id='word_1_839' title='bbox 3380 4899 3672 4964; x_wconf 84' lang='lat' dir='ltr'><strong>Spartariae</strong></span> <span class='ocrx_word' id='word_1_840' title='bbox 3691 4902 3825 4968; x_wconf 88' lang='lat' dir='ltr'><strong>epi-</strong></span> 
     </span>
    </p>
   </div>
   <div class='ocr_carea' id='block_1_125' title="bbox 2212 4966 3820 5037">
    <p class='ocr_par' dir='ltr' id='par_1_125' title="bbox 2212 4966 3820 5037">
     <span class='ocr_line' id='line_1_127' title="bbox 2212 4966 3820 5037; baseline 0.005 -16"><span class='ocrx_word' id='word_1_841' title='bbox 2212 4967 2385 5037; x_wconf 89' lang='lat' dir='ltr'><strong>scopi,</strong></span> <span class='ocrx_word' id='word_1_842' title='bbox 2434 4966 2575 5036; x_wconf 87' lang='lat' dir='ltr'><strong>quod</strong></span> <span class='ocrx_word' id='word_1_843' title='bbox 2617 4970 2671 5023; x_wconf 92' lang='lat' dir='ltr'><strong>in</strong></span> <span class='ocrx_word' id='word_1_844' title='bbox 2701 4982 2898 5023; x_wconf 88' lang='lat' dir='ltr'><strong>annmn</strong></span> <span class='ocrx_word' id='word_1_845' title='bbox 2935 4969 3145 5025; x_wconf 87' lang='lat' dir='ltr'><strong>Domini</strong></span> <span class='ocrx_word' id='word_1_846' title='bbox 3174 4971 3244 5025; x_wconf 84' lang='lat'><strong>60</strong></span> <span class='ocrx_word' id='word_1_847' title='bbox 3271 4972 3490 5030; x_wconf 86' lang='lat' dir='ltr'><strong>incidit:</strong></span> <span class='ocrx_word' id='word_1_848' title='bbox 3534 4972 3586 5026; x_wconf 93' lang='lat' dir='ltr'><strong>in</strong></span> <span class='ocrx_word' id='word_1_849' title='bbox 3619 4966 3820 5029; x_wconf 81' lang='lat' dir='ltr'><strong>sedem</strong></span> 
     </span>
    </p>
   </div>
   <div class='ocr_carea' id='block_1_126' title="bbox 2211 5038 3821 5114">
    <p class='ocr_par' dir='ltr' id='par_1_126' title="bbox 2211 5038 3821 5114">
     <span class='ocr_line' id='line_1_128' title="bbox 2211 5038 3821 5114; baseline 0.004 -21"><span class='ocrx_word' id='word_1_850' title='bbox 2211 5038 2331 5107; x_wconf 88' lang='lat' dir='ltr'><strong>ejus</strong></span> <span class='ocrx_word' id='word_1_851' title='bbox 2349 5039 2596 5109; x_wconf 80' lang='lat' dir='ltr'><strong>Hispanae</strong></span> <span class='ocrx_word' id='word_1_852' title='bbox 2617 5041 2956 5114; x_wconf 81' lang='lat' dir='ltr'><strong>Carthaginis</strong></span> <span class='ocrx_word' id='word_1_853' title='bbox 2984 5042 3396 5114; x_wconf 80' lang='lat' dir='ltr'><strong>transferretur;</strong></span> <span class='ocrx_word' id='word_1_854' title='bbox 3429 5043 3611 5114; x_wconf 89' lang='lat' dir='ltr'><strong>ibique</strong></span> <span class='ocrx_word' id='word_1_855' title='bbox 3638 5042 3821 5101; x_wconf 77' lang='lat' dir='ltr'><strong>vitam</strong></span> 
     </span>
    </p>
   </div>
   <div class='ocr_carea' id='block_1_127' title="bbox 2212 5112 3826 5180">
    <p class='ocr_par' dir='ltr' id='par_1_127' title="bbox 2212 5112 3826 5180">
     <span class='ocr_line' id='line_1_129' title="bbox 2212 5112 3826 5180; baseline 0.006 -17"><span class='ocrx_word' id='word_1_856' title='bbox 2212 5125 2335 5164; x_wconf 89' lang='lat' dir='ltr'><strong>cum</strong></span> <span class='ocrx_word' id='word_1_857' title='bbox 2365 5121 2540 5166; x_wconf 90' lang='lat' dir='ltr'><strong>morte</strong></span> <span class='ocrx_word' id='word_1_858' title='bbox 2567 5113 2912 5166; x_wconf 87' lang='lat' dir='ltr'><strong>commutarit</strong></span> <span class='ocrx_word' id='word_1_859' title='bbox 2941 5121 3062 5180; x_wconf 87' lang='lat' dir='ltr'><strong>post</strong></span> <span class='ocrx_word' id='word_1_860' title='bbox 3099 5112 3134 5168; x_wconf 71' lang='grc'><strong>4</strong></span> <span class='ocrx_word' id='word_1_861' title='bbox 3173 5125 3366 5180; x_wconf 83' lang='lat' dir='ltr'><strong>annos,</strong></span> <span class='ocrx_word' id='word_1_862' title='bbox 3413 5112 3667 5170; x_wconf 89' lang='lat' dir='ltr'><strong>videlicet</strong></span> <span class='ocrx_word' id='word_1_863' title='bbox 3713 5132 3826 5172; x_wconf 87' lang='lat' dir='ltr'><strong>an-</strong></span> 
     </span>
    </p>
   </div>
   <div class='ocr_carea' id='block_1_128' title="bbox 2215 5182 3827 5257">
    <p class='ocr_par' dir='ltr' id='par_1_128' title="bbox 2215 5182 3827 5257">
     <span class='ocr_line' id='line_1_130' title="bbox 2215 5182 3827 5257; baseline 0.007 -22"><span class='ocrx_word' id='word_1_864' title='bbox 2215 5198 2285 5237; x_wconf 92' lang='lat' dir='ltr'><strong>no</strong></span> <span class='ocrx_word' id='word_1_865' title='bbox 2313 5182 2382 5257; x_wconf 57' lang='lat'><strong>64</strong></span> <span class='ocrx_word' id='word_1_866' title='bbox 2424 5183 2466 5238; x_wconf 94' lang='lat' dir='ltr'><strong>D</strong></span> <span class='ocrx_word' id='word_1_867' title='bbox 2489 5186 2658 5257; x_wconf 72' lang='lat' dir='ltr'><strong>imini.</strong></span> <span class='ocrx_word' id='word_1_868' title='bbox 2699 5185 2778 5240; x_wconf 88' lang='lat' dir='ltr'><strong>De</strong></span> <span class='ocrx_word' id='word_1_869' title='bbox 2805 5185 3131 5257; x_wconf 83' lang='lat' dir='ltr'><strong>Carthagine</strong></span> <span class='ocrx_word' id='word_1_870' title='bbox 3161 5184 3416 5241; x_wconf 82' lang='lat' dir='ltr'><strong>Africana</strong></span> <span class='ocrx_word' id='word_1_871' title='bbox 3440 5185 3660 5241; x_wconf 86' lang='lat' dir='ltr'><strong>dubium</strong></span> <span class='ocrx_word' id='word_1_872' title='bbox 3685 5202 3827 5246; x_wconf 84' lang='lat' dir='ltr'><strong>esse</strong></span> 
     </span>
    </p>
   </div>
   <div class='ocr_carea' id='block_1_129' title="bbox 2213 5255 3825 5328">
    <p class='ocr_par' dir='ltr' id='par_1_129' title="bbox 2213 5255 3825 5328">
     <span class='ocr_line' id='line_1_131' title="bbox 2213 5255 3825 5328; baseline 0.002 -18"><span class='ocrx_word' id='word_1_873' title='bbox 2213 5255 2430 5328; x_wconf 84' lang='lat' dir='ltr'><strong>nequit,</strong></span> <span class='ocrx_word' id='word_1_874' title='bbox 2483 5255 2567 5311; x_wconf 86' lang='lat' dir='ltr'><strong>his</strong></span> <span class='ocrx_word' id='word_1_875' title='bbox 2609 5257 2754 5312; x_wconf 89' lang='lat' dir='ltr'><strong>enim</strong></span> <span class='ocrx_word' id='word_1_876' title='bbox 2800 5256 2991 5312; x_wconf 86' lang='lat' dir='ltr'><strong>diebus</strong></span> <span class='ocrx_word' id='word_1_877' title='bbox 3015 5255 3263 5328; x_wconf 47' lang='lat' dir='ltr'><strong>&#39;prteerat</strong></span> <span class='ocrx_word' id='word_1_878' title='bbox 3310 5258 3387 5312; x_wconf 91' lang='lat' dir='ltr'><strong>illi</strong></span> <span class='ocrx_word' id='word_1_879' title='bbox 3427 5257 3487 5314; x_wconf 91' lang='lat' dir='ltr'><strong>S.</strong></span> <span class='ocrx_word' id='word_1_880' title='bbox 3514 5259 3825 5326; x_wconf 60' lang='lat' dir='ltr'><strong>Crescens,</strong></span> 
     </span>
    </p>
   </div>
   <div class='ocr_carea' id='block_1_130' title="bbox 2214 5327 3832 5399">
    <p class='ocr_par' dir='ltr' id='par_1_130' title="bbox 2214 5327 3832 5399">
     <span class='ocr_line' id='line_1_132' title="bbox 2214 5327 3832 5399; baseline 0.007 -22"><span class='ocrx_word' id='word_1_881' title='bbox 2214 5327 2356 5396; x_wconf 89' lang='lat' dir='ltr'><strong>quod</strong></span> <span class='ocrx_word' id='word_1_882' title='bbox 2399 5330 2562 5383; x_wconf 89' lang='lat' dir='ltr'><strong>citato</strong></span> <span class='ocrx_word' id='word_1_883' title='bbox 2599 5329 2718 5386; x_wconf 90' lang='lat' dir='ltr'><strong>loco</strong></span> <span class='ocrx_word' id='word_1_884' title='bbox 2747 5328 2874 5384; x_wconf 89' lang='lat' dir='ltr'><strong>anni</strong></span> <span class='ocrx_word' id='word_1_885' title='bbox 2914 5329 3004 5395; x_wconf 82' lang='lat'><strong>50,</strong></span> <span class='ocrx_word' id='word_1_886' title='bbox 3036 5327 3184 5384; x_wconf 87' lang='lat' dir='ltr'><strong>num.</strong></span> <span class='ocrx_word' id='word_1_887' title='bbox 3216 5329 3270 5395; x_wconf 77' lang='lat'><strong>5,</strong></span> <span class='ocrx_word' id='word_1_888' title='bbox 3296 5329 3600 5385; x_wconf 90' lang='lat' dir='ltr'><strong>docuimus.</strong></span> <span class='ocrx_word' id='word_1_889' title='bbox 3647 5330 3832 5399; x_wconf 72' lang='lat' dir='ltr'><strong>Quod</strong></span> 
     </span>
    </p>
   </div>
   <div class='ocr_carea' id='block_1_131' title="bbox 2215 5399 3828 5473">
    <p class='ocr_par' dir='ltr' id='par_1_131' title="bbox 2215 5399 3828 5473">
     <span class='ocr_line' id='line_1_133' title="bbox 2215 5399 3828 5473; baseline 0.004 -21"><span class='ocrx_word' id='word_1_890' title='bbox 2215 5399 2280 5452; x_wconf 88' lang='lat' dir='ltr'><strong>ad</strong></span> <span class='ocrx_word' id='word_1_891' title='bbox 2311 5401 2651 5473; x_wconf 82' lang='lat' dir='ltr'><strong>sanctitatem</strong></span> <span class='ocrx_word' id='word_1_892' title='bbox 2702 5401 2762 5456; x_wconf 93' lang='lat' dir='ltr'><strong>D.</strong></span> <span class='ocrx_word' id='word_1_893' title='bbox 2799 5402 3036 5473; x_wconf 68' lang='lat' dir='ltr'><strong>Epmneti</strong></span> <span class='ocrx_word' id='word_1_894' title='bbox 3078 5401 3290 5473; x_wconf 87' lang='lat' dir='ltr'><strong>attinet,</strong></span> <span class='ocrx_word' id='word_1_895' title='bbox 3337 5403 3518 5472; x_wconf 88' lang='lat' dir='ltr'><strong>magni</strong></span> <span class='ocrx_word' id='word_1_896' title='bbox 3547 5403 3828 5473; x_wconf 86' lang='lat' dir='ltr'><strong>ponderis</strong></span> 
     </span>
    </p>
   </div>
   <div class='ocr_carea' id='block_1_132' title="bbox 2210 5471 3831 5546">
    <p class='ocr_par' dir='ltr' id='par_1_132' title="bbox 2210 5471 3831 5546">
     <span class='ocr_line' id='line_1_134' title="bbox 2210 5471 3831 5546; baseline 0.002 -20"><span class='ocrx_word' id='word_1_897' title='bbox 2210 5478 2313 5536; x_wconf 87' lang='lat' dir='ltr'><strong>est,</strong></span> <span class='ocrx_word' id='word_1_898' title='bbox 2347 5471 2487 5546; x_wconf 83' lang='lat' dir='ltr'><strong>quod</strong></span> <span class='ocrx_word' id='word_1_899' title='bbox 2505 5472 2701 5546; x_wconf 69' lang='lat' dir='ltr'><strong>Paulus</strong></span> <span class='ocrx_word' id='word_1_900' title='bbox 2725 5473 2791 5546; x_wconf 91' lang='lat' dir='ltr'><strong>ad</strong></span> <span class='ocrx_word' id='word_1_901' title='bbox 2816 5472 2973 5528; x_wconf 82' lang='lat' dir='ltr'><strong>Rom.</strong></span> <span class='ocrx_word' id='word_1_902' title='bbox 3009 5489 3105 5529; x_wconf 79' lang='lat' dir='ltr'><strong>xvr</strong></span> <span class='ocrx_word' id='word_1_903' title='bbox 3126 5472 3267 5529; x_wconf 80' lang='lat' dir='ltr'><strong>inter</strong></span> <span class='ocrx_word' id='word_1_904' title='bbox 3292 5471 3499 5544; x_wconf 86' lang='lat' dir='ltr'><strong>primos</strong></span> <span class='ocrx_word' id='word_1_905' title='bbox 3523 5471 3578 5529; x_wconf 82' lang='lat' dir='ltr'><strong>et</strong></span> <span class='ocrx_word' id='word_1_906' title='bbox 3597 5475 3831 5546; x_wconf 61' lang='lat' dir='ltr'><strong>princi-</strong></span> 
     </span>
    </p>
   </div>
   <div class='ocr_carea' id='block_1_133' title="bbox 2209 5543 3830 5612">
    <p class='ocr_par' dir='ltr' id='par_1_133' title="bbox 2209 5543 3830 5612">
     <span class='ocr_line' id='line_1_135' title="bbox 2209 5543 3830 5612; baseline 0.005 -16"><span class='ocrx_word' id='word_1_907' title='bbox 2209 5555 2343 5612; x_wconf 90' lang='lat' dir='ltr'><strong>puos</strong></span> <span class='ocrx_word' id='word_1_908' title='bbox 2389 5543 2681 5612; x_wconf 91' lang='lat' dir='ltr'><strong>discipulos</strong></span> <span class='ocrx_word' id='word_1_909' title='bbox 2728 5545 2884 5600; x_wconf 92' lang='lat' dir='ltr'><strong>illum</strong></span> <span class='ocrx_word' id='word_1_910' title='bbox 2938 5547 3160 5612; x_wconf 84' lang='lat' dir='ltr'><strong>salutat,</strong></span> <span class='ocrx_word' id='word_1_911' title='bbox 3212 5543 3464 5601; x_wconf 86' lang='lat' dir='ltr'><strong>asserens</strong></span> <span class='ocrx_word' id='word_1_912' title='bbox 3508 5543 3830 5604; x_wconf 56' lang='lat' dir='ltr'><strong>sibi&#39;vald‘e</strong></span> 
     </span>
    </p>
   </div>
   <div class='ocr_carea' id='block_1_134' title="bbox 2207 5614 3832 5689">
    <p class='ocr_par' dir='ltr' id='par_1_134' title="bbox 2207 5614 3832 5689">
     <span class='ocr_line' id='line_1_136' title="bbox 2207 5614 3832 5689; baseline 0.005 -21"><span class='ocrx_word' id='word_1_913' title='bbox 2207 5614 2461 5689; x_wconf 86' lang='lat' dir='ltr'><strong>dilectum</strong></span> <span class='ocrx_word' id='word_1_914' title='bbox 2497 5630 2617 5672; x_wconf 89' lang='lat' dir='ltr'><strong>esse</strong></span> <span class='ocrx_word' id='word_1_915' title='bbox 2648 5616 2814 5688; x_wconf 87' lang='lat' dir='ltr'><strong>(haud</strong></span> <span class='ocrx_word' id='word_1_916' title='bbox 2832 5618 3078 5685; x_wconf 89' lang='lat' dir='ltr'><strong>dubium,</strong></span> <span class='ocrx_word' id='word_1_917' title='bbox 3109 5619 3181 5675; x_wconf 92' lang='lat' dir='ltr'><strong>ob</strong></span> <span class='ocrx_word' id='word_1_918' title='bbox 3209 5614 3730 5689; x_wconf 89' lang='lat' dir='ltr'><strong>suam|probitatem)</strong></span> <span class='ocrx_word' id='word_1_919' title='bbox 3762 5629 3832 5676; x_wconf 81' lang='lat' dir='ltr'><strong>et</strong></span> 
     </span>
    </p>
   </div>
   <div class='ocr_carea' id='block_1_135' title="bbox 2207 5688 3830 5759">
    <p class='ocr_par' dir='ltr' id='par_1_135' title="bbox 2207 5688 3830 5759">
     <span class='ocr_line' id='line_1_137' title="bbox 2207 5688 3830 5759; baseline 0.003 -19"><span class='ocrx_word' id='word_1_920' title='bbox 2207 5688 2437 5753; x_wconf 90' lang='lat' dir='ltr'><strong>primum</strong></span> <span class='ocrx_word' id='word_1_921' title='bbox 2467 5691 2631 5744; x_wconf 89' lang='lat' dir='ltr'><strong>totius</strong></span> <span class='ocrx_word' id='word_1_922' title='bbox 2663 5689 2809 5745; x_wconf 75' lang='lat' dir='ltr'><strong>Asiae</strong></span> <span class='ocrx_word' id='word_1_923' title='bbox 2836 5691 3182 5759; x_wconf 87' lang='lat' dir='ltr'><strong>discipulum,</strong></span> <span class='ocrx_word' id='word_1_924' title='bbox 3215 5699 3272 5746; x_wconf 90' lang='lat' dir='ltr'><strong>et</strong></span> <span class='ocrx_word' id='word_1_925' title='bbox 3299 5688 3451 5756; x_wconf 84' lang='lat' dir='ltr'><strong>quasi</strong></span> <span class='ocrx_word' id='word_1_926' title='bbox 3483 5688 3830 5745; x_wconf 81' lang='lat' dir='ltr'><strong>fundamen-</strong></span> 
     </span>
    </p>
   </div>
   <div class='ocr_carea' id='block_1_136' title="bbox 2206 5760 3830 5830">
    <p class='ocr_par' dir='ltr' id='par_1_136' title="bbox 2206 5760 3830 5830">
     <span class='ocr_line' id='line_1_138' title="bbox 2206 5760 3830 5830; baseline 0.002 -17"><span class='ocrx_word' id='word_1_927' title='bbox 2206 5768 2337 5824; x_wconf 93' lang='lat' dir='ltr'><strong>tum,</strong></span> <span class='ocrx_word' id='word_1_928' title='bbox 2364 5774 2458 5814; x_wconf 82' lang='lat' dir='ltr'><strong>seu</strong></span> <span class='ocrx_word' id='word_1_929' title='bbox 2491 5772 2700 5829; x_wconf 88' lang='lat' dir='ltr'><strong>portam</strong></span> <span class='ocrx_word' id='word_1_930' title='bbox 2725 5761 3186 5818; x_wconf 79' lang='lat' dir='ltr'><strong>ﬁdeiAsianorum</strong></span> <span class='ocrx_word' id='word_1_931' title='bbox 3209 5761 3478 5818; x_wconf 80' lang='lat' dir='ltr'><strong>:Salntate</strong></span> <span class='ocrx_word' id='word_1_932' title='bbox 3501 5762 3618 5830; x_wconf 89' lang='lat' dir='ltr'><strong>(ait)</strong></span> <span class='ocrx_word' id='word_1_933' title='bbox 3651 5760 3830 5829; x_wconf 72' lang='lat' dir='ltr'><strong>Epta-</strong></span> 
     </span>
    </p>
   </div>
   <div class='ocr_carea' id='block_1_137' title="bbox 2204 5831 3826 5904">
    <p class='ocr_par' dir='ltr' id='par_1_137' title="bbox 2204 5831 3826 5904">
     <span class='ocr_line' id='line_1_139' title="bbox 2204 5831 3826 5904; baseline 0.002 -19"><span class='ocrx_word' id='word_1_934' title='bbox 2204 5840 2377 5904; x_wconf 83' lang='lat' dir='ltr'><strong>netum</strong></span> <span class='ocrx_word' id='word_1_935' title='bbox 2396 5831 2642 5887; x_wconf 87' lang='lat' dir='ltr'><strong>dilectum</strong></span> <span class='ocrx_word' id='word_1_936' title='bbox 2661 5833 2810 5901; x_wconf 82' lang='lat' dir='ltr'><strong>mihi,</strong></span> <span class='ocrx_word' id='word_1_937' title='bbox 2835 5834 3004 5904; x_wconf 73' lang='lat' dir='ltr'><strong>quiest</strong></span> <span class='ocrx_word' id='word_1_938' title='bbox 3028 5835 3317 5903; x_wconf 80' lang='lat' dir='ltr'><strong>primitivus</strong></span> <span class='ocrx_word' id='word_1_939' title='bbox 3339 5832 3476 5904; x_wconf 68' lang='lat' dir='ltr'><strong>Asia:</strong></span> <span class='ocrx_word' id='word_1_940' title='bbox 3495 5833 3548 5886; x_wconf 86' lang='lat' dir='ltr'><strong>in</strong></span> <span class='ocrx_word' id='word_1_941' title='bbox 3577 5831 3826 5890; x_wconf 80' lang='lat' dir='ltr'><strong>Christo.</strong></span> 
     </span>
    </p>
   </div>
   <div class='ocr_carea' id='block_1_138' title="bbox 2203 5903 3824 5978">
    <p class='ocr_par' dir='ltr' id='par_1_138' title="bbox 2203 5903 3824 5978">
     <span class='ocr_line' id='line_1_140' title="bbox 2203 5903 3824 5978; baseline 0.005 -21"><span class='ocrx_word' id='word_1_942' title='bbox 2203 5903 2317 5972; x_wconf 85' lang='lat' dir='ltr'><strong>Qua</strong></span> <span class='ocrx_word' id='word_1_943' title='bbox 2332 5914 2514 5962; x_wconf 87' lang='lat' dir='ltr'><strong>autem</strong></span> <span class='ocrx_word' id='word_1_944' title='bbox 2537 5903 2941 5977; x_wconf 86' lang='lat' dir='ltr'><strong>obieritmorle,</strong></span> <span class='ocrx_word' id='word_1_945' title='bbox 2960 5920 3164 5977; x_wconf 87' lang='lat' dir='ltr'><strong>pacene</strong></span> <span class='ocrx_word' id='word_1_946' title='bbox 3185 5922 3251 5963; x_wconf 91' lang='lat' dir='ltr'><strong>an</strong></span> <span class='ocrx_word' id='word_1_947' title='bbox 3263 5903 3467 5978; x_wconf 75' lang='lat' dir='ltr'><strong>gladio.</strong></span> <span class='ocrx_word' id='word_1_948' title='bbox 3489 5904 3824 5977; x_wconf 86' lang='lat' dir='ltr'><strong>uonliquet.</strong></span> 
     </span>
    </p>
   </div>
  </div>
