4106 6336
337 305 450 372 225

1390 304 1621 369 FLAVI!
1658 305 1844 368 LUCII
1883 297 2144 365 DEXTRI
2181 295 2593 364 CIIRONICON.

3531 293 3640 354 εειι

315 427 409 488 εΔ.
437 428 504 488 C.
527 426 620 488 68.
643 427 827 488 Sancti
858 423 1130 499 principes
1151 426 1526 498 apostolorum
1551 427 1746 483 Petrus
1769 433 1824 484 et
1839 423 2040 482 Paulus
2067 421 2361 496 Romaezut.
2384 419 2644 480 kalendas
2665 417 2818 488 Julii,
2839 415 2977 476 alter
3000 413 3055 475 in
3083 428 3300 475 crucem
3313 404 3644 509 1.3.1819

777 529 930 578 actus
959 527 1065 590 est,
1096 519 1236 577 alter
1259 533 1391 576 ense
1413 518 1715 592 iugulatur.

2561 533 2653 567 ιι...

2194 546 2237 556 η.
2299 551 2359 559 ,.,
2562 546 2700 562 ιν...-.⁴

2168 563 2370 586 μὶ..“ι.ι..
2562 563 2592 584 ”,,
2614 574 2691 583 _._--.

1561 693 1816 755 BIVARII
1856 689 2426 753 COMMENTARIUS.

337 841 463 900 dem
487 847 698 914 spectat
719 837 851 898 illud
881 835 1159 914 Ezechiel,
1197 837 1269 893 27
1303 857 1316 893 :
1348 835 1783 914 Carthaginenses
1815 835 1944 914 (iic-
1970 837 2023 899 Α

337 907 548 983 braice,
579 911 941 983 Tharsenses)
989 912 1340 983 negotiatores
1375 911 1487 976 tui;
1530 926 1562 964 a
1604 907 1940 983 multitudine

335 979 651 1042 cunctarum
676 979 995 1050 diuitiarum,
1046 979 1284 1053 argento,
1312 981 1484 1053 ferro,
1523 989 1728 1053 alanna,
1770 979 1942 1048 plum-

339 1057 504 1126 boque
554 1057 897 1126 repleverunt
935 1051 1195 1126 nundinas
1255 1051 1402 1126 tuas:
1444 1051 1569 1126 Haec
1603 1052 1773 1126 ncuim
1830 1065 1938 1126 n_on

338 1120 561 1182 aliunde
577 1120 739 1196 quam
759 1143 822 1180 ex
837 1124 1060 1196 Tharsis
1079 1123 1353 1196 llispanite
1364 1120 1942 1196 Επιιιιιείιιᾳιιεεε-Τγτ

340 1215 462 1254 rum
483 1191 862 1268 asportarunt.
879 1194 986 1250 Sed
1002 1203 1057 1250 et
1085 1191 1217 1268 illud
1235 1194 1437 1268 Psalm.
1463 1191 1607 1262 xuv,
1633 1191 1790 1248 Filia:
1811 1191 1940 1268 Tyri

337 1271 394 1323 in
419 1264 716 1322 muneribus
736 1308 751 1333 ,
778 1266 1146 1338 cultunttnum
1175 1265 1585 1338 deplecabuntur
1614 1264 1942 1338 omnestliri-

339 1350 417 1394 les
431 1339 619 1409 plebis;
638 1338 703 1393 ad
727 1338 890 1392 urbes
911 1334 1249 1409 :edillcatasa
1275 1336 1471 1407 Tyriis,
1498 1335 1739 1409 seurejus
1773 1334 1938 1409 di_tiof

339 1411 397 1465 ni
422 1405 937 1478 subjecta3,dictum
960 1405 1065 1462 fuit
1086 1425 1100 1466 ;
1121 1407 1270 1463 nulla
1295 1405 1472 1478 autem
1497 1421 1562 1461 ex
1589 1407 1797 1478 filiabus
1812 1405 1940 1476 Tyri

337 1489 452 1536 tam
480 1477 632 1534 dives
653 1495 815 1549 quam
846 1478 1192 1549 Thartessus,
1223 1486 1278 1549 et
1305 1477 1373 1532 de
1405 1493 1465 1549 ea
1499 1477 1678 1546 potius
1707 1478 1938 1542 dicatur,

340 1550 487 1622 quod
510 1551 566 1605 in
580 1548 890 1622 muneribus
917 1548 1119 1622 vultum
1135 1548 1398 1622 Ecclesia:
1427 1548 1782 1622 deprecatura
1800 1557 1934 1603 erat.

423 1623 491 1676 Et
531 1621 787 1692 quoniam
823 1619 1127 1691 praecipuus
1171 1619 1528 1690 navigationis
1573 1621 1793 1688 sc‘opus,
1843 1634 1943 1692 au-

343 1708 468 1748 rum
492 1690 850 1762 ct'argentum
877 1701 933 1747 et
951 1706 1178 1762 gemmae
1205 1700 1382 1757 erant,
1419 1692 1519 1746 hoc
1541 1700 1717 1745 autem
1745 1690 1937 1758 prteci-

341 1779 454 1833 pue
481 1777 512 1817 a
542 1763 838 1818 Thartesso
869 1777 964 1817 seu
994 1762 1221 1833 Tharsis
1249 1762 1564 1829 habebatur,
1593 1762 1716 1816 hinc
1741 1764 1938 1815 factum

346 1830 404 1888 ut
436 1849 603 1888 naves
634 1833 1024 1904 classis'l‘yrite
1049 1830 1940 1904 et'Salomouictevocarenturna-

342 1921 428 1960 t-es
482 1904 735 1969 Tharsis;
775 1916 834 1958 ut
882 1903 1008 1959 illud
1067 1903 1264 1975 I’s_almi
1311 1903 1579 1969 ostendit,
1638 1905 1704 1958 In
1753 1904 1940 1975 spiritu

342 1977 632 2030 uelictnenti
657 1985 888 2030 conteres
933 1991 1086 2029 naves
1114 1973 1362 2041 Tharsis;
1391 1986 1445 2031 et
1488 1977 1659 2044 ipsum
1690 1973 1942 2030 Mediter-

343 2062 571 2108 raneum
601 2061 705 2117 qua
730 2046 852 2117 illac
881 2045 1191 2117 tendebant,
1223 2045 1444 2102 Tharsis
1473 2062 1688 2117 quoque
1719 2045 1932 2102 dicere-

344 2128 454 2184 tur,
484 2127 547 2172 ut
566 2115 708 2188 apud
730 2116 924 2172 Isaiam
948 2132 1101 2181 χχιιι,
1124 2115 1350 2183 Ululate,
1380 2115 1531 2171 nam
1549 2115 1728 2180 maris,
1757 2132 1941 2188 quam-

342 2204 505 2258 quam
530 2187 932 2258 appositissime
957 2187 1108 2258 reddi
1144 2195 1328 2258 posset
1357 2205 1506 2242 nares
1537 2187 1772 2242 Tharsis.
1804 2187 1937 2242 Illud

345 2256 513 2330 etiam
557 2256 761 2314 PSalm.
795 2257 1143 2330 LXXI,Rt’gt’s
1174 2256 1386 2313 Tharsis
1410 2268 1457 2312 et
1500 2259 1686 2330 insula:
1729 2275 1945 2312 munera

348 2329 604 2396 offerent;
643 2345 788 2400 reges
828 2329 1085 2400 Arabum,
1142 2339 1272 2395 etc.,
1299 2329 1471 2400 docte
1495 2329 1763 2400 Goropius
1808 2345 1942 2400 cum

346 2400 681 2469 proprietate
705 2399 774 2455 de
795 2399 1091 2471 'I‘hartesso
1113 2400 1314 2454 dictum
1352 2399 1524 2455 credit
1551 2416 1565 2464 ;
1606 2399 1759 2471 quasi
1789 2399 1944 2455 Psal-

349 2472 513 2525 niista
556 2472 798 2527 diceret:
847 2471 931 2526 Ab
973 2470 1265 2526 Occidente
1318 2471 1372 2526 in
1424 2470 1700 2526 Orientem
1735 2481 1944 2540 usque,

345 2541 465 2598 sive
488 2543 568 2596 uti
599 2543 714 2609 ipse
750 2540 1112 2612 prtemiserat,
1151 2540 1220 2595 Et
1259 2541 1608 2606 dominabitur
1638 2560 1669 2594 a
1697 2544 1828 2596 mari
1858 2559 1945 2596 us-

346 2629 449 2682 que
477 2615 546 2666 ad
576 2627 719 2666 mare
743 2613 908 2683 (quod
933 2612 1307 2683 Theodoretus
1333 2614 1556 2683 exponit
1581 2629 1609 2668 a
1641 2613 1778 2667 mari
1812 2613 1946 2668 lles-

421 2685 519 2738 riae
533 2699 704 2753 usque
730 2682 794 2738 ad
810 2684 977 2738 Eoum
997 2682 1217 2754 Indize),
1236 2682 1415 2754 Reges
1434 2684 1686 2739 obedieut
1707 2684 1943 2739 Christo.

379 2755 490 2809 linc
513 2756 678 2809 etiam
705 2769 934 2824 gemma:
956 2754 1084 2817 illa),
1107 2769 1225 2824 quae
1240 2753 1306 2808 de
1328 2754 1620 2810 Thartesso
1638 2754 1947 2810 offereban-

360 2834 473 2893 tur,
497 2842 527 2879 a
551 2826 678 2880 loco
696 2824 918 2882 Tharsis
930 2838 1124 2879 nomen
1144 2824 1348 2880 sortita:
1368 2837 1512 2891 sunt,
1529 2826 1732 2894 utapud
1753 2825 1944 2882 Ezech.

347 2910 472 2966 cap.
493 2904 723 2951 uvtnet
743 2895 914 2950 Exodi
931 2896 1176 2950 similiter
1189 2911 1353 2951 xxvnt
1371 2909 1422 2950 et
1441 2896 1634 2952 Cant.v
1650 2897 1945 2953 videreest.

429 2966 567 3021 Cum
595 2981 726 3022 vero
748 2966 970 3037 'l‘harsis
998 2966 1351 3022 Thartessum
1382 2981 1476 3022 seu
1505 2971 1780 3037 regionem
1827 2968 1949 3022 llis-

353 3041 536 3108 pania:
559 3038 844 3107 signiticet,
876 3036 1034 3108 facile
1064 3038 1168 3092 erit
1208 3039 1476 3093 celebrem
1523 3036 1669 3094 Isaia:
1716 3039 1951 3108 pr0phe-

363 3111 498 3163 tiam
521 3109 742 3172 callere,
773 3108 922 3178 quod
974 3107 1225 3164 nimirum
1281 3109 1432 3175 velit,
1477 3124 1599 3165 cum
1657 3125 1775 3180 cap.
1820 3107 1952 3165 ίιινι

354 3180 663 3249 prmdiccns
718 3180 1113 3250 apostolorum
1143 3180 1601 3249 prtedicationem,
1661 3193 1716 3235 et
1767 3182 1950 3235 mundi

350 3247 799 3316 conversionem,
831 3249 1030 3318 inquit:
1068 3247 1353 3321 lit—ponam
1402 3253 1453 3305 in
1496 3247 1594 3306 eis
1624 3254 1851 3322 signant,
1906 3261 1952 3306 et

352 3323 559 3394 mittam
581 3338 646 3374 ea:
671 3322 742 3375 eis
766 3323 855 3394 qui
882 3322 1064 3375 saluati
1094 3323 1288 3391 fuerint
1334 3322 1402 3375 ad
1428 3333 1600 3394 gentes
1624 3365 1638 3387 ,
1681 3331 1732 3378 in
1775 3339 1915 3394 mare
1935 3366 1950 3390 ,

353 3394 413 3445 in
444 3392 700 3467 Africam.
724 3391 785 3446 et
808 3391 1048 3467 Lydiam,
1081 3394 1340 3467 tendentes
1368 3391 1631 3467 sagittam,
1661 3396 1713 3449 in
1743 3393 1955 3449 Italiam

354 3473 410 3517 et
439 3463 720 3531 Crteciam,
747 3465 816 3516 ad
862 3462 1061 3516 insulas
1095 3463 1267 3536 longe,
1311 3465 1378 3517 ad
1409 3462 1492 3519 eos
1521 3469 1610 3536 qui
1637 3483 1741 3519 non
1779 3467 1958 3518 audie-

354 3536 583 3606 runttle
607 3550 686 3588 me
717 3545 810 3606 ,et
832 3551 934 3606 non
957 3535 1189 3587 viderunt
1210 3535 1430 3606 gloriam
1454 3535 1636 3590 meam.
1681 3537 1799 3604 Quo
1836 3537 1956 3590 loco

2175 829 2435 881 Submittit
2457 830 2537 880 cui
2561 831 2664 880 tota
2686 837 2803 878 suos
2818 825 3054 891 Hispania
3080 824 3242 891 fasees

2175 892 2428 954 Corduba;
2449 905 2565 943 nam
2587 905 2682 954 non
2704 903 2820 954 arce
2844 889 3022 952 potens
3040 891 3129 940 tibi
3153 889 3370 954 Tarraco
3390 895 3609 954 certans,

2171 955 2393 1018 Quzeque
2413 951 2529 1003 'sinu
2550 952 2715 1017 pelagi
2729 951 2882 1015 jactat
2904 966 2962 1003 se
2987 953 3196 1003 Bracara
3215 951 3376 1002 dives.

2042 1069 2152 1128 Sed
2180 1069 2250 1126 de
2275 1068 2498 1125 Tharsis
2523 1075 2578 1125 et
2604 1067 2773 1139 Ophir
2798 1067 2939 1124 dicta
2967 1066 3262 1124 sufﬁciant.

2112 1193 2179 1249 A.
2202 1191 2265 1248 C.
2289 1190 2379 1248 68.
2405 1220 2477 1232 —
2503 1189 2685 1246 Sancti
2713 1190 2971 1263 principes
2993 1191 3369 1263 apostolorum,
3393 1198 3499 1246 etc.
3525 1189 3642 1247 Non

2044 1265 2275 1320 iniit-ma:
2306 1270 2447 1318 nota:
2474 1261 2723 1316 auctores
2736 1271 2857 1333 tam
2882 1265 2932 1314 in
2956 1277 3122 1333 anno,
3147 1277 3306 1333 quam
3331 1261 3383 1316 iu
3407 1263 3494 1317 die
3520 1276 3644 1333 pas-

2042 1336 2213 1390 sionis
2238 1334 2519 1402 utriusque
2539 1331 2770 1403 apostoli
2795 1332 3126 1400 assignaudo
3147 1347 3176 1387 a
3200 1332 3400 1387 Dextro
3423 1331 3643 1389 dissen-

2044 1408 2202 1461 tiunt.
2238 1406 2451 1460 Etenim
2481 1418 2587 1459 non
2617 1417 2723 1457 uno
2750 1403 3053 1472 eodemque
3079 1403 3192 1466 die,
3221 1404 3317 1459 sed
3352 1413 3473 1472 post
3500 1405 3642 1460 inte-

2042 1493 2198 1548 grum
2230 1491 2433 1531 annum
2464 1491 2493 1529 a
2528 1473 2690 1548 Petri
2709 1489 2866 1548 nece,
2892 1475 3129 1548 occisum
3157 1473 3647 1548 Paulumdocuere

2045 1544 2379 1618 Augustinus
2419 1561 2624 1618 sermo,
2665 1546 2746 1618 28Δ
2781 1544 2859 1618 ἀοῖ
2887 1544 3122 1618 Sanctis,
3166 1547 3363 1618 Arator
3393 1545 3490 1618 lib.
3519 1545 3556 1598 2
3586 1545 3640 1601 in

2043 1615 2178 1676 Acta
2221 1619 2482 1690 apostol.,
2510 1626 2565 1672 et
2605 1615 2930 1672 Prudentius
2970 1616 3175 1687 hymno
3203 1615 3272 1669 12
3296 1656 3311 1682 ,
3347 1615 3595 1687 inquiens
3629 1633 3644 1672 :

2169 1738 2305 1790 Unus
2329 1746 2591 1800 utrumque
2609 1737 2720 1788 dies
2741 1738 2889 1801 pleno
2913 1742 3080 1788 tamen
3107 1738 3363 1788 innbvatus
3377 1749 3528 1800 anno,

2294 1802 2428 1853 Vidit
2445 1802 2662 1864 superba
2684 1807 2846 1851 morte
2862 1801 3160 1852 laureatum.

2041 1907 2310 1964 Ctetcrum
2352 1905 2537 1963 nescio
2579 1904 2707 1977 quid
2751 1905 2994 1962 haeretici
3037 1903 3284 1961 nonnulli
3326 1903 3427 1961 sibi
3457 1905 3647 1962 eodem

2044 1977 2328 2034 Prudentii
2356 1989 2410 2032 et
2439 1977 2727 2046 Augustini
2756 1993 2872 2031 aevo
2895 1977 3174 2032 voluerint
3194 1978 3334 2031 hanc
3358 1985 3648 2047 sequentes

2044 2049 2300 2120 opinandi
2336 2051 2633 2120 rationein;
2663 2058 2880 2120 constat
2903 2048 3254 2120 nihilominus
3276 2047 3563 2120 damnatns
3592 2050 3646 2103 in

2043 2117 2276 2176 concilio
2311 2118 2555 2174 Romano
2577 2120 2676 2175 sub
2698 2117 2930 2176 Damaso
2952 2118 3043 2173 ubi
3069 2118 3184 2174 haec
3205 2118 3434 2188 legimus
3457 2135 3472 2172 :
3501 2117 3620 2172 Pau
3637 2149 3652 2160 -

2048 2192 2128 2246 lus
2156 2208 2257 2244 non
2289 2191 2675 2257 (liverso,rsicul
2705 2189 2841 2255 [also
2869 2189 3099 2244 Itwretici
3127 2196 3384 2258 garriunt,
3413 2188 3504 2243 sed
3535 2205 3646 2244 uno

2047 2261 2328 2334 eodemque
2347 2262 2449 2333 zdie
2472 2276 2604 2330 ,cum
2650 2259 2927 2334 Petro,__in
2966 2259 3092 2334 urbe
3131 2259 3298 2315 Roma
3320 2260 3418 2334 sub
3446 2259 3652 2334 Ctesate

2051 2331 2263 2387 Nerone
2292 2331 2571 2386 coronatus
2600 2343 2695 2386 est.
2721 2331 3057 2386 Crediderim
3088 2346 3181 2384 eos
3212 2331 3516 2385 tis-seruisse
3545 2333 3650 2386 alia

2049 2404 2292 2471 ejusdem
2326 2404 2409 2458 vel
2439 2405 2718 2472 sequentis
2752 2404 2953 2457 mensis
2983 2401 3070 2456 die
3101 2401 3324 2456 Paulum
3355 2415 3516 2472 quam
3547 2401 3651 2456 Pe-

2053 2485 2192 2529 trtnu
2222 2475 2485 2538 occisum,
2512 2490 2619 2528 non
2650 2483 2833 2529 autem
2863 2474 3052 2528 eodem
3081 2473 3170 2527 die
3195 2472 3474 2542 sequentis
3496 2474 3649 2538 anni,

2052 2557 2109 2601 ut
2139 2545 2255 2599 vult
2280 2545 2641 2615 Augestiuus.
2659 2543 2765 2600 Sed
2796 2543 3055 2614 quidquid
3079 2544 3148 2598 de
3170 2543 3279 2598 illis
3299 2545 3393 2607 sit,
3419 2556 3652 2598 concors

2051 2627 2134 2673 est
2174 2617 2284 2684 jam
2330 2616 2385 2669 in
2431 2616 2668 2670 Ecclesia
2711 2630 2740 2669 a
2788 2615 3038 2669 Palribus
3082 2631 3178 2682 per
3209 2628 3400 2668 manus
3427 2623 3647 2677 accepta

2052 2686 2319 2742 sententia
2343 2728 2356 2750 ,
2385 2689 2574 2741 eodem
2599 2700 2822 2755 prorsus
2848 2699 3012 2750 anno,
3040 2695 3094 2739 et
3116 2686 3207 2739 die
3228 2687 3436 2754 pariter
3456 2699 3522 2738 ex
3550 2684 3650 2738 hac

2052 2758 2159 2812 vita
2187 2757 2427 2810 sublatos
2459 2771 2472 2812 :
2503 2771 2731 2824 eamque
2762 2756 2947 2810 docuit
2976 2755 3309 2825 Epiphanius
3333 2755 3524 2810 haeresi
3550 2757 3644 2825 a7,

2054 2828 2320 2884 Maximus
2348 2842 2600 2882 sermone
2627 2823 2695 2881 de
2724 2826 2826 2882 SS.
2858 2823 3102 2882 I’ctro'e't
3133 2825 3322 2890 Paulo,
3354 2823 3648 2880 Cassiodo-

2054 2914 2146 2955 rus
2173 2900 2226 2954 in
2255 2898 2548 2966 Chronico,
2581 2896 3000 2965 Metaphrastes,
3035 2896 3324 2961 Eusebius,
3353 2906 3406 2950 et
3436 2896 3548 2951 alii.

2127 2978 2246 3048 Quo
2272 2987 2452 3032 autem
2486 2976 2686 3032 Christi
2716 2991 2860 3031 anno
2889 2976 2943 3031 id
2973 2975 3251 3038 acciderit,
3282 2975 3431 3048 varie
3457 2990 3646 3031 sense-

2059 3046 2188 3106 runt
2215 3060 2486 3104 auctores.
2521 3048 2788 3103 Eusebius
2833 3049 2885 3102 in
2914 3049 3190 3102 Chronico
3220 3046 3394 3115 rejicit
3422 3057 3651 3101 mortem

2058 3119 2427 3191 apostolorum
2469 3119 2536 3174 ad
2573 3134 2774 3191 annum
2811 3119 2918 3183 7t);
2962 3118 3330 3191 Cassiodorus
3358 3117 3411 3172 in
3457 3131 3558 3191 suo
3582 3119 3651 3172 ad

2056 3188 2118 3247 7i
2148 3207 2163 3256 ;
2211 3191 2401 3244 Itorum
2449 3207 2577 3243 vero
2621 3189 2818 3259 placita
2849 3191 3128 3243 communi
3160 3188 3371 3244 calculo
3401 3188 3655 3256 rejiciun-

2055 3272 2163 3320 tur.
2194 3261 2420 3331 Constat
2445 3260 2591 3317 enim
2622 3262 2910 3331 Neronem,
2944 3259 3037 3330 qui
3074 3273 3170 3315 eos
3213 3259 3431 3328 occidit,
3465 3273 3656 3329 super-

2060 3319 2260 3389 vtxisse
2293 3319 2454 3386 ui’iom
2501 3339 2610 3386 tere
2645 3327 2868 3398 annum,
2897 3319 3173 3386 et'tamen
3206 3345 3309 3384 non
3342 3319 3656 3400 pervenisse

2058 3406 2125 3460 ad
2160 3406 2221 3458 Ἠ
2266 3405 2352 3458 vel
2386 3403 2455 3457 7‘2
2482 3403 2702 3469 Christi,
2741 3411 2798 3456 ut
2837 3401 3122 3472 oportebat
3153 3412 3550 3472 consequenter
3577 3401 3657 3456 fa-

2062 3476 2183 3531 teri.
2234 3474 2420 3530 Solutu
2465 3475 2627 3542 igitur
2669 3471 2892 3528 dubium
2931 3471 3349 3542 relinquitur‘de
3393 3475 3548 3526 annis
3581 3473 3656 3527 till

2061 3548 2144 3601 vel
2188 3545 2277 3610 (i9,
2316 3554 2439 3614 uter
2477 3541 2693 3600 illorum
2736 3559 2927 3614 passos
2970 3541 3181 3599 noverit
3227 3543 3497 3614 principes
3527 3558 3658 3612 apo-

359 3605 455 3682 pbi
489 3603 714 3682 Vulgata
744 3605 867 3682 legit
896 3606 950 3658 in
982 3621 1141 3682 mare,
1188 3603 1465 3682 originalis
1495 3603 1955 3682 textusllciirmus

2063 3603 2581 3672 Stoloru'm.Cardin.
2601 3603 2884 3681 Barohius,
2909 3624 3055 3670 tomo
3077 3614 3098 3669 I
3120 3603 3579 3682 AuriallEéclea,
3603 3622 3660 3670 et

359 3675 525 3730 hibet
551 3674 614 3729 in
647 3674 883 3741 Tharsis,
916 3686 971 3730 et
1000 3674 1356 3744 Septuaginta
1392 3689 1614 3732 servant
1660 3677 1790 3733 illud
1821 3688 1958 3732 tant-

358 3762 524 3811 quam
555 3746 794 3818 regionis
824 3747 1097 3816 proprium
1137 3761 1358 3813 nomen,
1402 3757 1462 3801 ut
1487 3749 1711 3803 Tharsis
1748 3751 1818 3803 sit
1849 3749 1957 3818 pri-

359 3833 451 3872 rna
484 3816 913 3888 provinciarum,
938 3818 1004 3871 ad
1053 3832 1189 3888 quas
1229 3821 1460 3887 apostoli
1513 3816 1958 3884 mittunturane-

368 3903 476 3960 quc
497 3888 642 3942 enim
673 3886 824 3960 missi
850 3895 975 3960 sunt
1025 3886 1086 3943 in
1126 3886 1276 3960 mare
1306 3889 1371 3943 ad
1424 3891 1822 3960 praedicandum
1855 3891 1955 3958 ipsi

365 3959 432 4031 ad
463 3969 681 4031 gentes,
715 3959 810 4031 sed
842 3959 1071 4031 primum
1119 3959 1334 4031 quidem
1369 3959 1433 4014 in
1469 3961 1715 4031 'l‘harsis,
1761 3960 1960 4016 deinde

320 4027 331 4038 “
361 4030 416 4083 iu
446 4029 684 4084 Africam
707 4038 764 4084 et
792 4027 1037 4099 Lydiam,
1069 4045 1132 4084 ac
1158 4028 1355 4085 deinde
1383 4031 1436 4086 in
1469 4032 1677 4086 Italiam
1703 4027 1770 4086 'ct
1805 4032 1958 4087 Gum-

361 4103 524 4172 ciam.
563 4101 934 4156 Pulcherrima
957 4115 1088 4172 sane
1116 4116 1179 4156 ac
1207 4102 1408 4156 nobilis
1448 4104 1852 4172 praedicationis
1898 4103 1958 4158 S.

369 4171 558 4242 Jacobi
593 4173 824 4242 apostoli
850 4170 1130 4242 praedictio
1153 4172 1251 4242 ista
1277 4171 1397 4238 fuit,
1428 4170 1480 4228 et
1504 4174 1731 4228 Tharsis
1762 4175 1960 4230 veteris

366 4258 463 4296 seu
492 4241 820 4298 Tharsensis
847 4241 1262 4312 provincim(sic
1287 4246 1430 4298 enim
1463 4262 1490 4297 a
1520 4256 1668 4312 parte
1697 4254 1807 4299 tota
1839 4245 1960 4299 llis-

362 4314 524 4383 pania
559 4312 1004 4383 cognominatur)
1051 4313 1117 4366 ad
1153 4313 1352 4369 Christi
1389 4314 1548 4369 Iidem
1581 4316 1960 4372 conversionis

365 4394 493 4438 ante
541 4384 682 4455 alias
721 4397 911 4438 omnes
952 4385 1234 4455 gentilium
1292 4387 1635 4455 provincias;
1698 4401 1764 4442 eo
1817 4389 1961 4441 enim

367 4459 548 4527 prium
583 4454 704 4510 loco
739 4455 1034 4527 mittendus
1055 4454 1254 4527 dicitur
1279 4454 1496 4523 quidam
1528 4473 1594 4511 ex
1627 4457 1711 4512 Itis
1737 4460 1826 4527 qui
1859 4459 1966 4512 sal-

363 4528 474 4580 vati
507 4525 749 4591 fuerunt,
777 4524 1029 4580 videlicet
1053 4526 1106 4579 in
1129 4525 1388 4591 Tharsis;
1446 4536 1501 4582 et
1542 4528 1621 4584 sic
1680 4524 1790 4583 Deo
1826 4529 1965 4584 duce

365 4597 420 4651 in
452 4597 661 4668 incubo
688 4597 939 4668 apostolo
969 4595 1171 4651 factum
1202 4597 1438 4652 vidimus
1482 4613 1605 4654 cum
1653 4600 1856 4654 Dextro
1911 4603 1963 4653 in

363 4666 766 4736 superioribus.
826 4667 893 4723 Et
955 4667 1094 4722 istud
1123 4682 1335 4738 quoque
1392 4669 1656 4725 intentum
1720 4681 1964 4726 nostrum

367 4756 476 4792 non
508 4753 696 4807 parum
739 4738 926 4808 juvat;
983 4737 1029 4792 si
1083 4737 1503 4809 enint’primum
1541 4742 1780 4796 omnium
1839 4743 1963 4796 tuit-

369 4810 569 4865 tcndus
615 4817 734 4882 erat
777 4810 1052 4882 apqstolus
1093 4809 1287 4880 aliquis
1337 4811 1386 4864 in
1432 4810 1654 4866 Tharsis
1719 4812 1784 4865 ad
1837 4828 1970 4882 geu-

367 4889 454 4934 tes
486 4924 500 4945 ,
561 4879 823 4949 profecto
855 4879 1079 4934 Tharsis
1125 4897 1231 4935 non
1261 4883 1364 4934 erit
1411 4882 1574 4938 ludite
1623 4884 1812 4949 locus;
1843 4879 1968 4938 'non

368 4954 518 5025 enim
545 4950 870 5025 primumin
903 4951 1106 5005 Indiam
1133 4951 1509 5020 apostolorum
1542 4954 1741 5025 aliquis
1772 4955 1971 5008 missus

371 5021 471 5074 fuit
494 5037 510 5085 ;
534 5021 840 5104 atquisatis
883 5037 1156 5104 superque
1184 5025 1466 5104 probatum
1491 5034 1582 5104 est
1609 5021 1651 5079 δι’
1672 5024 1829 5079 nobis
1859 5027 1970 5095 pri-

372 5165 548 5237 fuisse
574 5162 882 5237 Hispaniam
909 5162 1126 5237 ,_sancti
1152 5163 1335 5219 Jacobi
1367 5174 1432 5237 ei
1446 5167 1834 5237 discipulorum
1858 5167 1978 5237 ejus

372 5233 803 5308 pr.rdica_tione;
836 5250 898 5289 ea
935 5235 1101 5304 igitur
1126 5250 1251 5290 vera
1283 5244 1368 5291 est
1394 5233 1643 5304 Tharsis,
1667 5238 1736 5292 de
1764 5251 1867 5308 qua
1889 5233 1981 5292 lo-

371 5304 564 5376 quitur
593 5304 876 5374 Scriptura
909 5319 1087 5360 sacra.
1282 5319 1314 5330 “

454 5379 683 5430 ltemum
707 5390 815 5449 non
839 5390 1029 5446 parum
1056 5376 1219 5449 faciet
1239 5376 1516 5448 Ophirina:
1549 5378 1881 5449 navigationi
1912 5378 1982 5434 ad

379 5445 684 5518 Bracaratu
716 5445 946 5518 urbem,
978 5457 1034 5502 et
1074 5445 1352 5518 regionem
1401 5449 1517 5505 fieri
1555 5445 1752 5516 solitas,
1803 5453 1981 5505 Auso-

379 5521 506 5572 nius
558 5517 655 5572 lib.
705 5516 979 5572 Nobilium
1022 5516 1254 5582 urbium,
1285 5519 1412 5575 dum
1445 5521 1610 5577 urbes
1658 5522 1793 5576 alias
1822 5521 1984 5578 variis

379 5589 690 5664 decantatis
713 5587 987 5664 laudibus,
1022 5591 1218 5664 solum
1238 5590 1521 5646 Bracaram
1555 5594 1760 5649 asserit
1787 5607 1847 5648 se
1869 5594 1985 5664 jac-

381 5669 501 5716 tare
522 5659 591 5714 de
616 5661 740 5715 sinu
765 5658 943 5730 Pelagi
969 5667 1025 5716 et
1051 5659 1274 5728 divitiis;
1299 5677 1420 5716 nam
1443 5664 1552 5718 ait:

513 5773 639 5847 iure
662 5775 781 5847 mihi
808 5779 919 5838 post
939 5774 1030 5825 has
1051 5776 1401 5847 memorabere
1418 5791 1598 5847 nomen
1623 5777 1843 5847 Iberum,

509 5836 730 5892 Emerita
749 5836 1012 5905 aqutorens
1031 5852 1178 5904 quam
1204 5839 1566 5904 praeterlabitur
1591 5842 1764 5908 amnis,

2001 4989 2055 5050 D

371 5108 518 5146 main
577 5091 864 5163 gentilium
918 5091 1249 5163 provinciam
1304 5094 1371 5148 ad
1433 5094 1595 5150 fidem
1650 5091 1971 5150 conversam
2037 5098 2039 5101 ’

2063 3687 2219 3744 Notis
2258 3687 2326 3742 ad
2369 3687 2510 3740 diem
2552 3687 2622 3742 29
2651 3687 2775 3741 Julii
2804 3685 2962 3740 Rom.
2994 3685 3358 3756 illartyrologii
3385 3686 3540 3756 juxta
3568 3700 3660 3756 ve-

2062 3762 2261 3814 riorem
2315 3759 2751 3826 supputationem
2808 3772 2995 3825 passos
3019 3752 3329 3826 contendit
3369 3752 3513 3810 anno
3563 3752 3655 3811 69'.

2061 3829 2264 3883 Dexter
2294 3825 2444 3890 vero,
2479 3837 2535 3881 ut
2566 3827 2741 3894 vides,
2770 3841 2913 3881 anno
2940 3826 3030 3894 δε,
3061 3826 3214 3895 cujus
3244 3825 3372 3880 mihi
3398 3826 3656 3896 placitunt

2063 3902 2233 3954 nndto
2291 3898 2461 3967 magis
2513 3898 2758 3962 arridet;
2816 3897 3301 3967 arrisitqueiprius
3343 3897 3660 3967 doctissimo

2061 3970 2349 4025 Ambrosio
2374 3966 2442 4022 de
2469 3969 2698 4024 Moralcs
2726 3969 2818 4024 lib.
2838 3983 2896 4022 ιχ
2919 3966 3056 4022 llist.
3091 3966 3270 4036 Hisp.,
3297 3980 3422 4036 cap.
3449 3966 3538 4036 19,
3563 3982 3661 4022 cu-

2060 4043 2148 4111 jus
2175 4041 2242 4095 de
2273 4054 2540 4111 annorum
2571 4040 2959 4111 historicorum
2990 4041 3372 4111 supputatieue
3402 4052 3508 4092 non
3540 4037 3661 4094 vul-

2062 4108 2191 4183 gate
2208 4110 2497 4180 judicium,
2523 4120 2577 4166 et
2599 4110 2794 4183 eximia
2824 4109 3098 4183 diligentia
3119 4108 3245 4183 fuit.
3267 4108 3508 4163 Desumo
3529 4124 3664 4179 quo-

2062 4180 2168 4254 que
2210 4182 2443 4251 idipsum
2490 4197 2556 4236 ex
2601 4180 2924 4254 Epiphanio,
2960 4180 3257 4254 hatres._27
3287 4189 3659 4254 asseverante,

2066 4250 2301 4308 necatos
2329 4254 2495 4307 fuisse
2529 4267 2672 4306 anno
2707 4250 2781 4306 ’12
2824 4250 3093 4316 Neronis;
3121 4252 3167 4306 si
3212 4259 3390 4305 autem
3422 4250 3490 4305 ab
3520 4265 3664 4305 anno

2068 4325 2280 4379 Domini
2314 4323 2404 4389 55,
2422 4322 2653 4400 Neronis
2683 4337 2909 4400 regnum
2942 4337 3248 4400 enumeres,
3276 4331 3338 4400 ut
3365 4321 3666 4400 communi-
3721 4388 3733 4400 .

2067 4406 2149 4450 tcr
2176 4405 2425 4448 auctores
2459 4393 2679 4456 faciunt,
2714 4393 2805 4448 lict
2835 4403 2892 4448 ut
2919 4407 3094 4448 annus
3119 4397 3237 4462 ejus
3269 4393 3337 4448 12
3373 4394 3424 4445 in
3453 4407 3658 4448 annum

2067 4466 2278 4521 Domini
2308 4465 2378 4520 68
2409 4464 2631 4519 incidat.
2669 4467 2932 4519 Baronius
2957 4464 3238 4519 contendit
3259 4462 3534 4531 accepisse
3562 4465 3663 4518 im-

2068 4537 2201 4606 perii
2245 4534 2485 4590 habenas
2528 4551 2671 4591 anno
2718 4533 2930 4606 Domini
2976 4535 3064 4591 56.
3110 4533 3309 4590 Verum
3352 4535 3456 4606 hoc
3500 4536 3666 4590 etiam

2068 4603 2225 4678 pacto
2253 4607 2297 4661 si
2325 4609 2499 4676 ipsum
2529 4607 2600 4661 56
2622 4605 2902 4678 inclusive
2925 4613 3081 4676 prout
3102 4613 3319 4678 oportet
3338 4603 3666 4678 accipiatur,
3718 4635 3735 4653 ο

2068 4675 2248 4733 adhuc
2292 4675 2467 4731 annus
2514 4679 2577 4730 t2
2620 4675 2834 4746 imperii
2874 4675 2944 4747 in:
2971 4675 3283 4747 praediolum
3329 4675 3398 4730 68
3441 4675 3665 4747 incidet.

2071 4750 2228 4830 Sane
2244 4763 2350 4830 non
2381 4747 2539 4830 valde
2579 4748 2632 4801 in
2662 4745 2894 4830 homine
2926 4745 3442 4830 (quantumcumque
3468 4745 3671 4830 doetis-

2067 4820 2235 4888 simo)
2277 4819 2550 4873 mirandus
2594 4826 2673 4873 est
2720 4815 2996 4872 memoriae
3024 4819 3220 4888 elapsus
3264 4815 3587 4888 :docuerat
3623 4815 3671 4872 is

2116 4885 2277 4961 uippe
2298 4891 2624 4961 sententiam
2649 4896 2892 4961 nostram
2912 4889 2965 4943 in
2989 4885 3142 4944 Notis
3163 4885 3487 4961 ad__2§_.lunii
3508 4901 3674 4961 agens

2116 4905 2277 4961 utppe
2298 4905 2624 4944 sententiam
2649 4905 2892 4943 nosrram
2913 4905 2965 4943 tn
2989 4905 3142 4944 tvous
3163 4905 3230 4942 an
3251 4905 3323 4941 zu
3345 4905 3487 4942 Junll
3508 4905 3674 4959 agens

2075 4905 2144 5015 ἓξ
2177 4959 2284 5014 illis
2314 4960 2643 5030 martyribus
2671 4974 2808 5029 quos
2847 4960 2990 5014 Nero
3028 4958 3260 5030 incendii
3297 4957 3525 5030 Romani
3565 4959 3674 5014 cri-

2079 5032 2228 5087 mine
2260 5030 2391 5102 lalso
2424 5025 2974 5102 notatos_t_ieraverat,
3008 5031 3098 5084 ubi
3132 5029 3249 5102 haec
3273 5025 3675 5102 ait:_Cteptaiest

2082 5101 2344 5174 ejusmodi
2364 5111 2468 5174 tam
2499 5100 2613 5174 dira
2644 5099 2799 5174 Urbis
2828 5101 3061 5174 incensio
3085 5115 3179 5174 xui
3203 5100 3413 5156 kalend.
3439 5099 3674 5174 Sextilis,

2077 5170 2270 5242 sexque
2291 5171 2469 5226 diebus
2483 5172 2706 5240 duravit,
2731 5170 2895 5224 Basso
2921 5187 2992 5243 ace
3007 5171 3182 5243 Frugi
3202 5188 3372 5243 cons,
3395 5171 3678 5243 quianam

2081 5259 2114 5297 a
2140 5241 2534 5297 Ilecentioribus
2566 5251 2870 5296 numeratur
2895 5259 2926 5295 a
2953 5241 3158 5296 Christo
3189 5242 3410 5296 Domina
3431 5241 3520 5299 (ὶό.
3545 5241 3684 5295 Con-

2085 5313 2298 5383 tigitque
2322 5312 2507 5384 bonum
2532 5313 2839 5383 martyrium
2865 5314 3084 5384 triennio
3103 5322 3222 5368 ante
3240 5313 3529 5384 passionem
3553 5327 3684 5381 apo-

2086 5382 2356 5438 stolorum.
2385 5382 2658 5438 C:eterum
2677 5382 2732 5437 'si
2758 5384 2915 5438 annis
2944 5383 3013 5438 65
3045 5382 3332 5439 triennium
3356 5383 3544 5446 addas,
3571 5396 3680 5437 nou

2090 5454 2343 5510 conﬁcies
2371 5454 2462 5520 69,
2485 5454 2582 5525 sed
2612 5454 2701 5517 68,
2719 5469 2826 5524 quo
2851 5471 2994 5525 anno
3023 5456 3136 5525 ipse
3166 5453 3531 5525 uunc_fatetur
3550 5466 3683 5525 apo-

2092 5527 2260 5581 stolos
2301 5525 2421 5580 neci
2465 5523 2641 5580 datos.
2684 5521 2793 5580 Sed
2821 5524 2976 5581 affert
3012 5521 3068 5580 in
3111 5539 3269 5579 suum
3300 5521 3540 5578 favorem
3574 5522 3685 5578 Me-

2094 5596 2426 5667 taphrastem
2467 5595 2818 5667 refcrentem_
2837 5611 2949 5667 pro,
2979 5595 3172 5667 eodem
3218 5594 3447 5665 placito,
3487 5593 3686 5667 Caium

2093 5662 2375 5738 antiquum
2411 5667 2719 5736 theologum
2745 5707 2759 5732 ,
2783 5662 3134 5738 zephirinum
3162 5662 3384 5738 Papam,
3408 5673 3463 5720 et
3487 5662 3692 5738 Diony-

2094 5737 2242 5818 sium
2261 5738 2663 5818 Corinthierum
2686 5737 3188 5818 episcomim,_qnod
3209 5747 3459 5818 asseram
3477 5737 3690 5818 eccisos

2094 5809 2264 5871 fuisse
2290 5822 2433 5867 anno
2459 5807 2530 5870 56
2554 5824 2584 5866 a
2613 5807 3168 5883 passione’Doniinica
3194 5822 3209 5867 :
3233 5808 3279 5867 si
3301 5822 3435 5870 vero
3455 5807 3523 5867 ab
3547 5820 3694 5866 anno
