4106 6336
517 223 625 301 ea

515 369 592 432 Α.
617 367 676 426 C.
707 361 798 423 70.

1559 229 1647 294 Fb
1665 235 1790 294 \Vll
1828 228 2012 295 LUC"
2051 222 2311 292 DEXTRI
2346 224 2758 290 CHRONICON.

896 359 1197 434 Imperator
1223 359 1409 418 Ctesar
1438 360 1504 418 Τ.
1531 362 1750 420 Flavius
1775 353 2144 426 VeSpasianus
2169 351 2401 422 imperat
2423 362 2593 406 annos
2621 347 2679 415 9,
2709 358 2928 406 menses
2955 342 3009 400 6.

3715 220 3820 280 23!

3489 341 3558 400 Α.
3592 339 3660 398 Β.
3693 339 3818 400 821.

888 456 994 513 Per
1021 455 1136 513 haec
1163 463 1405 527 tempora
1446 456 1663 515 delatus
1709 457 1762 510 in
1803 451 1986 510 Asiam
2016 448 2077 505 S.
2109 447 2354 505 Joannes
2400 452 2767 518 cognomento
2795 442 3126 514 Theologus,
3162 439 3395 506 docebat

855 555 860 560 '
886 546 1127 621 Ephesi,
1158 547 1303 606 unde
1331 547 1551 622 scripsit
1583 548 1652 606 ad
1682 545 1870 604 Caium
1901 543 2203 614 Hispanum
2231 540 2294 598 C.
2323 539 2664 597 centurionis
2685 535 2990 593 Malacitani
3021 535 3216 605 filium,
3239 533 3462 593 fratrem

1749 677 2010 738 BlVARIl
2048 671 2618 740 COMMENTARIUS.

601 768 846 847 rvenire;
901 778 1205 847 prmeertim
1252 776 1297 832 si
1347 791 1534 833 verum
1583 783 1732 833 esset
1784 772 1934 847 quod
1979 771 2122 828 idem
2151 769 2202 830 A
2229 767 2419 847 [opius
2444 767 2561 822 vult
2587 765 2639 822 ei
2665 772 2874 847 tantum
2897 765 3016 822 dies
3046 764 3081 823 6
3103 765 3370 847 defuisse.
3415 762 3616 847 Dexter
3643 764 3818 847 solum

581 844 1040 926 quilinus'relert,
1070 858 1126 905 et
1157 849 1383 920 picturis
1405 844 2119 926 antiquis_sin_ti_sindicatur,

532 917 804 981 seniorem
832 921 1128 992 Casparem
1151 917 1173 986 ζ
1199 935 1306 989 quo
1337 929 1591 992 tempore
1628 917 1906 992 Bethleem
1952 917 2126 985 petie-

532 1005 682 1062 runt,
709 995 878 1049 fuisse
899 993 968 1047 lio
996 1006 1283 1062 annorum,
1301 991 1548 1062 medium
1583 991 1960 1062 Balthasarem
1989 1001 2126 1055 qua-

522 1058 802 1138 draginta,
841 1064 1132 1138 iuniorem,
1160 1060 1505 1138 Melchiorem
1551 1059 1740 1138 viginti
1775 1078 1798 1138 _:
1842 1058 1938 1112 sed
1970 1072 2127 1138 num-_-

534 1126 695 1208 qitain
719 1126 796 1210 ad
813 1126 1145 1192 credendum
1171 1131 1429 1210 adducar,
1457 1126 1822 1210 quodjaliquis
1843 1143 2033 1210 eorum
2058 1126 2126 1210 ad

533 1202 929 1277 sexagesimum
962 1213 1089 1277 tunc
1120 1205 1383 1277 temporis
1407 1202 2129 1277 ascendisset,_quandoqui4

528 1271 1400 1344 'demiion_eispol|erentviribus,
1421 1290 1540 1345 qua:
1554 1274 1622 1329 ad
1641 1283 1747 1328 tam
1774 1272 1992 1345 longum
2025 1271 2128 1324 iter

524 1343 929 1414 conficiendum
959 1345 1300 1414 paucissimis
1333 1343 1523 1402 diebus
1563 1343 1888 1414 necessaria;
1922 1349 2126 1397 essent.

617 1416 770 1487 Quod
799 1416 866 1472 ad
905 1412 1190 1472 numerum
1245 1417 1458 1487 illorum
1491 1424 1720 1485 spectat,
1757 1415 1820 1468 ι).
1861 1412 1972 1487 Leo
2013 1426 2132 1466 ser-

535 1484 740 1548 monel
769 1497 826 1544 et
853 1488 940 1554 ιιζὸ
964 1503 1131 1558 usque
1150 1487 1216 1542 ad
1247 1487 1280 1542 8
1303 1487 1371 1542 de
1392 1484 1692 1558 Epiphania
1717 1496 1827 1539 tres
1847 1484 2132 1558 dumtaxat

537 1560 708 1628 fuisse
737 1559 922 1627 docet,
955 1553 1097 1627 quod
1131 1558 1398 1627 itupertus
1429 1553 1483 1612 et
1509 1557 1652 1612 Beda
1683 1564 2004 1628 sequuntur,
2037 1553 2128 1620 qui

527 1625 721 1688 tamen
766 1631 819 1685 in
860 1624 1333 1687 colleCtaneis'eos
1374 1629 1487 1683 suis
1519 1637 1676 1682 vocat
1706 1624 2040 1690 nominibus,
2075 1633 2132 1678 ut

540 1703 794 1758 similiter
834 1699 964 1755 facit
994 1697 1276 1770 Equilinus
1308 1699 1474 1754 citato
1506 1699 1652 1754 loco.
1682 1697 1802 1753 Non
1830 1705 2012 1750 tamen
2044 1709 2133 1770 _as-

539 1773 749 1828 sentior
777 1771 848 1836 ei,
881 1766 1150 1841 quatenus
1186 1770 1318 1824 dicit
1359 1770 1504 1841 quod
1551 1770 1866 1841 earumdem
1913 1766 2130 1841 nomina

544 1843 812 1898 ilebraica
835 1836 947 1895 sint
974 1841 1272 1911 Appellius,
1301 1836 1555 1902 Auierius,
1593 1839 1914 1911 Damascus;
1944 1836 2130 1892 Graeca

543 1929 678 1984 vero
703 1911 1006 1984 Galgglath,
1022 1909 1348 1984 Malgalath,
1367 1909 1670 1984 ASarrachin
1687 1927 1720 1984 ,‘7
1736 1911 1928 1984 Latina
1945 1916 2130 1984 autem

541 1982 769 2056 Gaspar,
807 1978 1102 2056 'Bulthasar
1117 2023 1133 2048 ,
1152 1978 1439 2056 iuelchior
1461 1981 1898 2056 _(uthminimum)
1943 1978 2133 2047 Latina

542 2052 824 2117 nonsuut,
863 2054 956 2108 sed
1005 2053 1282 2117 Chaldaza,
1336 2061 1392 2106 ut
1441 2053 1512 2108 de
1562 2052 1880 2107 Balthasarc
1921 2058 2134 2106 constat

542 2123 1252 2215 θρυάηυεπξῑςῐετξτςεβξξειεξη
1279 2122 1820 2215 Ε’ΒἾῘῘἾέΕὲδΡΡἯι
1853 2120 2137 2215 ίξῗῘΨῗὲΫ
2165 2153 2211 2215 Β

542 2193 640 2262 ris,
673 2206 726 2252 et
756 2193 1063 2249 Melchioris
1093 2194 1254 2250 habet
1279 2193 1606 2250 Maurolicus
1641 2193 1694 2249 in
1725 2208 1824 2249 suo
1867 2193 2133 2262 Martyro-

543 2265 710 2334 logio,
739 2273 794 2320 et
820 2265 971 2319 multi
997 2266 1337 2321 recentiores
1366 2281 1381 2326 ;
1413 2265 1655 2336 satisque
1683 2264 1974 2336 traditione
2004 2277 2134 2317 con-

542 2345 671 2402 stat,
690 2351 797 2406 qua
817 2336 868 2390 in
891 2350 1081 2391 eorum
1097 2336 1502 2392 venerationem
1523 2337 1676 2392 multi
1703 2335 2134 2406 Christianorum

540 2405 761 2462 ntunina
803 2405 1022 2462 illorum
1062 2407 1165 2462 sibi
1199 2414 1462 2477 usurpant
1504 2407 1558 2461 in
1604 2406 1896 2472 baptismo.
1927 2405 2138 2477 Bursus

554 2477 844 2548 Equilinus
893 2486 1046 2547 putat
1087 2475 1540 2533 naturali‘morte
1570 2477 1825 2548 sublatos
1868 2492 1882 2530 :
1934 2475 2138 2531 Dexter

543 2547 674 2604 vero
701 2549 984 2620 martyrio.
1007 2549 1111 2620 Sed
1136 2559 1190 2604 et
1219 2549 1273 2603 in
1297 2548 1398 2604 hoc
1418 2547 1676 2620 standum
1703 2548 2138 2620 DextrOLutpote

543 2616 873 2689 antiquiori,
927 2627 981 2674 et
1027 2619 1382 2688 diligentiori.
1435 2619 1621 2674 Placet
1670 2628 1849 2673 tatnen
1901 2616 2138 2686 Equiiiui

542 2688 706 2746 verba
749 2688 978 2754 referre,
1009 2691 1225 2759 quibus
1276 2689 1661 2746 translationes
1687 2703 1979 2757 corporum
2011 2701 2138 2759 san-

542 2771 755 2817 etorum
785 2761 950 2814 trium
975 2757 1248 2830 Magorum
1264 2759 1646 2817 describuntur
1668 2761 1856 2826 lih.tv,
1882 2757 2140 2828 cap.,45:

545 2830 858 2902 Eastorgias
904 2829 1176 2902 episcopus
1220 2833 1432 2886 natione
1469 2829 1681 2886 Graecus
1725 2831 1791 2884 ab
1833 2835 2142 2902 imperatore

547 2900 1122 2975 Constantinopolitano
1162 2903 1364 2975 legatus
1395 2903 1484 2975 ad,
1510 2900 2143 2975 Mediolanensesmissus

544 2982 639 3028 est.
665 2972 768 3038 Qui
791 2970 901 3025 tam
923 2982 1102 3042 gratas
1132 2970 1325 3028 exstitit
1367 2973 1582 3035 civibus,
1616 2983 1672 3027 ut
1702 2973 1817 3041 ipso
1847 2971 1971 3026 inde
1997 2970 2145 3026 rede-

546 3054 691 3110 unte,
723 3058 839 3116 eum
858 3042 1011 3116 sedes
1035 3044 1481 3116 vacasset,_ipsum
1513 3043 2143 3116 archiepiscopumelige-

544 3123 678 3168 rent.
714 3113 823 3183 Sed
850 3114 939 3167 ille
964 3113 1258 3183 inconsulto
1287 3113 1551 3183 l‘rineipe,
1575 3113 1808 3168 electioni
1832 3113 1999 3168 noluit
2023 3113 2145 3166 can-

546 3184 756 3239 sentire.
791 3181 982 3254 Sicque
1002 3181 1507 3254 Constantinopolim
1537 3185 1712 3252 rediit,
1749 3195 1796 3240 et
1847 3185 2146 3254 imperatori

543 3255 680 3325 quod
703 3257 898 3326 factum
926 3255 1094 3326 fuerat
1125 3255 1400 3309 nuntiavit.
1435 3253 1727 3324 Imperator
1755 3271 1874 3310 vero
1908 3253 2146 3326 gratissi-

545 3324 938 3390 mam‘habuit,
969 3341 1188 3393 eumque
1228 3327 1632 3380 consecrandum
1675 3324 2029 3380 Mediolanum
2065 3342 2149 3381 re-

547 3397 706 3470 misit.
780 3394 1004 3470 Insuper
1062 3397 1219 3470 trium
1286 3397 1575 3470 Maggrum
1621 3414 1840 3470 corpora
1904 3399 1961 3470 in
2027 3414 2149 3470 arca

545 3467 776 3540 mamma
808 3467 1009 3540 sepulta
1062 3467 1255 3540 dudum
1291 3467 1356 3522 de
1381 3467 1605 3522 'Perside
1647 3467 2148 3540 Constantinopolim

545 3538 794 3603 adducta,
847 3537 1132 3610 Eustorgio
1177 3555 1271 3610 pro
1312 3555 1520 3594 munere
1569 3541 1858 3610 concessit;
1885 3536 2003 3610 quae
2028 3556 2149 3592 san-
2175 3536 2224 3606 C

545 3619 660 3662 ctas
714 3610 768 3662 in
818 3609 937 3663 naui
985 3625 1142 3680 usque
1193 3611 1264 3663 ad
1306 3620 1510 3680 portant
1550 3611 1749 3664 detulit.
1805 3609 1934 3666 Cum
1978 3621 2147 3664 autem

545 3695 724 3753 arcam
787 3694 908 3753 cum
943 3680 1260 3753 corporibus
1308 3683 1484 3753 currui
1531 3681 1853 3753 imposuisset
1911 3680 2146 3753 (Ianua:

549 3749 822 3821 videlicet)
855 3759 902 3804 et
921 3749 1124 3821 junctis
1159 3751 1395 3819 pluribus
1422 3749 1630 3821 paribus
1661 3753 1849 3807 bonum
1891 3749 2002 3806 eam
2040 3763 2149 3807 tra-

549 3819 668 3874 here
697 3819 1035 3894 nonpossent
1077 3838 1095 3875 :
1125 3823 1304 3876 divina
1349 3819 1656 3879 reuelatione
1695 3825 1814 3878 dua:
1841 3822 2012 3878 solum
2047 3826 2144 3894 ju-

548 3907 718 3967 uenca;
745 3891 1082 3964 paupercula:
1107 3893 1334 3967 mulieris
1361 3895 1572 3959 derotte,
1615 3897 1848 3967 plaustro
1893 3891 2147 3967 apposita:

550 3962 802 4018 levissime
831 3979 1043 4034 carrum
1072 3962 1375 4031 trahebant;
1413 3962 1634 4034 quarunt
1671 3983 1827 4020 unam
1867 3962 1935 4020 in'
1964 3966 2148 4019 itinere

551 4035 704 4108 lupus
730 4035 942 4108 occidit.
969 4033 1200 4108 oxque
1227 4033 1746 4108 sanctusEpiscopas
1777 4038 1903 4107 lupo
1930 4038 2146 4108 manda-

549 4107 639 4178 uit,
680 4115 745 4178 _ut
793 4105 949 4178 uicem
982 4107 1222 4175 juvenca:
1255 4105 1611 4178 Mediolanum
1650 4105 1812 4178 usque
1839 4105 2139 4178 suppleret.

552 4174 843 4244 Statimque
874 4174 1027 4246 lupus
1055 4179 1195 4229 omni
1230 4177 1468 4242 deposita
1500 4179 1701 4246 feritate
1725 4174 2029 4232 inausuetas
2057 4194 2143 4232 ve-

552 4246 724 4320 hiculo
745 4262 797 4299 se
817 4245 1067 4311 exhibuit,
1096 4255 1145 4299 et
1160 4249 1380 4320 junctus
1403 4245 1505 4320 una
1523 4249 1758 4302 carnalia
1775 4251 2000 4320 jurenca
2032 4249 2145 4304 Me-

552 4314 820 4369 diolanum
848 4332 1060 4388 currum
1095 4314 1344 4388 pertraxit
1370 4333 1390 4372 :
1421 4318 1508 4371 ubi
1541 4314 1840 4373 sanctorum
1864 4319 2142 4388 Magorum

555 4403 774 4460 corpora
798 4387 1050 4460 tumulata
1077 4387 1586 4460 quieverunt,_us.jue
1613 4391 1683 4443 ad
1713 4399 1912 4460 tempus
1945 4387 2142 4445 Frede-

559 4457 1014 4533 rici‘imperatoris
1043 4459 1360 4533 cognomine
1387 4457 1737 4533 Barbarossa,
1763 4457 1864 4532 quo
1897 4472 2141 4533 tempore,

553 4527 855 4597 Mediolano
881 4543 1074 4593 everso,
1108 4527 1242 4582 ἀντα
1279 4529 1391 4583 illic
1419 4531 1654 4597 dimissa,
1687 4527 2145 4587 Sanctorumcoré

551 4615 680 4673 pora
719 4596 992 4673 Coloniam
1035 4600 1293 4673 translata
1333 4610 1472 4656 sunt.
1523 4601 1623 4656 Ubi
1643 4596 1920 4673 hodieque
1949 4619 2144 4673 magno

553 4669 848 4740 Christiani
895 4671 1078 4740 populi
1125 4685 1396 4726 concursu
1449 4684 1799 4729 venerantur.
1831 4669 1907 4728 De
1937 4669 2141 4730 eisdem

555 4738 1002 4796 translationibus
1031 4741 1140 4811 agit
1169 4741 1373 4796 Echius
1405 4744 1458 4797 in
1490 4744 1676 4798 homil.
1710 4744 1780 4801 de
1827 4745 1885 4801 S.
1934 4744 2140 4800 Thuma

551 4811 836 4885 ἱεροδιιῄοὲ
862 4821 918 4866 et
945 4812 1100 4885 inter
1137 4814 1472 4885 recentiores
1501 4813 1762 4871 lllescasr
1810 4823 1951 4885 part.
2000 4815 2140 4870 llist.

555 4879 1064 4955 l’ontif.,Trugillus
1085 4881 1139 4939 in
1161 4882 1444 4939 Thesauro
1467 4879 1932 4955 corrcionator'um,
1957 4888 2138 4942 etalii.

623 4950 679 5005 4.
715 4949 1027 5027 Imperator,
1059 4964 1164 5027 c_t_c.
1195 4956 1308 5010 Hoc
1339 4957 1455 5024 ipso
1478 4957 1682 5012 Christi
1711 4949 1942 5014 70anno
1974 4959 2144 5027 impe-

557 5021 1028 5096 riumarripuisse
1077 5021 1508 5096 Vespasianum,
1554 5043 1676 5082 cum
1726 5028 1931 5083 Dextro
1962 5021 2145 5084 narrat

557 5095 790 5171 Morales
841 5095 935 5171 lib.
988 5111 1065 5150 rx.
1114 5095 1315 5171 Fuerat
1343 5097 1443 5153 isa
1474 5097 2143 5171 Neroaeliigosolymam

558 5163 778 5239 missus.
807 5173 863 5220 et
893 5167 944 5239 in
977 5175 1143 5222 tutam
1166 5167 1434 5235 Judmam,
1464 5183 1584 5239 qute
1615 5168 1759 5225 Festi
1792 5168 1938 5226 Flori
1965 5163 2142 5225 avari-

551 5237 678 5291 tiam
739 5251 845 5292 nou
892 5238 1074 5292 ferens
1123 5239 1418 5294 rebellarat
1465 5237 1653 5296 contra
1704 5239 2000 5296 Romanos.
2031 5241 2143 5296 Re-

548 5307 1008 5397 stst'itttettstt
1040 5307 1768 5397 immaniinmanu
1802 5311 2140 5397 ,ίιινίιιὲενθιν

562 5377 673 5452 i‘ito
716 5377 839 5452 lilio
874 5393 997 5452 cum
1050 5377 1311 5436 exercitu
1340 5380 1396 5436 in
1440 5377 1624 5437 Judtiaa
1661 5383 1886 5452 relicto,
1919 5391 1978 5437 ut
2013 5377 2135 5438 cum

546 5447 784 5520 Joscpho
803 5451 986 5506 cmteri
1002 5461 1257 5508 auctores
1278 5467 1459 5508 rerum
1474 5452 1836 5508 Romanarum
1860 5447 2132 5510 enarrant.

550 5518 630 5574 De
673 5518 832 5593 annis
885 5523 1102 5592 imperii
1170 5521 1488 5593 Vespasiani
1553 5525 1890 5579 conveniunt
1943 5538 2136 5579 omnes

547 5591 798 5664 esegisse
820 5593 876 5656 9,
909 5591 1004 5648 sed
1040 5608 1169 5664 non
1223 5591 1584 5664 co'mplevisse
1633 5595 1719 5650 ω.
1769 5594 2038 5650 Eusebius
2080 5596 2134 5651 in

545 5659 819 5735 Chronico
845 5671 996 5732 putat
1034 5663 1336 5735 imperasse
1350 5659 1491 5720 'ann.
1515 5663 1570 5733 9,
1593 5679 1767 5722 mens.
1789 5666 1849 5722 ii
1865 5708 1879 5733 ,
1906 5666 2023 5720 dies
2039 5666 2130 5735 22,

543 5730 799 5792 nimirum
830 5730 926 5810 per
959 5736 992 5793 8
1020 5730 1141 5793 dies
1179 5749 1288 5791 non
1331 5730 1692 5811 complerissc
1718 5730 1891 5796 annos
1919 5737 2005 5807 l0;
2032 5730 2134 5794 Bal

2168 4926 2222 4987 D

2229 839 2432 964 illiddat
2458 852 2678 894 menses
2700 836 2756 906 6,
2788 853 2954 909 supra
2977 854 3153 894 annos
3173 839 3230 906 9,
3258 839 3362 895 nisi
3382 837 3638 895 mendum
3665 839 3735 894 sit
3759 837 3817 895 in

2229 925 2291 964 co
2336 925 2437 964 tce.

2228 925 2437 966 coatce.

2301 983 2354 1036 5.
2386 980 2489 1036 Per
2508 978 2617 1050 hac
2639 988 2890 1050 tempora.
2909 991 3017 1037 etc.
3050 979 3164 1036 lloc
3189 989 3294 1046 est,
3323 979 3427 1036 sub
3456 979 3818 1049 Vespasiano,

2229 1051 2552 1122 scripsitad
2576 1049 2766 1122 Caium
2797 1051 3038 1107 Joannes
3067 1053 3284 1108 tertiam
3313 1066 3470 1107 suam
3493 1051 3780 1122 epistolam
3802 1092 3819 1115 ,

2229 1139 2373 1195 quas
2397 1121 2608 1193 incipit,
2666 1121 2854 1178 Senior
2881 1122 3170 1195 Caiolscu
3207 1122 3348 1195 quod
3379 1121 3636 1195 idemest
3661 1121 3823 1191 Gaio)

2229 1192 2537 1267 charissima
2561 1233 2576 1259 ,
2621 1209 2776 1267 quem
2806 1210 2918 1267 Aego
2943 1192 3113 1267 diligo
3138 1195 3192 1248 in
3229 1192 3464 1267 maritate,
3492 1192 3660 1267 _Cum
3691 1208 3826 1267 vero

2233 1265 2438 1320 Dexter
2468 1280 2576 1319 non
2603 1263 2772 1327 dicat,
2805 1263 2910 1320 hoc
2939 1263 3064 1335 ipso
3082 1279 3224 1320 anno
3253 1265 3466 1320 Domini
3491 1265 3558 1320 79
3583 1272 3640 1321 et
3665 1263 3830 1335 ινφ.

2231 1336 2469 1406 spasiani
2497 1349 2618 1406 eam
2650 1333 2975 1404 scripsisse,
2989 1335 3086 1390 sed
3115 1350 3213 1406 per
3236 1335 3353 1392 hzec
3375 1343 3643 1406 tempora,
3665 1333 3828 1390 nimi-

2231 1422 2352 1462 rum
2384 1405 2603 1476 quando
2629 1407 2747 1476 ipse
2775 1407 3100 1476 imperabat,
3120 1405 3234 1462 sub
3255 1405 3420 1462 dubio
3453 1405 3780 1476 relinquitur
3808 1445 3825 1470 ,

2232 1477 2468 1532 fueritne
2527 1476 2653 1533 data
2679 1478 2910 1546 epistola
2955 1478 3111 1534 initio
3137 1478 3257 1546 ejus
3301 1477 3518 1546 imperii
3547 1476 3632 1532 vel
3678 1485 3832 1546 post-

2233 1549 2454 1604 modum
2481 1591 2496 1615 ,
2555 1564 2726 1618 usque
2774 1549 2864 1604 ad.
2893 1563 3094 1604 annum
3129 1549 3340 1603 Domini
3365 1549 3456 1615 79,
3480 1547 3566 1603 vel
3593 1547 3686 1614 80,
3716 1561 3831 1618 quo

2235 1618 2605 1688 Vespasianus
2634 1617 2886 1675 mortuus
2929 1629 3034 1675 est.
3068 1620 3195 1674 Haec
3223 1619 3474 1689 dixerim
3504 1633 3605 1689 pro
3625 1617 3830 1689 majori

2233 1691 2595 1760 explicatione
2626 1691 2774 1745 illius
2805 1689 3156 1760 prmnominis
3183 1690 3395 1758 Senior;
3427 1688 3520 1745 bis
3546 1688 3692 1744 enim
3719 1688 3830 1760 Ve-

2237 1758 2448 1832 pasiani
2479 1758 2832 1832 temporibus,
2865 1772 2986 1818 erat
3006 1761 3302 1832 Apostolus
3327 1775 3500 1832 annos
3526 1769 3686 1832 natus
3707 1758 3778 1815 75
3809 1803 3826 1828 ,

2239 1830 2328 1888 'vel
2359 1833 2447 1899 70,
2478 1833 2549 1896 si,
2583 1830 2725 1901 quod
2747 1832 2945 1888 rationi
2975 1830 3274 1889 consonum
3303 1830 3619 1902 est,demus
3647 1831 3830 1902 ipsum

2236 1905 2291 1958 in
2321 1903 2709 1971 Apostolorum
2741 1903 3030 1974 collegium
3058 1913 3366 1974 cooptatum
3393 1902 3571 1958 aetatis
3595 1918 3707 1958 sua:
3728 1903 3825 1969 25,

2235 1975 2320 2030 vel
2350 1975 2443 2031 20.
2473 1975 2732 2030 Erexerat
2758 1974 2870 2044 jam
2903 1976 3066 2032 totius
3093 1977 3237 2030 Asia:
3263 1974 3559 2041 Ecclesiae,
3585 1975 3834 2044 quando.

2237 2047 2460 2117 quidem
2484 2045 2552 2100 ab
2571 2061 2716 2100 anno
2743 2043 2836 2114 48,
2862 2062 2970 2115 quo
2996 2045 3159 2117 Virgo
3184 2046 3410 2116 Dcipara
3433 2043 3690 2101 translata
3711 2043 3836 2100 lue-

2239 2127 2324 2198 rat
2349 2117 2416 2172 ad
2438 2131 2692 2198 superos,
2715 2127 2774 2171 ut
2801 2117 3090 2198 plurimum
3119 2117 3171 2198 in
3186 2117 3314 2198 Asia
3327 2130 3696 2198 commoratus
3718 2124 3834 2170 tra-

2240 2188 2408 2244 ditur.
2452 2187 2551 2242 llic
2581 2198 2761 2260 autem
2799 2187 2965 2260 Caius
2992 2229 3008 2255 ,
3053 2188 3140 2244 cui
3171 2187 3399 2260 epistola
3429 2188 3683 2260 dataest,
3715 2202 3833 2260 non

2238 2268 2356 2315 erat
2403 2259 2650 2314 centurio
2692 2257 2781 2314 ille
2813 2258 2998 2328 Caius,
3055 2256 3413 2328 cognomento
3449 2257 3689 2329 Oppius,
3734 2256 3834 2329 qui

2237 2331 2556 2386 morientem
2629 2329 2904 2385 Christum
2963 2329 3058 2385 Dei
3122 2329 3320 2385 Filium
3373 2329 3657 2384 confessus
3709 2339 3833 2395 est,

2239 2401 2332 2456 sed
2356 2399 2502 2455 filius
2528 2400 2717 2470 ipsius,
2746 2409 2806 2455 ut
2831 2399 3180 2457 manifestant
3195 2401 3357 2456 verba
3382 2400 3471 2456 illa
3485 2400 3700 2469 Dextri,
3725 2399 3837 2453 Cu-

2239 2473 2323 2544 ius
2347 2481 2492 2544 pater
2517 2481 2629 2544 post
2653 2473 2710 2539 fit
2741 2473 3016 2544 episcopus
3034 2471 3475 2544 Hediolanensis.
3499 2471 3653 2544 Hunc
3679 2470 3837 2527 enim

2240 2541 2412 2599 fuisse
2447 2541 2665 2602 tertium
2697 2558 2726 2597 a
2754 2542 2816 2598 Β.
2843 2541 3097 2613 Barnaba
3144 2542 3264 2613 ejus
3307 2541 3454 2598 sedis
3480 2541 3784 2598 antistitem
3814 2584 3832 2609 ,

2241 2613 2445 2670 Auctor
2475 2613 2542 2668 ad
2571 2630 2770 2669 annum
2791 2612 2862 2669 54
2881 2613 3083 2670 Christi
3105 2612 3457 2682 expresserat
3489 2631 3501 2666 :
3532 2629 3676 2668 nunc
3699 2628 3838 2670 vero

2241 2694 2404 2740 vocat
2447 2685 2624 2755 ipsum
2646 2684 2713 2756 C.
2758 2686 3130 2756 centurionem
3161 2685 3583 2756 Malacitanum,
3626 2685 3696 2740 de
3721 2701 3838 2756 quo

2242 2757 2405 2812 etiam
2428 2753 2572 2810 anno
2601 2755 2671 2810 52
2697 2755 2910 2810 dixerat
2941 2774 2955 2809 :
2987 2755 3166 2812 Floret
3195 2759 3427 2810 centurio
3453 2753 3834 2825 Malacitan‘as,

2243 2843 2390 2896 quem
2419 2827 2481 2882 S.
2509 2826 2739 2881 Iacobus
2768 2826 2840 2879 ibi
2869 2827 3062 2896 tingit;
3090 2841 3143 2883 ct
3170 2827 3275 2882 hoc
3302 2828 3372 2883 70
3393 2842 3537 2881 anno
3560 2828 3719 2896 paulo
3745 2828 3840 2882 in-

2245 2897 2414 2954 ferius
2441 2897 2518 2953 ait
2543 2917 2557 2953 :
2591 2898 2693 2964 Qui
2723 2897 2794 2969 C.
2833 2898 2987 2952 domo
3011 2899 3332 2966 Corinthius,
3362 2913 3548 2969 genere
3573 2912 3690 2969 vero
3731 2897 3840 2953 Hi-

2243 2985 2476 3042 spanus,
2536 2979 2662 3042 et_c.,
2704 2968 2824 3042 inde
2855 2969 2990 3042 venit
3023 2968 3409 3042 Mediolanum,
3423 2978 3470 3023 et
3496 2968 3733 3042 pontifex
3760 2970 3840 3025 ibi

2247 3039 2417 3112 factus
2459 3039 2789 3112 indDomiao
2817 3041 3055 3094 moritur.
3090 3039 3146 3112 in
3180 3041 3271 3112 his
3304 3041 3449 3096 nulla
3480 3039 3566 3096 est
3608 3050 3838 3095 contra-

2247 3109 2453 3177 dictio;
2489 3109 2633 3167 aliud
2663 3109 2806 3165 enim
2837 3120 2922 3167 est
2950 3125 3073 3167 esse
3091 3111 3490 3178 hlalacitanum,
3512 3126 3607 3166 seu
3628 3126 3840 3180 genere

2249 3183 2568 3252 Hispanum,
2598 3190 2649 3237 et
2680 3181 2825 3236 aliud
2855 3182 3017 3238 domo
3036 3181 3376 3238 Corinthium
3403 3199 3417 3237 :
3445 3189 3736 3252 utrumque
3758 3184 3843 3239 si-

2249 3253 2362 3309 mul
2387 3254 2561 3322 potuit
2587 3256 2926 3325 contingere,
2953 3263 3010 3310 et
3032 3257 3177 3311 nasci
3209 3253 3429 3325 Malacm
3453 3255 3516 3325 in
3551 3253 3837 3325 hispania,

2251 3334 2307 3379 et
2351 3323 2682 3393 aliquamdiu
2725 3325 2968 3380 Corinthi
3001 3340 3239 3382 manere.
3268 3323 3376 3380 Aut
3403 3323 3585 3380 forsan
3628 3323 3842 3382 dicitur

2252 3395 2626 3467 Malacitanus,
2660 3410 2768 3451 non
2789 3396 2917 3466 quia
2948 3395 3166 3452 Malaca:
3196 3404 3354 3451 natus
3374 3406 3541 3464 esset,
3571 3395 3668 3452 sed
3695 3412 3842 3467 quo-

2254 3467 2398 3521 niam
2430 3464 2556 3538 inde
2585 3481 2754 3538 genus
2782 3464 3067 3536 paternum
3092 3469 3360 3536 trahebat,
3393 3482 3517 3522 cum
3541 3481 3648 3538 quo
3667 3464 3842 3525 domo

2253 3537 2565 3609 Corinthius
2594 3535 2704 3592 dici
2734 3535 2793 3592 et
2830 3553 2952 3594 esse
2999 3540 3212 3609 potuit;
3257 3539 3345 3594 ubi
3373 3546 3429 3594 et
3471 3535 3698 3594 Paulum
3729 3540 3842 3596 ali-

2253 3608 2471 3681 quando
2499 3609 2683 3681 domo,
2711 3614 2978 3681 tectisque
3003 3608 3318 3681 liberaliter
3345 3610 3561 3681 excepit
3581 3609 3697 3681 ,Ade
3721 3625 3842 3681 quo

2252 3677 2369 3752 ipse
2418 3678 2619 3734 Paulus
2661 3677 2908 3736 scribens
2958 3680 3024 3736 ad
3053 3681 3368 3750 Romanos,
3412 3677 3660 3752 Corinthi
3689 3677 3840 3752 apud

2251 3750 2426 3819 ipsum
2448 3765 2696 3823 manens,
2730 3753 2809 3805 ait
2829 3767 2949 3820 cap.
2965 3754 3059 3807 'xvr
3085 3769 3097 3807 :
3132 3753 3343 3823 Salutat
3359 3767 3449 3807 vos
3464 3750 3625 3823 Caius
3647 3750 3840 3823 hospes

2249 3837 2414 3894 meus.
2447 3821 2546 3876 Hic
2596 3820 2755 3892 igitur
2783 3833 2963 3894 tantus
2991 3838 3055 3878 ac
3097 3824 3218 3879 talis
3247 3822 3410 3894 Caius
3446 3822 3650 3894 Oppius
3693 3820 3840 3881 duos

2249 3893 2448 3966 dicitur
2480 3894 2582 3966 hoc
2630 3899 2748 3950 loco
2775 3908 2806 3948 a
2840 3893 3038 3966 Dextro
3066 3894 3321 3951 habuisse
3370 3893 3513 3966 illius
3536 3893 3567 3953 7:
3596 3893 3788 3950 Caium
3819 3939 3837 3966 ,

2247 3965 2315 4017 ad
2342 3980 2514 4036 quem
2541 3963 2778 4021 Joannes
2829 3964 3057 4033 scribit,
3089 3977 3144 4023 et
3173 3965 3525 4036 Demetrium,
3569 3981 3729 4036 quem
3780 3963 3842 4025 in

2249 4035 2442 4090 eadem
2465 4036 2694 4104 epistola
2725 4051 3076 4105 summopere
3101 4037 3443 4093 commendat
3473 4035 3660 4092 dicens
3687 4053 3702 4091 :
3735 4037 3843 4092 De-

2249 4107 2435 4181 metrio
2465 4106 2813 4181 testimonium
2837 4107 3081 4181 redditur
3114 4107 3181 4162 ab
3218 4107 3483 4181 omnibus,
3512 4116 3558 4162 et
3574 4109 3672 4181 ‘ab
3716 4109 3840 4181 ipsa

2247 4179 2482 4250 veritate,
2513 4177 2601 4250 sed
2627 4186 2674 4231 et
2705 4179 3171 4250 nostestirnonium
3197 4177 3540 4244 perhibemus.
3573 4177 3650 4233 De
3676 4177 3840 4250 quo?

2249 4249 2502 4320 nimirum
2535 4247 2604 4302 de
2627 4263 2693 4304 eo
2722 4248 2774 4303 in
2807 4263 2913 4316 quo
2952 4249 3070 4318 ipse
3113 4248 3287 4320 Caius,
3305 4250 3372 4306 ab
3412 4247 3838 4320 Apostolo'lau-

2245 4318 2458 4392 dandus
2489 4335 2632 4374 nunc
2673 4327 2920 4389 venerat,
2953 4329 3008 4392 et
3051 4321 3104 4376 in
3131 4335 3238 4391 quo
3268 4318 3594 4392 Diotrephes
3621 4322 3839 4391 impru-

2246 4387 2599 4463 dentissimus
2629 4387 2922 4463 episcopus
2949 4387 3276 4463 deliquerat1
3316 4387 3477 4447 Audi'
3503 4387 3835 4462 Apostolum

2247 4461 2422 4528 ipsum
2453 4461 2520 4516 ad
2547 4461 2733 4518 Caium
2767 4460 2881 4517 haec
2927 4460 3161 4519 aientem
3190 4478 3206 4519 ζ
3237 4460 3572 4529 Charissime,
3606 4463 3840 4532 ﬁdeliter

2246 4532 2401 4602 facis,
2434 4533 2686 4608 quidquid
2711 4534 3030 4608 operarisin
3053 4535 3284 4608 fratres,
3317 4534 3493 4608 et_hoc
3519 4535 3570 4588 in
3599 4539 3838 4608 peregri-

2245 4619 2361 4671 nos,
2387 4605 2477 4673 qui
2503 4605 2854 4659 testimonium
2876 4605 3211 4659 reddiderunt
3237 4605 3482 4659 charitati
3506 4615 3609 4659 tua:
3625 4605 3681 4659 in
3706 4605 3840 4662 con-

2244 4685 2424 4743 spectu
2455 4673 2725 4748 Ecclesiae,
2754 4691 2885 4746 quos
2911 4675 3228 4745 benefaciens
3256 4675 3474 4748 dedoces
3501 4675 3654 4748 digne
3677 4675 3791 4731 Deo
3815 4697 3836 4743 ,-

2245 4760 2342 4819 pro
2363 4747 2570 4819 nomine
2597 4746 2733 4819 enim
2760 4745 2877 4819 ejus
2906 4749 3123 4819 profecti
3147 4755 3270 4800 sunt
3297 4745 3530 4819 (scilicet
3558 4745 3837 4819 peregrini

2245 4815 2300 4891 in
2322 4827 2516 4891 sancta
2547 4817 2688 4891 loca)
2720 4815 2850 4891 nihil
2880 4815 3194 4891 accipientes
3219 4833 3252 4871 a
3285 4815 3541 4890 gentibus.
3558 4815 3838 4891 'Nos'ergo

2246 4887 2488 4961 debemus
2526 4887 2785 4961 suscipere
2812 4889 3152 4961 httjttsmodi,
3201 4896 3259 4961 _ut
3287 4887 3642 4961 cooperatores
3669 4887 3837 4961 simis

2246 4959 2495 5030 ueritatis.
2544 4959 2629 5030 _En
2658 4957 2954 5030 Caiumfde
2983 4957 3354 5030 hospitalitate
3383 4957 3699 5026 laudatum,
3730 4960 3833 5016 sed

2245 5028 2377 5102 quid
2419 5029 2486 5083 de
2512 5028 2876 5102 _Diotrephe?
2922 5028 3255 5102 Scripsissem
3311 5031 3528 5102 forsitan
3557 5029 3834 5097 Ecclesiee;

2245 5101 2336 5154 sed
2365 5101 2408 5153 is
2433 5101 2526 5173 qui
2545 5110 2684 5153 amat
2710 5100 2988 5170 primatum
3012 5100 3188 5173 gerere
3206 5103 3261 5173 in
3281 5100 3352 5173 eis
3381 5103 3457 5172 (id
3474 5109 3580 5172 est,
3609 5103 3833 5172 episco-

2247 5185 2368 5247 pus,
2395 5179 2488 5225 aut
2518 5172 2756 5247 intrusus
2775 5212 2790 5237 ,
2819 5182 2912 5226 aut
2942 5171 3200 5247 aeauam)
3231 5171 3536 5247 Diotrephes
3556 5216 3571 5241 ,
3605 5171 3710 5228 non
3751 5189 3836 5230 re-

2247 5242 2381 5307 cepit
2405 5256 2496 5294 uos
2524 5256 2685 5316 anon
2712 5241 2822 5316 ipse
2848 5241 3064 5316 sasdpit
3086 5241 3297 5316 fratres,
3337 5251 3384 5298 et
3413 5241 3516 5300 ’τοι
3541 5247 3632 5316 qui
3660 5247 3833 5316 susci-
3885 5255 3908 5275 '

2245 5316 2393 5386 piunt
2419 5310 2670 5386 prohibet,
2691 5310 2742 5386 et
2768 5312 2832 5366 de
2853 5310 3097 5386 Ecclesia
3117 5315 3291 5386 ejicit;
3317 5310 3694 5386 quodiDe'xter
3713 5315 3829 5371 ait:

2248 5381 2698 5458 Diotrephespero
2727 5384 3036 5458 impediebat
3068 5381 3294 5458 hospite;
3327 5381 3398 5441 ad
3428 5385 3715 5458 Hispanias
3737 5402 3832 5458 pe-

2245 5453 2613 5528 regrinationis
2647 5453 2814 5528 causa
2859 5453 3196 5528 deuenientes.
3247 5456 3383 5528 Huic
3417 5453 3551 5528 ergo
3587 5453 3831 5513 Joannes

2239 5535 2426 5598 contra
2461 5526 2614 5598 ponit
2644 5525 2972 5598 Demetrium
3000 5527 3290 5598 inquiens:
3322 5525 3830 5598 Demeiriotestimo-

2239 5597 2381 5649 nium
2402 5594 2638 5668 redditur
2659 5597 2724 5668 ab
2750 5597 3008 5666 omnibus,
3037 5594 3091 5652 et
3125 5597 3188 5652 ab
3231 5598 3343 5668 ipsa
3371 5599 3582 5657 t'eritate
3602 5615 3622 5655 :
3665 5597 3832 5654 nimi-

2240 5681 2358 5743 rum
2402 5681 2525 5722 esse
2551 5665 2876 5743 hospitalem
2903 5665 3099 5743 _virum,
3131 5665 3555 5743 peregrinosque
3582 5670 3829 5743 hospites

2239 5735 2470 5800 libenter
2495 5735 2790 5812 suscipere,
2825 5738 2915 5797 sed
2932 5748 2979 5795 et
3001 5735 3094 5798 nos
3115 5735 3823 5818 testinioniarnperltibeittus.
