3998 6352
430 276 538 338 275

1481 276 1708 333 FLAVII
1749 276 1926 335 LUC"
1969 277 2224 333 DEXTRI
2265 274 2684 333 CIIRONICON.

3601 285 3696 348 276

430 398 495 456 Δ.
527 397 588 456 C.
625 398 745 459 lOO.
783 397 864 456 Ad
895 399 1147 456 Castrum
1179 397 1348 454 altum
1390 410 1557 470 prope
1587 395 1810 466 Tugiant
1842 392 2099 466 przedicat
2129 391 2185 449 8.
2218 391 2503 450 Secundus
2530 391 2801 463 pontifex,
2825 393 2882 450 S.
2912 391 3099 450 Jacobi
3131 391 3372 465 discipu-
3405 395 3464 454 Δ.
3498 395 3694 472 8.851.

861 493 968 559 lus,
1000 500 1208 562 martyr
1235 490 1458 545 ultimus
1487 488 1784 543 sociorum.

798 589 868 646 Μ.
894 589 1203 653 Marcellus,
1230 585 1509 642 excellens
1530 593 1682 653 poeta
1707 591 1761 638 et
1786 590 1992 649 orator,
2017 582 2082 636 ad
2102 598 2260 653 quem
2284 583 2504 639 Persius
2529 582 3061 654 inscripsitquartam
3090 593 3327 656 satyram
3351 602 3366 653 ;

859 683 1112 739 amicitiis
1142 681 1440 749 Juvenalis,
1483 677 1656 735 Persii
1686 687 1742 734 et
1788 677 2034 744 Senecze,
2068 677 2232 746 Galli,
2278 677 2544 749 Statiique
2574 675 2902 748 praeclarus;
2939 676 3212 734 miraculis
3250 690 3369 733 cre-

857 776 974 832 bris
1005 775 1184 832 ﬂoret.

785 869 1034 925 Toletani
1064 867 1416 924 vehementer
1440 865 1797 936 profecerunt
1839 865 2088 921 doctrina
2115 865 2170 921 S.
2206 863 2274 920 Μ.
2322 865 2598 932 Marcelli;
2648 874 2706 921 ut
2746 865 3051 922 Barcinone
3091 853 3376 937 proﬁciunt

859 963 1158 1042 Christiani
1188 961 1362 1032 gloria
1389 960 1796 1031 miraculorum,
1829 963 2030 1016 virtute
2057 959 2322 1016 doctrina:
2354 975 2417 1016 ac
2446 961 2712 1032 exemplis
2743 962 3037 1018 Theodosii
3066 963 3329 1034 episcopi.

793 1057 1028 1116 Maxima
1056 1055 1444 1112 Toletanorum
1475 1070 1600 1111 cum
1631 1055 2132 1111 Barcinonensibus
2157 1055 2505 1111 necessitudo
2531 1056 2873 1112 contrahitur
2904 1076 2916 1112 :
2951 1074 3017 1114 ex
3044 1074 3152 1128 quo
3180 1061 3369 1114 civita-

858 1159 967 1207 tem
997 1147 1146 1203 illam
1178 1162 1280 1217 ego
1309 1147 1509 1204 Dexter
1529 1145 1750 1203 biennio
1774 1149 1898 1204 rexi
1927 1163 1941 1213 ;
1975 1156 2026 1202 et
2071 1147 2124 1201 in
2155 1145 2461 1202 Tabulariis
2494 1147 2612 1216 ejus
2642 1148 2824 1204 verbis
2853 1150 3024 1205 multa
3049 1151 3187 1205 scitu
3213 1151 3375 1222 digna

857 1243 1131 1314 reperisse
1156 1261 1243 1300 me
1274 1244 1471 1301 fateor.

784 1337 1028 1396 Celebris
1058 1349 1141 1396 est
1167 1339 1344 1396 Toleti
1381 1337 1643 1396 memoria
1669 1336 1737 1393 Μ.
1779 1335 2017 1393 Marcelli
2049 1337 2540 1409 Romae’praziecti,
2583 1341 2678 1412 qui
2709 1350 2953 1411 tempore
2997 1337 3232 1404 Claudii,
3273 1338 3374 1395 fuit

857 1434 910 1489 in
941 1431 1197 1491 Citeriori
1234 1433 1495 1504 Hispania
1523 1441 1764 1504 quiestor
1793 1431 2237 1503 quinquennalis,
2270 1443 2323 1490 et
2353 1449 2568 1492 murum
2595 1432 2940 1507 Carthaginis
2963 1432 3263 1504 Spartaria:
3296 1448 3382 1490 re-

865 1527 1017 1585 fecit.

791 1622 1086 1694 Dionysius
1114 1621 1447 1694 Areopagita
1467 1619 1612 1677 dicat
1643 1620 1885 1692 Eugenio
1915 1619 2192 1691 Marcello,
2227 1621 2374 1679 dicto
2397 1634 2615 1697 propter
2643 1625 2845 1698 ingenii
2876 1623 3258 1682 excellentiam
3285 1622 3379 1680 Ti-

869 1717 1114 1788 motheo,
1150 1716 1323 1774 libros
1351 1717 1419 1774 de
1447 1717 1655 1774 Divinis
1672 1715 2016 1772 Nominibus.

1653 1849 1913 1907 BIVARII
1954 1849 2517 1908 COMMENTARIUS.

440 1977 668 2036 metrius
697 1975 874 2046 capite
917 1975 1110 2046 plexus
1129 2015 1144 2041 ,
1177 1972 1350 2028 Pollio
1398 1971 1631 2046 llam_mis
1679 1981 1906 2046 exustns
1935 1978 2041 2035 est,
2072 1973 2121 2031 A
2151 1967 2266 2023 hzec
2287 1967 2590 2046 recitabat:
2615 1967 2874 2046 Gentilem
2898 1969 3154 2046 populum
3178 1969 3445 2029 Toletnme
3468 1976 3726 2045 provincia:

442 2049 663 2106 tametsi
689 2041 832 2118 quod
863 2041 935 2102 ad
959 2045 1221 2102 Irenaeum
1250 2053 1484 2114 spectat,
1517 2043 1822 2118 Romanum
1848 2041 2044 2112 Marty-

440 2113 808 2189 rologium'25
839 2117 1012 2174 Martii
1040 2113 1412 2183 asserat,’nou
1450 2115 1668 2189 quidem
1699 2113 2045 2178 sull‘ocatum,

441 2192 538 2250 sed
565 2187 812 2247 abscisso
839 2191 1016 2260 capite
1055 2195 1493 2260 consummatum
1526 2187 1716 2260 fuisse.

513 2264 566 2319 6.
613 2263 690 2316 Ad
745 2255 986 2318 Castrum
1035 2262 1221 2328 altum,
1270 2269 1379 2314 etc.
1431 2259 1760 2328 Tugiensem
1818 2255 2041 2328 saltum,

447 2338 580 2391 alias
603 2344 921 2401 argenteum
962 2327 1380 2386 montemillum
1409 2327 1574 2384 fuisse
1599 2370 1613 2395 ,
1647 2344 1834 2401 quem;
1854 2327 2048 2397 vulgus

447 2409 630 2463 Sicrra
658 2399 720 2458 de
751 2403 986 2459 Alom‘az
1024 2413 1296 2471 nuncupat
1322 2443 1336 2467 ,
1375 2419 1442 2455 ex
1492 2401 1778 2470 prtecipuis
1805 2399 2048 2467 Geogra-

450 2479 594 2544 pliis,
625 2477 819 2530 Carolo
850 2475 1075 2538 Clusio,
1102 2475 1346 2528 Arnoldo
1378 2472 1578 2539 Millio,
1609 2471 1914 2527 Abraliamo
1941 2472 2047 2544 Orj

449 2542 643 2614 tlielio,
675 2559 727 2602 et
755 2547 1026 2603 Guilielmi
1056 2545 1318 2602 Gansonii
1362 2546 1561 2598 tabulis
1597 2545 1928 2614 accipimus,
1957 2542 2046 2614 ubi

448 2612 637 2677 adhuc
659 2619 914 2690 oppidum
951 2626 1263 2690 perseverat
1292 2614 1478 2690 Castra
1515 2616 1756 2690 nomine.
1789 2612 2047 2690 Fuit__Ca-

448 2705 622 2748 strum
655 2684 824 2746 altum
859 2684 1071 2758 insigne
1109 2689 1258 2743 caede
1308 2687 1630 2751 Amilcaris,
1664 2687 1732 2742 de
1765 2702 1878 2758 qun
1896 2684 2050 2758 Titus

449 2765 545 2820 lib.
573 2779 683 2840 xiv.
711 2773 762 2819 ct
790 2778 854 2819 ex
881 2776 946 2817 eo
972 2755 1234 2840 Mariana,
1269 2759 1361 2814 lib.
1396 2775 1466 2824 ιι,
1501 2774 1621 2840 cnp.
1659 2759 1713 2840 ἶ,
1747 2755 1809 2840 ac
1842 2755 2050 2838 Floria-

451 2851 580 2901 nus,
610 2835 707 2890 lib.
740 2852 812 2899 iv,
843 2849 963 2901 cap.
999 2834 1088 2898 16,
1123 2847 1188 2887 eo
1213 2847 1380 2902 usque
1415 2829 1815 2900 przedicationis
1840 2829 2051 2884 semina

448 2908 659 2980 jaciens
705 2907 1033 2980 pervenisse
1054 2904 1257 2980 dicitur
1288 2903 1350 2980 _S.
1388 2901 1675 2980 Secundus
1697 2942 1711 2967 ,
1750 2902 1842 2980 qui
1871 2909 2048 2980 tamen

450 2971 512 3034 Β.
555 2971 745 3034 ΑὶιιιΙξη
773 2993 872 3046 pro
902 2976 1125 3032 Christo
1147 2973 1396 3044 jugulum
1431 2973 1688 3042 praebuit,
1720 2971 2052 3046 novissimus

453 3050 511 3107 S.
528 3049 714 3104 Jacobi
731 3042 1123 3116 discipulorum
1142 3042 1323 3114 ,eujtis
1340 3045 1650 3100 interventu
1676 3059 1783 3116 non
1805 3042 1981 3116 solum
1999 3042 2050 3094 in

457 3135 524 3178 ea
549 3121 794 3186 civitate,
825 3112 1011 3173 verum
1041 3118 1203 3173 etiam
1229 3112 1286 3170 in
1307 3115 1498 3172 vicinis
1526 3114 1740 3186 oppidis
1772 3130 1834 3168 ac
1859 3112 2052 3168 civita-

455 3193 604 3247 tibus
630 3191 800 3246 multa
831 3190 976 3244 Deus
1019 3188 1279 3243 miracula
1326 3187 1578 3258 praebuit.
1608 3185 1844 3258 Legeide
1882 3201 1962 3258 ea
1990 3199 2052 3258 _r_e

453 3265 794 3320 Thcsau'rum
825 3254 1429 3326 Concionatorumfto.
1452 3273 1513 3326 tt,
1547 3257 1636 3312 die
1669 3254 1700 3312 1
1729 3257 1873 3311 Maii.
1906 3254 2054 3308 Vidit

2150 2045 2404 2116 exempto,
2435 2045 2700 2116 honestate
2731 2043 2864 2103 vitae.
2897 2043 3154 2116 catholica
3201 2043 3592 2116 priedicatione,
3635 2051 3726 2102 mi-

2145 2111 2447 2165 raculorum
2497 2113 2911 2181 conﬁrmatione,
2940 2113 3011 2168 ad
3039 2111 3588 2181 ﬁdem'Christianam'
3615 2136 3728 2174 con-

2146 2184 2314 2237 vertit.
2364 2183 2644 2239 Truxillus
2684 2184 2873 2240 itidem
2907 2187 3023 2240 hiec
3053 2187 3130 2240 ait
3157 2203 3170 2240 :
3203 2185 3376 2242 Toleti
3405 2189 3497 2243 diu
3528 2192 3722 2256 mansit,

2149 2271 2480 2324 perseverans
2523 2256 2577 2309 in
2620 2257 2990 2325 praedicatione
3017 2273 3132 2326 suo,
3165 2267 3211 2310 et
3249 2261 3435 2314 multis
3465 2278 3728 2316 coruscans

2149 2328 2417 2403 miracalis
2463 2342 2480 2380 :
2526 2337 2680 2403 atque
2727 2327 2825 2381 hoc
2872 2329 3023 2382 modo
3056 2330 3460 2387 innumerabiles
3489 2332 3554 2388 ad
3586 2333 3729 2403 ﬁdem

2151 2396 2346 2452 Christi
2377 2396 2648 2453 convertit.

2223 2471 2280 2530 8.
2321 2468 2584 2541 Toletani.
2621 2469 2756 2526 Vide
2801 2472 3136 2541 superiorem
3193 2474 3642 2541 annotationem;
3682 2484 3732 2528 et

2149 2555 2271 2609 quae
2300 2540 2368 2595 de
2407 2540 2932 2615 sanctoTheadosio
2961 2545 3218 2615 episcopo
3243 2540 3636 2603 Barcinonensi
3663 2546 3727 2602 ad

2151 2625 2350 2667 annum
2399 2614 2469 2668 οι
2509 2614 2762 2668 diximus.

2223 2683 2278 2739 9.
2324 2683 2556 2738 Maxima
2608 2684 2994 2752 Toletanorum,
3049 2697 3155 2742 etc.
3199 2689 3414 2746 Promit
3445 2706 3609 2746 venas
3643 2689 3736 2746 hu-

2149 2755 2238 2825 jus
2282 2756 2559 2826 purissimi
2611 2757 2774 2812 fontis
2817 2758 3080 2830 Toletana
3133 2761 3424 2828 tabularia,
3477 2779 3596 2830 qua:
3619 2778 3736 2817 sex-

2152 2836 2682 2904 ceutOSpostannos
2726 2830 2956 2883 revolvit
2997 2829 3246 2886 Julianus
3299 2829 3735 2904 archipresbyter

2151 2899 2206 2972 SA.
2239 2898 2429 2972 Justae,
2464 2899 2646 2970 ibique
2696 2914 2755 2954 se
2783 2916 3001 2971 quoque
3033 2906 3199 2957 multa
3223 2906 3369 2960 scitu
3404 2898 3566 2972 digna
3591 2898 3737 2971 repe—

2155 2970 2290 3044 risse
2321 2970 2543 3044 fatetur,
2581 2981 2637 3026 ut
2664 2970 2926 3040 epistolas
2957 2973 3077 3028 illas
3108 2970 3512 3044 phariszeorum
3550 2977 3614 3030 ad
3642 2970 3740 3030 To-

2154 3042 2363 3097 Ietanos
2407 3041 2689 3117 Hebraeos,
2743 3054 2814 3117 et
2849 3041 3128 3117 aliaejus
3183 3049 3432 3117 generis.
3490 3047 3641 3117 Quod
3671 3047 3739 3101 ait

2154 3122 2366 3189 auctor,
2403 3115 2729 3189 tinitatetn
2764 3115 2908 3189 illam
2935 3114 3154 3189 biennio
3181 3114 3320 3185 rexi,
3349 3140 3368 3173 ι
3406 3120 3477 3174 ita
3511 3114 3742 3189 intelligo

2156 3194 2212 3238 ut
2238 3185 2417 3240 Toleti
2468 3185 2633 3241 fuerit
2662 3187 2913 3242 duumvir
2946 3205 2960 3242 :
2991 3187 3373 3247 duumviratus
3423 3207 3552 3252 vero
3599 3185 3740 3245 bien-

2155 3257 2249 3311 nio
2295 3257 2705 3322 terminaretur,
2741 3260 2884 3327 quod
2913 3261 3104 3328 quovis
3156 3278 3302 3317 anno
3331 3279 3399 3319 ex
3443 3260 3738 3317 duumviris

455 3335 840 3420 denuolucem
867 3332 927 3389 S.
959 3330 1197 3420 secundi
1222 3345 1434 3420 ‘corpus
1467 3345 1609 3385 anno
1636 3327 2045 3420 Domini-1519,
2080 3359 2126 3420 Β
2153 3343 2296 3420 unus
2323 3329 2665 3420 .eligetretur,
2699 3339 2754 3420 et
2813 3333 2884 3420 itn
2932 3327 3113 3420 ﬁeret.
3165 3336 3541 3420 unquilihet“
3556 3349 3739 3420 e‘orum

456 3407 514 3463 in
542 3407 780 3461 Ecclesia
813 3420 974 3474 quam
1002 3403 1118 3473 ipse
1145 3402 1417 3457 Salvatori
1447 3411 1720 3469 ereverat,
1745 3415 1808 3474 ac
1829 3400 2046 3453 dicave-

455 3488 564 3542 rat,
593 3488 644 3534 et
664 3478 774 3547 jam
810 3473 872 3531 D.
916 3475 1098 3531 Lucia:
1118 3489 1306 3547 vocem
1349 3483 1670 3547 acceperat,
1708 3473 1906 3547 subtus
1938 3479 2048 3524 ter-

457 3566 602 3613 ram,
631 3543 826 3618 magno
857 3548 952 3602 Dei
983 3546 1284 3609 beneficio,
1307 3554 1375 3618 et
1404 3543 1761 3599 Abulensium
1801 3544 2002 3618 civium
2029 3583 2044 3606 ,

457 3637 521 3677 ac
551 3614 824 3689 Hispaniae
856 3620 1124 3673 universa:
1155 3617 1355 3685 gaudio
1384 3625 1696 3689 repertum;
1737 3614 2049 3689 annuloque

457 3685 772 3763 insignitum
797 3705 984 3758 aureo,
1021 3689 1279 3759 sapphiro
1309 3685 1639 3763 splendenti,
1667 3687 1966 3756 litterisque
1995 3685 2046 3738 in

458 3780 526 3821 eo
549 3761 756 3827 incisis,
779 3777 1008 3819 sanares
1039 3775 1324 3816 secunnus.
1359 3761 1620 3830 ltvpertus
1638 3770 1722 3814 est
1747 3774 1873 3830 eum
1893 3771 2049 3830 sacro

458 3850 688 3906 corpore
714 3834 876 3901 calix,
907 3837 993 3890 cui
1031 3834 1332 3906 insculptns
1365 3827 1572 3896 titulus,
1606 3830 1812 3884 Andrea
1840 3827 2050 3906 Petruci

458 3899 574 3962 orto
605 3907 672 3962 da
702 3899 991 3978 Siena'fecc
1010 3915 1191 3978 questo
1213 3899 1320 3957 ’cal.
1346 3920 1360 3970 ;
1383 3919 1556 3978 eoque
1586 3913 1770 3972 utpote
1801 3899 2048 3956 moderni

459 3978 630 4034 Italici
672 3975 945 4034 idiomatis
969 3975 1212 4031 innuitur
1236 4017 1250 4040 ,
1293 3992 1396 4029 non
1430 3975 1590 4044 longo
1627 3985 1752 4029 ante
1805 3984 2051 4044 teuripore

455 4049 625 4106 fuisse
669 4051 905 4104 revisunt
950 4059 1004 4104 et
1056 4056 1334 4102 oiaiatum.
1369 4043 1594 4101 Domum
1632 4061 1776 4100 anno
1812 4043 1948 4099 1504
1997 4045 2048 4098 in

458 4121 829 4177 cathedralem
861 4118 1146 4176 ecclesiam
1179 4118 1584 4173 solemnissimo
1615 4119 1764 4170 cultu
1793 4127 1848 4169 et
1887 4129 2051 4184 appa-

460 4203 584 4248 ratu
613 4194 930 4246 translatum
957 4199 1037 4243 est
1090 4190 1156 4244 ab
1187 4187 1461 4244 illustriss.
1503 4197 1558 4242 et
1587 4187 1950 4242 reverendiss.
1987 4187 2046 4240 D.

462 4265 527 4320 D.
581 4263 914 4333 llieronymo
964 4261 1243 4333 Maurique
1293 4260 1552 4333 Abulensi
1603 4260 1898 4328 episc0p0,
1943 4258 2052 4333 Deo

460 4328 878 4390 translationem
907 4332 1115 4388 crebris
1139 4328 1414 4386 miraculis
1443 4330 1768 4397 houorante,
1799 4345 1918 4400 qute
1940 4328 2053 4383 An-

459 4407 641 4461 tonius
688 4405 758 4462 de
795 4407 997 4460 Cianca
1038 4403 1240 4470 refert,
1289 4403 1514 4473 speciali
1560 4417 1626 4458 ea
1680 4401 1750 4456 de
1798 4417 1857 4455 re
1908 4401 2052 4457 edita

459 4477 710 4534 historia.

530 4551 583 4604 7.
628 4546 706 4603 Μ.
751 4545 1054 4614 Marcellus,
1088 4553 1194 4602 etc.
1229 4545 1303 4601 De
1331 4544 1669 4602 nobilissimo
1697 4544 1944 4599 Romano
1989 4559 2052 4599 ac

456 4620 675 4691 ingenio
707 4620 980 4691 praestanti
1013 4633 1111 4691 par
1140 4627 1221 4691 est
1255 4616 1500 4691 credere,
1537 4617 1792 4691 oratoriae
1818 4615 2052 4691 acpoesi

459 4688 817 4761 in'juventute
841 4690 1029 4744 sedulo
1055 4689 1384 4761 incubuisse,
1416 4688 1632 4761 quando
1665 4690 1964 4761 praesertim
1993 4697 2048 4742 et

455 4759 576 4833 ipse
606 4763 832 4818 Romani
885 4759 1095 4831 imperii
1143 4761 1481 4833 moderator_
1507 4759 1652 4815 Nero
1707 4760 1757 4833 in
1815 4770 2043 4833 utroque

451 4830 720 4890 excellere
774 4830 1004 4888 cunctos
1053 4831 1402 4903 gloriabatur.
1451 4831 1594 4886 Sane
1647 4833 1692 4886 is
1735 4831 1851 4903 ipse
1896 4830 2038 4885 Mar-

456 4905 630 4962 cellus
672 4905 941 4975 Eugenius
992 4901 1309 4976 martyrium
1358 4901 2042 4976 S.Dionysiiuelegantisf

453 4977 596 5033 simo
650 4973 845 5032 cecinit
883 4973 1148 5044 carmine,
1184 4984 1242 5030 ut
1273 4974 1555 5030 llilduinus
1607 4973 1665 5029 in
1700 4973 1816 5027 Vita
1867 4975 2038 5028 sancti

457 5049 699 5122 Dionysii
728 5049 836 5119 (cui
863 5048 1092 5122 liorales
1117 5047 1462 5122 astipulaturj
1488 5045 1644 5122 testis
1663 5055 1784 5122 cst_:
1810 5056 1862 5099 et
1893 5044 2037 5122 quod

452 5116 686 5185 apud'se
723 5116 982 5176 exstabat
1013 5134 1148 5187 Opus
1178 5119 1328 5174 illud.
1365 5116 1491 5189 Agit
1519 5118 1587 5173 de
1615 5119 1716 5172 hoc
1744 5116 1947 5189 Dexter
1972 5118 2036 5189 in

454 5193 725 5248 Chronico
756 5190 823 5246 ad
855 5208 983 5245 ann.
1019 5190 1141 5246 150.
1178 5189 1359 5244 Prosze
1391 5188 1572 5245 autem
1599 5190 1860 5244 nonnulla
1894 5188 2033 5242 indi-

369 5309 376 5316 .
453 5265 537 5319 cia
560 5263 950 5332 suntepistolae
981 5263 1085 5316 illa:
1115 5261 1180 5316 ad
1203 5261 1304 5318 SS.
1328 5261 1584 5328 Nereum,
1619 5269 1673 5315 et
1705 5261 2028 5322 Achilleum,

376 5363 418 5390 ιο
452 5335 524 5392 de
549 5337 745 5406 quibus
772 5350 934 5404 supra
968 5344 1144 5406 actum
1173 5343 1278 5406 est.
1325 5333 1434 5389 Nec
1474 5333 1695 5406 mirum,
1717 5334 1785 5406 _si
1837 5333 2035 5406 chartis

451 5401 613 5462 fuerit
639 5401 853 5472 Persio,
871 5405 1140 5470 Juvenali,
1165 5404 1410 5469 Senecae,
1432 5403 1813 5474 Catullo(alias
1835 5401 2032 5474 Galbo)

453 5488 508 5534 et
529 5478 725 5543 Statio,
760 5487 948 5549 utpote
979 5478 1059 5533 sui
1093 5476 1280 5532 szeculi
1307 5473 1700 5549 celebrioribus
1727 5476 1904 5544 poetis
1929 5514 1942 5539 ,
1975 5473 2030 5528 iu

452 5553 587 5606 urbe
609 5565 711 5605 una
735 5548 859 5605 cum
894 5552 1012 5620 ipso
1041 5548 1522 5620 counuorantibus.

518 5621 679 5677 Multa
725 5617 1192 5676 autem'miracula
1218 5620 1269 5673 in
1303 5619 1685 5688 praedicatione
1711 5633 1807 5674 sua
1847 5617 2021 5673 Toleti

445 5692 680 5750 edidisse
709 5709 817 5748 non
845 5693 1028 5748 solum
1051 5690 1313 5745 Toletana
1346 5691 1606 5752 Ecclesia.
1655 5690 1751 5746 sed
1800 5698 1856 5746 et
1903 5690 2022 5744 alia:

447 5765 631 5820 multa:
665 5767 716 5820 in
745 5763 1000 5834 Hispania
1021 5763 1310 5834 quotannis
1338 5761 1425 5817 die
1455 5762 1551 5834 ipsi
1585 5761 1722 5834 festo
1749 5762 2018 5834 legerunt,

443 5837 583 5893 inter
619 5832 856 5894 caeteras
878 5844 1056 5892 autem
1089 5833 1364 5890 Palsntiua
1399 5834 1451 5888 in
1481 5832 1753 5892 Breviario
1797 5832 2019 5906 proprio

2155 3400 2372 3455 biennio
2404 3401 2736 3462 gubernaret
2792 3403 3003 3458 urbem.
3038 3402 3256 3459 Maximi
3289 3400 3446 3462 'sane
3500 3405 3738 3460 Toletum

2151 3471 2536 3548 iacenedebet,
2552 3483 2758 3548 tantum
2778 3474 2950 3548 virum
2969 3475 3261 3548 agnovisse
3293 3479 3738 3548 gubernatorem,

2151 3545 2241 3612 qui
2267 3544 2560 3619 Theodosii
2587 3545 2934 3619 imperatoris
2959 3546 3227 3604 electione
3283 3544 3528 3606 Orientis
3576 3549 3740 3619 ipsius

2156 3614 2482 3684 pradectura
2533 3615 2742 3672 fructus
2793 3616 2914 3671 fuit.

2228 3687 2314 3768 lt).
2357 3685 2590 3768 Celebris
2615 3697 2851 3768 est,_etc.
2885 3688 3014 3768 Ejus
3041 3691 3110 3768 bl:
3132 3764 3142 3768 _
3163 3689 3408 3768 Marcelli
3429 3699 3745 3768 _qu:_es_tur;c

2154 3758 2404 3835 meminit
2444 3759 2825 3835 Possidonius,
2859 3761 2947 3835 qui
2980 3763 3170 3817 scribit
3201 3764 3222 3835 (
3251 3771 3400 3822 teste
3428 3758 3652 3819 Ravisio
3697 3762 3746 3835 iu

2153 3830 2517 3902 Cornucopia)
2550 3833 2724 3901 ipsum
2753 3834 3004 3902 exegisse
3038 3830 3294 3890 tributum
3338 3853 3408 3893 ex
3460 3833 3746 3892 Celtiberia

2156 3901 2424 3977 llispauite
2450 3905 2516 3957 ad
2550 3905 2750 3958 talenta
2779 3901 2917 3977 no.1
2943 3904 3061 3960 rfert
3091 3905 3325 3977 Budmgus
3353 3927 3367 3963 :
3395 3907 3480 3962 Ea:
3505 3924 3604 3977 quo
3631 3921 3750 3959 con-

2146 3974 2605 4050 jecturmnfaccre
2628 3986 2721 4042 est,
2768 3975 3131 4050 Celtiberinam
3177 3974 3382 4050 gentem
3433 3974 3747 4050 numerosis-

2153 4047 2337 4118 simam
2390 4048 2567 4116 fuisse,
2601 4057 2649 4100 et
2679 4049 2894 4118 pecunia
2913 4047 3286 4104 abundantem.
3334 4052 3589 4106 Catullus
3632 4047 3751 4104 Cel-

2155 4117 2386 4190 tiberum
2419 4117 2708 4186 quemdam
2743 4119 2950 4174 vocavit
2997 4123 3316 4176 cuniculosa:
3365 4121 3662 4177 Celtiberia:
3684 4120 3748 4190 ﬁ-

2157 4189 2305 4254 lium,
2331 4190 2474 4258 quod
2500 4191 2617 4244 auri
2648 4193 2966 4259 argentique
2995 4191 3212 4260 fodinis,
3239 4207 3342 4249 ceu
3367 4193 3745 4250 cuniculorum

2156 4259 2506 4316 creberrimis
2538 4262 2707 4316 antris
2738 4274 2992 4318 scaterct.

2231 4333 2318 4387 ll.
2360 4328 2668 4402 Dionysius,
2721 4343 2825 4388 etc.
2864 4336 2926 4388 Et
2955 4334 3056 4390 hoc
3099 4335 3370 4392 hactenus
3418 4336 3746 4392 inauditum.

2157 4403 2288 4470 Quis
2312 4406 2458 4458 enim
2491 4404 2662 4459 nescit
2691 4404 3006 4475 Dionysium
3064 4407 3234 4463 libros
3289 4424 3426 4464 suos
3466 4405 3753 4463 Timotheo

2157 4475 2516 4545 Ephesiorum
2563 4477 2820 4547 episcopo
2880 4477 3031 4532 Pauli
3102 4479 3375 4548 discipulo
3425 4478 3754 4534 dedicasse?

2158 4548 2325 4620 imtn_o
2347 4561 2478 4620 vero
2500 4562 2596 4602 eos
2619 4563 2729 4616 pne
2751 4563 2809 4603 se
2834 4548 3265 4620 ferre_ejusmodi
3299 4553 3746 4620 inscriptionem,

2156 4617 2226 4672 ad
2265 4617 2590 4700 Timotheum
2629 4620 2929 4700 episcopum
2956 4617 3602 4700 _Eplit’si01‘uin?_Veruiit
3634 4620 3757 4700 hinc

2073 4723 2118 4785 c
2154 4690 3070 4785 sciatisne.fatiscere;iter
3101 4694 3420 4785 "Hist-1U"
3476 4692 3757 4785 meum“?

2154 4761 2392 4833 Dionysii
2439 4762 2719 4816 codicibus
2748 4763 2964 4817 excusis
3013 4763 3277 4832 ejusmodi
3329 4764 3753 4831 inscriptionem

2153 4833 2488 4908 Ιιεῴρτίηειξά
2525 4833 2668 4908 quod
2699 4834 2768 4908 sit
2795 4834 2864 4888 ab
2891 4844 3117 4908 auctore
3149 4837 3353 4908 posita;
3392 4835 3604 4908 quippe
3632 4850 3754 4908 cum

2149 4922 2176 4958 a
2198 4905 2422 4959 librario
2445 4905 2696 4975 imnerito
2722 4904 2790 4959 de
2812 4920 2910 4960 suo
2955 4908 3023 4959 sit
3055 4906 3233 4960 addita
3259 4923 3274 4970 ;
3298 4904 3577 4975 germana
3608 4907 3755 4962 enim

2149 4977 2412 5031 librorum
2445 4977 2508 5030 de
2532 4973 2738 5030 Divinis
2769 4975 3084 5031 Nominibus
3132 4973 3426 5046 inscriptio
3460 4982 3582 5034 haec
3627 4989 3712 5034 est
3738 4993 3758 5034 ι

2147 5047 2620 5121 Compresbyterio_
2636 5046 2904 5121 Timotheo
2961 5049 3242 5120 Dionysius
3271 5051 3552 5121 presbyter
3579 5065 3600 5115 ;
3633 5064 3756 5106 eam

2147 5119 2410 5188 siquidem
2462 5119 2523 5172 ι).
2582 5119 2822 5174 Thomas
2854 5122 2902 5173 in
2952 5121 3064 5175 suis
3105 5119 3575 5186 Commentariis,
3631 5135 3754 5175 eam

2147 5190 2333 5246 Sixtus
2373 5189 2631 5246 Senensis
2665 5191 2757 5243 lib.
2793 5208 2828 5245 ιι
2852 5191 3201 5248 Bibliotheca:
3243 5203 3484 5256 sauciae,
3522 5193 3632 5248 litt.
3668 5193 3756 5257 1).,

2143 5277 2385 5336 eantque-
2404 5263 2700 5336 novissime
2732 5262 3038 5336 Lausellius
3080 5266 3130 5318 in
3173 5264 3286 5318 suis
3336 5265 3756 5336 Areopagitieis

2140 5332 2285 5403 eudit
2315 5349 2326 5384 :
2362 5331 2518 5387 facile
2546 5348 2763 5403 quoque
2794 5334 3077 5390 deducitur
3105 5351 3172 5390 ex
3199 5336 3440 5390 aliorum
3477 5331 3756 5390 librorum

2141 5401 2596 5470 inscriptionibus
2626 5401 2693 5459 de
2722 5405 3056 5462 Ilierarchiis
3086 5407 3302 5463 etelesti
3361 5417 3423 5461 et
3451 5407 3761 5462 ecclesias-

2141 5477 2270 5548 tica,
2299 5474 2442 5529 etde
2473 5475 2698 5546 mystica
2731 5477 3022 5548 theologia,
3049 5494 3186 5548 quos
3219 5477 3286 5533 ad
3336 5477 3610 5534 eumdem
3663 5476 3758 5530 Τί-

2141 5545 2418 5621 motheuin
2472 5545 2729 5621 scripsit;
2781 5545 3034 5604 omnibus
3067 5545 3332 5621 'natnque
3360 5550 3755 5621 prmmittitur,

2139 5617 2558 5703 Compresbytero
2584 5617 2857 5703 Timotheo
2889 5617 3474 5703 Dionnsius‘presbytfi'
3504 5639 3523 5674 :
3559 5620 3758 5703 nt__du-

2138 5689 2286 5763 bium
2337 5705 2446 5763 non
2477 5694 2544 5744 sit
2592 5691 2734 5744 libro
2774 5707 2992 5763 quoque
3021 5689 3090 5747 de
3149 5689 3363 5748 Divinis
3411 5689 3756 5763 Nominibus

2125 5760 2392 5833 ejusmodi
2423 5760 2838 5832 inscriptionem
2874 5760 3152 5833 praemitti.
3193 5765 3248 5820 Id
3290 5762 3444 5833 quod
3477 5763 3655 5819 etiam
3683 5776 3757 5819 ex

2122 5832 2369 5890 dicendis
2401 5833 2713 5891 evidentius
2745 5832 3046 5891 inferetur.
