4106 6336
320 361 428 435 281

1368 356 1600 415 FLAVII
1639 355 1820 415 LUC“
1858 355 2119 416 DEXTRI
2157 350 2572 413 CllRONlCON.

321 475 397 535 Δ.
426 471 494 533 C.
525 471 653 533 100.
682 470 868 530 Flavia
896 468 1170 528 Domitilla
1194 470 1394 529 Sabina
1424 486 1560 528 uxor
1586 470 1672 526 Fl.
1695 470 1992 530 Clementis
2024 471 2263 530 consulis
2286 486 2387 542 pro
2414 468 2520 526 ﬁde
2550 467 2739 525 occisa
2761 476 2865 526 est.

3516 348 3630 409 282

3314 464 3381 523 A.
3406 463 3474 521 R.
3504 466 3635 524 851.

692 565 1013 623 Mirabiliter
1041 564 1180 622 ﬁdes
1200 564 1399 622 Christi
1430 580 1526 635 per
1556 572 1697 621 totas
1719 565 2008 640 Hispanias
2028 567 2325 625 dilatatur:
2357 564 2554 622 crescit
2582 579 2845 621 numerus
2871 561 3137 631 ﬁdelium,
3178 572 3281 617 nec

739 658 1136 731 persecutionis
1159 657 1370 728 gladius
1400 657 1742 715 debilitatur.

684 750 977 809 Olcadibus
1009 754 1063 807 in
1091 748 1413 822 Carpetania
1444 749 1721 821 Hispania:
1750 744 2199 811 Tarraconensis,
2229 741 2327 800 sed
2359 757 2465 799 non
2502 743 2693 815 procul
2731 742 3061 818 Valentiam,
3097 758 3279 806 trans-

756 846 850 902 lati
872 852 999 901 sunt
1024 844 1108 918 (ut
1140 844 1362 917 quidam
1389 841 1603 914 volunt)
1632 849 1689 898 et
1712 839 1916 897 ibidem
1947 837 2112 909 passi,
2144 835 2451 893 Alexander
2482 835 2642 892 miles
2686 847 2742 893 et
2781 839 3054 896 Antonina
3099 842 3271 914 virgo,

756 953 814 993 ιιι
844 936 968 993 idus
995 936 1221 1008 Aprilis,
1250 935 1342 1007 qui
1370 934 1439 992 de
1467 931 1941 1003 Constantinopoli
1972 929 2076 985 huc
2095 937 2393 997 venerant,
2416 938 2473 985 et
2500 929 2755 987 coluntur
2775 933 3271 1007 Constantinopoli,

758 1040 817 1087 ut
842 1031 1014 1098 cives,
1048 1031 1173 1088 licet
1211 1029 1341 1107 alibi
1372 1027 1521 1101 passi
1558 1030 1670 1086 sint
1698 1026 1912 1084 illustre
1948 1022 2301 1097 martyrium;
2331 1038 2568 1095 quorum
2592 1032 2715 1082 acta
2752 1026 2953 1098 passim
2987 1027 3279 1098 habentur,

755 1133 815 1182 ut
840 1124 1057 1197 publica
1080 1122 1188 1184 fide
1216 1124 1376 1181 iacta.

1548 1259 1807 1319 BIVARII
1845 1255 2414 1316 COMMENTARIUS.

322 1407 476 1481 tlteus
517 1407 607 1481 cui
639 1406 864 1481 epistola
890 1407 1002 1464 hac
1030 1417 1106 1465 cst
1127 1409 1323 1481 scripta
1339 1408 1452 1480 iam
1486 1408 1541 1463 in
1562 1408 1692 1481 civis
1719 1425 1829 1481 esse
1857 1409 1940 1464 de-
1968 1408 2014 1470 Α
2044 1406 2277 1478 egimus,
2303 1405 2448 1481 satis
2484 1420 2754 1481 supgque
2783 1406 2851 1461 de
2882 1407 3003 1464 lidei
3030 1408 3348 1465 dilatatione
3379 1425 3474 1481 per
3505 1411 3631 1467 llis-

324 1480 512 1535 sierat.
536 1478 687 1534 Haud
710 1478 933 1535 dubium
957 1481 1084 1550 quin
1109 1478 1377 1550 ejusmodi
1403 1480 1637 1551 epistola
1663 1480 1783 1535 Divi
1810 1480 1941 1537 Dio-

326 1552 471 1622 nysii
504 1558 692 1622 esset,
736 1564 860 1622 nam
889 1552 1012 1621 quis
1040 1553 1181 1606 alter
1211 1552 1381 1606 lilium
1405 1560 1656 1607 vocasset
1687 1552 1757 1607 Μ.
1796 1551 1936 1607 Mar-

323 1620 529 1676 cellum
555 1621 581 1675 ?
609 1620 718 1677 Sed
752 1621 869 1693 huic
910 1620 1031 1677 cum
1071 1623 1259 1679 multis
1300 1623 1546 1693 ejusdem
1593 1623 1654 1678 S.
1688 1623 1937 1678 Doctoris

324 1693 599 1763 operibus
637 1692 915 1762 deperiit,
952 1693 1214 1750 videlicet
1264 1710 1386 1750 cum
1440 1694 1583 1750 libro
1632 1694 1939 1748 Divinarum

322 1762 666 1833 hymnorum,
709 1762 865 1833 cujus
916 1775 1092 1820 exstat
1136 1767 1397 1821 memoria
1428 1780 1479 1820 c.
1519 1767 1574 1829 7,
1608 1765 1677 1821 de
1716 1764 1936 1821 Caelesti

326 1834 590 1918 llierarz;
607 1844 818 1918 etﬂcutn
850 1835 988 1918 libro
1017 1837 1081 1891 de
1104 1836 1405 1909 Symbolica
1427 1836 1716 1918 1_‘Itecl_o_qia
1749 1838 1934 1918 citato,

332 1920 456 1973 cap.
494 1905 564 1961 l5
590 1905 896 1962 deleest.
922 1905 1164 1971 Hieran,
1198 1919 1250 1961 et
1278 1924 1402 1978 cap.
1434 1908 1459 1963 1
1493 1918 1547 1964 et
1578 1905 1734 1964 lfde
1760 1905 1934 1962 Divin.

325 1992 507 2051 norm,
531 1988 591 2033 et
619 1992 741 2047 cap.
771 1978 806 2033 5
830 1978 1143 2051 deillystiea
1169 1978 1481 2051 Theologia,
1506 1988 1563 2035 et
1588 1980 1640 2034 in
1670 1980 1841 2051 Epist.
1869 1978 1939 2051 ad

324 2047 544 2102 Titum:
580 2057 635 2105 et
666 2064 788 2105 cum
826 2047 1057 2105 libro—de
1096 2047 1559 2120 Intelligibilibus,
1587 2059 1635 2105 et
1666 2047 1940 2107 sensibili-

327 2120 448 2186 bus,
492 2121 661 2175 citato
702 2121 757 2174 in
804 2135 924 2189 cap.
961 2121 988 2175 1
1030 2132 1085 2176 et
1126 2120 1402 2178 2leest.
1440 2123 1694 2188 Hieran;
1727 2132 1936 2179 etcum

330 2191 498 2264 libro,
527 2192 595 2264 de
639 2191 843 2264 Legati,
875 2208 967 2246 seu
1008 2193 1322 2249 sacerdotali
1363 2192 1677 2249 Hirrarchia
1703 2235 1718 2261 ,
1771 2193 1939 2250 citato

329 2275 453 2338 cap.
486 2263 523 2317 5
554 2262 769 2319 Eccles.
812 2264 1021 2338 llierar.
1050 2280 1065 2329 ;
1099 2276 1150 2321 et
1183 2280 1305 2321 cum
1340 2266 1478 2338 libro
1496 2265 1939 2338 flreologicarum

329 2330 749 2461 Hypotsqposeon
776 2374 789 2401 ,
825 2335 1004 2390 relato
1027 2350 1150 2406 cap.
1186 2337 1209 2391 1
1244 2347 1299 2392 et
1331 2336 1366 2389 2
1396 2336 1465 2392 de
1495 2336 1674 2419 Divin.
1704 2330 1853 2419 noni.
1884 2344 1939 2392 et

330 2419 454 2461 cat).
589 2405 828 2461 blvsttca‘.
875 2406 1182 2461 Theolou..
1225 2419 1433 2461 etcum
1485 2408 1580 2461 ltb.
1615 2408 1681 2461 de
1726 2407 1932 2461 Anima.

330 2419 454 2473 cap.
502 2405 828 2477 3'blystic:e
875 2405 1182 2475 Theolou.,
1225 2419 1433 2463 etcum
1485 2408 1580 2463 lib.
1615 2408 1681 2463 de
1726 2407 1932 2472 Anima,

330 2490 493 2544 quem
511 2477 684 2533 refert
698 2491 819 2548 cap.
841 2477 887 2548 4
910 2477 978 2533 de
1003 2478 1180 2534 Divin.
1208 2494 1382 2545 nom.,
1415 2488 1471 2534 et
1495 2494 1619 2534 cum
1648 2478 1740 2533 lib.
1765 2481 1830 2533 de
1855 2480 1939 2533 di-

329 2548 713 2620 rinojustoque
741 2547 985 2620 judicio,
1011 2565 1078 2606 ex
1109 2550 1302 2606 eodem
1336 2565 1386 2605 c.
1414 2551 1471 2606 4.
1503 2549 1641 2618 Quid
1667 2550 1863 2605 mirum
1891 2550 1937 2606 si

331 2619 566 2692 epismla
592 2619 684 2692 illa
712 2634 837 2673 cum
870 2627 953 2692 tot
991 2621 1261 2692 tantisque
1290 2621 1561 2677 mercibus
1597 2621 1935 2690 naufragium

331 2687 793 2764 lecerit?_l:xstat
846 2687 1197 2764 nihilominus
1236 2693 1374 2748 liber
1412 2693 1661 2762 ejusdem
1694 2687 1935 2764 Dionysii

330 2760 402 2815 de
443 2760 703 2834 passione
740 2762 803 2817 Β.
857 2762 1104 2834 Eulropii
1148 2764 1279 2820 socii
1319 2760 1457 2830 sui,'
1481 2779 1638 2831 quem
1685 2760 1932 2822 Calix'tus

332 2845 474 2904 papa
504 2832 551 2887 ll
590 2832 1059 2904 Constantinopoli
1099 2834 1289 2891 Grtece
1327 2843 1615 2890 sonantem
1649 2846 1926 2904 repertum

330 2903 622 2978 Latinitate
665 2904 908 2978 donavit.
949 2903 1143 2961 Exstat
1176 2921 1311 2962 vero
1338 2907 1481 2978 apud
1512 2906 1669 2978 Viue:
1712 2903 1927 2961 Belv‘ac.

331 2974 384 3027 in
426 2975 648 3043 Specul.
700 2976 907 3047 Hister.
951 2979 1047 3032 lib.
1080 2995 1132 3043 χ,
1172 2993 1271 3047 cap
1301 2974 1390 3043 18;
1434 2978 1590 3033 titulo
1637 2976 1715 3032 De
1755 2978 1931 3032 codice

327 3047 594 3122 passionis
619 3047 698 3122 _S.
744 3046 1009 3122 Eutrapii.
1043 3049 1284 3105 Reddam
1322 3048 1584 3105 Vincentii
1611 3048 1926 3122 verbacum

330 3118 515 3196 capite
530 3119 755 3196 codicis,
778 3118 924 3196 quod
950 3122 1001 3175 in
1025 3135 1091 3175 eo
1116 3122 1717 3196 perspicueasseveret
1728 3119 1931 3196 Diony-

327 3188 446 3244 sius
485 3188 663 3246 fuisse
685 3188 923 3247 Athenis
960 3201 1181 3259 natum,
1220 3188 1277 3247 e't
1308 3192 1663 3247 nihilominus
1687 3188 1926 3247 Parisio-

328 3273 624 3336 r__um__esse
649 3262 1023 3336 episcopum:
1074 3262 1180 3336 Hic
1222 3262 1289 3336 Β.
1344 3262 1629 3334 Dionysius
1656 3262 1771 3336 (ait
1816 3263 1928 3336 ille)

328 3326 395 3383 Β.
433 3329 679 3407 Eutropii
700 3326 996 3407 consocius,
1029 3350 1090 3387 ac
1112 3332 1443 3407 Parisiorum
1468 3326 1698 3407 praesul,
1720 3326 1928 3407 passio}

327 3416 448 3474 rtem
481 3402 812 3472 ejus'littens
850 3402 1046 3461 Graecis
1086 3406 1294 3474 scripsit
1320 3422 1340 3461 :
1384 3415 1435 3460 et
1469 3402 1775 3474 parentibus
1819 3405 1929 3461 suis

328 3472 409 3541 (id
436 3484 543 3549 est,
577 3472 1340 3549 consanguineis)_in_Crtecia
1365 3477 1452 3547 qui
1473 3472 1592 3549 jam
1629 3478 1684 3549 in
1721 3474 1929 3533 Christo

329 3545 633 3619 credebant,
656 3563 747 3619 per
766 3564 981 3619 manum
1001 3545 1068 3601 Β.
1093 3546 1365 3603 Clementis
1379 3545 1541 3619 papae
1568 3548 1745 3619 misit;
1771 3565 1928 3618 quant

328 3615 531 3691 scilicet
557 3615 870 3691 passionem
905 3618 1142 3675 Calixtus
1184 3636 1321 3689 papa
1370 3615 1434 3673 11
1477 3615 1929 3691 Constanlinbpoli

327 3685 382 3763 in
413 3685 601 3743 schola
628 3688 929 3744 Graecorum
951 3691 1006 3745 in
1034 3685 1264 3759 quodam
1289 3692 1466 3746 codice
1486 3692 1786 3763 passionum
1811 3685 1930 3763 plu-

328 3758 587 3835 iimorum
646 3770 1283 3835 sanctorum_martyrum
1314 3763 1449 3835 olim
1486 3758 1722 3835 reperit,
1771 3758 1821 3817 et
1864 3779 1929 3818 ea:

326 3826 521 3905 Graeco
548 3831 603 3886 in
632 3830 879 3905 Latinum
906 3833 1103 3905 edidit;
1125 3826 1199 3887 ita
1219 3834 1473 3905 incipiens
1502 3849 1522 3890 :

402 3900 775 3975 Reverentliss.
836 3904 983 3960 Patri
1029 3903 1279 3961 Clementi
1327 3900 1622 3975 Dionysius
1674 3904 1923 3973 antistes,

326 3975 582 4048 prosapia
619 3972 864 4048 Graecus,
894 3974 1013 4032 Sal.
1054 3977 1109 4031 in
1139 3976 1363 4031 Christo.
1405 3972 1747 4048 Eutropium,
1775 3972 1928 4046 quem

326 4059 535 4098 mecum
557 4046 611 4100 in
633 4044 715 4099 Itis
745 4049 851 4102 oris
874 4048 945 4101 ad
976 4048 1369 4115 praedicandum
1393 4044 1584 4102 nomen
1611 4044 1803 4103 Christi
1823 4050 1927 4101 mi-

323 4115 475 4191 sisti,
521 4118 763 4191 martyrii
809 4135 1054 4174 coronam
1094 4135 1203 4191 per
1235 4135 1419 4173 manus
1468 4120 1741 4191 gentilium
1781 4119 1927 4186 apud

1962 2803 2011 2863 B

2044 1476 2233 1548 panias
2286 1476 2779 1550 dictnmgFacilc
2829 1481 2992 1535 etiam
3046 1480 3237 1537 deduci
3303 1476 3542 1550 poierit,
3584 1484 3631 1539 si

2043 1564 2268 1624 magnos
2301 1548 2676 1624 illos_pugilcs,
2702 1564 2764 1624 ac
2785 1551 3239 1624 magistrostidei,
3259 1548 3349 1624 qui
3374 1552 3455 1607 his
3476 1563 3583 1609 tem
3601 1584 3631 1597 -

2041 1622 2267 1691 poribus
2305 1620 2676 1688 [irtcdicationi
2709 1621 3032 1677 insistebant
3070 1622 3122 1677 in
3163 1620 3415 1687 Hispania
3452 1624 3633 1681 coasi-

2043 1695 2318 1759 tleremus,
2343 1692 2521 1746 Titum
2548 1691 2833 1761 videlicet,
2867 1692 3180 1748 Onesimum
3203 1736 3216 1762 ,
3248 1694 3628 1762 Saturninum,

2041 1762 2383 1835 Philippum,
2425 1762 2808 1835 Philolheutn,
2852 1763 3189 1833 Firtninnm,
3232 1765 3456 1820 Paulum
3503 1767 3634 1823 Ser-

2079 1835 2218 1900 ium,
2278 1835 2509 1890 Probum
2560 1834 2881 1900 Paternum,
2926 1836 3178 1902 ltullutn,
3230 1836 3628 1904 Alexandrum,

2082 1906 2380 1981 ccundum,
2425 1905 2818 1981 Theodosium,
2868 1907 3144 1976 Ovidium,
3193 1908 3261 1964 de
3290 1907 3485 1980 quibus
3517 1911 3631 1981 jam

2041 1976 2280 2033 diximus
2301 1977 2412 2032 suis
2443 1977 2598 2033 locis.

2116 2048 2194 2104 De
2229 2050 2605 2120 persecutione
2637 2050 2691 2105 in
2737 2048 3077 2105 Christianos
3104 2057 3218 2105 toto
3253 2048 3385 2106 orbe
3423 2049 3632 2120 degen-

2041 2127 2123 2175 tes
2154 2134 2275 2190 qnae
2302 2121 2463 2175 tertia
2496 2121 2594 2174 luit
2628 2122 2680 2176 in
2706 2120 2899 2175 ordine
2919 2161 2934 2185 ,
2962 2136 2992 2174 a
3030 2121 3291 2189 Trajano,
3333 2121 3487 2177 initio
3513 2121 3633 2177 itu-

2043 2192 2178 2263 perii
2224 2195 2306 2246 sui
2336 2200 2512 2262 carpta
2552 2194 2658 2263 agit
2689 2192 2893 2247 Plinius
2922 2194 3195 2249 secundus
3238 2193 3331 2248 lib.
3367 2208 3399 2247 χ
3427 2193 3629 2263 Epist.,

2039 2262 2204 2331 epist.
2233 2263 2301 2319 97
2321 2306 2336 2331 ,
2365 2263 2432 2318 ad
2464 2262 2638 2332 ipsum
2668 2263 2962 2334 Trajanum
3000 2265 3267 2320 tlumait:
3303 2264 3630 2324 Christiano-

2039 2349 2178 2403 rum,
2208 2335 2298 2406 qui
2340 2352 2371 2388 α
2404 2334 2520 2406 ﬁde,
2540 2335 2880 2399 desciverant,
2912 2334 3046 2390 alios
3074 2345 3194 2390 ante
3229 2335 3511 2390 triennium
3549 2334 3629 2406 (id

2039 2414 2145 2477 est,
2202 2405 2360 2460 initio
2399 2405 2617 2476 Trajani
2670 2407 2916 2477 imperii,
2969 2416 3026 2460 ut
3070 2406 3338 2463 Baronius
3383 2405 3628 2477 exponit)

2039 2476 2173 2549 alios
2202 2493 2319 2532 vero
2359 2488 2481 2549 ante
2509 2475 2688 2533 annos
2719 2475 2895 2549 plures
2927 2478 3055 2549 (sub
3099 2475 3423 2549 Domitiano)
3454 2475 3631 2549 plures

2039 2548 2194 2601 etiam
2240 2557 2360 2604 ante
2407 2548 2667 2604 biennium
2712 2548 2977 2619 (Neronis
3028 2548 3408 2617 persecutione
3449 2548 3631 2604 adhuc

2038 2618 2296 2691 durante)
2349 2620 2416 2673 ad
2464 2619 2667 2689 [acinus
2704 2618 3110 2691 perpetrandum
3152 2620 3409 2675 adductos
3444 2621 3627 2690 fuisse.

2040 2690 2219 2756 Quare
2246 2702 2393 2746 errat
2425 2691 2714 2756 Eusebius,
2741 2690 2870 2745 dum
2899 2706 3043 2746 anno
3063 2694 3130 2749 10
3159 2691 3377 2760 Trajani
3409 2690 3625 2746 tertiam

2042 2762 2478 2829 persecutionem
2508 2763 2717 2817 initium
2741 2766 3048 2832 sumpsisse.
3065 2762 3367 2818 Contendit.
3403 2764 3478 2817 De
3505 2763 3625 2832 ipso

2038 2833 2214 2905 l’linio
2258 2832 2530 2905 secundo,
2563 2836 2651 2903 qtti
2694 2848 2793 2902 pro
2824 2830 3041 2905 Christo
3073 2834 3240 2890 etiam
3280 2846 3475 2905 passus
3506 2830 3628 2891 cre-

2035 2904 2180 2959 ditur
2203 2906 2332 2969 auit,
2361 2904 2562 2959 Dexter
2583 2905 2647 2959 ad
2678 2921 2804 2959 ann.
2829 2904 2955 2959 22°20.
3003 2934 3013 2945 -

2107 2974 2194 3030 14.
2226 2975 2508 3030 Olcadibus
2545 2985 2648 3031 etc.
2682 2978 2746 3029 Τ.
2790 2976 2995 3040 Livius,
3027 2974 3124 3030 lib.
3155 2990 3254 3030 ιιι
3277 3016 3291 3039 ,
3332 2984 3521 3031 auctor
3542 2984 3627 3033 est

2033 3046 2357 3118 Annibalem
2394 3046 2875 3118 Carthaginensem
2904 3048 3234 3116 Saguntinos
3278 3055 3620 3117 oppugnatu-

2032 3133 2152 3173 rum
2178 3161 2193 3187 ,
2234 3117 2289 3173 in
2320 3117 2579 3173 Olcadum
2601 3117 2759 3173 lines
2800 3118 2946 3187 prius
2979 3119 3258 3173 induxisse
3283 3122 3622 3184 exercitum;

2032 3189 2217 3260 ibiqttc
2244 3189 2311 3246 de
2331 3187 2593 3244 Olcadum
2625 3186 2826 3244 linibus
2849 3204 2913 3244 ac
2936 3187 3042 3245 situ
3073 3188 3153 3244 sic
3180 3189 3255 3243 ait
3280 3204 3300 3244 :
3335 3186 3488 3244 Ultra
3504 3187 3626 3244 Ibe-

2032 3276 2149 3334 rum
2182 3277 2243 3315 ea
2270 3277 2393 3334 gens
2419 3262 2473 3314 in
2502 3272 2650 3334 parte
2688 3261 2875 3334 magis,
2909 3276 3061 3334 quam
3088 3260 3143 3314 in
3179 3260 3375 3334 ditione
3404 3260 3624 3315 Cartha-

2029 3331 2323 3404 ginensiuin
2380 3331 2513 3387 erat.
2574 3331 2829 3404 Carteiam
2885 3331 3063 3385 urbem
3114 3332 3415 3403 opulentam
3461 3340 3623 3404 caput

2031 3402 2199 3485 gentis
2225 3407 2347 3487 ejus.
2364 3414 2653 3487 είιριισηιιιΔῖ
2697 3402 2979 3487 diripitque
3003 3417 3023 3457 .°
3053 3402 3157 3487 quo
3178 3403 3625 3486 .metquerculsaz

2031 3473 2261 3529 minores
2301 3473 2553 3547 ciuitates,
2587 3473 2846 3547 stipendio
2885 3473 3149 3547 imposito,
3173 3473 3457 3543 imperium
3480 3489 3629 3528 acce-

2031 3561 2189 3618 pere;
2233 3546 2557 3618 subditque:
2605 3545 2733 3601 Vere
2768 3546 2933 3618 primo
2958 3544 3019 3618 in
3054 3544 3297 3618 lfaecceos
3335 3556 3624 3616 permotum

2031 3617 2217 3671 bellum
2244 3633 2265 3672 :
2294 3616 2673 3683 Hermandica,
2707 3615 3039 3672 et'Arbacala
3061 3615 3422 3671 Carthciorum
3447 3618 3621 3684 urbes,

2030 3688 2079 3743 vi
2108 3698 2293 3760 capue.
2323 3689 2400 3743 Ab
2434 3687 2788 3743 Hermandica
2815 3690 3046 3761 profugi,
3080 3687 3342 3744 exsulibus
3367 3686 3623 3761 Olcadum

2029 3758 2254 3833 eumA'se
2282 3762 2617 3833 junxissent,
2654 3758 2914 3833 concitant
2957 3758 3310 3833 carpetanos:
3353 3758 3625 3833 adortique

2029 3828 2333 3885 Annibalem
2378 3847 2669 3902 regressum
2710 3846 2774 3886 ea:
2810 3828 3227 3902 Vaccwisjhaud
3255 3831 3437 3902 procul
3477 3829 3624 3902 Tago

2029 3903 2275 3971 ﬂumine,
2324 3901 2509 3976 agmen
2545 3919 2699 3976 grave
2736 3902 2913 3976 prteda
2958 3901 3242 3976 turbavere.
3304 3901 3624 3970 Carpetano-

2030 3989 2147 4026 rum
2175 3988 2290 4027 eum
2320 3971 2692 4045 appendicibus
2722 3973 3002 4045 Olcadum,
3031 3971 3466 4045 Vaccworumque
3496 3986 3619 4025 ceu-

2031 4052 2139 4098 tum
2180 4044 2345 4099 milliu
2372 4044 2448 4114 (hi
2499 4062 2563 4099 ex
2609 4044 2959 4100 llelmandiea
3006 4053 3062 4099 ut
3107 4043 3402 4114 plurimum
3435 4053 3617 4109 erant,

2030 4131 2191 4184 quam
2234 4132 2375 4172 nunc
2403 4116 2789 4173 Salmunticam
2817 4116 3073 4181 dicimus,
3103 4113 3171 4170 ex
3197 4113 3458 4184 Turnebo
3487 4114 3620 4184 lalll

326 4184 617 4261 Xantonas
656 4183 834 4261 urbem
869 4191 1035 4261 vobis,
1060 4183 1388 4258 n'otiﬁcamus
1409 4230 1423 4252 ,
1457 4183 1553 4261 pro
1577 4189 1785 4261 Domini
1817 4183 1927 4256 'ﬁde
1952 4192 1997 4255 Ο
2029 4183 2410 4261 Animadvers.
2444 4204 2577 4261 cap.
2606 4190 2675 4243 t8
2720 4197 2776 4243 et
2820 4186 3192 4261 GiodelevoAin
3224 4183 3375 4242 Notis
3415 4184 3483 4240 ad
3529 4183 3617 4239 Li-

325 4259 615 4329 accepissc.
647 4260 982 4331 Quapropter
1012 4260 1387 4316 Paternitatem
1408 4259 1626 4315 restram
1660 4260 1925 4316 humiliter

325 4345 516 4405 exoro,
556 4340 613 4385 ut
646 4333 784 4386 hunc
817 4334 1080 4405 passionis
1106 4335 1227 4405 ejus
1265 4332 1495 4405 codicem
1526 4333 1927 4404 consanguineis

328 4402 480 4474 meis,
508 4410 559 4454 et
581 4405 739 4474 notis,
761 4401 1021 4458 etamicis
1037 4401 1276 4474 ﬁdelibus
1297 4405 1350 4457 in
1368 4401 1584 4458 Crazcla:
1606 4401 1739 4473 oris,
1760 4405 1924 4459 Athe-

325 4472 698 4547 uisprtzcipue
718 4515 734 4538 ,
759 4491 913 4547 quam
941 4472 1095 4531 citius
1124 4476 1392 4547 poteritis,
1414 4477 1617 4529 mittere
1648 4472 1748 4529 non
1777 4475 1929 4543 diﬁc-

325 4544 501 4619 ratis;
530 4544 784 4619 quatenus
822 4546 936 4612 illi,
967 4548 1057 4617 qui
1086 4544 1134 4601 α’
1154 4545 1219 4600 Β.
1252 4545 1425 4601 Paulo
1466 4562 1612 4601 not-as
1650 4563 1923 4619 regenera-

325 4615 492 4689 tionis
522 4615 783 4671 lavacrum
808 4635 911 4673 una
940 4615 1141 4689 mecum
1170 4626 1498 4689 acceperunt,
1527 4634 1642 4689 cum
1664 4615 1925 4673 audierint

322 4683 621 4760 gloriosum
660 4698 936 4760 martyrem
973 4705 1067 4759 pro
1096 4683 1302 4760 Christi
1326 4688 1431 4757 ﬁde
1461 4683 1719 4743 crudelem
1752 4706 1926 4744 necem

323 4757 570 4833 subiisse,
621 4757 880 4833 gaudeant
920 4757 989 4833 se
1014 4759 1378 4815 tribulationes
1429 4766 1477 4815 et
1520 4761 1791 4833 angustias
1829 4778 1924 4831 pro

324 4826 532 4883 Christi
559 4826 769 4886 nomine
790 4832 1125 4887 substulisse:

402 4900 486 4955 Ad
524 4902 729 4957 calcem
768 4919 991 4959 monere
1028 4917 1314 4959 necessum
1361 4910 1467 4967 est,
1508 4918 1617 4958 non
1660 4902 1924 4961 ideo"hoc

323 4986 476 5026 anno
510 4972 612 5028 100
641 4975 817 5044 egisse
861 4975 1119 5029 Dextrum
1166 4975 1235 5030 de
1279 4974 1432 5028 libris
1470 4974 1735 5045 Dionysii,
1768 4977 1924 5045 quasi

323 5058 398 5119 eo
426 5057 571 5119 anno
589 5046 784 5119 scripti
807 5046 917 5101 sint
942 5064 955 5099 :
980 5056 1194 5101 constat
1215 5045 1359 5119 enim
1388 5056 1508 5115 post
1538 5047 1642 5119 100
1660 5048 1924 5119 martyrio

323 5114 388 5171 S.
424 5113 621 5184 lgnatii
650 5113 925 5173 celebrem
980 5119 1213 5182 scriptos
1241 5113 1407 5171 fuisse
1432 5132 1448 5171 :
1478 5116 1574 5171 sed
1600 5120 1723 5186 quia
1756 5113 1923 5174 semel

323 5187 397 5260 de
427 5188 707 5260 Dionysio,
735 5197 790 5242 et
810 5188 1063 5244 Marcello
1087 5188 1331 5260 Eugenio
1355 5202 1670 5244 sermonem
1704 5189 1920 5256 inierat,

326 5257 537 5329 placuit
571 5257 693 5315 ‘ltoc
731 5260 799 5315 de
841 5260 950 5315 illis
983 5257 1256 5326 inserere;
1305 5262 1614 5328 praesertim
1656 5261 1779 5329 quia
1814 5277 1921 5317 non

322 5328 468 5401 dixit
499 5330 604 5386 hoc
631 5332 841 5388 annoid
872 5332 1162 5397 accidisse,
1203 5331 1302 5386 sed
1331 5345 1421 5398 per
1447 5329 1549 5385 hoc
1576 5328 1808 5401 tempus,
1840 5331 1924 5387 ni—

324 5400 547 5526 Binum
558 5402 830 5474 principio
857 5403 1083 5460 secundi
1105 5401 1408 5460 centenarii
1430 5400 1696 5459 annorum
1721 5403 1921 5461 Christi

379 5488 572 5526 umtm.

379 5488 572 5529 umtm.

404 5543 496 5599 12.
545 5543 640 5600 Fl.
701 5544 996 5615 Domitilla,
1042 5555 1152 5604 etc.
1200 5545 1420 5614 Egimus
1465 5545 1536 5602 de
1579 5546 1670 5602 illa
1713 5544 1781 5603 ad
1808 5561 1923 5602 ran-

327 5630 464 5688 num
485 5615 581 5683 9t,
610 5631 734 5673 cum
765 5619 834 5673 de
857 5618 975 5684 ejus
1015 5627 1178 5688 nepte
1213 5617 1480 5673 Domitilla
1511 5632 1820 5674 sermonem
1849 5620 1923 5673 in-

326 5686 726 5761 stitueremus.
757 5689 925 5761 Addit
972 5686 1232 5747 hoc'loco
1272 5689 1472 5761 Dexter
1497 5692 1725 5746 alterum
1760 5688 1921 5761 hujus

328 5758 628 5832 Domitillre
669 5758 752 5832 ΕΙ.
780 5760 1081 5817 Clementis
1110 5760 1362 5832 consulis
1381 5762 1566 5817 uxoris
1592 5758 1941 5832 cognomen,“

326 5828 544 5903 scilieet
572 5831 846 5903 Sabinam,
871 5848 979 5902 quo
1010 5833 1079 5888 ab
1106 5833 1210 5889 alia
1240 5831 1502 5902 diSIingui
1529 5828 1709 5903 queat.

324 5936 357 5976 ις
406 5901 494 5958 15.
525 5902 862 5976 Μὶναὸἱιὲεθιο,
891 5915 998 5962 etc.
1031 5906 1163 5964 Cum
1189 5904 1258 5963 de
1287 5901 1565 5963 miraculis
1604 5905 1663 5963 S.
1694 5904 1920 5977 Eugenii

1949 5588 2003 5649 D

2030 4259 2202 4329 vium)
2225 4262 2405 4329 fuere;
2435 4260 2624 4314 invicta
2649 4261 2809 4323 acies,
2831 4260 2875 4329 si
2902 4274 3045 4329 atquo
3066 4258 3402 4329 dimicaretur
3411 4271 3618 4326 campo.

2029 4327 2190 4384 Licet
2225 4327 2359 4386 hinc
2400 4330 2631 4398 inferre,
2685 4328 2911 4385 Olcades
2960 4327 3111 4383 sicut
3151 4329 3314 4384 etiam
3353 4327 3623 4398 ,Vacemos

2026 4401 2348 4469 Carpetanis
2379 4402 2636 4458 ﬁnitimos
2678 4404 2863 4468 luisse,
2898 4408 3088 4470 utpote
3116 4400 3207 4469 qni
3250 4401 3302 4453 in
3340 4397 3523 4468 fugam
3552 4400 3620 4455 ab

2028 4473 2296 4529 Annibale
2347 4473 2459 4529 dati
2506 4473 2571 4528 ad
2623 4472 2961 4543 Carpetanos,
3002 4471 3426 4543 transfngcriut,
3477 4470 3618 4525 haud

2027 4543 2252 4616 dubium
2283 4546 2413 4616 quin
2458 4544 2704 4600 contines
2734 4542 2889 4616 suos.
2922 4542 3266 4599 Nebrisensrs
3286 4542 3617 4616 existinmvit

2026 4613 2262 4672 Olcades
2301 4612 2373 4670 ad
2412 4632 2532 4671 eam
2566 4627 2771 4686 partem
2815 4613 3245 4684 Carpetanorum
3290 4612 3617 4686 exstitisse,

2027 4702 2131 4756 qua
2179 4702 2322 4743 nunc
2355 4687 2534 4742 Ocana
2563 4683 2678 4755 est,
2711 4683 2946 4756 eumque
2984 4687 3158 4741 secuti
3203 4694 3328 4739 sunt
3363 4683 3617 4756 Mariana

2028 4754 2080 4813 in
2113 4760 2343 4814 llistoria
2372 4759 2646 4828 HiSpanite
2666 4754 2729 4814 et
2756 4754 2894 4814 Lud.
2927 4756 3132 4813 Nonius
3154 4756 3207 4811 iu
3236 4770 3331 4811 sua
3361 4754 3618 4827 Hispania

2027 4844 2080 4884 c.
2110 4831 2215 4896 47,
2253 4842 2307 4886 et
2341 4831 2485 4900 quod
2524 4830 2736 4887 caeteris
2767 4837 3022 4899 praestat,
3065 4828 3325 4900 habemus
3371 4841 3618 4900 praesens

2028 4902 2214 4957 Dextri
2253 4896 2621 4959 testimonium
2651 4943 2665 4964 ,
2698 4896 2804 4972 quo
2842 4900 3080 4972 Olcades
3113 4915 3236 4968 pars
3276 4896 3618 4972 Carpetania:

2025 4972 2303 5030 dicuntur.
2341 4970 2890 5029 Cousentiunt'lnvio
2920 4972 3240 5027 Plutarchus
3276 4979 3330 5026 et
3362 4970 3620 5041 Polybius

2026 5042 2123 5099 lib.
2155 5060 2236 5108 ιιι,
2278 5045 2433 5116 solus
2477 5045 2729 5116 displicet
2756 5042 3062 5116 Stephanus
3114 5040 3616 5115 ByzantinusCar-

2029 5116 2230 5172 thciam
2269 5115 2534 5172 Olcadum
2563 5110 2752 5185 caput,
2794 5110 2940 5170 illam
2971 5128 3092 5171 esse
3129 5110 3472 5179 existimans,
3495 5129 3618 5185 quae

2028 5201 2134 5241 non
2166 5189 2322 5261 longe
2344 5203 2373 5261 a
2405 5203 2542 5243 nova
2572 5184 2901 5261 Carthagine
2927 5187 3032 5242 sita
3053 5195 3160 5253 est,
3189 5200 3312 5243 cum
3342 5187 3504 5257 longe
3535 5184 3618 5239 dio

2026 5274 2201 5314 versae
2228 5259 2340 5315 sint
2362 5260 2502 5315 inter
2542 5274 2623 5316 se.

2097 5330 2155 5385 In
2182 5330 2472 5407 Olcadibus
2502 5330 2691 5407 igitur,
2728 5341 2866 5407 teste
2895 5329 3118 5407 Dextro,
3148 5328 3318 5407 sancti
3339 5334 3620 5407 martyres

2026 5400 2294 5458 Antonino
2309 5418 2479 5474 Virgo,
2501 5397 2558 5459 εἰ
2587 5402 2895 5459 Alexander
2920 5403 3073 5458 miles
3097 5416 3195 5474 pro
3223 5397 3440 5474 Christo
3470 5397 3617 5474 passi

2027 5481 2189 5540 sunt,
2234 5475 2361 5530 licet
2393 5469 2492 5531 'alii
2526 5475 2836 5531 existimant
2879 5470 3346 5540 ConstantinOpoli
3371 5469 3615 5534 occisos,

2027 5561 2136 5616 quo
2161 5547 2263 5602 loci
2290 5547 2423 5602 festa
2451 5547 2567 5603 dies
2588 5548 2877 5617 quotannis
2914 5544 3046 5615 ipsis
3073 5541 3448 5617 celebrabatur
3471 5585 3498 5617 ,_
3522 5555 3618 5595 ve-

2029 5612 2106 5673 lut
2143 5620 2463 5694 concivibus
2499 5612 2658 5694 suis._
2687 5619 2877 5694 Mirum
2916 5612 3108 5694 autem
3123 5629 3250 5694 esse
3273 5612 3577 5694 tion_debet
3599 5651 3617 5678 ,

2028 5689 2172 5761 quod
2196 5690 2325 5747 inibi
2357 5691 2490 5756 nati,
2517 5692 2571 5746 in
2599 5690 2851 5762 Hispania
2878 5688 3042 5743 occisi
3068 5686 3208 5750 sint;
3240 5684 3288 5739 id
3321 5684 3464 5765 enim
3487 5698 3618 5810 ger-

2028 5763 2323 5810 sectltinnis
2350 5771 2592 5810 temnom
2617 5777 2763 5810 smne
2788 5760 3015 5810 conlinit
3039 5798 3055 5810 .
3085 5764 3145 5810 ut
3162 5753 3459 5810 Christiani
3528 5755 3616 5810 ine

2028 5753 2323 5833 secutionis
2350 5753 2592 5833 tempore
2617 5753 2763 5832 Stepe
2788 5760 3015 5833 contigit
3039 5798 3055 5825 ,
3085 5764 3145 5833 _ut
3162 5753 3459 5833 Christiani
3487 5753 3616 5833 hinc

2028 5832 2154 5888 inde
2198 5826 2500 5905 migrarent
2529 5850 2541 5886 :
2574 5833 2643 5888 de
2680 5826 2787 5902 quo
2823 5826 2962 5887 satis
2991 5828 3158 5905 multa
3194 5826 3339 5883 dicta
3386 5843 3415 5880 a
3459 5826 3618 5905 nobis

2027 5914 2151 5965 sunt
2192 5904 2246 5961 in
2284 5900 2709 5976 superioribus.
2739 5904 2968 5961 Exstant
3015 5901 3263 5973 ipsorum
3311 5907 3432 5957 acta
3472 5900 3615 5972 apud
