4106 6336
238 339 355 403 337

1302 344 1533 401 FLAVII
1572 342 1749 401 LUClI
1787 343 2052 402 DEXTRI
2088 343 2506 404 CHRONICON.

3446 350 3553 410 538

611 458 834 517 Blanda:
862 460 916 518 in
939 456 1194 531 Hispania
1228 458 1503 530 patiuntur
1529 456 1588 515 S.
1617 466 1885 529 martyres
1911 458 2159 516 Bonosus
2182 467 2239 517 et
2267 458 2644 516 Maximianus.

238 549 321 609 Δ.
349 549 415 610 C.
441 548 568 609 160.
610 549 936 625 Carthagine
963 551 1237 623 Hispaniae
1276 548 1555 607 Modestus
1581 558 1637 605 et
1662 548 1912 606 Julianus
1930 548 2149 606 ﬂorent.

610 643 926 701 Interamnii
958 642 1129 700 Flavii
1173 638 1443 698 Domnina
1466 640 1619 711 virgo
1645 655 1769 696 eum
1800 639 2080 697 sororibus
2102 642 2335 716 egregiis
2356 642 2559 699 Christi
2582 642 2941 717 martyribus;

611 734 833 809 Pelagio
867 736 1135 795 Toletano
1184 732 1428 807 pontiﬁci
1477 732 1725 790 succedit
1773 732 2064 790 Palruinus
2088 776 2103 803 ,
2136 735 2232 806 vir
2283 734 2493 805 ﬁdelis,
2540 735 2800 808 praesidet
2841 737 2897 795 in
2936 736 3030 796 illa
3067 738 3200 798 sede

681 841 857 885 annos
879 826 974 885 29.

1494 894 1752 952 BIVARII
1791 895 2362 956 COMMENTARIUS.

238 1032 501 1112 Ijomam,
518 1034 759 1112 sedente
782 1033 894 1104 jam
916 1033 1173 1112 ﬁnieeto,
1198 1030 1489 1112 Caeterum
1512 1032 1852 1112 reluctantur
1878 1034 1932 1094 Α
1959 1027 2137 1086 Flavii
2164 1032 2512 1112 in_Hispt_t_ttia
2541 1046 2752 1112 sanctus
2781 1036 3041 1112 Proculus
3083 1050 3300 1112 martyr.
3348 1041 3553 1102 Omnes

240 1101 495 1162 Baronio’
517 1106 580 1162 Β.
606 1101 844 1162 Irenazus
864 1147 879 1171 ,
914 1106 976 1160 Ι).
1008 1101 1376 1176 llicrdnymns
1398 1148 1412 1172 ,
1442 1110 1499 1158 et
1535 1101 1849 1176 Eusebius;

236 1176 336 1232 ille
351 1179 644 1248 siquidem,
669 1179 924 1235 nimirum
948 1178 1185 1233 Irenteus
1201 1173 1583 1248 Lugdunensis
1613 1175 1709 1227 lib.
1736 1190 1792 1228 ιιι
1832 1215 1847 1248 ,

240 1263 370 1314 cap.
406 1246 442 1305 3
494 1246 780 1320 inquiens,
814 1248 874 1303 ls
920 1251 1056 1303 enim
1106 1247 1445 1320 estilseilicet
1494 1246 1848 1320 Pgtlyoarpus)

237 1322 333 1389 qui
359 1322 454 1375 sub
479 1316 692 1376 Anicato
720 1316 833 1375 cunt
854 1322 1070 1375 venisset
1098 1321 1150 1374 in
1184 1317 1375 1375 Urbem
1399 1363 1412 1383 ,
1430 1316 1627 1389 inultos
1663 1330 1749 1389 ex,
1768 1316 1850 1389 Itis

240 1388 374 1461 quos
398 1394 739 1461 praediximus
769 1394 1035 1447 Ita'reticos
1065 1392 1311 1447 convertit
1333 1389 1400 1442 ad
1421 1388 1707 1461 Ecclesium
1729 1388 1846 1461 Dei,

240 1458 409 1516 inani
436 1472 483 1517 et
509 1463 676 1518 solam
705 1463 840 1517 hanc
868 1465 1130 1517 veritatem
1158 1461 1477 1517 annuntians
1503 1458 1565 1512 ob
1597 1459 1848 1526 apostolis

238 1536 537 1605 percepisse
561 1552 616 1590 se
640 1578 656 1602 ,
697 1551 850 1600 quant
902 1544 949 1589 et
984 1534 1219 1589 Ecclesia
1260 1534 1451 1605 tradit.
1490 1531 1848 1605 Hieronymus

236 1602 459 1676 quoque
508 1607 649 1676 libro
674 1607 742 1662 de
768 1605 971 1676 Script.
1020 1606 1389 1676 Ecclesiastic‘.
1441 1603 1493 1676 it_t
1543 1602 1845 1676 Pulycarpo

233 1672 487 1733 Iirec'ait:
515 1675 622 1750 Hic
661 1688 871 1750 propter
890 1672 1144 1747 quasdam
1169 1674 1429 1750 supeudie
1456 1672 1677 1750 [fasc/ta;
1706 1689 1848 1750 quia-

234 1750 437 1821 stiones
463 1790 478 1811 ,
507 1748 601 1803 sub
630 1742 942 1821 imperatore
990 1742 1272 1821 Antonino
1304 1746 1435 1821 Pio._
1475 1742 1763 1821 Ecclesium
1792 1747 1846 1800 in

240 1817 381 1874 Urbe
408 1830 614 1891 regente
639 1815 851 1874 Anicato
872 1862 885 1883 ,
910 1820 1133 1876 Romam
1159 1819 1295 1875 renit
1312 1860 1325 1882 ,
1351 1816 1436 1872 ubi
1459 1815 1713 1891 plurimos
1734 1832 1845 1871 cre-

235 1888 484 1945 dentium
502 1890 823 1957 Marcionis,
853 1902 898 1946 et
932 1892 1198 1947 Valentini
1225 1890 1555 1961 persuasione
1573 1888 1841 1961 deceptos,

232 1963 452 2034 reduxit
477 1961 548 2034 ad
574 1963 749 2034 ﬁdem.
777 1962 969 2018 Postea
1000 1980 1142 2029 vero,
1166 1958 1412 2034 regnante
1440 1958 1517 2034 .
1546 1958 1843 2034 Antonino,

233 2043 281 2111 et
302 2032 367 2095 ι,
388 2029 605 2111 Aurelio
627 2032 931 2111 Commodo,
957 2034 1196 2111 Smyrna:
1218 2029 1326 2111 igni
1350 2031 1573 2111 traditus
1595 2039 1691 2111 est.
1715 2029 1848 2085 Pto-

235 2104 385 2161 lecto
416 2106 462 2160 si
494 2108 597 2160 sub
638 2108 871 2162 Aniceto
901 2102 1079 2169 venit}
1129 2116 1185 2161 et
1233 2102 1544 2159 Anteninus
1597 2102 1722 2155 I’ius
1778 2118 1846 2158 eo

236 2186 488 2254 tempore
531 2179 823 2246 regnabat.
878 2177 1144 2233 Anicetus
1199 2189 1347 2254 ante_
1377 2188 1578 2254 annum
1628 2171 1843 2254 Domini

236 2248 341 2305 165
371 2248 890 2320 εοιιειι-θγεωρθηι.
938 2265 1048 2320 quo
1102 2260 1282 2304 tamen
1337 2248 1843 2320 ipseantoninum

233 2330 516 2374 ntortnum
547 2319 801 2384 afﬁrmat;
831 2317 973 2377 unde
1001 2321 1314 2375 nullatenus
1343 2317 1692 2389 pontiﬁcatus
1713 2317 1846 2389 Ani-

232 2390 343 2445 celi
373 2389 589 2447 diﬂ'erri
616 2394 816 2461 poterit
841 2392 905 2447 ad
934 2407 1137 2447 annum
1164 2392 1285 2454 167,
1313 2387 1373 2444 nt
1398 2389 1513 2458 ipse
1533 2387 1835 2461 contendit.

231 2461 510 2534 Eusebius
541 2458 670 2519 vero
702 2479 798 2534 per
822 2464 1002 2519 omnia
1034 2470 1303 2518 consonat
1330 2462 1562 2534 Dextro,
1590 2458 1667 2512 ait
1688 2459 1836 2534 enim

229 2535 287 2588 in
314 2532 626 2591 Chronico:
656 2530 805 2590 Anno
834 2536 959 2602 156,
991 2534 1235 2589 Anicetus
1268 2550 1299 2588 ιι
1334 2531 1585 2587 Romana:
1607 2530 1838 2588 ecclesia:

231 2606 596 2677 episcopatum
644 2615 819 2678 tenet,
848 2608 942 2661 sub
970 2624 1074 2678 quo
1106 2604 1433 2678 Polycarpus
1476 2602 1727 2678 Romam,
1750 2620 1835 2658 ve-

229 2672 379 2731 niens
407 2672 603 2732 inultus
631 2678 696 2733 ab
724 2672 1171 2733 lueretico'errore
1212 2672 1468 2731 correxit.
1517 2672 1673 2729 Adde
1706 2676 1838 2729 Am-

230 2748 478 2803 brosium
534 2749 794 2806 Moralem
844 2748 1253 2804 exactissimum
1311 2743 1835 2816 Chronngraphnm,

231 2819 320 2890 qni
352 2819 426 2874 ab
454 2834 605 2876 anno
637 2821 850 2877 Domini
880 2823 984 2876 l5?)
1010 2828 1287 2890 asseverat
1336 2816 1394 2873 S.
1431 2820 1717 2890 Anicetum
1751 2832 1839 2873 se-

228 2880 362 2946 dere
407 2893 684 2960 coepisse;
730 2893 815 2948 cui
867 2880 1186 2947 Dominicus
1214 2889 1507 2959 Tempesta
1562 2888 1839 2960 llomanns

228 2959 560 3034 subscripsit
604 2965 656 3018 in
688 2963 827 3019 Vitis
875 2962 1224 3019 Summorttm
1269 2960 1593 3016 Pontiﬁcum
1650 2959 1838 3016 Romae

232 3033 399 3089 editis
415 3033 573 3105 arma
608 3034 767 3096 l596.
802 3050 923 3089 cum
954 3035 1163 3105 liguris.

296 3105 360 3161 2.
403 3103 635 3178 Βιιιηάιξν
663 3108 717 3161 in
748 3100 1032 3178 Hispania,
1056 3116 1165 3161 etc.
1192 3101 1453 3178 Additum
1482 3110 1569 3178 est
1595 3101 1652 3156 in
1709 3100 1840 3178 His—

230 3180 411 3245 pania,
435 3178 505 3231 ad
533 3174 897 3233 dill‘erentiain
921 3178 1152 3233 alterius
1182 3176 1335 3232 urbis
1365 3174 1613 3245 ejusdem
1664 3176 1840 3230 nomi-

224 3244 313 3304 nis
340 3248 400 3303 in
450 3248 743 3316 Lucania,
788 3264 884 3306 seu
930 3248 1255 3315 Basilicam,
1289 3244 1442 3315 regni
1498 3244 1838 3315 Neapolitani

229 3321 515 3383 provincia
539 3322 846 3388 existente,
877 3319 1033 3390 cujus
1074 3318 1322 3374 meminit
1353 3316 1639 3390 in‘tabnlis
1672 3316 1837 3372 Italia:

226 3391 596 3458 Ptolomaeus;
622 3394 711 3462 qui
745 3393 799 3447 in
831 3387 1088 3462 Hispania
1118 3391 1379 3462 similiter
1416 3387 1677 3444 Blandam
1705 3402 1838 3458 cog-

228 3466 406 3518 noscit
430 3462 484 3518 in
510 3461 801 3518 Lalactanis
824 3461 1366 3526 Tarraconensibus:
1393 3474 1540 3515 nunc
1588 3468 1835 3516 vocatam

227 3532 461 3600 Btanes;
488 3534 809 3591 auctoribus
839 3533 1098 3589 Floriano
1122 3534 1188 3589 de
1210 3532 1507 3600 Oceampo,
1532 3528 1835 3597 Villanova,

227 3616 282 3660 et
309 3606 562 3662 Arnoldo
592 3605 785 3662 Millio.
817 3606 917 3662 llic
947 3606 1109 3674 igitur
1155 3602 1413 3676 martyrio
1436 3602 1679 3657 coronati
1712 3613 1838 3676 sunt

229 3677 330 3733 sub
358 3678 645 3734 Antonino
678 3677 924 3747 principe
961 3678 1145 3733 Sancti
1177 3674 1377 3731 Christi
1434 3685 1708 3747 martyres
1736 3674 1839 3729 Bo-

231 3763 402 3805 nosus
429 3758 490 3806 et
520 3744 884 3805 Maximianus
910 3790 925 3814 ,
972 3764 1202 3818 quorum
1234 3746 1498 3818 memoria
1522 3761 1643 3800 cum
1672 3744 1838 3800 bene-

1872 2431 1921 2493 Β

1955 1118 2088 1185 vero
2121 1103 2469 1185 .eodem’_die
2508 1110 2662 1185 _pas_si
2714 1119 2871 1185 sunt,
2906 1110 3162 1185 nimirum
3209 1103 3410 1185 Aprilis
3464 1117 3550 1171 l4.

1954 1172 2244 1231 Galesinus
2273 1176 2462 1233 eodem
2491 1172 2579 1233 die
2608 1179 2722 1235 Itmc
2754 1172 2909 1237 habet
2939 1200 2951 1235 :
2985 1172 3293 1240 Interamnii
3318 1185 3379 1243 S.
3416 1186 3555 1242 Pro-

1954 1247 2058 1328 culi
2081 1248 2345 1319 martyris,
2372 1259 2422 1330 et
2450 1261 2644 1330 sanctte
2669 1253 2800 1330 item_
2818 1250 3096 1330 Domninte
3120 1258 3338 1330 virginis
3360 1303 3374 1327 ,
3399 1268 3445 1312 et
3466 1278 3553 1314 so—

1954 1318 2152 1401 ciarum
2175 1362 2188 1383 ,
2207 1318 2337 1402 .qttw
2365 1322 2427 1376 ob
2457 1322 2738 1391 prwclaras
2763 1325 2885 1402 fidei
2906 1318 3253 1402 confessiones
3274 1373 3288 1396 ,
3313 1318 3552 1402 martyrii

1952 1390 2158 1444 coronis
2183 1388 2391 1447 donata:
2410 1388 2646 1471 ,_ieterna
2690 1388 3219 1471 [erfruunluryloria
3250 1388 3287 1453 ε’
3312 1388 3550 1471 εἱῑιιιῆιιῡ

1951 1473 2168 1543 veteres
2194 1477 2329 1543 mss.
2348 1464 2563 1519 codices
2583 1506 2597 1528 ,
2622 1475 2672 1543 et
2687 1466 2903 1543 ﬁedam
2953 1464 3353 1543 et_U_sua‘rdum.
3384 1464 3549 1543 Equi-

1953 1530 2096 1607 linus
2121 1549 2246 1587 vero
2274 1534 2366 1588 lib.
2394 1551 2471 1607 ιιι,
2498 1551 2617 1606 cap.
2650 1537 2774 1601 150,
2802 1553 2949 1592 num.
2983 1539 3080 1594 l‘ll
3108 1556 3122 1595 :
3157 1530 3549 1607 Proculus,'in-

1951 1604 2069 1684 quit
2084 1615 2349 1684 ,_mtz_rtyr,
2373 1618 2420 1660 et
2442 1604 2705 1684 D‘onirtina
2747 1609 2897 1684 uirgo
2917 1625 3033 1663 cum
3051 1612 3214 1684 sociis
3236 1604 3544 1684 uirginibus,

1948 1674 2063 1750 ipso
2088 1676 2171 1728 die
2187 1673 2496 1750 Interamuii
2528 1680 2668 1750 passi
2695 1673 3135 1736 suttthsnardns
3159 1692 3209 1737 cl
3243 1673 3545 1741 Roittanutn

1949 1745 2399 1820 Martyrologium
2452 1745 2537 1805 sic
2582 1752 2763 1820 legunt
2799 1769 2810 1804 :
2854 1751 3166 1807 lnteramm‘i
3220 1752 3282 1808 Β.
3328 1753 3547 1812 Proculi

1949 1819 2193 1898 martyris
2211 1862 2225 1884 ,
2248 1819 2459 1898 irritis.
2490 1819 2762 1898 Domitiam
2782 1823 2993 1898 uirginis
3017 1841 3138 1898 rum
3159 1826 3311 1898 sociis
3330 1826 3548 1898 virgini—

1950 1887 2044 1941 bus
2064 1899 2343 1963 coronatar.
2370 1893 2763 1963 tionsentitqne
2788 1887 2906 1949 Αὐό
2930 1894 3120 1949 eodem
3145 1895 3253 1951 die.
3281 1887 3549 1955 Baro'nius

1948 1959 2175 2014 credidit
2203 1961 2523 2039 Interamnii
2553 1965 2605 2019 in
2638 1959 2797 2039 Italia
2820 1980 3009 2039 passas
3030 1966 3227 2039 fuisse,
3250 1970 3400 2039 quasi
3433 1986 3543 2025 non

1948 2040 2095 2085 esset
2140 2033 2269 2105 urbs
2296 2034 2396 2088 alia
2445 2036 2564 2105 ejus
2596 2036 2831 2091 nominis
2880 2038 2934 2092 in
2991 2038 3145 2093 orbe.
3177 2033 3325 2095 Sane
3356 2041 3546 2096 Ptol-s-

1947 2117 2120 2178 ma-us
2148 2102 2283 2159 duas
2315 2102 2647 2163 Interamnas
2696 2108 2748 2163 in
2790 2108 3045 2177 Ilispania
3079 2110 3369 2178 describit,
3400 2112 3541 2168 alto-

1947 2186 2064 2247 ram
2097 2174 2150 2230 in
2185 2184 2360 2231 tractu
2407 2178 2712 2235 Asturiensi
2747 2174 2915 2247 prone
2947 2181 3123 2235 lucum
3155 2174 3412 2237 Asturu'm
3444 2199 3544 2239 seu

1947 2244 2176 2300 OVetnm
2198 2288 2211 2311 ,
2243 2248 2472 2321 alteram
2506 2264 2611 2304 non
2640 2244 2799 2320 longe
2830 2251 2899 2305 ab
2932 2251 3045 2321 ipsa
3075 2250 3340 2310 Asturica:
3370 2255 3541 2321 urbe,

1948 2331 2071 2383 qua:
2095 2333 2202 2396 non
2224 2319 2400 2396 solum
2428 2318 2967 2396 Interamniinomeu
2984 2365 2999 2388 ,
3026 2324 3120 2379 sed
3146 2323 3316 2379 Flavii
3339 2318 3541 2396 cognoL

1950 2402 2072 2442 men
2106 2388 2288 2444 habuit
2308 2431 2323 2451 .
2373 2407 2440 2447 eo
2470 2392 2611 2456 quod
2642 2393 2698 2448 in
2728 2393 2899 2449 Flavii
2927 2393 3244 2460 Vestiasiani
3275 2388 3540 2453 bono'rem

1946 2469 2129 2516 erecta
2155 2461 2246 2516 sit.
2278 2462 2411 2517 Nam
2434 2506 2450 2528 ,
2482 2472 2544 2518 ut
2569 2472 2757 2520 auctor
2809 2475 2893 2520 est
2921 2465 3153 2522 Morales
3184 2467 3278 2523 lib.
3308 2483 3361 2522 tx
3418 2468 3541 2523 llis.

1942 2539 2047 2607 t_or.
2082 2548 2206 2607 cap.
2234 2534 2337 2600 25,
2371 2536 2557 2590 multa:
2590 2536 2640 2607 in
2674 2536 2932 2607 Hispania
2960 2537 3123 2591 nrbes
3152 2540 3220 2594 ab
3244 2554 3312 2594 eo
3344 2537 3543 2595 Flaviw

1940 2601 2305 2677 denominata:
2326 2616 2473 2669 sunt,
2494 2617 2549 2661 ut
2567 2601 2939 2677 Flaviobriga,
2972 2608 3233 2663 lriallavia
3256 2651 3271 2675 ,
3297 2609 3539 2666 Flavium

1940 2673 2302 2743 Brigantium,
2325 2678 2533 2733 etintcr
2554 2688 2782 2734 caeteras
2805 2673 3129 2735 [literatnnis
3146 2673 3332 2735 Flavia
3356 2699 3368 2733 :
3393 2681 3537 2737 dicta

1940 2747 2160 2823 quidem
2203 2746 2525 2823 Interamnis
2570 2763 2665 2804 seu
2692 2749 3082 2823 Interamnium
3108 2750 3251 2823 [aliis
3278 2751 3538 2807 Interam-

1941 2819 2097 2887 ttum]
2140 2819 2283 2887 quod
2337 2819 2479 2874 inter
2506 2835 2695 2876 amnes
2724 2822 2859 2876 duos
2890 2822 2992 2876 sita
3024 2819 3207 2876 fuerit.
3238 2822 3533 2878 Existima-

1939 2887 2018 2943 vit
2075 2887 2306 2945 Morales
2358 2890 2628 2959 ejusmodi
2685 2892 3068 2949 Interamnium
3114 2893 3362 2948 Flavium
3412 2909 3537 2951 esse

1939 2959 2199 3035 oppidum
2250 2959 2452 3035 Fuente
2502 2978 2566 3017 en
2617 2961 2845 3035 Calatia,
2896 2964 3320 3035 inﬁepiscopatu
3371 2964 3539 3020 Astu-

1941 3033 2144 3086 ricensi
2194 3049 2295 3087 uua
2356 3033 2505 3089 leuca
2558 3034 2921 3091 etdimidiaa
2971 3033 3261 3091 Nucalensi
3314 3052 3535 3093 monas—

1942 3103 2082 3173 terio
2104 3102 2341 3160 distans.
2364 3104 2635 3161 Caeterum
2669 3108 2884 3173 penitus
2909 3123 2935 3159 a
2970 3122 3098 3162 vero
3128 3107 3381 3172 divertit,
3412 3122 3535 3164 cum

1939 3170 2234 3249 Fuenteen
2254 3174 2465 3249 Calatia
2492 3191 2601 3231 non
2630 3170 2701 3232 sit
2733 3179 2873 3233 inter
2892 3193 3082 3233 amnes
3125 3180 3224 3249 sita
3245 3220 3262 3245 ,
3283 3188 3340 3235 et
3366 3170 3538 3249 prope

1940 3244 2015 3300 sit
2058 3246 2497 3320 antiquissimum
2526 3263 2591 3302 ac
2621 3249 2805 3304 nobile
2856 3249 3112 3320 oppidum
3142 3244 3499 3306 Benaventum
3518 3292 3534 3315 ,

1941 3332 2051 3375 non
2080 3318 2253 3372 solum
2285 3318 2425 3374 inter
2444 3333 2632 3375 amnes
2659 3318 2945 3386 existens,
2965 3321 3060 3377 sed
3089 3322 3229 3377 inter
3253 3321 3453 3377 uberes
3471 3338 3537 3377 ac

1941 3403 2168 3458 magnos
2194 3390 2388 3445 ﬂuvios
2410 3389 2598 3445 Ezlam
2620 3433 2635 3453 ,
2661 3400 2716 3446 et
2741 3392 3028 3463 Orbignm,
3053 3391 3178 3448 hinc
3208 3392 3334 3449 inde
3362 3392 3534 3448 Bena-

1939 3471 2177 3534 ventum
2210 3475 2319 3534 non
2369 3472 2478 3516 tam
2529 3463 2966 3530 eircumdantes,
3009 3480 3173 3534 quam
3224 3471 3529 3534 tangentes.

1939 3529 2368 3606 Quare_dnbium
2395 3548 2501 3606 non
2528 3535 2601 3606 s_it
2622 3529 2987 3590 Benaventum
3009 3529 3139 3591 olim
3167 3529 3533 3606 nuncupatum

1940 3603 2108 3677 fuisse
2128 3602 2512 3677 Interamnium
2532 3604 2780 3677 Flavium
2805 3624 2819 3662 :
2843 3607 3132 3677 ipsumque
3151 3622 3252 3662 suo
3273 3602 3534 3674 sanguine

1940 3674 2249 3748 rubricasse
2290 3675 2666 3732 sanctissimos
2711 3674 2909 3733 Christi
2960 3674 3169 3748 pugiles
3201 3677 3528 3745 Proculum,

1946 3745 2267 3818 Domniuam
2301 3757 2358 3802 et
2385 3761 2631 3818 sorores.
2663 3749 2729 3803 Et
2759 3763 2828 3803 ne
2849 3745 2976 3818 quis
3000 3750 3137 3803 ultra
3166 3748 3407 3816 dubitet,
3430 3753 3529 3802 ba-

232 3820 478 3876 dictione
529 3827 816 3888 permanet
842 3822 895 3875 in
934 3816 1329 3891 blartyrologiis
1356 3816 1539 3891 diem
1575 3818 1833 3886 Augusti,
1863 3830 1907 3891 ς
1940 3816 2132 3891 bemus
2154 3817 2492 3891 Itinerariinn
2513 3818 2773 3874 Antonini
2797 3816 3377 3891 im'peratoris.exquo
3397 3835 3534 3877 enu-

233 3891 323 3946 ubi
354 3892 477 3946 Ado
504 3891 740 3946 allirmat
770 3893 932 3947 etiam
981 3888 1133 3946 actus
1180 3888 1423 3957 martyrii
1456 3888 1691 3957 ipsorum
1743 3904 1838 3942 (ιχ-

234 3971 405 4018 stare.
452 3961 743 4033 Usuardus,
769 3964 1021 4018 similiter
1052 3963 1264 4033 inquit:
1295 3959 1494 4033 Eodem
1519 3959 1603 4013 die
1629 3970 1836 4014 sancto-

235 4052 350 4107 rum
378 4032 913 4107 martymtmuBonosi
960 4043 1007 4090 et
1037 4032 1390 4107 Maximiatti,
1442 4042 1839 4107 quaruntactus

237 4102 831 4175 habenturquuilinns
860 4106 961 4161 lib.
992 4121 1073 4173 χι,
1100 4120 1220 4173 cap.
1258 4104 1383 4167 158,
1413 4118 1561 4158 num.
1588 4102 1836 4175 2I8Aait,

236 4176 475 4233 Bonosus
488 4187 537 4232 et
562 4171 918 4233 Maximianus
942 4171 1193 4248 martyres
1215 4176 1358 4248 passi
1377 4182 1503 4248 sunt
1526 4188 1603 4248 xt_t
1628 4171 1836 4248 (calend.

240 4249 599 4321 Septembris;
626 4266 847 4320 quorum
872 4257 1015 4321 gesta
1036 4245 1152 4302 Alio
1176 4245 1298 4301 dicit
1328 4246 1524 4321 (iuberi.
1551 4245 1839 4321 Galesinus

238 4315 371 4375 vero
404 4315 610 4390 Bedatn
638 4315 893 4389 'quoqne'
915 4320 1155 4390 ipsorum
1189 4316 1505 4390 meminisse
1534 4315 1731 4390 refert,
1785 4327 1840 4390 et

239 4390 344 4446 ait:
369 4389 489 4445 Hoc
514 4392 632 4461 ipso
649 4387 735 4446 die
755 4387 1051 4447 sanctorum
1075 4399 1358 4460 martyrum
1382 4388 1574 4461 Bongosi
1594 4397 1645 4443 et
1669 4387 1840 4461 Maxi-

240 4463 432 4535 miani,
456 4458 682 4535 quorum
710 4480 791 4535 res
817 4480 912 4530 pro
948 4462 1062 4535 ﬁde
1083 4458 1286 4535 fortiier
1309 4470 1440 4535 actio
1481 4459 1746 4535 leguntur.
1781 4458 1840 4514 In

245 4532 495 4606 Romano
516 4532 904 4606 Martyrologio
928 4533 1066 4606 nihil
1086 4532 1157 4606 de
1173 4532 1307 4606 aetis
1326 4532 1544 4606 dicitur,
1562 4532 1838 4606 quoniam,

242 4614 302 4660 ut
328 4605 601 4661 Baronius
650 4601 704 4661 in
750 4601 901 4661 Notis
946 4603 1365 4667 animadvertit,
1410 4602 1523 4671 jam
1574 4601 1842 4658 excidisse

244 4677 404 4749 (prob
424 4677 658 4747 dolori),
678 4693 802 4734 cum
815 4675 1100 4745 dispendio
1112 4674 1301 4746 gloria:
1322 4684 1633 4749 sanctorum
1656 4672 1844 4749 viden-

245 4744 352 4813 ιω,
386 4744 656 4817 nusquam
681 4749 826 4804 enim
855 4744 1085 4818 reperta:
1114 4744 1240 4802 sunt
1264 4790 1280 4816 ,
1304 4745 1400 4801 sed
1421 4745 1574 4818 dabit
1588 4744 1745 4818 Deus
1763 4746 1844 4815 ip-

246 4820 321 4892 sis
349 4821 489 4875 actis
513 4815 808 4892 aliquando
838 4815 1017 4879 lucem
1037 4859 1053 4883 ,
1078 4828 1136 4874 ut
1162 4815 1503 4892 conﬁdimus.
1536 4815 1669 4873 Vide
1699 4815 1844 4886 ejus-

249 4890 377 4946 dem
402 4889 639 4947 nominis
662 4893 798 4946 alios
816 4892 882 4947 ad
912 4906 1111 4945 annum
1142 4889 1270 4945 308.

210 4970 215 4971 ’
320 4963 387 5016 Α.
416 4962 480 5018 C.
516 4963 639 5019 I60.
674 4992 744 5004 --
770 4965 825 5018 l.
855 4960 1187 5033 Carthagine,
1217 4969 1322 5015 etc.
1348 4958 1648 5017 Suscitavit
1667 4958 1846 5033 cardi-

250 5034 393 5088 nalis
417 5034 690 5090 Baronius
717 5035 1035 5091 memoriam
1055 5030 1378 5087 sanctorum
1405 5042 1707 5104 martyrum
1735 5030 1846 5085 Mo-

251 5104 391 5159 desti
420 5113 478 5160 et
501 5104 717 5177 Iuliani
735 5105 1062 5177 Carthagine
1092 5118 1379 5177 passorum
1399 5148 1413 5172 ,
1445 5103 1566 5177 quin
1596 5103 1845 5177 librario.

251 5190 372 5232 rum
402 5177 612 5232 incuria
640 5194 668 5230 a
696 5174 1351 5247 Riintanttfhiartyrologio
1372 5174 1683 5247 exciderat;
1711 5176 1843 5247 etin

251 5248 493 5318 antiquis
505 5262 641 5305 mss.
663 5244 1140 5318 codicibus_Roma:
1156 5250 1429 5302 inventam
1447 5244 1647 5301 subhis
1666 5245 1845 5318 verbis

254 5315 745 5388 expréssitzl’ridic
769 5320 890 5374 idus
916 5315 1196 5372 Februarii
1220 5327 1339 5387 (situ
1361 5318 1449 5372 die
1471 5316 1844 5388 lern-dem),

257 5388 577 5462 Canitagine
601 5404 903 5446 sanctorum
948 5400 1234 5462 ntartyrum
1262 5388 1485 5462 Modesti
1535 5400 1582 5444 et
1620 5387 1847 5462 Iuliani.

325 5462 382 5516 2.
424 5459 740 5519 Interamnii
773 5461 974 5528 Flavii,
1000 5459 1102 5518 etc}
1132 5463 1324 5517 Deerat
1349 5461 1403 5516 in
1426 5475 1627 5517 excuso
1652 5461 1853 5517 Dextro

259 5548 458 5590 nomen
474 5536 627 5591 urbis
650 5535 742 5590 ubi
768 5545 956 5589 sancta
990 5533 1252 5589 Dotnnina
1282 5549 1404 5589 cum
1428 5534 1713 5589 sororibus
1740 5533 1854 5587 suis

259 5606 506 5678 martyrii
540 5622 798 5661 coronam
815 5605 1115 5678 Jercepit;
1171 5604 1454 5678 legeudum
1501 5618 1631 5678 vero
1686 5620 1852 5678 occu-

257 5674 443 5733 buisse
475 5674 786 5733 Interamnii
804 5674 979 5731 Flavii
1001 5679 1275 5732 convincit
1288 5676 1345 5731 S.
1364 5676 1647 5744 Proculus,
1667 5676 1781 5747 qui,
1799 5684 1857 5731 ut

258 5764 454 5804 omnes
484 5747 743 5814 fatentur,
770 5750 822 5804 in
844 5748 1038 5805 eodem
1059 5763 1122 5803 ac
1147 5748 1259 5816 ipsa
1283 5747 1483 5817 oppido
1506 5763 1696 5817 passus
1726 5748 1844 5812 luit,

259 5828 314 5876 et
341 5828 486 5876 teste
518 5821 730 5875 Dextro
759 5820 985 5876 inferius
1008 5834 1151 5875 anno
1177 5817 1301 5875 l75.
1333 5819 1645 5875 lnteramnii
1676 5819 1845 5874 Flavii

258 5891 589 5964 martyrium
614 5890 1040 5952 consummavit:
1067 5891 1144 5952 ait
1190 5889 1503 5964 siquidem:
1539 5887 1846 5949 Interanmit'

1872 5219 1922 5279 D

1942 3888 2165 3959 meratis
2194 3887 2469 3944 distantiis
2490 3931 2506 3952 ,
2542 3891 2593 3944 id
2624 3887 2911 3946 manifeste
2958 3890 3263 3959 deducitur,
3288 3887 3420 3946 nam
3472 3892 3528 3948 in

1941 3958 2139 4031 itinere
2166 3960 2411 4015 Asturica
2456 3960 2820 4016 Tarraconem
2850 3962 3110 4019 transitus
3141 3978 3236 4031 per
3263 3962 3532 4019 Interam-

1942 4030 2090 4086 nium
2118 4040 2434 4096 annotatur;
2456 4033 2727 4104 transitur
2751 4048 2883 4089 vero
2906 4030 3214 4090 necessario
3242 4049 3339 4104 per
3360 4033 3535 4089 Bena-

1941 4112 2161 4174 ventum
2183 4142 2199 4167 ,
2225 4117 2332 4157 non
2355 4117 2483 4174 vero
2505 4118 2601 4174 per
2628 4103 3134 4161 Fuentencaladam.
3157 4103 3362 4162 Ibidem
3382 4119 3532 4161 asse-

1942 4173 2082 4228 ritur
2135 4172 2522 4230 Interamnium
2575 4175 2815 4231 Flavium
2848 4178 2936 4239 50,
2974 4175 3294 4231 milliaribns
3324 4176 3394 4232 ab
3421 4178 3531 4232 As-

1944 4245 2114 4317 turica
2146 4244 2389 4302 distare:
2425 4246 2675 4317 idetnque
2696 4248 2893 4303 asserit
2913 4247 3219 4302 Anttminus
3253 4247 3306 4302 in
3336 4248 3532 4305 itinere

1945 4315 2174 4388 Bracara
2201 4318 2507 4373 Asturicarn
2525 4360 2538 4382 ,
2563 4315 2720 4388 cujus
2750 4319 2961 4374 initium
2993 4330 3079 4375 est
3104 4319 3394 4376 Salabiana
3412 4360 3428 4387 ,
3472 4331 3533 4376 et

1944 4386 2001 4462 in
2028 4388 2136 4462 alio
2166 4388 2320 4462 cujus
2343 4389 2553 4462 initium
2574 4386 2769 4462 Lamia
2794 4407 2810 4445 :
2842 4391 3041 4462 repetit
3085 4390 3248 4446 etiam
3279 4388 3527 4462 ridipsum

1943 4458 2524 4532 initinere’Asturica
2570 4458 2948 4532 Burdigalam:
2994 4477 3113 4530 quae
3143 4461 3321 4517 omnia
3369 4458 3528 4516 simul

1943 4530 2179 4597 adduxi,
2231 4547 2300 4587 ne
2348 4532 2472 4601 quis
2530 4541 2680 4600 putet
2724 4530 2779 4588 in
2837 4548 3064 4588 numero
3111 4532 3180 4590 30
3219 4532 3531 4589 milliarium

1944 4602 2204 4657 mendum
2238 4602 2542 4673 irrepsisse.
2569 4603 2705 4659 Hinc
2730 4615 2912 4660 autem
2946 4604 3229 4660 manifeste
3260 4606 3527 4661 intentum

1945 4682 2189 4746 nostgum
2214 4673 2521 4741 deducitur;
2543 4675 2979 4746 quandoquidem
3003 4676 3070 4731 ab
3092 4676 3338 4731 Asturica
3360 4691 3531 4746 usque

1944 4745 2012 4800 ad
2067 4744 2576 4819 Fuentencaladam
2614 4762 2719 4812 non
2754 4744 3089 4819 intercedunt
3122 4747 3193 4803 50
3214 4748 3381 4819 millia
3406 4744 3532 4819 pas-

1945 4832 2100 4871 suum
2122 4859 2138 4884 ,
2184 4820 2235 4873 id
2302 4826 2416 4881 est,
2458 4817 2628 4874 leucaa
2653 4820 2841 4875 decem
2861 4861 2876 4882 ,
2909 4818 3004 4874 sed
3035 4818 3105 4876 l8
3132 4818 3386 4875 milliaria
3407 4817 3531 4876 ‘seu

1945 4886 2129 4962 leuca;
2162 4904 2297 4962 sex:
2353 4888 2712 4962 abAsturica
2758 4904 2890 4946 vero
2937 4905 3106 4962 usque
3161 4890 3530 4949 Benaventum

1947 4959 2016 5015 30
2042 4960 2292 5015 milliaria
2321 4975 2415 5015 seu
2444 4960 2611 5016 leuca:
2643 4962 2709 5017 10
2753 4962 2981 5019 reperiri
3011 4959 3219 5019 certum
3247 4970 3350 5019 est.

1942 5042 1957 5051 '
1976 5102 1988 5105 _
2018 5032 2072 5086 5.
2116 5030 2361 5105 ξειαςὶο,
2389 5041 2495 5088 etc.
2539 5032 2757 5104 Pelagio
2782 5030 3045 5089 Toletano
3071 5035 3288 5105 praesuli
3315 5048 3537 5091 succes-

1946 5102 2083 5174 sisse
2116 5102 2431 5159 Patruinum
2478 5104 2598 5160 sive
2642 5102 2935 5161 Paternum
2973 5102 3414 5174 (alfPatruinus,
3461 5106 3535 5161 al.

1955 5172 2199 5247 Patrinus
2217 5217 2233 5243 ,
2263 5174 2457 5247 dietus‘
2486 5174 2583 5231 fuit
2607 5175 2626 5247 )
2664 5191 2731 5232 ex
2758 5172 3118 5247 Cbronologia
3146 5172 3534 5233 Toletanorum

1948 5244 2253 5317 antistitum
2304 5246 2503 5316 liquet,
2555 5244 2715 5317 quam
2759 5263 2883 5304 cum
2915 5244 3166 5305 conciliis
3195 5248 3440 5305 Gothicis
3479 5250 3534 5303 in

1945 5316 2122 5371 lucem
2137 5316 2762 5390 ediditarcbiepiscOpus
2782 5319 3207 5391 Loaysa.Mirum
3227 5336 3355 5377 vero
3375 5335 3537 5388 quam

1952 5403 1984 5443 a
2012 5404 2146 5462 vero
2192 5390 2558 5462 aberraverit,
2590 5405 2712 5446 cum
2762 5390 2962 5448 dixerit
3004 5392 3183 5462 ipsum
3226 5391 3539 5447 interfuisse

1950 5461 2131 5533 primo
2156 5459 2392 5533 concilio
2413 5460 2677 5518 Toletano
2696 5504 2711 5530 ,
2736 5462 2976 5533 inibique
3003 5459 3334 5519 subvenisse
3359 5463 3542 5518 ba-re-

1950 5532 2055 5588 sim
2069 5531 2391 5589 Priscilliani
2405 5534 2839 5600 repullulantem.
2862 5531 2996 5590 Illud
3019 5535 3284 5603 siquidem
3298 5533 3546 5590 celebra-

1955 5612 2069 5659 tum
2118 5604 2217 5659 luit
2266 5620 2412 5660 anno
2458 5606 2667 5661 Domini
2689 5606 2818 5671 203,
2853 5616 2910 5660 nt
2937 5622 3038 5661 suo
3065 5607 3187 5662 loco
3214 5604 3544 5661 monstrabi-

1957 5690 2109 5741 mus,
2133 5692 2242 5750 quo
2282 5688 2526 5747 tempore
2552 5678 2637 5735 vel
2668 5679 2786 5749 ipso
2806 5676 3022 5750 Loaysa
3052 5685 3189 5750 teste
3218 5684 3338 5733 erat
3354 5674 3545 5750 i'I‘oleti

1953 5748 2154 5817 praesul
2181 5759 2401 5804 sanctus
2425 5748 2708 5817 Asturius,
2730 5749 2887 5819 cujus
2928 5748 3132 5806 nomen
3177 5749 3321 5805 inter
3343 5749 3409 5804 l9
3429 5748 3546 5817 epi-

1952 5833 2148 5893 scopos
2172 5821 2264 5889 qui
2295 5821 2406 5876 illic
2423 5822 2708 5877 astiterunt
2732 5822 3021 5893 reperitur.
3048 5822 3339 5879 Patruinus
3364 5829 3545 5877 autem

1954 5890 2042 5948 vel
2072 5890 2361 5962 Paternus,
2401 5893 2492 5964 qui
2533 5893 2713 5965 primo
2762 5890 2884 5951 loco
2906 5904 3244 5969 recensetur,
3287 5898 3410 5956 erat
3435 5894 3558 5970 epi-
