3998 6352
446 286 554 348 343

1495 293 1728 354 FLAVI!
1765 295 1943 355 LUCIl
1980 297 2239 358 DEXTRI
2276 300 2701 362 CllRONlCON.

459 404 528 466 A.
547 403 610 463 (ἓ.
641 402 767 464 170.
828 402 1217 465 Persecutione
1240 412 1358 465 orla
1379 407 1436 466 in
1461 410 1613 481 Asia,
1643 411 1996 485 Polycarpus,
2025 414 2355 491 Pioniusque
2382 420 2682 491 patiuntur.

824 496 1052 555 Plurimi
1081 498 1136 555 in
1158 498 1356 569 Gallia,
1384 500 1752 575 Hispaniaque
1778 503 1848 559 ob
1869 503 2069 562 Christi
2094 522 2297 567 nomen
2328 511 2629 569 interiecti.

623 591 748 648 171.
810 590 956 649 Lues
984 593 1181 649 multas
1207 593 1512 665 provincias
1536 595 1818 655 invaditet
1845 599 2076 657 Romam
2116 602 2308 660 etiam.

804 685 1036 743 Romani
1064 695 1251 744 contra
1280 688 1577 757 Sarmatas,
1610 690 1810 761 Dacos,
1839 693 2085 765 Quados,
2118 698 2499 757 Marcomanos
2527 709 2789 773 pugnant.

809 778 870 836 S.
899 779 1098 837 Sother
1121 780 1424 837 Romanam
1452 782 1595 853 regit
1630 782 1930 842 Ecclesiam
1960 787 2095 844 satis
2126 788 2407 849 afﬂictam.

1670 876 1928 937 DIVARII
1965 882 2531 948 COMMENTARIUS.

527 997 596 1080 ᾼΊε
625 989 689 1049 C.
1052 987 1751 1080 Persecutipne,etc_._lldem
1779 993 2049 1080 Eusebius
2073 1000 2127 1062 Α
2221 1000 2277 1057 2.
2312 1001 2554 1080 Plurimi
2570 1003 2625 1057 in
2656 1001 2860 1080 Callia,
2891 1004 3170 1080 etc._Cum
3195 1016 3389 1079 quarta
3420 1010 3756 1080 persecutio,

453 1070 509 1127 in
537 1063 811 1123 Chronico
852 1061 1030 1134 sieait
1073 1060 1267 1117 :Anno
1284 1061 1509 1134 _Domini
1551 1063 1655 1120 170
1699 1069 2050 1134 persecutione

458 1150 570 1197 orta
589 1138 643 1191 in
670 1135 823 1209 Asia,
846 1132 1173 1204 Polycarpus
1200 1144 1248 1188 et
1274 1132 2046 1209 Pioniusfecere‘martyriym’

460 1223 680 1284 quorum
724 1205 926 1284 scripta:
952 1220 1153 1284 quoque
1193 1205 1459 1284 passiones
1489 1205 1758 1284 feruntur.
1782 1205 2050 1284 Ftiit__|ta'e

456 1276 488 1338 εἰ
535 1283 607 1337 Μ.
637 1276 1121 1350 Αυτειίολθι-ςίωιει
1154 1276 1493 1350 persecutio,
1523 1287 1716 1350 quarta
1745 1280 1799 1335 in
1823 1280 2048 1350 ordine,

458 1355 506 1409 si
536 1352 766 1423 primam
807 1346 1555 1423 sub_Ne_rone,‘secunda_m'
1576 1349 1678 1404 sub
1708 1346 2045 1423 Domitiano,

452 1436 507 1480 et
536 1418 753 1478 iertiam
785 1418 887 1474 sub
916 1419 1153 1491 Trajano
1207 1418 1381 1475 fuisse
1431 1419 1704 1491 dicamus,
1755 1437 1878 1478 eum
1903 1418 2049 1480 Dex;

450 1505 604 1559 tero,
636 1491 706 1547 ad
748 1505 878 1545 ann.
906 1489 978 1566 _8_6
1004 1491 1407 1566 (le‘Domitiano
1433 1489 1712 1566 asserente
1732 1494 1924 1566 ,iquod
1968 1512 2051 1550 se-

451 1558 676 1622 cundam
698 1573 878 1617 contra
902 1561 1185 1616 Ecclesiam
1217 1558 1619 1631 persecutionem
1639 1558 1813 1619 movit:
1846 1565 2051 1622 Conso-

450 1651 545 1694 nat
574 1635 801 1693 Orosius
822 1633 1175 1706 rcitatoAcJS
1213 1642 1272 1706 et
1300 1634 1667 1706 Hieronymus
1698 1649 1842 1690 nunc
1869 1637 2045 1692 citati.

456 1710 577 1765 dus.
627 1708 685 1763 S.
737 1704 1028 1776 Polycarpi
1066 1704 1184 1760 dies
1244 1702 1423 1776 festus
1468 1702 1646 1776 agitur
1696 1708 1748 1761 in
1802 1708 2049 1766 ltomano

458 1776 746 1850 Martyrol.
783 1774 872 1830 die
907 1774 978 1850 26
1009 1775 1285 1850 Januarii,
1320 1777 1409 1850 ubi
1441 1774 1559 1831 acia
1582 1778 1709 1850 ejus
1736 1781 2048 1835 summatim

456 1848 788 1917 referuntur,
808 1848 987 1902 verbis
1014 1848 1325 1918 liieronymi
1358 1848 1453 1903 lib.
1479 1849 1545 1902 de
1575 1848 1782 1918 Script.
1814 1850 2046 1906 Eccless

456 1923 824 1992 Polycarptts,
875 1918 984 1992 ait,
1020 1916 1241 1971 Joannis
1280 1918 1504 1989 apostoli
1545 1916 1862 1991 discipulus,
1911 1930 1959 1975 et
1987 1925 2050 1978 ab

454 2011 511 2047 eo
561 1990 802 2062 Smyrna:
840 1990 1104 2066 episcopus
1137 1991 1406 2066 ordinatus
1425 2032 1439 2056 ,
1462 1992 1627 2066 _totius
1653 1990 1789 2047 Asia:
1816 1993 2050 2066 princeps

446 2067 545 2134 fuit
577 2081 595 2119 :
623 2059 811 2136 quippe
834 2059 921 2136 qui
951 2059 1230 2115 neunttllos
1270 2059 1653 2136 apostolorum,
1681 2075 1729 2118 et
1750 2059 1937 2136 corum
1961 2059 2051 2136 qui

448 2132 686 2190 uiderant
712 2132 995 2185 Dominum
1015 2173 1028 2196 ,
1061 2132 1336 2203 magistras
1365 2134 1598 2187 habuerit
1636 2145 1686 2189 et
1711 2135 1913 2190 viderit.
1949 2132 2050 2191 Hic

448 2206 935 2279 proptcrguasdant
958 2219 1112 2274 super
1140 2204 1224 2279 die
1252 2202 1471 2279 Pascha;
1499 2207 1804 2279 qumstiones
1825 2206 1919 2261 sub
1945 2208 2052 2262 Att-

451 2274 626 2333 tonino
658 2274 756 2330 Pio
781 2276 1109 2347 imperatore,
1135 2274 1670 2347 Ecclesiantin'Urbe
1695 2287 1894 2347 regente
1918 2280 2018 2333 Ani
2027 2309 2049 2321 ο

449 2361 559 2425 ceto
581 2422 589 2425 Δ
614 2347 796 2425 (circa
827 2344 1031 2425 annum
1067 2344 1286 2425 Domini
1315 2344 1448 2425 168)
1506 2344 1896 2425 [lentam-uenit
1920 2365 1937 2403 :
1961 2350 2050 2405 ubi

449 2415 704 2492 plurimos
747 2415 1061 2492 credentium
1101 2416 1418 2492 Marcionis,
1457 2415 1797 2492 ethalentiui
1836 2437 2049 2490 persua-

450 2487 598 2548 sione
643 2488 1152 2561 deceptos_,_redu:cit
1195 2490 1264 2543 ad
1292 2488 1469 2558 ﬁdem.
1494 2487 1724 2561 Cumque
1761 2492 1807 2546 ei
1832 2487 2047 2561 fortuito

452 2564 651 2617 obviam
677 2560 859 2632 fuisset
882 2557 1143 2625 Marcion,
1184 2570 1231 2614 et
1257 2557 1445 2632 diceret
1469 2576 1488 2614 :
1516 2557 1791 2632 cognoscis
1822 2557 1945 2618 nos?
1966 2582 2048 2619 re-

445 2628 691 2703 spondit,
733 2628 996 2702 Cognosco
1033 2631 1434 2703 primogenitum
1454 2628 1675 2703 diaboli.
1699 2632 1892 2688 Postea
1932 2652 2047 2690 vero

447 2700 694 2778 regnante
718 2700 1019 2770 Antonino,
1074 2710 1119 2756 et
1257 2701 1470 2778 Aurelio
1507 2700 1817 2778 Commodo,
1862 2717 2048 2777 quarta

450 2772 567 2849 post
615 2775 877 2849 Neronem
923 2774 1275 2849 persecutione
1314 2772 1556 2845 Smyrna:
1579 2772 2049 2849 sedenteprocon-

446 2845 561 2903 sule
578 2891 592 2915 ,
626 2856 674 2903 et
698 2846 933 2919 universo
966 2845 1163 2919 populo
1183 2845 1431 2919 adversus
1453 2861 1569 2919 eunt
1592 2847 1645 2901 in
1668 2845 2048 2919 amphitheatro

454 2925 765 2991 personante
784 2917 1157 2991 ignitraditus
1176 2928 1270 2974 est.
1297 2916 1571 2991 Aguntde
1597 2916 1922 2991 eo_lrenzeus
1950 2922 2049 2991 ad-

451 2987 646 3047 versus
671 2987 951 3061 ba:r._lib.
990 3004 1035 3061 tt
1065 3003 1116 3044 c.
1147 2990 1202 3057 5,
1235 2998 1295 3061 et
1324 2988 1593 3061 Eusebius
1624 2989 1719 3044 lib.
1752 3005 1803 3045 tv
1829 3006 1951 3061 cap.
1978 2990 2047 3047 14

453 3072 510 3117 et
537 3063 632 3118 lib.
650 3074 760 3126 v,e.
781 3059 877 3127 24,
900 3067 957 3115 et
978 3059 1205 3130 Gregor.
1229 3059 1437 3115 Turon.
1460 3059 1529 3116 de
1542 3059 1727 3118 Gloria
1748 3059 2047 3135 Martyrum

453 3147 569 3187 can.
596 3132 667 3187 86
696 3139 750 3186 et
775 3130 889 3184 alii.

445 3147 569 3189 can.
596 3132 667 3187 86
696 3139 750 3186 et
775 3131 889 3184 alii.

556 3171 569 3186 .
656 3147 663 3149 '
730 3147 750 3185 t
775 3147 889 3184 aut.

362 3196 365 3199 “
445 3147 806 3260 ca‘ihzsgaftcti
854 3199 1051 3274 l’gionii
1085 3202 1355 3274 martyrio
1388 3202 1568 3274 agitur
1607 3202 1659 3258 in
1688 3202 1882 3260 eodem
1909 3204 2047 3262 Mar-

455 3275 730 3347 tyrologio
773 3274 801 3328 1
843 3271 932 3347 die
960 3271 1246 3347 Februarii
1292 3274 1393 3347 sub
1428 3271 1518 3330 bis
1552 3275 1732 3330 verbis
1766 3276 2050 3347 :‘Sntyrna:

455 3292 473 3330 ι
519 3292 726 3340 rmogto
773 3292 801 3328 1
843 3292 932 3328 uie
960 3292 1244 3330 remearn
1292 3292 1393 3330 sun
1432 3292 1518 3330 ms
1552 3292 1732 3330 vernts
1766 3292 1780 3328 :
1809 3292 2049 3347 Smyrna:

455 3292 521 3404 Sy.
553 3344 1042 3419 Pionii__pre_sbyteri
1091 3354 1140 3398 et
1172 3346 1449 3417 martyris,
1489 3346 1576 3416 qui
1606 3355 1720 3419 post
1746 3344 2049 3419 _Apologias

453 3435 550 3490 pro
593 3418 699 3490 ﬁde
721 3415 1023 3490 Christiana
1069 3415 1441 3485 conscriptas,
1467 3427 1582 3490 post
1607 3415 2047 3490 squaloretn’car-

454 3484 618 3552 ceris',
640 3487 729 3542 ubi
758 3484 949 3560 multos
981 3492 1203 3556 fratrum
1224 3484 1291 3543 ad
1314 3484 1553 3560 martyrii
1580 3484 1909 3544 tolerantiam
1938 3493 2048 3546 suis

456 3557 898 3615 exhortationibus
924 3560 1219 3626 roboravit;
1248 3557 1559 3615 cruciatibus
1583 3561 1758 3616 multis
1789 3572 2004 3617 vexatus
2029 3605 2045 3630 ,

456 3634 623 3704 clavis
643 3634 878 3704 conﬁxus
903 3672 919 3697 ,
953 3638 1001 3684 et
1034 3631 1239 3704 ardenti
1268 3647 1394 3703 rogo
1422 3633 1783 3704 superpositus
1806 3674 1821 3699 ,
1845 3636 2051 3688 beatum

451 3720 547 3772 pro
564 3702 771 3757 Christo
782 3703 939 3775 linem
965 3702 1178 3756 sortitus
1199 3712 1293 3768 est,
1310 3719 1425 3775 cum
1446 3718 1549 3775 quo
1574 3702 1623 3757 et
1644 3704 1736 3757 alii
1758 3705 2049 3774 quindecim

449 3774 593 3846 passi
622 3774 1055 3847 suttt._Suspecta
1080 3785 1209 3828 sunt
1235 3774 1367 3830 mihi
1390 3774 1555 3831 verba
1578 3775 1820 3847 illa,post
1848 3777 2017 3846 Apolo
2035 3808 2049 3819 -

445 3844 562 3918 gias
588 3862 683 3917 pro
705 3844 808 3918 ﬁde
836 3844 1129 3918 Christiana
1155 3847 1501 3918 conscriptas,
1536 3850 1593 3901 in
1622 3844 1867 3902 Usuardo
1896 3844 2041 3903 enim

447 3916 539 3988 qui
575 3929 743 3971 totam
786 3916 951 3971 habet
983 3916 1270 3986 periodum
1300 3919 1600 3984 deliciunt;
1651 3919 1781 3973 etsi
1823 3919 2046 3975 Pi0nius

449 3989 747 4062 Apologias
777 3989 1147 4062 scripsisset,
1197 4004 1306 4062 non
1362 3992 1638 4044 omisisset
1682 3989 2046 4062 Hieronymus

451 4058 570 4131 ejus
600 4060 744 4116 inter
770 4058 1078 4129 Scriptores
1107 4060 1507 4119 ecclesiasticos
1533 4062 1853 4116 memoriam
1884 4058 2046 4118 vene-

451 4135 562 4186 rari
615 4140 672 4187 et
716 4140 983 4185 annotare
1032 4134 1268 4202 scripta;
1322 4140 1379 4186 et
1411 4131 1676 4187 Eusebius
1702 4132 1796 4186 lib.
1823 4147 1877 4187 tv
1902 4133 2043 4188 llist.

453 4202 671 4257 Eccles.
698 4218 748 4257 c.
778 4202 849 4257 M
876 4209 969 4255 aut
1009 4202 1133 4269 alibi
1161 4210 1489 4272 scriptorum
1535 4205 1656 4272 ejus
1683 4202 2042 4262 meminisset.

450 4273 743 4329 Difﬁcilius
772 4281 857 4327 est
881 4272 1027 4342 quod
1056 4273 1159 4328 hoc
1185 4274 1307 4328 loco
1327 4289 1358 4328 a
1385 4273 1586 4329 Dextro
1614 4272 1815 4329 dicitur
1835 4315 1850 4342 ,
1879 4276 1932 4331 in
1954 4293 2044 4332 ea-

449 4343 576 4400 dem
610 4345 1018 4415 persecutione,
1050 4359 1154 4414 qua
1185 4343 1522 4415 Polycarpus
1549 4347 1893 4413 occubuisse;
1921 4363 2044 4403 nam
2132 4386 2137 4390 -

450 4417 507 4470 in
540 4415 853 4487 ejttsiaetis,
883 4416 1175 4487 quteapud
1201 4416 1419 4472 Surium
1448 4426 1663 4472 exstant
1697 4425 1845 4472 totno
1870 4420 1926 4487 1,
1956 4420 2046 4477 die

453 4487 632 4563 primo
662 4485 947 4563 Februarii
967 4527 983 4552 ,
1015 4486 1069 4540 in
1104 4490 1483 4563 persecutione
1511 4489 1657 4563 Decii
1686 4502 1879 4563 passus
1904 4485 2045 4563 legi-

446 4571 557 4623 tur,
591 4558 758 4630 Decio
786 4559 1030 4630 tertium,
1063 4557 1308 4613 etGrato
1340 4560 1640 4615 secundum
1668 4557 1840 4626 coss.,
1865 4562 1916 4617 id
1938 4557 2041 4630 e'st,

448 4644 596 4703 anno
642 4627 855 4703 Domini
900 4628 1066 4703 254,
1096 4644 1206 4685 non
1251 4645 1382 4686 vero
1427 4634 1531 4686 sub
1566 4631 1736 4688 Lucio
1770 4632 1947 4703 Vero,
1991 4627 2046 4690 ct

447 4700 521 4774 iii.
553 4699 779 4774 Aurelio
806 4699 1137 4766 Commodo,
1178 4709 1234 4756 et
1261 4704 1364 4757 hoc
1391 4706 1568 4774 potius
1601 4706 1864 4773 probatur
1889 4699 2042 4762 card.

445 4771 680 4846 Baronio
708 4782 822 4846 tum
843 4775 896 4827 in
926 4774 1122 4846 Annal.
1154 4783 1300 4846 tonio
1322 4771 1405 4842 ll,
1428 4774 1496 4829 ad
1525 4771 1650 4831 eum
1679 4790 1902 4846 annum,
1930 4788 2043 4835 tum

433 4843 490 4898 in
519 4845 661 4899 notis
677 4842 744 4898 ad
765 4842 1206 4915 Martyrologium
1234 4843 1538 4903 Romanum
1568 4849 1655 4905 die
1687 4846 1712 4903 1
1742 4842 1904 4905 Febr.
1928 4848 2046 4906 Cae-

433 4922 613 4990 terum
633 4916 890 4986 quidquid
905 4917 973 4971 de
991 4918 1125 4990 actis
1140 4917 1232 4985 sit,
1243 4920 1658 4990 Dextersubscri
1666 4922 1769 4988 psit
1784 4922 2041 4990 Eusebio,

438 4988 533 5062 qui
557 4989 746 5062 eadem
769 4996 888 5062 tere
902 4988 1119 5057 scripsit
1140 4990 1305 5062 verba
1335 4990 1390 5045 itt
1419 4988 1712 5054 Chronico,
1729 5004 1781 5047 et
1807 4993 1944 5049 libro
1963 4988 2037 5062 tv,

437 5060 581 5138 Hist.
604 5060 782 5138 capite
815 5059 915 5138 id,
938 5074 1132 5138 versus
1164 5059 1326 5138 linem
1350 5062 1557 5135 inquit,
1581 5065 1892 5138 testimonio
1932 5059 2042 5138 epi-

432 5135 589 5187 stola:
602 5132 950 5202 Smyrncnsis
964 5131 1499 5200 Ecclesiae,Piontum
1517 5131 1708 5192 eodem
1728 5137 1885 5206 plane
1900 5131 2036 5194 teut-

429 5219 566 5288 pore
583 5187 1036 5288 q'uoi’olycarpus
1054 5187 1317 5277 martyrio
1331 5220 1654 5265 Coronatum
1671 5187 1854 5267 fuisse.
1871 5220 2028 5288 Quod
2059 5187 2117 5250 Β

428 5283 568 5367 licet.
586 5283 1350 5367 Baroniusinterpreteturde
1379 5288 1573 5349 eodem
1589 5308 1794 5361 mense,
1810 5283 2025 5361 aut'die,

426 5370 496 5410 ex
518 5358 601 5411 bis
621 5372 743 5427 qua:
766 5362 820 5414 in
832 5358 1104 5417 Chronico
1116 5366 1306 5419 scribit
1327 5375 1539 5421 constat
1554 5382 1657 5421 non
1680 5358 2025 5436 admensem,

423 5437 514 5493 vel
542 5436 687 5493 diem
704 5480 718 5503 ,
750 5437 848 5493 sed
871 5438 937 5492 ad
963 5448 1178 5507 tempus
1203 5439 1448 5507 ejusdem
1483 5440 1881 5507 persecutionis
1904 5456 2029 5498 esse

421 5508 809 5575 referendum,
862 5524 984 5564 cum
1032 5506 1205 5575 dicat,
1254 5506 1623 5563 Persecutione
1663 5521 1776 5564 orta
1819 5512 1873 5565 in
1903 5513 2027 5569 Asia

426 5578 608 5653 (anno
627 5580 740 5657 _l70
762 5583 804 5657 )Δ
841 5579 1194 5657 Polycarpus“
1212 5592 1260 5636 et
1302 5580 1530 5657 Rionius
1586 5580 1827 5657 Stnyrna:
1863 5586 2027 5657 fecere

420 5653 751 5723 martyrium.
778 5653 1123 5721 Astipulatur
1156 5653 1392 5709 Eusebio
1420 5653 1615 5709 Petrus
1645 5656 1713 5709 de
1740 5653 2022 5714 Nataltbus

412 5721 651 5795 libro‘ttt
672 5724 911 5793 Catalogi
943 5726 1274 5781 Sanctorum
1302 5727 1483 5795 capite
1510 5725 1580 5783 68
1601 5766 1617 5789 ,
1649 5726 1743 5781 ubi
1774 5728 2014 5795 occisum

411 5792 588 5876 fuisse
607 5792 1041 5876 _doeet,auctore
1063 5797 1300 5857 Eusebio
1325 5792 1467 5855 libro
1497 5813 1549 5855 tv
1578 5798 1741 5871 Hist.,
1769 5792 2015 5873 tempore

416 5866 678 5925 Antonini
709 5866 1072 5939 imperatoris.

2080 2391 2127 2454 Β

2115 5752 2399 5813 coronato,
2429 5743 2653 5813 vigente
2677 5743 2971 5813 admodum
2997 5742 3382 5812 persecutione

2117 5820 2175 5868 et
2202 5811 2514 5882 Commodi,
2544 5814 2602 5870 S.
2637 5814 2839 5872 Sother
2868 5812 2962 5870 Xll
2996 5821 3117 5884 post
3149 5813 3210 5870 D.
3247 5813 3479 5884 Petrum
3494 5811 3559 5867 ad
3602 5812 3731 5866 Ro-

2117 5899 2294 5942 mana:
2315 5881 2573 5948 EccleSia:
2596 5886 2837 5961 regimen
2859 5881 3168 5958 assumptus
3188 5893 3270 5941 cst
3295 5902 3310 5940 :
3336 5881 3448 5955 XII,
3469 5883 3721 5954 inquam,

2150 1089 2271 1145 quas
2300 1074 2402 1149 sub
2427 1074 2497 1130 M.
2528 1075 2752 1149 Aurelio
2788 1084 2845 1149 et
2889 1076 2950 1132 L.
2988 1077 3129 1132 Vero
3156 1074 3334 1135 ortum
3368 1074 3594 1149 habuit,
3627 1074 3768 1139 uni;-

2153 1145 2380 1226 versalis
2410 1153 2523 1226 toto
2550 1149 2685 1204 orbe
2711 1147 2896 1214 fuerit,
2927 1159 3134 1226 certum
3163 1160 3267 1223 est,
3303 1152 3507 1226 Gallias
3531 1145 3762 1226 quoque

2149 1226 2205 1274 et
2227 1215 2508 1292 Hispanias
2532 1227 2864 1292 penetrasse.
2884 1221 2975 1292 qui
2996 1235 3124 1277 vero
3143 1215 3272 1278 tunc
3301 1240 3398 1292 pro
3423 1225 3525 1281 ﬁde
3548 1215 3763 1282 Christi

2148 1289 2499 1369 occubuerint
2520 1331 2536 1356 ,
2561 1305 2673 1369 non
2706 1289 3223 1369 liquet.'__Cerebant
3252 1289 3378 1350 tunc
3410 1297 3460 1351 in
3490 1297 3761 1369 Hispania

2150 1360 2528 1439 magistratum
2561 1360 2822 1439 Valerius
2844 1361 3094 1439 Julianus
3117 1405 3147 1439 ,_
3163 1360 3604 1439 Tarraconensis
3623 1385 3767 1439 pro-

2152 1431 2349 1508 vincizg
2387 1447 2607 1508 prteses
2629 1474 2657 1508 ,_
2690 1442 2745 1488 et
2783 1432 2973 1508 Callus
3007 1436 3367 1508 rblaximianus
3410 1431 3709 1508 proconsul
3741 1480 3763 1507 ,

2150 1516 2277 1581 cum
2307 1503 2476 1581 Fabio
2510 1504 2753 1581 liustico,
2787 1514 2843 1581 et
2870 1505 3098 1581 [Emilio
3131 1503 3425 1581 gentiam,
3449 1512 3518 1564 tle
3547 1503 3760 1581 quibus

2152 1574 2262 1644 agit
2293 1572 2621 1651 Ambrosius
2647 1575 2881 1651 Morales
2915 1578 3011 1633 lib.
3043 1593 3099 1651 ιι
3128 1578 3271 1651 Hist.
3300 1572 3422 1651 cap.
3451 1582 3545 1637 58.
3565 1572 3766 1639 'Jnlitts

2150 1660 2366 1722 quoque
2407 1648 2621 1722 Atticus
2664 1646 2982 1722 Aceilianus
3022 1650 3124 1704 sub
3161 1646 3384 1706 eisdem'
3417 1653 3768 1722 principibus

2152 1716 2258 1793 fuit
2287 1719 2725 1793 proconsul,_ut
2771 1719 2915 1774 idem
2965 1730 3156 1775 auctor
3203 1733 3389 1777 narrat
3418 1716 3613 1793 'capite
3660 1728 3764 1782 40.

2154 1786 2253 1864 llis
2286 1788 2451 1864 igitur
2481 1790 2759 1864 actoribus
2804 1802 3076 1864 martyres
3122 1793 3279 1847 multi
3312 1794 3362 1848 in
3406 1786 3663 1864 Hispania
3705 1799 3765 1852 in

2152 1859 2705 1938 eminuradvolarutit.
2722 1861 2891 1938 C_uius_
2910 1859 2986 1917 rei
3002 1864 3192 1938 nobile
3219 1859 3591 1938 testimonium
3615 1884 3767 1938 prae-

2154 1931 2247 2008 bet
2276 1931 2436 1985 nobis
2467 1932 2719 2008 Aurelius
2752 1933 3104 2008 Prudentius,
3138 1938 3227 2008 qni
3262 1936 3463 2008 hymno
3494 1931 3655 1994 sacr'o
3690 1940 3771 1995 de

2150 2002 2651 2078 Caesaraugustanis
2713 2007 3049 2078 martyribus
3091 2002 3334 2063 'aliirma't
3390 2025 3496 2066 non
3572 2012 3766 2067 solum

2153 2090 2258 2151 una
2291 2077 2373 2130 vel
2405 2076 2576 2151 altera
2606 2076 2983 2145 persecutione
3033 2080 3232 2151 multos
3258 2080 3427 2136 fuisse
3462 2085 3513 2138 in
3555 2082 3771 2151 Hispa-

2152 2147 2242 2223 nia
2284 2147 2545 2223 martyrio
2582 2158 2908 2223 coronatos,
2950 2148 3048 2203 sed
3091 2150 3143 2223 in
3183 2153 3436 2209 omnibus
3462 2196 3478 2223 ,
3534 2147 3770 2211 tametsi

2153 2216 2268 2288 ipse
2293 2216 2360 2274 de
2388 2216 2798 2289 Ciesaraugusta
2829 2220 3100 2290 loquatur,
3129 2221 3387 2294 inquiens
3416 2240 3431 2278 :

2402 2331 2575 2409 §aar|us
2596 2334 2812 2409 antiquis
2834 2337 3064 2409 quotiens
3085 2336 3315 2409 procellis

2400 2394 2567 2464 Iarba
2593 2394 2824 2464 vexatum
2845 2394 3128 2464 tremefecit
3143 2400 3335 2464 orbem,

2402 2455 2614 2512 Tristior
2640 2457 2876 2521 templum
2897 2461 3063 2511 rabies
3086 2462 3138 2511 in
3159 2461 3293 2514 istud

2652 2518 2823 2571 Intulit
2848 2521 2960 2571 iras.

2398 2586 2504 2637 Nec
2525 2587 2657 2639 tumt-
2676 2584 2930 2648 qnisquatn
2950 2588 3062 2636 sine
3081 2585 3225 2637 laude
3245 2592 3465 2639 nostrum

2398 2648 2580 2714 gessit,
2606 2651 2690 2702 aut
2714 2647 2830 2695 clari
2854 2660 3036 2697 vacuus
3052 2651 3258 2713 cruoris,

2399 2711 2882 2778 Martyrum‘semper
2901 2723 3137 2778 numerus
3156 2711 3251 2764 sub
3269 2713 3404 2764 omni

2650 2770 2904 2826 Grandine
2926 2776 3104 2826 crevit.

2222 2877 2356 2954 Vide
2385 2894 2516 2952 ergo
2543 2922 2558 2947 ,
2592 2881 2826 2954 inomni
2853 2882 3232 2950 persecutione
3258 2881 3313 2938 in
3343 2882 3603 2954 Hispania
3635 2900 3755 2939 non

2150 2950 2329 3006 solum
2359 2950 2560 3009 multos
2596 2953 2767 3010 fuisse
2798 2953 3087 3027 decoratos
3116 2956 3389 3027 martyrio
3410 2950 3568 3027 ,‘setl
3602 2958 3763 3026 quod

2149 3035 2613 3096 eorum‘numerus
2638 3040 2839 3093 semper
2860 3025 2954 3079 sub
2982 3026 3122 3078 omni
3146 3025 3401 3096 grandine
3430 3026 3608 3082 crevit.

2224 3096 2289 3150 A.
2322 3092 2386 3151 C.
2419 3097 2545 3152 171.
2577 3126 2650 3138 —
2682 3092 2903 3152 Limes
2929 3135 2945 3161 ,
2990 3103 3100 3150 etc.
3147 3092 3416 3153 Eusebius
3458 3098 3538 3153 sic
3583 3098 3766 3154 habet

2152 3166 2260 3223 hoc
2285 3167 2403 3236 ipso
2429 3184 2573 3224 anno
2603 3169 2659 3225 in
2690 3166 2990 3224 Chronico.
3022 3167 3164 3224 Lues
3194 3168 3393 3225 multas
3435 3169 3764 3238 provincias

2154 3240 2462 3311 occupavit,
2487 3240 2661 3296 Roma
2683 3256 2749 3296 ex
2781 3248 2932 3309 parte
2954 3248 3168 3311 vexata.
3205 3241 3280 3295 De
3303 3240 3629 3311 pestilentia
3646 3243 3767 3297 hac

2149 3309 2501 3367 Tertulianus
2531 3314 2585 3367 in
2612 3313 2841 3382 Apolog.
2874 3326 2997 3378 cap.
3054 3310 3127 3367 40
3154 3311 3232 3365 sic
3261 3309 3498 3379 loquitur
3529 3328 3544 3366 :
3581 3310 3763 3367 Exis-

2151 3383 2532 3455 timant_ontnis
2564 3381 2988 3453 publicw’cladis
3008 3423 3025 3448 ,
3063 3382 3227 3455 omnis
3256 3384 3522 3455 popularis
3548 3384 3765 3455 incom-

2152 3453 2301 3525 modi
2321 3452 2644 3511 Christianos
2677 3471 2785 3511 esse
2821 3470 3054 3510 causam.
3086 3454 3148 3509 Si
3176 3452 3390 3525 Tuberis
3417 3454 3652 3510 ascendit
3694 3456 3761 3510 in

2151 3524 2363 3607 inmitia,
2390 3527 2436 3581 si
2517 3528 2619 3582 ilus
2632 3544 2745 3607 non
2773 3525 3007 3607 ascendit
3032 3526 3089 3580 in
3115 3524 3266 3607 arva,
3299 3525 3553 3607 chwlurn
3574 3526 3756 3607 stetit,

2151 3594 2196 3670 si
2215 3603 2357 3649 terra
2378 3599 2573 3670 mouit;
2598 3600 2645 3653 si
2666 3600 2851 3670 fames,
2878 3598 2924 3651 si
2950 3598 3059 3670 lues
3086 3612 3107 3652 :
3126 3596 3302 3670 statim
3327 3594 3651 3670 Christianos
3672 3600 3762 3670 ad

2151 3666 2396 3722 Leonem.
2427 3668 2627 3727 Scribit
2649 3665 2717 3726 de
2745 3670 2934 3725 eadem
2975 3667 3151 3724 Julius
3193 3665 3532 3737 Capitolinus
3574 3668 3629 3723 in
3667 3669 3755 3725 Μ.

2154 3740 2405 3812 Aurelio,
2438 3743 2530 3812 qui
2574 3742 2736 3796 etiam
2774 3739 3007 3812 afﬁrmat
3036 3739 3252 3812 Mauros
3280 3754 3367 3812 eo_
3387 3748 3634 3809 tempore
3660 3742 3759 3798 in-

2075 3787 2121 3852 C
2154 3787 2541 3881 tangente
2569 3787 3251 3881 ae's's'sgg's'ii‘igizias':
3276 3787 3759 3868 s'éd'ctiiitm'elis

2152 3880 2353 3938 bellum
2401 3899 2498 3951 per
2539 3885 2743 3953 legatos
2787 3892 2998 3954 gestum
3024 3880 3173 3938 esse.
3204 3880 3443 3954 Galenus
3470 3884 3635 3937 etiam
3665 3883 3754 3940 de

2149 3954 2492 4023 simplicibus
2524 3953 2813 4011 Medicam.
2853 3969 2974 4024 cap.
3028 3955 3099 4018 9,
3146 3953 3298 4009 etde
3336 3953 3626 4024 Praesagiis
3672 3971 3754 4009 ex

2149 4024 2303 4094 pulsu
2328 4026 2423 4081 lib.
2442 4027 2659 4093 tn,c.5,
2686 4036 2741 4082 et
2768 4026 2864 4083 lib.
2885 4023 2944 4081 ut
2973 4026 3043 4079 de
3068 4025 3259 4082 Mortis
3293 4023 3543 4095 vulgaris
3556 4024 3759 4094 {Egi-i-

2151 4094 2336 4152 tudine
2362 4113 2413 4152 c.
2447 4099 2500 4162 1,
2529 4107 2585 4154 et
2612 4099 2709 4152 lib.
2744 4113 2819 4158 v1.
2847 4112 2969 4167 cap.
3002 4097 3057 4153 9.
3091 4095 3329 4167 Consule
3369 4094 3532 4153 etiam
3572 4095 3757 4151 Lam-

2150 4168 2406 4236 pridium,
2437 4178 2491 4225 et
2510 4168 2762 4225 Orosium
2794 4169 2892 4224 lib.
2920 4165 3015 4237 vn,
3039 4183 3090 4223 c.
3115 4167 3203 4223 15.
3229 4165 3542 4223 Grassalam
3567 4169 3755 4226 fuisse

2150 4240 2295 4294 luem
2316 4241 2472 4296 istam
2503 4250 2671 4295 totum
2705 4256 2843 4311 pene
2866 4240 3081 4308 orbem,
3103 4238 3441 4311 durasscque
3476 4254 3647 4310 usque
3670 4241 3755 4298 ad

2147 4324 2349 4365 annum
2380 4312 2484 4368 175
2512 4326 2578 4367 eo
2609 4312 2730 4368 loco
2760 4312 3025 4368 dicemus.

2221 4381 2275 4437 2.
2302 4381 2521 4438 Romani
2539 4394 2719 4439 contra
2741 4383 3038 4448 Sarmatas,
3059 4394 3166 4438 etc.
3185 4382 3495 4439 Concordat
3516 4383 3752 4443 Eusebii

2147 4450 2460 4510 Chronicon
2494 4455 2596 4510 hoc
2627 4470 2795 4511 anno.
2828 4456 2904 4511 De
2934 4454 3074 4509 bello
3100 4454 3205 4510 isto
3233 4465 3424 4511 contra
3454 4454 3763 4513 Sarmatas

2148 4525 2234 4581 vel
2257 4527 2610 4582 Sauromatas
2632 4568 2648 4594 ,
2685 4528 2856 4583 Dacos
2877 4569 2891 4591 ,
2925 4526 3145 4594 Quados
3169 4568 3185 4592 ,
3217 4534 3275 4581 et
3313 4526 3753 4585 Marcomannes

2148 4607 2317 4667 agunt
2360 4597 2729 4654 Romanarum
2787 4613 2967 4654 rerum
3014 4597 3350 4668 scriptores,
3392 4606 3449 4653 et
3484 4614 3610 4654 cum
3652 4603 3752 4656 eis

2146 4669 2298 4724 card.
2323 4668 2594 4725 Baronius
2625 4680 2733 4726 tom
2764 4669 2806 4726 ll
2829 4669 3023 4725 Annal.
3048 4684 3190 4724 anno
3216 4670 3335 4724 171.
3364 4668 3501 4724 Dum
3533 4670 3600 4723 ad
3634 4686 3751 4729 eos

2146 4739 2500 4797 debellandos
2528 4742 2775 4797 tenderet
2812 4741 2875 4796 L.
2908 4740 3085 4796 Verus
3113 4741 3410 4811 imperator
3438 4741 3749 4811 apoplexia

2146 4823 2430 4881 correptus
2471 4815 2756 4879 occubuit,
2787 4823 2847 4868 ut
2877 4827 3005 4867 mox
3041 4811 3328 4868 dicemus:
3364 4810 3626 4868 Sarmata:
3662 4817 3748 4871 ad

2149 4882 2584 4955 Septentrionem
2632 4885 2941 4953 degebant,
2983 4896 3117 4955 quo;
3148 4883 3268 4939 loco
3314 4899 3459 4955 nunc
3496 4883 3689 4940 Poloui
3723 4929 3743 4955 ,

2147 4953 2417 5021 Rutheni,
2448 4964 2503 5011 et
2527 4954 2740 5011 Tartari
2774 4953 3042 5011 habitant.
3083 4953 3213 5010 Daci
3242 4967 3400 5011 erant
3436 4954 3690 5011 Danubio
3721 4953 3741 5023 ζ

2145 5025 2409 5098 silvaeque
2447 5026 2730 5098 Hercyniae
2776 5026 3031 5094 ﬁnitimi,
3058 5040 3212 5098 quos
3257 5028 3385 5081 olim
3438 5026 3747 5098 Hnngaritt:

2149 5096 2360 5167 partem
2385 5096 2659 5154 habitasse
2686 5098 2929 5169 plerique
2956 5096 3277 5169 tradunt,et
3301 5108 3489 5165 postea
3510 5096 3745 5155 in'Nor-

2148 5172 2314 5241 regiae
2361 5169 2476 5223 loca
2524 5167 2802 5225 maritima
2841 5167 3155 5241 recessisse.
3191 5167 3550 5223 Marcomanni
3582 5171 3740 5227 inte-

2138 5239 2317 5313 riores
2339 5241 2645 5297 Germania:
2679 5241 2861 5311 populi
2888 5239 3169 5313 Hercyniae
3194 5242 3347 5313 silva:
3361 5242 3593 5313 accolae,
3630 5242 3743 5298 lto—

2137 5312 2228 5369 die
2287 5313 2491 5369 Moravi
2541 5310 2818 5368 dicuntur.
2868 5310 3048 5380 Quadi
3082 5310 3318 5382 denique
3355 5311 3736 5369 Bohemorttm

2135 5384 2264 5439 olim
2286 5398 2440 5455 gens,
2460 5383 2601 5439 sicut
2620 5395 2675 5440 et
2703 5384 3093 5440 Marcomanni.
3122 5382 3198 5455 De
3219 5383 3740 5455 quibusaliquando

2136 5452 2500 5526 Hieronymus
2526 5456 2745 5526 scripsit
2777 5473 2792 5511 :
2819 5455 3108 5523 Sarmatce,
3138 5452 3341 5520 Quadi,
3386 5452 3646 5526 Vandali,
3673 5466 3741 5513 es

2133 5524 2536 5583 innumerabiles
2565 5524 2688 5584 alia:
2711 5539 2913 5598 gentes,
2943 5542 3194 5598 equorum
3213 5567 3229 5588 ,
3261 5534 3310 5580 et
3338 5524 3573 5598 vulpium
3602 5543 3735 5581 car-

2132 5599 2284 5653 nibus
2315 5599 2655 5655 delectantur.
2692 5597 2826 5655 Vide
2853 5597 3107 5655 Orosium
3133 5597 3304 5654 citato
3335 5597 3475 5653 loco.
3744 5651 3755 5656 -

2201 5670 2258 5724 '5.
2293 5670 2356 5726 S.
2390 5670 2602 5737 Sottter,
2630 5682 2739 5729 etc.
2773 5670 2979 5729 Sancto
3007 5669 3234 5726 Aniceto
3260 5669 3505 5797 martyrii
3544 5669 3735 5741 gloria

2201 5752 2399 5797 -onato.
2429 5743 2653 5797 viaente
2677 5743 2971 5797 admodum
2997 5742 3382 5797 persecutione
3463 5780 3476 5793 .
3503 5742 3726 5797 Aurelii

3463 5780 3476 5793 .
3503 5756 3726 5798 Λιιτθιιι
