3972 6348
486 253 596 314 585

485 370 556 434 Δ.
584 369 647 430 C.
675 369 806 431 260.

1538 251 1768 312 FLAVI!
1804 251 1987 314 LUCIl
2025 246 2288 312 DEXTRI
2324 247 2747 309 CIIRONICON.
3655 253 3750 318 εει

915 372 1263 442 Saturninus,
1292 369 1647 431 etRevocata
1674 373 1850 446 virgo,
1880 373 1981 430 sub
2024 370 2172 430 Julio
2216 367 2502 439 Minervio,
2553 368 2607 426 in
2658 365 3041 441 persecutione
3087 367 3428 440 imperatoris
3447 368 3752 436 A.ll.l(lll.
3816 399 3818 402 ν

916 467 1216 536 Valeriani,
1247 483 1370 539 qua:
1410 467 1641 540 septima
1671 477 1760 524 est
1785 466 2088 539 eademque
2107 480 2234 539 quas
2262 463 2365 524 sub
2393 463 2562 522 Decio
2591 479 2607 520 :
2636 473 2798 521 sexta
2821 478 2955 521 vero
2996 463 3102 522 sub
3143 463 3434 523 Haximino

911 560 1152 632 Caesare,
1184 576 1331 618 anno
1358 575 1389 616 a
1417 559 1585 617 natali
1616 559 1832 616 Domini
1858 575 2116 618 ceruix.
3317 552 3319 554 ’
3482 599 3505 608 ..
3549 584 3575 616 ς
3601 587 3689 616 ....-

847 655 907 715 In
938 655 1070 714 sede
1097 655 1246 714 Petri
1273 655 1516 713 succedit
1560 652 1864 726 Zepbirino
1889 653 2171 722 Callistus,
2201 654 2426 712 Callisto
2458 663 2642 711 autem
2671 652 2937 722 urbanus,
2968 653 3186 712 urbano
3212 653 3434 728 Calpur-

917 751 1043 808 nius
1071 749 1395 817 Pontianus,
1412 747 1683 804 Pontiano
1711 749 1970 818 Anteros,
1998 750 2208 805 Antero
2249 746 2546 816 Fabianus,
2580 746 2821 803 Fabiano
2849 746 3161 816 Cornelius,
3183 747 3437 807 Cornelio

912 847 1134 914 Lucius,
1154 846 1325 904 Lucio
1345 843 1678 915 Stephanus.
1699 841 1978 916 Stephano
1991 850 2174 900 autem
2192 842 2404 907 Xistus,
2423 841 2582 900 Xisto
2604 856 2738 900 vero
2757 841 2816 901 S.
2837 840 3152 916 Dionysius.

857 940 975 998 Sub
1000 939 1161 996 Xisto
1187 937 1398 1011 patitur
1421 937 1608 994 Romae
1636 935 1970 993 Laurentius
1996 934 2251 993 Oscensis
2277 934 2573 1007 Hispanus.

849 1033 1030 1092 Toleti
1055 1031 1158 1088 sub
1187 1031 1329 1088 Xisti
1353 1045 1514 1103 papa:
1541 1030 1720 1103 legato
1747 1029 2046 1087 concilium
2079 1038 2422 1087 contractum
2449 1039 2557 1087 est.

645 1127 774 1186 263.
845 1127 905 1186 S.
936 1124 1182 1182 Celerina
1208 1123 1265 1180 in
1286 1123 1592 1191 Lusitania,
1614 1121 1865 1195 abneptis
1887 1121 1948 1178 L.
1974 1121 2219 1194 Pompeii
2240 1121 2502 1190 Cclerini,
2525 1137 2648 1194 qua:
2671 1120 2916 1194 exceptis
2937 1121 2990 1179 in
3013 1120 3430 1196 PortujSenensi

3611 1123 3750 1185 1οη.

919 1216 982 1276 S.
1014 1215 1265 1290 Torpetis
1291 1215 1395 1274 sub
1418 1213 1638 1273 Nerone
1666 1214 1926 1288 martyris
1954 1212 2131 1271 sacris
2159 1213 2428 1288 reliquiis,
2458 1212 2564 1271 l'uit
2590 1214 2806 1288 egregia
2834 1212 3038 1273 Christi
3069 1224 3393 1290 martyr.....

1715 1373 1976 1432 BIVABII
2009 1372 2587 1434 COMMENTARIUS.

495 1521 679 1578 Romae
699 1518 822 1574 item
841 1517 1456 1591 sanctorumptartyrum
1487 1515 1788 1591 saturnini,
1819 1524 1929 1573 etc.
1981 1515 2088 1591 Sed
2117 1507 2172 1572 Δ
2197 1516 2460 1591 memoria
2515 1513 2579 1591 S_.
2605 1514 2875 1591 Celerinte
2931 1517 2986 1591 in
3037 1517 3155 1591 Vita
3201 1517 3262 1576 S.
3289 1516 3572 1590 Torpetis,
3621 1534 3762 1591 quam

497 1591 627 1648 huic
657 1591 864 1646 auctori
893 1605 1010 1645 mos
1040 1600 1124 1646 est
1153 1589 1343 1646 Romae
1394 1589 1704 1660 ascribere,
1727 1602 1868 1660 quos
1897 1603 1964 1645 ex
1989 1589 2098 1646 lto-

500 1678 663 1720 mano
692 1661 1078 1734 Martyrologio
1107 1669 1328 1734 sanates
1365 1658 1470 1716 sibi
1515 1659 1669 1734 legit,
1715 1658 1772 1714 ut
1803 1660 1854 1714 in
1907 1660 2094 1734 multis

499 1734 620 1790 aliis
669 1730 905 1804 quorum
957 1730 1123 1789 urbes
1171 1733 1226 1788 in
1275 1732 1520 1788 Romano
1567 1730 1866 1787 reticentur
1912 1730 2096 1789 videre

503 1815 610 1863 1381.

576 1876 1021 1934 Persecutionem
1062 1873 1340 1932 Valeriani
1391 1873 1640 1929 eamdem
1690 1872 1821 1930 dicit
1866 1874 2092 1944 Dexter,

543 1964 626 2004 ua:
651 1951 752 2004 sub
782 1949 949 2004 Decio
969 1958 1146 2018 empta
1169 1957 1286 2018 est,
1314 1954 1482 2018 atque
1509 1945 1650 2018 adeo
1675 1947 1959 2016 septimam
2011 1962 2100 2002 or-

543 1964 626 2004 uze
651 1964 752 2004 suo
783 1964 949 2004 vecto
969 1964 1146 2018 empta
1179 1964 1286 2013 est,
1314 1964 1482 2016 atque
1509 1964 1645 2002 aueo
1675 1964 1959 2016 septimam
2011 1964 2095 2002 or-

503 1964 678 2076 ﬂine:
722 2021 814 2074 alii
849 2030 1028 2075 tamen
1073 2017 1269 2079 quibus
1297 2017 1516 2072 diversa
1565 2016 1801 2079 videtur,
1848 2025 2095 2073 octavam

505 2033 678 2076 mne:
722 2033 814 2074 atn
849 2033 1028 2075 tamen
1113 2033 1269 2074 lllDllS
1297 2033 1516 2072 diversa
1565 2033 1801 2079 videtur,
1848 2033 2095 2073 octavam

505 2100 846 2162 nuncupant.
875 2088 1036 2146 Certe
1064 2033 1428 2162 ﬂieronymus
1455 2087 1552 2162 Ψ).
1585 2087 1654 2162 de
1671 2087 1963 2162 Scriptxin
1993 2091 2099 2145 Me-

507 2157 722 2227 thodio',
754 2173 809 2218 et
839 2162 893 2218 in
927 2161 1036 2216 vita
1069 2161 1217 2216 Pauli
1272 2157 1431 2231 primi
1455 2157 1738 2231 Ercmitae,
1791 2157 1846 2216 et
1871 2159 2099 2228 Optatos

507 2234 606 2290 lib.
632 2237 667 2292 5
710 2249 872 2290 unam
897 2229 1538 2302 eamdemqnc’asserunt
1563 2229 1665 2285 sub
1697 2231 1954 2302 Decio_et
1997 2233 2101 2288 Va-

509 2305 765 2377 leriano;
788 2320 894 2377 qua
925 2303 994 2377 de
1022 2319 1084 2360 re
1116 2300 1234 2374 lege
1262 2302 1554 2377 Baroniutn
1595 2302 1653 2377 in
1684 2304 1828 2377 notis
1868 2300 2100 2359 Romani

510 2372 884 2450 Martyrologii
929 2375 996 2429 ad
1030 2377 1096 2433 lo
1123 2372 1350 2450 Augusti
1391 2373 1554 2450 lit._b.
1582 2372 1723 2450 Quae
1748 2374 1799 2450 in
1835 2382 1983 2429 textu
2009 2390 2100 2430 se-

551 2443 751 2503 uun'tur
801 2443 871 2503 de
920 2457 1073 2502 sexta
1129 2448 1234 2500 sub
1286 2445 1596 2510 Maximino,
1635 2443 1887 2499 videlicet
1925 2453 2100 2501 ortam

537 2516 684 2574 'uisse
730 2533 875 2574 anno
929 2517 1062 2583 259,
1089 2527 1347 2586 corrupta
1407 2516 1568 2570 nimis
1608 2526 1765 2570 erant
1813 2518 1864 2571 in
1913 2517 2100 2572 codice

513 2589 700 2646 Dextri
733 2589 1039 2659 impresso;
1073 2586 1148 2643 ibi
1175 2589 1317 2644 enim
1347 2587 1651 2658 legebatur:
1679 2586 1828 2659 Anno
1857 2605 1890 2642 a
1919 2587 2105 2642 Natali

511 2659 729 2716 Domini
756 2657 1103 2715 ducentesimo
1149 2657 1437 2730 trigesimo,
1469 2657 2103 2730 Septembris__secunda;

509 2746 634 2789 cum
667 2743 847 2787 tamen
869 2733 1092 2787 omnino
1115 2728 1399 2800 legendum
1425 2731 1518 2796 sit,
1544 2728 1683 2785 anno
1706 2747 1739 2784 a
1765 2728 1952 2784 Natali
1995 2730 2104 2785 Do-

510 2803 639 2857 mini
667 2803 816 2870 259;
848 2819 973 2858 nam
1007 2803 1209 2859 Dexter
1253 2802 1369 2873 ipse
1424 2801 1477 2857 id
1525 2802 1576 2857 in
1620 2803 1999 2872 superioribus
2027 2802 2106 2858 la-

509 2883 672 2932 tetttr.

657 2914 735 3002 ⁹1η
755 2945 875 3003 sede
900 2943 1067 3011 Petri,
1094 2953 1200 3000 etc.
1226 2942 1463 3001 Instituit
1487 2944 1591 3000 hoc
1619 2945 1742 3001 loco
1770 2945 1968 3000 seriem
2001 2945 2107 2999 Ro-
2134 2914 2184 2978 Β

510 3032 798 3074 manorum
819 3016 1134 3087 pontiﬁcum
1158 3016 1521 3087 abannol99,
1552 3031 1659 3086 quo
1689 3016 1756 3071 de
1776 3015 1993 3072 Victore
2006 3016 2109 3074 Ze-

510 3089 726 3160 pherini
757 3087 1160 3160 praedecessore
1208 3095 1394 3160 egerat
1446 3103 1618 3160 usque
1648 3087 1734 3160 Aad
1761 3087 2104 3158 Dionysium,

511 3157 606 3229 qui
653 3157 1127 3230 his'rtemporibus
1182 3157 1415 3230 regebat
1446 3157 1785 3230 Ecclesium:
1843 3157 2108 3215 consonat

511 3244 646 3286 vero
685 3229 854 3286 series
882 3230 998 3285 haec
1027 3229 1354 3284 omnimodis
1405 3229 1490 3284 his
1519 3244 1656 3298 quas
1697 3231 1881 3284 caeteri
1915 3241 2105 3286 aucto-

512 3314 604 3356 res
638 3301 936 3357 conﬁciunt
960 3299 1108 3355 Vitas
1150 3303 1498 3357 Summorum
1529 3299 1855 3356 Pontiﬁcum
1900 3303 2105 3357 descri-

511 3371 737 3442 bentes,
778 3386 916 3442 quos
941 3372 1198 3426 consulas
1242 3371 1402 3428 velim
1428 3411 1447 3441 ,
1505 3387 1629 3428 nam
1657 3371 1727 3428 de
1768 3388 1830 3429 re
1859 3373 2024 3442 lacili,
2050 3383 2106 3430 et

515 3452 666 3500 certa
692 3441 822 3500 nihil
853 3443 1094 3499 scribere
1123 3443 1300 3498 libuit.

586 3516 642 3570 4.
673 3514 785 3570 Sub
811 3513 987 3579 Xisto,
1019 3525 1126 3569 etc.
1155 3513 1272 3569 Non
1301 3523 1386 3570 est
1413 3528 1632 3582 sensus,
1664 3514 1805 3584 quod
1830 3513 1933 3570 hoc
1961 3529 2105 3572 anno

513 3584 626 3642 260
651 3586 912 3657 martyrio
953 3596 1246 3641 coronatus
1292 3587 1361 3642 sit
1400 3585 1456 3642 S.
1488 3585 1831 3653 Laurentius,
1862 3586 1956 3642 sed
1980 3601 2102 3642 cum

517 3657 588 3712 dc
618 3657 677 3712 S.
708 3655 866 3714 Xisto
901 3659 1107 3713 mentio
1151 3658 1325 3725 ﬁeret,
1355 3657 1473 3726 ejus
1507 3658 1792 3713 occasione
1816 3657 1885 3712 de
1914 3668 2104 3713 sancto

516 3726 817 3800 Laurentio
843 3728 1102 3800 scriptum
1126 3737 1229 3785 est.
1261 3729 1443 3800 Neque
1467 3729 1619 3800 enim,
1645 3728 1802 3784 dicit:
1828 3728 1945 3784 Hoc
1965 3745 2104 3784 anno

515 3799 744 3871 patitur,
788 3799 874 3854 vel
929 3800 1200 3866 absolute,
1236 3800 1443 3855 Patitur
1497 3800 1558 3858 S.
1593 3799 1938 3869 Laurentius,
1970 3809 2102 3866 etc.,

513 3870 634 3944 sed,
665 3870 759 3944 sub
790 3871 942 3926 Xisto
967 3871 1181 3940 patitur,
1203 3884 1335 3944 etc.,
1387 3882 1444 3928 ut
1472 3873 1588 3928 ltu-c
1619 3873 1779 3944 verba
1811 3872 2107 3944 superiori,-

517 3942 620 4015 l_t_ns
654 3943 733 3997 sic
777 3944 1194 4015 conjungantur,
1225 3943 1379 4000 Xisto
1423 3961 1539 3999 vero
1570 3944 1630 4000 S.
1662 3942 1968 4015 Dionysius.
1993 3943 2104 4001 Sub

517 4012 672 4069 Xisto
715 4015 917 4085 patitur
955 4013 1017 4069 S.
1051 4013 1382 4085 Laurentius,
1428 4024 1572 4082 ctc.;
1623 4025 1680 4070 et
1726 4012 1979 4072 similiter
2018 4030 2108 4071 se-

517 4085 774 4153 quentia:
820 4083 988 4160 Toleti
1012 4086 1104 4140 sub
1126 4085 1177 4141 X
1183 4087 1269 4141 isti
1295 4083 1638 4160 paprelegato
1664 4085 1954 4160 concilium
1972 4103 2106 4160 _con-

520 4163 746 4211 tractum
784 4167 881 4213 est.
913 4154 1047 4211 Nam
1076 4173 1142 4211 eo
1173 4154 1305 4226 ipso'
1327 4154 1470 4226 quod
1518 4154 1632 4212 haec
1654 4159 1756 4212 sub
1781 4156 1938 4214 Xism
1965 4157 2104 4213 facta

519 4235 677 4292 sunt,
717 4226 798 4293 ﬁt,
841 4235 900 4282 ut
927 4237 1055 4283 ante
1080 4243 1278 4283 annum
1308 4229 1416 4286 260
1444 4227 1757 4284 acciderint.
1789 4229 1943 4296 Quod
1973 4242 2105 4282 vero

2203 1586 2734 1664 habetblombritius
2772 1601 2905 1664 tom.
2930 1589 3001 1663 ll,
3031 1598 3088 1646 et
3115 1590 3371 1664 Rabanus
3401 1586 3452 1646 in
3475 1586 3765 1664 Martyrolo-

2201 1659 2290 1730 gio
2341 1675 2394 1715 tv
2423 1658 2533 1714 kal.
2562 1661 2768 1730 Aprilis
2798 1661 2918 1731 ejus
2965 1658 3377 1718 conversionem
3431 1672 3485 1716 ct
3523 1658 3634 1718 acta
3663 1663 3764 1722 fuse

2201 1733 2566 1800 prosequitur.
2605 1733 2887 1804 Equilinus
2919 1733 3015 1787 lib.
3043 1748 3094 1800 ν,
3129 1749 3251 1800 cap.
3283 1734 3340 1799 8,
3375 1741 3496 1804 post
3525 1739 3766 1792 narratio-

2202 1816 2326 1876 nem
2380 1805 2627 1876 martyrii
2651 1803 3018 1876 S._'l‘orpctis,
3070 1804 3213 1873 apud
3254 1803 3408 1859 Pisas
3437 1804 3638 1861 Tusciae
3685 1822 3764 1861 ur-

2202 1873 2349 1938 bem,
2371 1873 2680 1948 subiungit:
2715 1873 3064 1948 Ejus'corpus
3084 1876 3139 1930 in
3177 1876 3418 1948 navicula
3447 1877 3642 1948 cariosa
3665 1893 3766 1932 cum

2205 1959 2333 1998 cane
2358 1955 2405 1999 et
2433 1945 2588 2020 gallo
2603 1947 2657 2000 in
2684 1945 2828 2000 mare
2856 1948 3151 2020 exponitur,
3176 1958 3232 2001 ut
3262 1947 3342 2020 uel
3385 1964 3417 2000 ιι
3447 1947 3611 2002 bestiis
3638 1950 3767 2003 rode-

2202 2025 2367 2090 retur,
2414 2017 2494 2090 vel
2519 2020 2582 2090 in
2594 2034 2735 2072 mare
2752 2017 3105 2090 mergeretur;
3134 2019 3319 2090 angelo
3347 2027 3515 2074 tamen
3541 2020 3670 2090 duce
3685 2037 3767 2074 na-

2201 2088 2372 2141 vicula
2414 2088 2484 2140 ad
2528 2088 2849 2155 Hispaniam
2872 2088 3114 2144 'devenit.
3159 2088 3230 2143 Et
3286 2107 3321 2145 a
3357 2091 3600 2144 senatrice
3637 2089 3767 2146 Chri-

2202 2159 2374 2234 stiana
2421 2158 2941 2234 Celerina‘nomine,
2991 2176 3121 2234 gate
3157 2161 3306 2234 regni
3343 2162 3612 2215 dimidium
3655 2163 3770 2234 obtie

2204 2230 2374 2293 nebat,
2427 2231 2480 2284 in
2519 2231 2714 2286 somnis
2764 2230 3014 2288 divinitus
3055 2230 3344 2302 admonita,
3403 2249 3586 2302 corpus
3626 2233 3767 2288 sancti

2202 2303 2463 2374 reperitur
2507 2302 2560 2356 in
2606 2316 2759 2373 portu
2788 2305 2878 2374 qui
2919 2303 3110 2358 dicitur
3142 2301 3342 2374 Sinos:
3383 2314 3432 2359 et
3449 2301 3603 2374 juxta
3643 2303 3767 2360 littus

2203 2370 2487 2444 hancrift'ce
2531 2370 2777 2438 sepelitur
2801 2370 2893 2430 ivr
2940 2374 3150 2430 kalend.
3191 2373 3370 2429 Junii.
3440 2370 3537 2431 Ubi
3566 2385 3768 2444 postmo-

2204 2444 2328 2497 dum
2377 2443 2619 2518 Ecclesia
2667 2447 2885 2518 desuper
2924 2463 3022 2501 suo
3082 2447 3288 2501 nomine
3329 2443 3625 2518 fabricatur.
3675 2444 3766 2501 Fe-

2203 2524 2340 2588 stum
2391 2518 2506 2588 ejus
2549 2516 2631 2571 die
2673 2516 2841 2588 ipsius
2871 2518 3206 2588 depositionis
3235 2518 3448 2588 ibidem
3487 2517 3762 2573 celebratur.

2205 2584 2286 2641 De
2325 2584 2615 2643 sanctitate
2636 2584 2766 2644 vero
2792 2584 3058 2643 Celerinze
3087 2587 3204 2644 haec
3233 2586 3405 2645 habet
3433 2589 3698 2646 Galesinus
3723 2589 3764 2641 in

2207 2656 2614 2732 Martyrologio,
2652 2658 2745 2732 die
2785 2661 2850 2715 17
2881 2661 3001 2714 Maii
3041 2677 3053 2713 :
3083 2657 3151 2712 In
3176 2659 3445 2732 Hispania
3475 2672 3658 2715 sancta:
3688 2658 3768 2714 Ce-

2207 2726 2405 2803 lerin‘in,
2438 2726 2554 2801 qua:
2582 2731 2724 2803 illius
2755 2732 3035 2803 provincia:
3055 2732 3234 2803 regina
3267 2726 3548 2803 (regulam
3578 2746 3665 2787 seu
3692 2745 3767 2803 se-

2207 2799 2470 2872 ngltricem
2501 2799 2767 2872 intelligo)
2795 2803 2967 2856 studio
2992 2799 3322 2872 inﬂammata
3349 2799 3647 2859 Christiana:
3663 2799 3769 2856 reli-

2208 2871 2396 2948 gionis,
2429 2889 2542 2927 cum
2565 2871 2944 2948 alta’p’ieegit,
3001 2871 3112 2948 tum
3142 2875 3298 2948 regiis
3346 2874 3525 2948 apibus
3553 2875 3768 2948 templum

2212 2892 2396 2944 gronts,
2429 2892 2542 2927 cum
2565 2892 2674 2926 aua
2714 2892 2796 2945 pte
2818 2892 2847 2929 e
2886 2892 2944 2939 tt,
3001 2892 3112 2927 tum
3142 2892 3298 2998 τῖριη
3346 2892 3525 2948 aptous
3553 2892 3768 2944 (emptura

2212 2943 2432 3017 miri/iga
2477 2959 2628 3014 apere
2663 2892 3046 3014 aediﬁcatum
3067 2943 3131 2998 Β.
3206 2948 3399 3014 orpetis
3440 2947 3668 3017 martyris
3688 2961 3769 2997 no-

2210 3011 2347 3068 mine
2371 3011 2483 3089 Deo
2511 3011 2763 3089 dicatum,
2791 3011 3238 3089 perpetuitatem:
3264 3011 3474 3089 pietatis
3497 3011 3768 3089 monumen-

2211 3093 2342 3152 tum,
2374 3085 2606 3157 reliquit.
2633 3085 3013 3143 Przemiserat:
3045 3087 3183 3142 Pisis
3203 3085 3274 3141 in'
3289 3088 3476 3144 Tuscia
3501 3088 3560 3145 S.
3592 3086 3769 3157 Torpe-

2209 3157 2298 3221 tis,
2347 3156 2496 3227 cujus
2526 3156 2636 3211 dies
2690 3158 2881 3213 natalis
2931 3174 2988 3214 ttt
3017 3157 3122 3212 kal.
3153 3157 3310 3227 Maii,
3359 3161 3455 3214 hoc
3501 3168 3658 3215 autem
3695 3156 3769 3212 die

2209 3227 2479 3281 translatio
2518 3243 2636 3299 quae
2693 3230 2744 3282 in
2787 3228 3102 3301 Hispaniam
3128 3229 3530 3295 admirabiliter.
3579 3246 3633 3284 eo
3671 3230 3768 3301 ipso

2207 3314 2366 3372 anno,
2393 3314 2492 3368 quo
2511 3297 2821 3372 martyrium
2865 3300 3022 3365 obiit,
3069 3301 3207 3369 facta
3252 3313 3371 3369 est,
3404 3297 3767 3372 cele'braturilu

2206 3368 2362 3424 Notis
2411 3385 2542 3426 vero
2586 3368 2778 3428 asserit
2811 3388 3030 3441 passum
3063 3368 3420 3430 l'uissc'anno
3465 3372 3662 3429 Domini
3689 3370 3766 3425 δι.

2210 3441 2409 3518 Denter
2459 3456 2654 3512 praeter
2679 3443 2944 3498 Celerius:
2974 3445 3252 3518 pietatem,
3288 3441 3766 3518 martyriotandetn

2207 3512 2410 3566 obiisse
2438 3523 2680 3579 annotat;
2706 3525 2898 3578 esmue
2923 3512 3060 3570 satis
3086 3515 3409 3585 verisimile,
3435 3512 3578 3582 'quod
3595 3514 3769 3570 nobilis

2207 3585 2424 3656 mulier,
2455 3601 2574 3655 quae
2616 3596 2720 3640 tam
2747 3586 2958 3654 publice
2984 3585 3354 3642 Christianam
3389 3589 3546 3644 ﬁdem
3575 3585 3770 3656 proﬁte-

2207 3655 2382 3719 batur,
2418 3667 2642 3726 urgente
2680 3657 3342 3729 Neronispersecutione,
3373 3661 3440 3714 ad
3474 3655 3766 3729 supplicium

2207 3725 2537 3795 raperetur,
2589 3725 3026 3800 quandoquidem
3080 3728 3213 3784 nulli
3265 3725 3587 3800 parcebatur
3629 3725 3767 3800 Chri-

2206 3800 2406 3860 stiano,
2457 3808 2511 3853 et
2543 3800 2709 3854 multo
2740 3798 2923 3856 minus
2955 3801 3244 3871 nobilibus,
3267 3798 3473 3874 'utpote
3499 3800 3588 3874 qui
3626 3798 3766 3855 ﬁdem

2208 3883 2528 3939 promovere
2557 3878 2823 3938 poterant.

2278 3941 2431 4006 Quod
2464 3942 2529 3996 ad
2559 3937 2772 3997 nomen
2801 3942 3072 3999 Celerime
3121 3953 3354 4010 spectat.
3389 3945 3550 3999 fuisse
3575 3941 3694 3996 olim
3721 3937 3765 3993 in

2208 4011 2460 4067 Callaecia
2509 4029 2676 4082 supra
2706 4013 3040 4080 Gronnicos,
3088 4024 3143 4069 et
3179 4015 3501 4080 Braccaras,
3530 4011 3765 4082 quosdam

2211 4085 2565 4156 populosam
2598 4084 2829 4140 Celerini
2878 4086 3353 4156 nuncnpabantur,
3387 4098 3630 4142 auctores
3653 4087 3769 4156 sunt

2209 4153 2420 4208 Plinius
2442 4152 2536 4210 lib.
2560 4156 2616 4223 5,
2637 4165 2694 4210 et
2713 4157 3038 4212 Ptolomaeus
3063 4152 3116 4212 in
3145 4159 3330 4213 tabula
3365 4152 3767 4227 llispaniteTar-

2209 4229 2545 4298 raeonensis,
2575 4230 2664 4298 qui
2693 4229 2889 4283 asserit
2915 4244 3012 4284 eos
3037 4229 3103 4283 ad
3132 4231 3311 4284 Avum
3340 4223 3560 4284 ﬁuvium
3602 4223 3768 4298 (hodie

521 4298 720 4353 dicitur
776 4297 1098 4353 Laurentius
1147 4315 1337 4368 passus
1382 4300 1482 4354 sub
1531 4300 1706 4362 Xisto,
1751 4293 1832 4355 ita
1872 4297 2172 4369 intelligiC
2206 4295 2334 4369 Avia
2359 4293 2906 4366 dictttm)'habitasse.
2939 4299 3092 4356 Dicta
3127 4312 3416 4369 propterea
3461 4293 3769 4369 videturCcv

521 4379 756 4444 Oportet,
812 4379 869 4423 ut
924 4369 1028 4444 sub
1074 4369 1199 4444 ejus
1245 4372 1561 4444 episcopatu
1604 4383 1732 4425 ante
1767 4373 2102 4444 successoris

522 4439 850 4512 electionem
907 4443 1116 4512 occisus
1175 4439 1366 4509 fuerit;
1423 4439 1528 4497 non
1581 4451 1760 4498 tamen
1788 4442 1928 4512 quod
1958 4443 2101 4498 illius

522 4510 628 4565 vita
660 4510 889 4567 durante
911 4511 1233 4567 Laurentius
1254 4513 1422 4570 vitam
1448 4529 1569 4569 cum
1603 4525 1774 4570 morte
1804 4510 2104 4569 commuta-

519 4582 679 4639 verit.
706 4581 842 4638 Vide
864 4583 1066 4639 etiama
1087 4584 1283 4640 Dextro
1307 4586 1614 4650 delinitum,
1639 4584 1988 4641 Laurentium
2003 4585 2104 4642 sub

526 4653 835 4727 Valeriano
873 4669 1116 4727 passum,
1149 4671 1254 4711 non
1299 4658 1404 4711 sub
1450 4657 1636 4723 Decio,
1689 4659 1743 4712 in
1798 4673 1906 4727 quo
1951 4657 2105 4712 multi

529 4724 838 4780 hallucinati
863 4725 1030 4782 multa
1062 4728 1348 4794 scripsere.
1375 4729 1481 4786 Sed
1507 4730 1574 4784 de
1595 4745 1655 4783 ea
1686 4745 1744 4785 re
1773 4724 1988 4783 abunde
2015 4744 2100 4782 sa-

527 4795 618 4856 tis.
651 4810 716 4852 ac
741 4795 1018 4868 subtiliter
1041 4799 1259 4868 scripsit
1300 4800 1450 4855 card.
1482 4800 1750 4856 Baronius
1781 4801 1832 4856 in
1857 4799 2011 4856 Notis
2038 4798 2106 4854 ad

531 4867 600 4923 10
616 4872 747 4938 Aug.
767 4867 995 4943 Romani
1017 4867 1405 4942 Martyrologii,
1434 4872 1521 4926 ubi
1541 4871 1855 4943 Catalogum
1887 4871 2110 4927 conﬁcit

527 4955 716 4994 eorum
747 4941 842 5010 qui
861 4939 932 5015 S._
957 4939 1232 5015 Laurentii
1266 4939 1517 5015 martyris
1542 4939 2104 4999 landes'cecinerunt:

526 5025 657 5080 quas
720 5020 779 5066 ut
822 5013 1131 5086 notissimas
1183 5013 1555 5083 praetermitto.
1592 5015 1829 5086 Consule
1873 5031 1994 5086 qua:
2042 5014 2110 5071 de

525 5087 645 5168 eius
669 5083 979 5168 parentibus
999 5084 1317 5168 scripsimus
1343 5085 1794 5168 ithuperioribus
1814 5083 2109 5168 ad‘annum

525 5152 798 5215 248.‘ubi
849 5155 918 5210 de
966 5152 1198 5212 concilio
1236 5157 1330 5212 illo
1372 5152 1636 5215 Tolétano
1675 5173 1738 5214 ex
1788 5159 2114 5213 auctoritate

525 5226 587 5307 S_.
644 5225 909 5282 Vincentii
965 5225 1205 5284 Ferrerii
1247 5237 1304 5285 et
1352 5229 1584 5286 aliorum
1641 5231 1899 5287 nonnulla
1952 5239 2110 5285 nota-

517 5311 715 5354 vimus.

597 5373 663 5424 A.
697 5367 761 5428 ϐ.
787 5368 918 5427 265.
944 5398 1017 5442 τ·-
1044 5369 1242 5428 Sancta
1286 5370 1556 5438 Celerina,
1613 5383 1720 5430 etc.
1771 5369 2116 5442 Subintelligi

527 5450 767 5515 oportet,
797 5453 889 5515 aut
933 5441 1115 5498 forsan
1151 5443 1203 5498 in
1235 5443 1425 5500 codice
1446 5443 1623 5509 deest,
1652 5447 1804 5515 ﬂoret
1833 5441 2115 5498 miraculo-

527 5528 646 5586 runt
685 5511 876 5586 gloria,
923 5515 1193 5586 autigquid
1255 5516 1452 5580 simile.
1499 5531 1620 5570 cum
1653 5511 1812 5572 'euim
1863 5519 1917 5571 in
1968 5524 2117 5570 textu

531 5582 735 5640 vixisse
775 5585 986 5640 dicatur
1009 5582 1242 5640 Neronis
1293 5597 1557 5657 tempore,
1610 5587 1953 5644 manilestnm
2010 5595 2114 5652 est,

531 5669 868 5727 nequaquam
890 5671 1047 5729 “esse
1093 5657 1433 5729 referendam
1463 5659 1580 5729 ejus
1611 5669 1838 5715 mortem
1899 5661 1963 5714 ad
1997 5657 2114 5715 haec

530 5734 796 5806 tempora,
825 5727 1030 5806 scilicet
1057 5728 1352 5806 adannum
1385 5727 1602 5806 Domini
1626 5730 1871 5806 265,_scd
1903 5746 2108 5806 memo-

521 5798 661 5855 riam
708 5807 767 5856 et
793 5798 1020 5874 gloriam
1069 5801 1454 5860 miraculorum
1505 5801 1693 5876 ipsius.
1725 5802 1974 5864 Celebris
2023 5811 2108 5860 est

2204 4367 2374 4424 lerina
2402 4371 2468 4425 ab
2497 4369 2556 4424 L.
2582 4369 2842 4436 Pompeio
2867 4367 3140 4435 Celerino,
3184 4367 3347 4439 cujus
3377 4383 3495 4428 erat
3522 4367 3768 4438 abneptiS.

2205 4442 2284 4494 sic
2313 4439 2483 4507 dicto,
2516 4452 2574 4494 ut
2621 4442 2806 4512 credo,
2857 4457 2886 4497 a
2934 4443 3256 4513 perdomitis
3285 4443 3568 4500 Celerinis.
3599 4439 3770 4513 Fuisse

2207 4527 2336 4567 vero
2367 4513 2748 4584 Pompeiorum
2773 4511 2997 4584 stirpem
3030 4517 3082 4570 in
3115 4514 3370 4582 Hispania
3400 4513 3532 4570 illud
3558 4511 3770 4584 convin:

2205 4575 3770 4676 εξιν,.ει,·,·ιε¹ζ,ξ⁵1ἑηέξξξ,εὀεζεεξῑίιΑῬξὲιιὶείριιιῑῖεξιειιὶιέ

2208 4655 2463 4729 nimirum
2491 4669 2615 4710 cum
2651 4657 2922 4726 Hispanias
2965 4655 3529 4729 citerioris'princeps
3553 4655 3773 4729 existens

2210 4725 2420 4799 horreis
2448 4730 2562 4781 suis
2589 4724 2916 4783 ventilandis
2931 4724 3582 4799 praesideret,‘correptus
3599 4724 3771 4799 dolore

2210 4797 2490 4872 podagras,
2514 4799 2703 4855 mersit
2726 4799 2779 4854 in
2805 4795 3038 4855 triticum
3068 4815 3190 4855 sese
3212 4815 3380 4872 super
3406 4813 3598 4869 genua,
3647 4795 3775 4851 leva-

2212 4881 2408 4940 tusque
2450 4870 2664 4926 siccatis
2712 4872 2939 4937 pedibus
2991 4872 3221 4926 mirabili
3263 4870 3446 4934 modo,
3495 4885 3558 4924 eo
3603 4875 3769 4940 ρρςιω

2211 4937 2455 4997 remedio
2478 4957 2607 4998 usus
2633 4951 2737 4998 est.
2771 4943 2981 4999 Primus
3003 4944 3383 5012 Pompeiorum
3408 4940 3502 5013 qui
3529 4943 3580 4995 in
3606 4937 3775 5013 Hispa-

2213 5016 2358 5092 niam
2412 5014 2622 5092 trajecit
2665 5014 2765 5070 l‘uit
2788 5015 2854 5081 ρ.
2885 5009 3172 5086 Pompeius
3201 5023 3399 5092 coiitra
3428 5009 3776 5092 Numantinos

2213 5082 2527 5162 missus,ah
2557 5082 3363 5162 eisquesuperatusturpemet
3386 5082 3773 5162 ignomiuigtsgm

2215 5171 2401 5231 pacem
2423 5147 2575 5231 fecit,
2591 5147 3044 5231 ut'rel‘ert'lt‘lorns
3060 5158 3152 5231 lib.
3169 5147 3226 5212 it.
3245 5157 3374 5231 Ejus
3393 5147 3562 5231 nepos
3581 5147 3774 5231 luitCn.

2217 5225 2506 5300 Pompeius
2522 5227 2764 5300 Magnus,
2781 5229 2870 5300 qui
2883 5238 3071 5284 contra
3089 5228 3393 5286 Sertorium
3417 5229 3470 5284 in
3484 5225 3774 5294 Hispaniam

2219 5298 2493 5376 profectus
2515 5298 2714 5355 Metelli
2744 5298 2919 5376 copiis
2943 5300 3395 5376 s_esc_conju_nsit,
3421 5309 3648 5376 eumque
3665 5303 3776 5376 cun]

2219 5368 2329 5424 tota
2363 5371 2594 5426 [actione
2621 5368 2856 5426 sustulit.
2880 5371 3045 5442 Cujus
3064 5368 3208 5428 ﬁlius
3233 5373 3328 5428 Cn.
3357 5372 3486 5442 item
3509 5368 3779 5442 Pompei!”

2220 5443 2361 5510 apud
2391 5442 2642 5520 Mundam
2655 5438 3176 5520 ΔΙὶἱειιιιιιίτιέιιι-ιιειιι
3225 5441 3464 5520 terrestri
3494 5438 3674 5520 praelia
3697 5447 3779 5520 stt-

2220 5506 2439 5587 peratns
2485 5514 2602 5570 luit.
2655 5506 3037 5587 Pompeiorum
3079 5513 3251 5587 igitur,
3287 5513 3462 5587 fausta
3495 5506 3699 5587 'proleg

2221 5577 2468 5663 Celerina
2522 5587 2662 5663 iuit,
2734 5577 3170 5663 quaeureliquiiis
3200 5577 3596 5663 _S._'l‘orpétis
3645 5577 3779 5663 Sinis

2225 5660 2455 5729 excepit.
2519 5648 2713 5716 Exstat
2753 5648 3048 5730 'hodiequé
3093 5658 3152 5730 in
3200 5648 3477 5730 Lusitania
3499 5709 3506 5721 η,
3536 5648 3777 5727 oppidum

2216 5728 2415 5802 ipsum,
2471 5747 2668 5788 nomen
2691 5728 2974 5802 antiquum
3004 5728 3265 5802 retinens,
3309 5728 3380 5802 ad
3427 5738 3578 5782 oram
3627 5731 3780 5779 maris

2209 5801 2435 5874 Oceani,
2461 5812 2622 5878 portu
2643 5812 2702 5861 et
2727 5799 3026 5878 piscatione
3045 5801 3177 5861 satis
3204 5799 3439 5860 celebre.
