4114 6338
405 384 514 444 635

1448 387 1680 448 FLAVI!
1717 389 1901 450 LUClI
1940 390 2201 450 DEXTRI
2239 391 2656 455 CllRONlCON.

399 503 531 564 ΔΩ.
551 503 677 565 500.
754 502 976 563 Volucae
997 518 1167 579 prope
1189 505 1536 563 Numantiam
1565 516 1750 564 sancta
1777 507 2018 565 Victoria
2039 523 2162 566 cum
2182 510 2366 568 sociis.

3607 408 3716 468 654

3332 581 3344 589 ,
3397 519 3710 580 Δ.Β.1051.

757 596 908 656 Asta:
930 598 985 656 in
1008 598 1267 670 Hispania
1299 601 1514 658 Bmtica:
1528 601 1588 660 S.
1618 600 1901 658 Secundus
1926 611 2135 676 martyr
2161 603 2382 660 colitur.

759 693 911 752 Oreti
942 695 996 750 in
1025 694 1285 767 Hispania
1307 695 1703 753 Tarraconensi
1757 695 1815 754 S.
1846 695 2163 768 Spiridion,
2214 698 2363 770 prius
2401 696 2697 773 episcopus
2725 698 3026 760 Toletanus
3051 741 3067 772 ,
3118 702 3213 777 qui
3253 719 3357 779 pro

826 786 1031 845 Christi
1054 790 1274 846 nomine
1295 791 1512 863 egregie
1539 791 1819 862 pugnavit.

753 881 963 955 llipulae
984 885 1038 939 in
1071 883 1324 955 Hispania
1353 895 1572 941 sanctus
1598 883 1903 941 Restitutus
1950 886 2034 957 (ut
2071 885 2338 960 creditur)
2375 890 2702 963 presbyter;
2744 893 3004 966 magister
3031 893 3276 954 Castoris
3299 907 3358 957 et

823 979 1099 1034 sociorum
1129 978 1528 1036 Cantabrorum
1560 980 2022 1051 Lapidicinarum.
2055 982 2152 1038 llic
2169 993 2224 1038 et
2248 983 2532 1057 Crispulus
2562 988 2788 1061 Martyr,
2821 997 2878 1046 et
2911 989 3246 1062 Restitutus,
3281 993 3354 1051 de

827 1085 935 1139 quo
955 1069 1160 1126 dudum
1192 1071 1525 1141 dixeramus,
1553 1069 1917 1127 interfuerunt
1944 1073 2173 1128 concilio
2202 1073 2543 1130 lliberritano
2573 1077 2629 1132 in
2659 1077 2880 1134 Baetica.

748 1161 1029 1219 Patavonii
1051 1164 1106 1218 in
1130 1164 1420 1221 Asturibus
1439 1163 1818 1236 gloriosissimi
1859 1163 2062 1221 Christi
2085 1174 2355 1238 martyres
2381 1165 2733 1240 Saturninus,
2763 1168 2936 1240 Felix,
2961 1170 3291 1232 Fortunatus
3311 1216 3328 1246 ,

832 1263 889 1312 et
916 1256 1010 1312 alii
1039 1257 1176 1313 socii
1205 1268 1499 1331 martyres.

751 1345 898 1406 Urbe
921 1347 1179 1404 Heraclea
1209 1349 1266 1406 in
1294 1348 1461 1422 Calpe
1493 1350 1767 1424 Hispania:
1796 1359 1984 1408 sancta
2012 1351 2175 1410 Lucia
2204 1362 2437 1427 martyr.

745 1444 1093 1516 Argenteolae
1119 1445 1175 1502 in
1203 1447 1490 1504 Asturibus
1517 1447 1692 1506 sancti
1719 1447 1921 1506 Christi
1953 1460 2221 1525 martyres
2250 1451 2583 1512 Saturninus
2606 1497 2623 1525 ,
2654 1453 2990 1528 Theophilus
3009 1495 3028 1529 ,
3081 1465 3138 1516 et
3169 1455 3348 1517 Revo-

831 1547 952 1596 cata
977 1553 1080 1611 pro
1102 1539 1320 1599 Christo
1349 1541 1521 1614 passi.

1621 1637 1880 1695 BlVARll
1917 1639 2490 1701 COMMENTARIUS.

384 1774 565 1856 sulatu
610 1774 759 1856 illam
805 1774 983 1832 Toleti
1033 1777 1311 1856 genuisse,
1359 1790 1658 1856 ne-se_nem
1703 1776 1996 1856 admodum
2026 1784 2073 1845 Α
2103 1778 2269 1856 igitur
2295 1780 2362 1835 ad
2389 1781 2513 1856 auri
2535 1781 2622 1838 vel
2651 1783 2859 1856 argenti
2887 1784 3102 1840 fodinas
3131 1783 3398 1842 Oretanas
3419 1785 3708 1847 damnatus

384 1846 559 1918 ipsam
589 1849 854 1920 virginem
887 1846 1129 1920 martyrii
1159 1857 1402 1920 tempore
1433 1847 1708 1904 faciamus.
1731 1849 1836 1904 Sed
1861 1849 1998 1920 nihil

384 1921 585 1974 mirum
622 1936 668 1974 st
719 1919 788 1976 60
817 1919 1228 1990 aniiuttragetis
1264 1919 1625 1984 Occiderctur,
1670 1935 1792 1974 nam
1836 1920 1904 1975 de
1937 1919 1996 1976 S.

382 1991 674 2056 Apollonia
724 2003 907 2046 uotum
947 2003 1050 2056 est,
1104 2007 1292 2048 senem
1339 1993 1473 2047 satis
1519 1994 1756 2047 occisam
1806 1992 1993 2047 fuisse.

379 2061 749 2118 Nihilominus
778 2063 1104 2118 crediderim
1134 2073 1337 2130 patrem
1368 2073 1422 2118 et
1451 2063 1619 2117 lilium
1647 2063 1852 2118 eisdem
1901 2079 2000 2118 no-

381 2133 952 2205 minibusinsigoitos,
978 2145 1034 2190 et
1059 2138 1396 2191 consulatum
1422 2137 1559 2204 patri
1591 2134 1994 2189 ascribendum.

454 2205 542 2261 50.
602 2204 838 2274 Volnera,
879 2215 983 2261 etc.
1018 2208 1146 2276 Ejus
1193 2206 1340 2261 urbis
1381 2205 1633 2261 meminit
1669 2207 1997 2261 Ptolommus

379 2275 438 2332 in
480 2278 738 2333 Arevacis
771 2293 939 2348 prope
981 2275 1346 2343 Numantiam,
1397 2286 1454 2332 ut
1487 2279 1683 2348 opinor
1712 2276 1992 2348 Berlanga.

379 2349 592 2418 Corpus
640 2364 771 2404 vero
816 2349 1146 2406 beatissimze
1195 2349 1418 2419 virginis
1457 2364 1521 2404 ac
1568 2352 1823 2419 martyris
1876 2349 1998 2403 Vic-

381 2419 759 2492 torizcidebito
791 2421 998 2476 honore
1039 2421 1272 2492 quiescit
1313 2422 1368 2475 in
1403 2421 1632 2475 ecclesia
1675 2419 1994 2492 metrOpoli-

381 2499 507 2546 tana
549 2491 838 2562 Burgensi.
884 2491 1082 2548 Errore
1123 2502 1302 2548 autem
1330 2492 1475 2562 vulgi
1511 2493 1772 2547 hactenus
1801 2491 1994 2546 crede-

380 2563 546 2619 batur
569 2561 677 2618 una
705 2579 772 2619 ex
819 2567 1103 2620 sororibus
1144 2574 1347 2619 sauctm
1381 2561 1594 2621 Ursulm
1619 2603 1634 2625 .
1667 2577 1730 2618 ac
1760 2563 1866 2616 tilia
1899 2577 1994 2618 cu-

371 2632 592 2704 jusdam
623 2635 796 2706 reguli
829 2636 1001 2692 Siculi
1032 2645 1088 2691 et
1117 2637 1173 2691 S.
1203 2635 1502 2703 Gerasinte,
1534 2650 1657 2705 qua:
1685 2635 1794 2688 duo
1825 2649 1992 2699 repu-

379 2715 550 2775 gnant
595 2707 739 2762 inter
773 2722 852 2764 se.
897 2706 1028 2761 Nam
1067 2709 1230 2763 socia:
1266 2706 1326 2763 S.
1370 2706 1578 2760 Ursula:
1619 2721 1809 2762 omnes
1839 2715 1994 2762 erant

380 2793 452 2849 ex
483 2777 678 2848 majori
705 2777 1003 2842 Britannia,
1036 2794 1131 2834 seu
1164 2779 1376 2849 Anglia,
1408 2793 1530 2846 quae
1564 2778 1724 2847 longo
1752 2792 1780 2830 a
1809 2776 1990 2832 Sicilia

380 2847 551 2904 distat
576 2847 868 2906 intervallo
899 2858 1058 2906 teme
1085 2866 1150 2906 ae
1189 2847 1377 2905 maris.
1408 2850 1587 2917 Quare
1614 2851 1705 2918 qui
1738 2855 1990 2918 parentes

377 2920 642 2993 dicuntur
663 2921 723 2978 S.
748 2921 1006 2978 Victoria:
1030 2927 1248 2978 luerunt
1274 2922 1431 2993 simul
1464 2923 1517 2974 in
1543 2923 1803 2993 martyrio
1827 2920 1985 2983 socii,

374 2992 450 3064 de
474 2993 674 3062 quibus
701 2995 812 3064 agit
843 2994 948 3048 hoc
979 2994 1106 3049 loco
1139 2995 1356 3048 Dexter.
1390 2991 1612 3047 Festum
1649 2991 1888 3064 ipsorum
1920 2993 1986 3046 ad

375 3061 526 3137 diem
568 3063 637 3137 10
683 3061 1010 3137 Novembris
1030 3065 1242 3137 Burgis
1271 3064 1603 3137 celebratur.
1652 3061 1895 3137 Fuerunt
1933 3075 1986 3118 et

374 3134 502 3189 alite
527 3136 651 3205 ejus
679 3135 917 3192 nominis
941 3138 992 3190 in
1027 3134 1306 3206 Hispania,
1334 3135 1402 3190 de
1429 3134 1626 3206 quibus
1656 3134 1781 3190 vide
1810 3149 1984 3190 anuo-

377 3208 622 3263 tatioues
650 3209 717 3261 ad
745 3225 873 3263 anu.
908 3208 1012 3264 150
1040 3219 1096 3263 et
1121 3207 1253 3264 406.

453 3278 546 3334 51.
575 3279 713 3334 Asta:
740 3280 794 3334 in
829 3279 1105 3351 Hispania,
1133 3289 1240 3336 etc.
1256 3275 1494 3334 Consule
1517 3292 1640 3350 qua:
1667 3277 1984 3349 scripsimus

377 3347 454 3404 ad
483 3367 682 3405 annum
711 3351 839 3408 208.

457 3421 546 3476 52.
579 3422 744 3490 Ureti,
777 3432 885 3480 etc.
918 3422 1248 3479 Ptolomaeus
1267 3429 1430 3479 vocat
1459 3419 1659 3477 Oreton
1687 3421 1989 3479 Germano-

376 3508 528 3556 rum.
559 3509 745 3566 a_quo‘
764 3496 988 3550 Oretani
1019 3496 1206 3566 populi
1239 3493 1535 3566 nuneupati
1577 3511 1590 3547 :
1628 3493 1827 3566 Strabo
1866 3507 1987 3548 cor-

375 3575 545 3634 rupte
572 3564 778 3636 0riam.
821 3567 994 3632 Multi,
1021 3564 1323 3635 inquibus
1351 3564 1627 3636 Tarapha,
1665 3565 1941 3620 Villanova
1969 3605 1984 3631 ,

375 3646 442 3692 et
467 3637 692 3692 Carolus
711 3635 926 3695 Clusius
943 3639 1318 3694 existimarunt
1343 3635 1580 3693 veterem
1609 3638 1815 3692 Oreton
1844 3652 1987 3691 nunc

378 3707 495 3780 d_ici
545 3708 910 3778 Calatravam,
963 3712 1056 3766 sed
1104 3710 1336 3766 Morales
1392 3709 1449 3764 in
1497 3709 1765 3780 Antiquit.
1821 3708 1986 3763 verbo

383 3777 586 3836 Oreton
632 3779 848 3838 erudite
892 3777 1084 3852 probat
1130 3797 1236 3835 non
1278 3780 1370 3852 ibi.
1406 3780 1500 3835 sed
1548 3777 1989 3852 propeft.alatra-

378 3866 531 3924 gain,
555 3853 855 3924 exstitisse,
877 3851 984 3924 quo
1010 3855 1129 3909 loco
1153 3869 1294 3907 nunc
1316 3851 1624 3924 Ecclesiola
1646 3855 1698 3907 in
1721 3851 1987 3906 honorem

383 3923 455 3979 Β.
486 3923 584 3979 Dei
624 3923 930 3980 Genetricis
963 3925 1175 3980 videtur
1202 3932 1514 3979 constructa
1544 3923 1686 3979 inter
1724 3924 1989 3980 Granatu-

382 3994 495 4066 lam
517 4005 573 4050 et
598 3993 935 4051 Calatravam
970 3997 1035 4050 ad
1067 3997 1237 4066 ripam
1270 3994 1562 4050 Xabalonis
1585 3995 1848 4059 ﬂuminis,
1878 3994 1990 4049 rui-

383 4065 476 4121 nis
519 4066 654 4137 ipsis
689 4076 745 4122 et
771 4069 1069 4124 eremitorii
1110 4070 1518 4123 nomenclatura
1571 4069 1773 4136 pariter
1817 4074 1986 4120 attes—

384 4137 668 4204 tantibus;
701 4154 824 4194 nam
862 4139 1059 4195 dicitur
1096 4138 1160 4196 S.
1207 4137 1381 4193 Maria
1409 4139 1474 4193 de
1506 4137 1682 4208 Oreto,
1732 4138 1865 4192 alias
1904 4138 1988 4192 del

387 4215 705 4280 Azuqueea.
734 4210 1011 4266 Difficilius
1039 4211 1312 4266 nonnullis
1335 4212 1510 4266 visum
1540 4219 1624 4266 est
1653 4211 1797 4279 quod
1825 4211 1909 4280 de
1929 4210 1986 4264 S.

383 4279 707 4352 Spiridione
733 4284 1017 4352 asseritur,
1048 4284 1305 4337 nimirum
1337 4284 1651 4351 episcOpum
1689 4281 1856 4336 fuisse
1885 4279 1991 4334 To.

382 4351 651 4421 letauum,
698 4362 755 4410 et
798 4351 1012 4426 egregle
1052 4355 1200 4408 Oreti
1245 4367 1341 4423 pro
1380 4352 1578 4408 Christi
1627 4355 1849 4426 nomine
1892 4367 1990 4422 pu-

426 4438 608 4496 nasse.
644 4426 778 4479 Nam
811 4424 1089 4495 Spiridion
1133 4425 1186 4480 in
1229 4426 1410 4496 Cypro
1440 4426 1727 4494 episcopus
1773 4424 1893 4488 fuit,
1935 4431 1992 4478 ut

441 4495 618 4551 utiuus
646 4496 742 4568 lib.
775 4511 813 4565 l,
846 4513 966 4568 cap.
997 4495 1032 4550 5
1059 4495 1394 4552 Sozomeuus
1436 4498 1530 4550 lib.
1563 4512 1579 4550 ι
1608 4511 1728 4564 cap.
1775 4496 1992 4568 11,780-

2104 1852 2204 1905 fuit
2231 1861 2450 1928 sanctus
2481 1852 2756 1928 Spiridioii
2797 1872 2828 1911 a
2854 1857 3204 1923 Maximiano,
3249 1872 3374 1913 cum
3405 1858 3516 1928 jam
3547 1861 3710 1919 Tolco

2103 1931 2284 1977 lanam
2333 1925 2663 1994 aliquamdiu
2712 1931 2946 1984 rexisset
2979 1929 3302 1995 Ecclesium;
3337 1925 3586 1988 et—Oreti
3637 1934 3706 1990 ad

2103 1995 2320 2073 metalla
2347 1996 2632 2073 damnatas
2658 2001 2874 2069 egregie
2897 2016 3000 2073 pro
3028 2000 3226 2055 Christi
3256 2002 3476 2057 nomine
3500 2019 3708 2073 pugna-

2098 2067 2359 2142 vit._S_ed
2411 2084 2439 2142 a
2491 2067 2848 2142 Coostantitio
2893 2067 3242 2142 imperatore,
3295 2067 3707 2142 agente'Hiisio

2099 2136 2436 2214 Cordubensi
2469 2140 2769 2212 absolutus,
2805 2144 2860 2197 in
2895 2136 3132 2214 Cyprum
3164 2136 3355 2199 rediit:
3371 2143 3449 2202 De
3492 2149 3708 2204 caeteris

2101 2209 2328 2263 consule
2355 2210 2472 2279 ejus
2500 2222 2641 2267 acta.

2167 2281 2259 2362 55.
2295 2279 2529 2349 Ιιὲριιιίε,
2561 2294 2667 2362 e_tc.
2695 2284 2881 2362 Multae
2907 2283 3336 2362 liujus‘nominis
3363 2287 3526 2345 urbes
3552 2290 3704 2346 fuere

2099 2355 2278 2426 prisco
2311 2363 2554 2422 tempore
2592 2355 2649 2410 in
2695 2356 2975 2426 Hispania.
3013 2356 3219 2412 Plinius
3253 2361 3412 2414 trittm
3457 2363 3709 2418 meminit

2099 2421 2194 2502 lib.
2223 2439 2399 2502 _xxvm
2425 2421 2553 2494 cap.
2587 2421 2876 2502 2,lll_ipu'l:e
2902 2427 3103 2502 Italica:
3131 2428 3183 2482 in
3203 2428 3489 2502 Conventu
3512 2433 3706 2502 Hispa-

2098 2491 2435 2571 lensiprope
2466 2491 2816 2571 muniCipium
2834 2499 3214 2566 Axatitanum;
3242 2511 3297 2556 et
3320 2501 3416 2556 lib.
3441 2518 3479 2571 ι,
3500 2491 3627 2570 cap:
3645 2505 3700 2569 5.

2097 2565 2302 2642 llipulae
2339 2567 2540 2642 Laudis
2580 2571 2637 2642 in
2672 2565 3007 2634 Bastetanis,
3055 2582 3108 2626 et
3148 2565 3356 2642 llipulre
3381 2565 3604 2630 Minoris
3647 2565 3701 2630 in

2095 2633 2382 2716 Conveutu
2421 2639 2744 2716 Astigitano.
2775 2633 3134 2716 __Ptoloma:us
3178 2633 3428 2716 dirarum,
3472 2661 3702 2716 quarum

2095 2707 2321 2762 alteram
2356 2711 2502 2779 ponit
2544 2707 2607 2766 in
2641 2713 2955 2767 Turditanis
2987 2728 3155 2783 prope
3197 2707 3531 2781 Nebrissani,
3565 2719 3704 2773 alte-

2095 2793 2209 2855 ram
2228 2785 2562 2855 rogoomine
2590 2783 2836 2855 Magnam
2865 2785 2922 2838 in
2947 2785 3224 2840 Turdulis.
3253 2784 3538 2842 Assentior
3563 2789 3700 2844 Am-

2092 2848 2278 2906 brosio
2297 2848 2368 2928 de
2393 2853 2644 2928 Morales,
2668 2848 2758 2925 qui
2783 2856 2836 2911 in
2863 2857 3124 2928 Antiquit.
3151 2857 3318 2910 verbo
3342 2855 3484 2928 Ilipa
3507 2859 3602 2916 fol.
3630 2862 3699 2915 87

2093 2935 2264 2992 usque
2291 2923 2361 2978 90
2390 2925 2600 2982 erudite
2629 2923 2905 2983 convincit
2933 2923 3298 2984 ex'Strabone
3344 2940 3396 2981 et
3416 2923 3583 2995 'aliis,
3613 2931 3703 2985 lli-

2093 3008 2214 3066 pain
2267 3010 2514 3066 magnam
2555 3000 2604 3052 in
2630 2999 2874 3052 Mariano
2903 2999 3045 3052 saltu
3089 2998 3296 3066 (Sierra
3328 2997 3570 3064 Merena)
3605 3017 3703 3058 ex-

2088 3064 2316 3141 stitisse,
2337 3064 2444 3136 quo
2475 3067 2578 3141 loci
2607 3085 2748 3125 nunc
2776 3081 2857 3124 est
2889 3064 3156 3138 Pana/tor.
3189 3069 3375 3141 llipam
3403 3087 3534 3128 vero
3560 3073 3700 3128 alte-

2092 3151 2230 3211 raiti,
2260 3139 2328 3193 de
2359 3153 2462 3208 qua
2505 3140 2793 3211 aliquando
2821 3141 2975 3197 Titus
3005 3141 3208 3204 Livius,
3242 3139 3363 3196 esse
3398 3141 3701 3201 Zalameam

2093 3208 2144 3261 iu
2187 3207 2394 3264 Sereno
2421 3207 2771 3280 saltquuod
2805 3214 2872 3266 ad
2909 3223 3128 3268 sanctos
3158 3222 3422 3282 martyres
3456 3214 3702 3272 Restitu-

2093 3288 2204 3334 tum
2231 3290 2283 3334 et
2311 3283 2492 3336 socios
2524 3295 2752 3348 Spectat,
2782 3293 2947 3354 agunt
2986 3284 3054 3340 de
3090 3284 3171 3338 eis
3206 3283 3370 3349 Beda,
3406 3294 3459 3340 et
3491 3287 3696 3341 Roma-

2091 3366 2218 3424 num
2253 3353 2697 3424 martyrologium
2743 3353 2916 3410 ad’lO
2941 3355 3088 3410 Junii
3136 3356 3236 3410 sub
3268 3354 3350 3410 his
3378 3356 3581 3412 verbis.
3628 3356 3698 3414 In

2092 3420 2358 3498 Hispania
2395 3420 2696 3498 sanctorum
2736 3437 3026 3498 martyrum
3074 3425 3305 3494 Crispult'
3335 3436 3381 3498 et
3428 3428 3694 3485 Restituti.

2091 3493 2212 3566 Ado
2234 3494 2322 3549 die
2349 3497 2619 3566 sequenti.
2648 3497 2810 3552 Solus
2841 3493 3040 3552 lfexter
3066 3493 3311 3553 meminit
3341 3496 3608 3566 Castoris,
3637 3513 3694 3557 et

2091 3565 2368 3642 sociorum
2401 3569 2821 3642 Cantabrorum.
2850 3569 3152 3642 Restitutus
3183 3569 3463 3642 presbyter
3495 3565 3701 3642 llipuli-

2091 3643 2249 3712 tanus
2287 3637 2564 3712 (corrupte
2599 3641 2996 3712 Elepelitanus)_
3026 3637 3295 3711 reperitur
3325 3637 3530 3709 primus
3561 3637 3695 3712 pre-

2090 3709 2430 3780 sbyterorum
2454 3709 2690 3773 illorum.
2711 3712 2801 3780 qui
2831 3709 3435 3767 interfueriintconcilio
3457 3709 3696 3769 Iliberri-

2093 3789 2240 3854 Iano,
2275 3781 2415 3849 apud
2441 3781 2724 3854 Loaysam,
2757 3781 3108 3854 Zuritam,_et
3134 3781 3580 3854 Genebrandum.
3613 3786 3693 3842 De

2092 3851 2440 3923 damnatione
2491 3851 2922 3908 Christianorum
2977 3852 3043 3907 ad
3097 3853 3420 3923 lapidicinae
3465 3857 3691 3914 consule

2091 3922 2420 3977 cardinalem
2452 3923 2742 3979 Barouium
2771 3928 2823 3979 in
2857 3923 3007 3978 Notis
3027 3923 3097 3978 ad
3125 3922 3267 3978 diem
3298 3925 3364 3979 16
3409 3923 3694 3984 Februarii

2090 3994 2280 4070 verbo,
2314 3995 2382 4048 ad
2418 3997 2631 4050 metalla
2659 3995 2941 4070 damnatis.
2973 3994 3135 4051 Certe
3177 3994 3484 4070 Cantabriae
3533 4014 3694 4070 aspe-

2091 4067 2225 4120 ritas
2251 4068 2303 4120 in
2331 4081 2492 4121 causa
2518 4077 2599 4122 est
2624 4110 2639 4136 ,
2673 4077 2732 4121 ut
2762 4068 2814 4122 in
2847 4083 2923 4139 ea
2944 4080 3164 4139 semper
3193 4067 3406 4139 fuerint
3444 4067 3693 4139 lapidici-

2092 4151 2201 4213 nae,
2224 4149 2285 4213 et
2312 4152 2373 4193 ea
2405 4154 2540 4213 gens
2565 4139 2781 4211 ingenio
2805 4139 2870 4194 ad
2913 4137 3122 4209 lapides
3150 4137 3479 4196 scindendos
3500 4137 3566 4199 iet
3592 4156 3693 4213 po-

2091 4208 2304 4263 liendos
2333 4209 2582 4278 polleret.

2163 4279 2256 4335 54.
2301 4279 2599 4348 Ραιαυοηὶὶ,
2643 4289 2754 4338 etc.
2803 4279 3132 4337 Ptolomaeus
3181 4281 3414 4338 collocat
3451 4282 3687 4340 Patavo-

2094 4353 2246 4406 nium
2273 4351 2326 4406 in
2357 4355 2648 4409 Asturibus
2696 4353 2798 4410 Sub
2842 4351 2977 4408 urbe
3033 4354 3408 4420 Asturicensi;
3452 4355 3688 4412 Morales

2097 4423 2193 4478 lib.
2233 4439 2263 4478 ι
2296 4438 2417 4489 cap.
2447 4425 2517 4480 55
2541 4426 2820 4480 existimat
2859 4439 3184 4494 essequam
3221 4424 3432 4480 Vaneza
3471 4442 3686 4482 nuncu-

2095 4509 2306 4564 pamus.
2360 4495 2432 4550 lbi
2481 4512 2612 4552 sane
2653 4496 2928 4551 residebat
2971 4493 3171 4550 Flaviae
3207 4497 3450 4554 cohortis
3503 4498 3684 4554 tribu-

384 4577 569 4643 crates
600 4567 698 4643 lib.
730 4566 985 4643 t_cap.i8,
1017 4579 1072 4624 et
1096 4569 1216 4643 ejus
1248 4579 1370 4643 aeta
1385 4571 1530 4643 apud
1560 4568 1780 4643 Surium
1813 4583 1840 4620 a
1868 4567 1990 4643 Trif
2019 4579 2064 4643 ρ
2098 4581 2220 4643 nus».
2271 4566 2625 4643 Sanctorum_
2651 4579 2948 4643 martyrum
2999 4567 3220 4643 lt‘elicis,
3270 4567 3575 4643 Fortunati,
3630 4578 3686 4626 et

385 4639 566 4710 phillo
593 4637 712 4708 ejus
741 4637 1012 4707 discipulo
1055 4641 1196 4694 edita
1230 4639 1596 4695 manifeStant.
1629 4641 1898 4694 Cteterum
1943 4639 1988 4694 si

384 4715 512 4781 quis
537 4716 699 4794 vellet
727 4712 872 4794 duos
890 4712 1230 4794 Spiridiones
1259 4725 1528 4777 asserere,
1554 4710 1808 4794 Cyprium
1849 4710 1986 4765 alte-

385 4780 534 4848 rum,
560 4783 792 4838 alterum
829 4780 1174 4849 Toletanum,
1222 4798 1329 4839 non
1373 4793 1555 4852 posset
1585 4780 1833 4838 falsitatis
1876 4795 1990 4836 ma-

385 4854 589 4910 nileste
615 4855 893 4924 redargui.
926 4855 1040 4926 Ego
1068 4869 1202 4910 sane
1234 4856 1570 4922 probabilius
1593 4853 1775 4924 judico
1820 4868 1985 4907 unum

385 4927 750 4997 eamdemque
794 4927 1156 4997 Spiridionem
1199 4926 1386 4991 fuisse,
1417 4926 1495 4997 de
1535 4942 1642 4997 quo
1677 4928 1893 4992 Dexter,
1926 4939 1989 4979 ac

388 4996 623 5069 Rutilius
649 4995 929 5064 scribunt,
958 5001 1048 5068 qui
1075 4999 1290 5069 quidem
1321 5000 1374 5052 iu
1399 4995 1578 5069 Cypro
1607 4997 1783 5069 insula
1805 5008 1985 5062 natus,

387 5072 445 5142 in
481 5068 797 5142 Hispaniam
823 5067 1121 5142 profectus,
1149 5071 1218 5124 ob
1247 5074 1371 5124 vita:
1398 5067 1686 5124 candorem
1716 5067 1892 5122 factus
1919 5071 1991 5121 sit

389 5140 695 5197 Toletanus
738 5140 1052 5212 epi’scOpus,
1109 5155 1172 5195 ae
1224 5142 1438 5196 demum
1487 5143 1538 5195 in
1585 5145 1811 5212 palriam
1869 5149 1993 5210 post

392 5215 598 5267 multos
635 5210 808 5268 annos
851 5210 1127 5280 reversus,
1158 5213 1288 5268 inibi
1328 5214 1612 5282 episc0pus
1638 5210 1994 5266 Trimetunti-

389 5300 497 5340 nus
522 5285 732 5340 electus
763 5284 946 5349 fuerit,
979 5285 1104 5338 inde
1135 5283 1370 5339 Nicaeam
1413 5285 1477 5338 ad
1508 5284 1800 5339 concilium
1831 5297 1994 5354 gene-

389 5356 506 5411 rale
528 5356 765 5426 petierit,
791 5369 856 5410 ac
875 5355 1185 5426 Sardicensi
1206 5359 1368 5410 etiam
1392 5355 1718 5410 interfuerit.
1745 5354 1832 5410 Sic
1850 5355 1990 5409 enim

390 5425 578 5481 omnia
610 5435 936 5483 consonant.
967 5425 1065 5480 Cui
1097 5427 1438 5497 suffragatur,
1467 5428 1609 5497 quod
1642 5427 1693 5480 in
1729 5435 1994 5497 martyre-

390 5498 541 5569 logio
566 5498 814 5553 Romano
843 5499 911 5552 de
932 5507 1121 5552 Sancto
1141 5498 1451 5568 Spiridione
1474 5499 1562 5554 die
1587 5498 1652 5552 14
1677 5497 1991 5569 Decembris

391 5568 614 5643 dicitur,
647 5569 791 5638 quod
816 5569 1071 5643 nimirum
1097 5585 1230 5623 unus
1253 5571 1349 5643 fuit
1381 5586 1445 5643 ea:
1465 5572 1570 5625 illis
1591 5568 1988 5640 confessortbus,

390 5658 524 5713 quos
557 5641 909 5696 Maximianus
939 5639 1135 5713 Dextro
1164 5639 1310 5696 oculo
1341 5641 1546 5710 e/fosso,
1579 5650 1625 5697 et
1656 5639 1861 5696 sinistro
1901 5658 1993 5707 po-

392 5711 525 5786 plite
552 5715 770 5779 succiso,
793 5713 864 5766 ad
891 5711 1098 5766 metalla
1120 5715 1473 5769 damnaverat.
1503 5713 1634 5782 Quis
1664 5724 1842 5786 autem
1871 5729 1995 5768 nes-

394 5782 483 5858 :citi
517 5787 819 5858 praecipuas
862 5786 1205 5858 metallorum
1246 5786 1478 5858 fodinae,
1511 5799 1659 5858 quas!
1684 5785 1991 5858 Romanum

397 5856 962 5928 habebatjmperium
1005 5857 1057 5912 in
1103 5856 1376 5928 Hispaniis
1402 5856 1614 5928 fuisse?
1641 5856 1699 5912 ld
1729 5871 1829 5911 nos
1868 5856 1995 5911 alibi

399 5939 471 5982 ex
512 5924 610 5985 lib.
648 5924 1106 6000 Maebabtcorum,
1136 5924 1351 5986 et'aliis
1390 5927 1509 5988 fuse
1560 5927 1997 6014 monstravimus.

2095 4641 2372 4711 sociorum
2407 4639 2654 4694 meminit
2705 4638 2895 4711 Petrus
2935 4639 2998 4711 in
3029 4639 3292 4711 Catalogo
3337 4638 3432 4694 lib.
3466 4656 3521 4696 ιι
3558 4638 3680 4711 cap.

2091 4709 2220 4836 Italo,
2236 4727 2410 4836 Dlllmlll...
2436 4711 2524 4779 77,
2558 4709 2860 4782 asseritque
2889 4710 3100 4766 occisos
3128 4709 3239 4782 pro
3261 4710 3494 4767 Domino
3533 4712 3602 4768 ad
3629 4709 3684 4768 iv

2131 4795 2158 4834 8
2187 4821 2201 4836 .
2290 4796 2349 4836 3r
2380 4798 2436 4836 II.
3262 4828 3274 4836 .

2131 4783 2201 4836 al.
2236 4782 2436 4836 Martii.
3262 4828 3274 4837 .

2164 4855 2253 4924 55.
2291 4851 2427 4908 Urbe
2455 4852 2731 4920 Heraclea,
2763 4851 3124 4924 etc._Egimus
3157 4852 3225 4908 de
3247 4843 3384 4910 uibe
3419 4853 3681 4911 Heraclea

2090 4923 2159 4979 ad
2197 4923 2418 4996 Οτιιιιρηι
2460 4926 2581 4980 freti
2628 4925 2760 4980 olim
2803 4922 3093 4994 existente,
3118 4924 3171 4980 in
3202 4925 3582 4996 superioribus
3611 4927 3683 4983 ad

2089 5011 2289 5052 annum
2315 4993 2516 5051 Christi
2545 4998 2635 5050 70.

2167 5069 2258 5125 56.
2314 5067 2658 5140 Argenteolw,
2708 5076 2814 5123 etc.
2842 5066 3087 5122 Meminit
3124 5067 3242 5138 ejus
3288 5067 3442 5124 urbis
3492 5069 3677 5124 Ptolo-

2095 5153 2264 5195 minus
2293 5140 2346 5192 in
2391 5141 2700 5209 Asturibus,
2734 5147 2790 5194 et
2834 5140 3090 5195 Molecius
3119 5140 3259 5209 apud
3288 5140 3590 5195 Orthelium
3622 5143 3678 5194 in

2096 5227 2191 5266 sua
2223 5211 2555 5282 Synonymia
2587 5211 2854 5282 locorum,
2886 5211 3082 5267 asserit
3107 5226 3251 5268 nunc
3280 5210 3516 5266 Medates
3536 5227 3679 5266 nun-

2097 5281 2281 5354 cupari
2315 5300 2328 5335 :
2357 5281 2475 5354 sed,
2513 5292 2570 5336 ut
2620 5281 2891 5347 existimo.
2920 5294 3179 5354 corrupte
3229 5299 3325 5354 pro
3353 5283 3524 5337 Aviles
3552 5283 3683 5353 legit

2099 5353 2358 5409 Medules.
2390 5353 2712 5426 Sanctorum
2741 5369 2873 5410 vero
2897 5353 3481 5426 martyrumimiemoria
3504 5363 3683 5426 exstat

2099 5425 2152 5480 iu
2186 5426 2434 5497 Romano
2465 5425 2847 5497 Martyrologio
2901 5428 2968 5480 ad
3016 5425 3156 5482 diem
3195 5425 3228 5481 6
3257 5425 3541 5497 Februarii
3593 5425 3679 5482 his

2097 5499 2310 5569 verbis;
2351 5495 2551 5569 Eodent
2600 5495 2684 5552 die
2720 5495 3016 5553 sanctorum
3045 5507 3326 5569 martyrum
3375 5495 3678 5564 Saturnini,

2101 5567 2394 5641 TlteOpltili,
2427 5578 2474 5624 et
2524 5568 2810 5625 Revocatw.
2842 5567 3206 5641 Consentiuni
3228 5579 3423 5641 _vet_era
3457 5581 3598 5641 mss.
3620 5578 3678 5624 et

2097 5638 2380 5710 Equiiiuus
2410 5641 2505 5697 lib.
2541 5657 2594 5696 χι
2634 5656 2753 5712 cap.
2788 5640 2892 5697 150
2919 5656 3069 5695 num.
3103 5640 3194 5695 52.
3214 5638 3430 5712 Eadem
3456 5638 3677 5695 nomina

2094 5712 2325 5784 legimus
2351 5713 2418 5768 ad
2444 5727 2656 5784 annum
2673 5711 2778 5769 260
2812 5713 2866 5767 in
2887 5714 3107 5784 Dextro,
3132 5711 3229 5784 sed
3258 5719 3440 5767 tamen
3469 5719 3681 5782 tempo-

2097 5782 2218 5841 ru'm
2246 5795 2302 5840 et
2331 5786 2545 5840 urbium
2576 5783 2888 5840 diﬂ‘erentia
2924 5783 3168 5839 diversos
3209 5782 3374 5838 fuisse
3411 5787 3672 5852 ostendit,

2101 5855 2156 5910 bi
2193 5871 2424 5925 namque
2464 5872 2607 5913 anno
2645 5857 2750 5912 500
2791 5855 3139 5927 Argenteola‘.
3173 5854 3231 5910 in
3258 5853 3568 5927 Asturibus,
3600 5855 3680 5913 illi

2101 5941 2231 5984 ann.
2259 5928 2366 5984 260
2397 5927 2577 5986 Viente
2605 5927 2660 5984 in
2689 5927 2947 5984 Gallmeia
2973 5926 3142 5987 occisi
3169 5937 3316 5986 sunt.
3345 5961 3392 6006 λ
