4114 6338
348 329 446 390 “1

1412 318 1643 380 FLAVI!
1680 315 1865 378 LUCII
1900 315 2160 376 DEXTRI
2201 313 2618 375 CHRONICON.

3525 307 3637 373 442

349 441 478 509 A.C.
501 437 626 502 500.
702 435 907 498 Ibidem
942 435 1002 499 S.
1037 435 1284 493 Encratis
1312 435 1539 507 virginis
1568 443 1622 492 et
1647 433 1903 508 martyris
1929 447 1998 490 ex
2026 432 2161 490 urbe
2193 433 2422 490 Bracara
2453 431 2715 505 Augusta.
2745 429 2877 493 item
2909 429 3109 489 ibidem
3137 430 3282 505 passi
3323 427 3636 490 A.R.105l.'

773 532 1076 591 octodecim
1117 540 1408 606 martyres.

1552 599 1808 661 BIVARII
1846 598 2418 660 COMMENTARIUS.

344 727 593 785 dicuntur
612 723 714 782 sub
743 737 887 781 anno
917 722 1132 779 Domini
1152 722 1279 780 29L
1299 721 1377 777 De
1403 719 1596 778 iisdem
1622 718 1922 793 aguntMo-
1950 721 2006 783 Α

342 801 485 857 rales
505 799 602 856 lib.
623 813 679 864 ι,
707 811 828 864 cap.
855 796 919 865 6;
942 795 1240 867 Trugillus,
1262 793 1507 863 Marieta,
1535 790 1785 863 Vasates,
1810 790 1925 850 Vil-

346 873 512 942 legas.
529 879 597 942 _et
624 867 830 942 caeteri.

405 938 495 999 50.
516 940 720 997 Ibidem
749 940 810 996 S.
844 939 1112 1006 Eneratis,
1141 949 1250 997 etc.
1281 939 1360 996 De
1377 954 1443 996 ea
1459 939 1760 996 Romanum
1783 938 1927 994 Mar-

340 1011 1324 1088 tymlogium_ad_46§prilis.bidem,
1351 1013 1525 1088 inquit
1538 1013 1664 1084 (hoc
1683 1019 1787 1088 est,
1809 1011 1926 1066 Ca:-

336 1083 717 1156 saraug'uste),
747 1084 810 1140 S.
846 1084 1148 1140 Encratidis
1176 1085 1392 1155 virginis
1422 1094 1468 1137 et
1496 1083 1742 1156 martyris
1763 1127 1778 1152 ,
1809 1096 1927 1148 qua:

335 1156 532 1211 laniato
561 1173 800 1211 corpore.
823 1157 1115 1211 mammilta
1139 1155 1388 1211 abscissa.
1435 1165 1483 1210 et
1513 1158 1684 1211 iecore
1701 1154 1883 1209 avulso
1905 1198 1922 1211 .

335 1161 532 1211 laniato
561 1173 800 1226 corpore,
823 1161 1115 1211 mammilta
1139 1161 1388 1221 abscissa,
1435 1165 1483 1210 et
1503 1161 1684 1227 jecore
1701 1161 1883 1209 avulso
1905 1198 1922 1224 ,

333 1230 500 1282 adhuc
530 1226 784 1291 superstes
809 1230 864 1282 in
892 1244 1095 1282 carcere
1121 1229 1324 1282 inclusa
1363 1237 1437 1283 est
1465 1270 1479 1291 ,
1527 1227 1692 1282 donec
1721 1227 1929 1282 ulcera-

333 1311 438 1354 tttrn
465 1315 657 1372 corpus
684 1309 1012 1372 putresceret.
1041 1299 1368 1356 Prudentius
1394 1299 1596 1357 cecinit
1642 1299 1762 1371 ejus
1802 1313 1924 1356 cer-

333 1382 513 1429 tamen
539 1373 594 1427 in
613 1371 808 1428 Perist.
843 1373 1094 1444 inquiens
1123 1389 1138 1426 :

573 1486 666 1550 Hic
689 1493 762 1548 et,
786 1487 1002 1550 Encrati,
1027 1487 1267 1550 recubant
1287 1491 1480 1538 tuarum

579 1548 702 1613 Ossa
724 1551 975 1610 virtutum,
990 1548 1174 1613 quibus
1197 1549 1390 1598 efferati

575 1611 805 1676 Spiritum
824 1611 1251 1678 mundi,‘vlolenta
1272 1613 1432 1678 virgo,

823 1674 1163 1725 Dedecorasti.

322 1781 386 1837 Et
413 1789 618 1854 caetera
645 1782 790 1838 lectu
817 1782 1152 1852 dignissima,
1180 1797 1408 1850 quorum
1432 1782 1613 1854 aliqua
1642 1797 1767 1839 mox
1800 1781 1930 1838 Sub-

321 1854 538 1910 demus.
567 1852 832 1910 Narratur
856 1856 974 1924 ejus
1004 1855 1327 1925 martyrium
1357 1852 1670 1910 simul'cum
1700 1854 1931 1910 historia

322 1925 826 1989 innumerabilium,
853 1928 906 1981 in
943 1927 1202 1990 praedicto
1231 1925 1419 1982 codice
1443 1926 1502 1983 S.
1539 1927 1800 1982 Bernardi
1823 1926 1930 1982 To-

319 1995 519 2068 letani;
551 1996 682 2050 etin
712 1997 990 2052 Breviario
1018 1997 1360 2053 Salmantino
1403 1999 1598 2068 legitttr
1621 1998 1791 2053 fuisse
1821 1997 1930 2055 lilia

317 2067 486 2137 reguli
520 2069 804 2140 cujusdam
841 2069 1220 2138 l’ortugallim,
1264 2067 1516 2140 quodque
1546 2085 1575 2124 a
1611 2069 1922 2136 parentibus

316 2141 502 2208 nuptui
537 2139 798 2195 tradenda
829 2140 1128 2196 marctiioni
1159 2139 1404 2196 Rhodam
1428 2139 1728 2196 ducebatur
1755 2157 1783 2194 a
1814 2141 1923 2195 Lu-

315 2211 503 2280 percio
537 2211 848 2278 avunculo,
880 2212 1077 2267 etaliis
1125 2214 1190 2267 l7
1229 2214 1361 2267 viris
1408 2211 1702 2284 primariis.
1757 2212 1919 2284 Virgo

313 2292 491 2356 autem
525 2294 734 2356 sancta,
772 2296 827 2356 ut
850 2285 1197 2339 occasionem
1229 2283 1596 2356 martyriisibi
1619 2283 1914 2356 quaereret,

314 2353 412 2408 iter
433 2354 736 2424 arripiens.
761 2354 1228 2425 Catsarangnstam
1268 2353 1551 2426 pervenit,
1597 2353 1683 2410 ubi
1727 2355 1917 2411 Dacia-

320 2439 756 2498 numgaggressa,
791 2443 914 2482 eum
941 2427 1008 2483 ad
1040 2439 1314 2482 certamen
1347 2428 1693 2498 provocavit.
1721 2427 1915 2485 Sub‘dit

310 2495 648 2569 Breviarium
680 2498 1156 2569 praelatum,quod
1209 2495 1392 2554 statim
1439 2499 1603 2564 jussit
1649 2499 1913 2554 Dacianus

312 2568 479 2635 ipsam
516 2568 572 2622 in
603 2569 721 2637 ejus
753 2568 1044 2638 praesentia
1085 2572 1366 2626 acerrimis
1414 2569 1596 2639 ﬂagris
1641 2571 1774 2625 credi
1802 2611 1816 2632 ,
1858 2578 1914 2626 et

309 2653 505 2694 caesam
539 2640 890 2711 ligatamque,
914 2653 969 2698 et
994 2641 1058 2695 ad
1091 2641 1320 2696 caudam
1367 2643 1490 2711 equi
1537 2651 1646 2697 tota
1689 2642 1912 2697 civitate

310 2711 537 2780 raptari,
572 2726 641 2766 eo
669 2715 814 2838 quod
843 2712 1276 2783 blasplicmasset
1303 2714 1701 2768 sacratissimos
1730 2714 1904 2781 impe-

310 2793 546 2838 ratores.
577 2798 640 2838 ac
710 2784 870 2838 einde
893 2785 1010 2838 eius
1034 2799 1190 2838 sacro
1219 2795 1519 2838 teneroaue
1547 2785 1764 2838 corpori
1795 2799 1904 2838 cte-

310 2793 546 2848 ratores,
577 2798 640 2838 ac
669 2784 870 2840 deinde
893 2785 1010 2853 ejus
1034 2799 1190 2839 sacro
1219 2795 1519 2854 teneroque
1547 2785 1764 2852 corpori
1795 2799 1904 2840 cte-

309 2862 413 2908 tera
451 2863 729 2910 tormenta
763 2855 969 2912 inﬂicta
993 2865 1140 2922 sunt,
1173 2872 1295 2925 qua:
1317 2855 1760 2926 Martyrologium
1783 2872 1907 2911 nar-

309 2935 388 2998 rat
415 2943 427 2978 :
465 2934 528 2981 et
549 2925 696 2981 inter
713 2927 822 2982 alia
851 2929 1037 2982 clavus
1059 2929 1112 2982 in
1143 2929 1319 2998 capite
1344 2925 1467 2996 ejus
1497 2926 1726 2982 sutﬁxus
1765 2927 1862 2982 iuit
1887 2969 1903 2994 ,

307 2995 457 3070 cujus
490 2999 735 3053 foramen
779 2999 1050 3070 hodieque
1101 2998 1154 3053 in
1206 2995 1394 3054 cranio
1435 3014 1592 3054 sacro
1636 2999 1902 3054 videmus.

305 3067 520 3136 Corpus
551 3085 680 3124 vero
703 3067 1063 3126 sanctissimae
1087 3070 1310 3139 virginis
1337 3079 1457 3133 post
1485 3071 1655 3126 multa
1680 3073 1901 3137 saecula,

305 3153 443 3193 anno
476 3140 692 3194 Domini
723 3142 882 3210 i389,
914 3142 1004 3197 die
1036 3142 1102 3197 15
1131 3144 1332 3197 mensis
1357 3142 1555 3207 Martii,
1590 3145 1642 3196 in
1669 3157 1906 3198 marmo-

307 3225 398 3283 reo
415 3215 678 3281 sepulcro
704 3223 980 3279 repertum
1025 3220 1116 3268 est
1165 3229 1288 3269 cum
1338 3213 1441 3270 hac
1495 3211 1902 3283 inscriptione:

304 3279 775 3354 Beata—Engratite
798 3285 1090 3356 uirginisret
1130 3288 1372 3356 martyris
1413 3299 1620 3340 sacrum
1665 3279 1854 3356 corpus
1879 3300 1901 3340 :

305 3362 357 3408 et
376 3370 514 3427 cum
549 3355 864 3411 testimonio
880 3355 1169 3411 Prudentii
1197 3355 1464 3427 episcopi,
1493 3356 1587 3424 qni
1615 3355 1788 3426 ipsam
1815 3371 1902 3412 se-

305 3425 541 3497 pultura;
562 3427 881 3483 tradiderat.
903 3427 982 3483 De
1011 3427 1200 3483 eadem
1224 3425 1478 3493 Morel—es,
1510 3427 1606 3482 lib.
1633 3425 1896 3497 s,cap.5;

303 3496 552 3584 blarie'ta,
589 3498 684 3582 lib.
709 3514 935 3584 ἐῖτ-εει).
961 3498 1254 3584 5_et‘4't,_et
1282 3499 1482 3584 Yepius
1504 3539 1518 3563 ,
1549 3496 1796 3584 centuria
1823 3501 1858 3554 2
1879 3541 1895 3566 ,
1932 3517 1980 3584 C

299 3582 440 3624 anno
464 3571 681 3624 Domini
706 3571 835 3636 657,
859 3567 980 3640 cap.
1007 3571 1058 3624 1.
1083 3567 1324 3640 Villegas
1342 3567 1376 3638 ,“
1399 3569 1677 3640 Trugillus
1707 3579 1762 3626 et
1790 3585 1901 3626 ca:-

303 3639 423 3714 t_eri.
459 3640 636 3714 Porro
662 3640 732 3696 M.
759 3639 1032 3698 Maximus
1059 3639 1483 3714 Caesaraugusta:
1507 3639 1798 3714 cpiscopus
1826 3642 1906 3708 sic

303 3710 366 3768 de
390 3713 592 3769 eadem
623 3714 825 3770 cecinit
852 3732 865 3768 :

419 3823 652 3892 Encratis
673 3825 737 3876 ob
757 3827 931 3877 niveos
950 3840 1117 3878 mores
1137 3829 1435 3892 niveumque
1458 3827 1715 3892 pudorem,

550 3886 613 3960 Et
637 3903 782 3952 mage
808 3891 1019 3960 martyrii
1041 3893 1236 3940 nomine
1253 3886 1397 3940 chara
1421 3886 1532 3960 polo
1558 3898 1652 3960 est.

420 3947 607 4002 Christi
649 3947 827 4015 sponsa
863 3947 1023 4016 pla'cet
1066 3965 1403 4017 superumque
1421 3947 1796 4077 '[hontiinumqne
1817 3962 1906 4016 pa-

1447 4030 1536 4064 ren
1583 4053 1596 4076 ,

1447 4026 1596 4076 renti,

549 4075 888 4142 (laureasque
913 4077 1050 4128 urbis
1065 4077 1158 4130 fida
1182 4085 1383 4142 patrona
1407 4075 1590 4129 manet.

419 4137 676 4205 Sanguine
695 4137 916 4205 nobilitat
933 4153 1076 4204 quam
1096 4137 1223 4205 fuso,
1246 4148 1300 4192 et
1321 4153 1525 4204 corpore
1546 4147 1686 4192 secto

548 4203 854 4262 Pectinibus,
879 4203 1022 4252 buSto
1046 4205 1145 4254 sola
1169 4203 1345 4255 relicta
1359 4203 1465 4254 suo.

419 4263 632 4376 TemBlia
647 4265 806 4337 dicata
828 4265 922 4314 sibi
948 4265 1083 4338 ridet
1104 4267 1209 4316 haac
1227 4268 1276 4316 in
1300 4277 1509 4339 corpore
1535 4265 1746 4327 degens,

611 4340 708 4376 trua
729 4339 900 4376 vigore
921 4339 1094 4376 ammte
1118 4329 1303 4376 laurea.
1329 4331 1506 4376 dianus
1524 4329 1700 4376 honor.

596 4327 708 4389 igua
729 4328 900 4389 vigore
921 4328 1094 4378 animae
1118 4329 1303 4388 laurea,
1329 4330 1506 4392 dignus
1524 4329 1700 4377 honor.

422 4387 639 4455 Μωρυᾷ
655 4387 922 4455 meumque
949 4404 1157 4455 gregem
1178 4387 1478 4442 sanctissima
1497 4393 1692 4453 respice
1715 4387 1892 4455 Virgo,

551 4452 641 4510 Qui
665 4452 750 4501 tibi
778 4465 866 4524 pro
885 4452 1084 4563 templis
1110 4461 1306 4515 pectora
1332 4462 1496 4526 nostra
1519 4452 1705 4502 damus.

570 4522 775 4563 patrem
797 4521 896 4563 tnts
918 4527 992 4563 ma
1013 4527 1042 4563 a
1063 4527 1273 4563 quaeque
1295 4530 1322 4563 a
1348 4519 1590 4563 mmntbus
1611 4528 1705 4563 arci

603 4522 775 4564 atrona
797 4517 896 4580 tuis
918 4517 1042 4580 mala
1063 4527 1273 4580 quaeque
1295 4530 1322 4564 a
1348 4517 1590 4580 moenibus
1611 4528 1748 4578 arce,

591 4589 748 4641 osque
766 4576 926 4627 salute
947 4577 1061 4638 bea,
1083 4576 1306 4628 hostibus
1330 4579 1457 4628 abde
1483 4579 1628 4628 t‘ores.

300 4658 473 4734 Porro
499 4661 639 4732 quod
667 4661 928 4717 Maximus
953 4661 1165 4732 inquit:
1195 4661 1412 4734 Tempta
1439 4664 1613 4719 dicata
1641 4665 1739 4718 sibi
1767 4665 1904 4721 uidet

300 4731 409 4786 Itwc
429 4730 485 4786 in
504 4730 720 4806 corpore
743 4737 955 4805 degens,
987 4730 1054 4789 ad
1087 4734 1215 4789 illud
1249 4730 1531 4790 Prudentii
1563 4737 1830 4807 respicit:

673 4824 936 4899 Martyrum
959 4825 1084 4899 nu_lli_
1102 4831 1394 4899 remanente
1410 4827 1528 4899 vita.

670 4887 886 4950 Contigit
909 4889 1054 4938 terris
1073 4889 1294 4938 habitare
1317 4892 1513 4949 nostris,

667 4950 782 5000 Sola
801 4959 852 5000 tu
873 4952 1018 5014 morti
1045 4953 1252 5014 proprias
1270 4959 1528 5014 superstes

922 5012 1120 5064 VlviSin
1137 5012 1278 5064 urbe.

667 5074 806 5137 Vivis
825 5083 877 5125 et
901 5089 1058 5137 poenae
1077 5078 1261 5125 seriem
1284 5079 1496 5135 retexis,

668 5136 841 5202 Carnis
861 5136 912 5188 et
932 5138 1303 5202 casgspolium
1326 5149 1579 5191 retentans
1600 5154 1612 5190 :

671 5199 824 5250 'l'etra
846 5199 1178 5264 quamsulcos
1201 5201 1415 5252 habeant
1430 5215 1620 5254 amaros

920 5262 1135 5312 Vulnera
1153 5277 1337 5316 narras.

669 5322 916 5392 [Barbarus
939 5332 1093 5376 tortor
1119 5326 1244 5392 latus
1259 5339 1404 5377 omne
1425 5331 1622 5392 carpsit,

667 5387 881 5457 §anguis
902 5390 1173 5457 impmsus,
1201 5387 1678 5457 laceratamcmbra;

667 5448 854 5500 Pecius
872 5448 1084 5516 abscissa
1110 5453 1258 5516 patuit
1279 5453 1455 5516 papilla

916 5511 1075 5564 Corde
1095 5511 1189 5563 sub
1209 5511 1333 5577 ipso.

421 4510 548 4563 Hinc

307 5589 378 5649 Et
402 5593 527 5655 intra
561 5614 578 5657 :

588 5739 590 5742 ,
665 5689 892 5759 Ῑίᾱὶπῃιε
905 5695 1098 5759 partem
1115 5691 1299 5754 jecoris
1316 5694 1580 5759 revulsam,

668 5753 1053 5819 lingulislonge
1063 5753 1280 5819 jacuisse
1302 5762 1485 5818 pressis
1507 5774 1517 5808 :

667 5815 800 5869 Mais
821 5818 969 5880 habet
990 5815 1186 5880 pellens
1201 5815 1384 5880 aliquid
1408 5826 1604 5874 tuorum

914 5879 1209 5945 'l‘equoque
1229 5879 1350 5933 viva.

1929 4909 1985 4972 D

2406 719 2606 770 Invidus
2626 721 2850 782 quamvis
2872 721 3058 772 obitum
3083 729 3366 782 supremum

2403 783 2742 847 Persecutoris
2760 784 2950 847 gladius
2973 785 3202 846 negarit:

2401 845 2556 896 Plena
2583 845 2878 911 teLmartyr,
2898 845 3063 896 tamen
3092 855 3144 897 ut
3168 850 3475 910 peremptam

2652 910 3036 960 Ptenacoronat.

2029 969 2111 1028 Ex
2141 970 2348 1044 quibus
2382 971 2546 1029 infert
2574 990 2588 1028 :

2403 1065 2548 1115 Hunc
2567 1077 2742 1116 novum
2766 1071 2943 1118 nostra:
2965 1064 3158 1116 titulum
3183 1062 3447 1116 fruendum

2403 1126 2787 1192 Caesaraugusta:
2811 1129 2948 1179 dedit
2967 1131 3074 1190 ipse
3099 1129 3318 1179 Christus
3338 1142 3351 1180 :

2404 1189 2766 1255 Juge—vivcntls
2784 1192 2954 1242 domus
2971 1189 3025 1242 ut
3039 1193 3195 1244 dicata

2651 1255 2874 1321 Martyris
2896 1261 3046 1306 esset.

2031 1381 2197 1454 Quasi
2216 1380 2561 1454 di_xerit;lmc
2578 1383 2813 1454 speciale
2835 1398 2947 1454 pra:
2971 1383 3186 1438 caeteris
3204 1380 3428 1437 urbibus
3455 1379 3629 1454 privi-

2030 1453 2229 1519 legium
2253 1452 2408 1525 dedit
2433 1452 2690 1509 Christus
2719 1452 3173 1525 Ctesaraugustte,
3206 1462 3262 1507 ut
3290 1467 3428 1506 novo
3449 1453 3627 1525 eccle-

2033 1527 2127 1578 siae
2145 1541 2346 1595 genere
2364 1524 2639 1580 frueretur
2654 1526 2801 1595 (nam
2823 1523 3009 1581 titulus
3030 1526 3319 1590 ecclesiam
3336 1523 3625 1595 significat)

2033 1596 2302 1667 siquidem
2333 1612 2456 1652 cum
2487 1599 2650 1667 urbes
2673 1607 2889 1652 cratera:
2923 1597 3109 1652 titulos
3139 1597 3344 1663 erigant
3373 1595 3630 1667 martyri-

2032 1666 2136 1722 bus
2183 1668 2411 1723 mortuis
2448 1687 2458 1722 :
2499 1666 2911 1738 Caesaraugusta
2966 1670 3190 1738 martyri
3232 1666 3580 1738 juge-viventi
3610 1707 3627 1730 ,

2034 1740 2138 1794 hoc
2189 1750 2293 1803 est,
2345 1742 2568 1812 martyri
2617 1742 2772 1794 simul
2817 1752 2870 1796 et
2921 1741 3128 1796 viventi
3164 1742 3323 1812 (mira
3376 1746 3455 1812 et_
3489 1753 3627 1812 imva

2033 1813 2188 1875 res!)
2221 1812 2439 1866 domum
2473 1809 2524 1868 et
2549 1811 2762 1866 titulum
2796 1813 3087 1882 exstruxit,
3125 1809 3383 1866 nimirum
3426 1809 3484 1882 S.
3511 1809 3622 1864 Eu-

2031 1883 2246 1938 cratidi.
2281 1883 2602 1940 Sanctorum
2640 1899 2772 1939 vero
2804 1885 2870 1939 17
2897 1881 3130 1954 quicum
3185 1885 3296 1954 ipsa
3327 1881 3467 1954 passi
3499 1889 3627 1936 sttnt

2034 1955 2252 2009 celebre
2275 1956 2591 2026 martyrium
2615 1957 2815 2010 cecinit
2838 1951 3028 2011 eodem
3055 1951 3256 2026 hymno
3276 1951 3623 2026 Prudentius,

2034 2026 2192 2099 Cujus
2218 2025 2430 2099 initium
2463 2037 2547 2082 est
2578 2046 2592 2083 :
2622 2026 2712 2082 Bis
2742 2044 2918 2082 novem
2941 2025 3112 2082 noster
3136 2025 3361 2099 populus
3381 2025 3476 2099 sub
3496 2041 3622 2090 una,

2034 2095 2138 2154 etc.
2170 2098 2246 2152 De
2267 2098 2453 2166 eisque
2483 2099 2746 2153 solemnis
2772 2111 3018 2154 servatur
3049 2095 3310 2152 memoria
3344 2097 3396 2149 in
3423 2095 3620 2167 Marty-

2027 2169 2248 2238 rologiis
2275 2170 2455 2232 Bedze.
2485 2169 2739 2235 Usuardi,
2767 2170 2994 2237 Adonis,
3027 2169 3304 2234 Romano,
3334 2175 3391 2222 et
3431 2181 3626 2222 recen-

2025 2241 2270 2312 tioribus,
2308 2251 2587 2312 aguntque
2623 2243 2846 2296 Vasacus
2900 2252 2954 2296 et
2993 2256 3183 2296 omnes
3229 2249 3480 2295 auctores
3513 2252 3622 2312 pro

2022 2311 2258 2368 Encrate
2288 2309 2460 2367 citati.
2494 2309 2647 2381 Quod
2671 2312 2739 2367 ad
2772 2314 2990 2368 nomina
3034 2327 3222 2368 eorum
3253 2319 3484 2381 Spt‘clat,
3513 2309 3622 2365 lto-

2021 2399 2241 2438 tnanum
2275 2380 2715 2456 Martyrologium
2762 2383 3178 2454 quatuordecim
3227 2380 3526 2456 exprimit,
3563 2388 3624 2436 et

2019 2463 2255 2524 quatuor
2295 2451 2535 2526 reliquos
2583 2451 2903 2512 Saturninos
2949 2457 3122 2525 inquit
3153 2451 3380 2526 vocatos
3423 2451 3617 2526 inisse.

2021 2527 2100 2581 En
2125 2527 2244 2594 ejus
2274 2523 2438 2582 verba
2483 2545 2496 2580 :
2549 2528 2964 2597 Cwsarangusta:
3011 2523 3064 2580 in
3120 2525 3384 2597 Hispania
3430 2523 3620 2597 natalis

2015 2610 2313 2670 sanctorum
2342 2599 2408 2670 ρ
2433 2609 2720 2670 martyrum
2744 2615 2762 2652 :
2796 2595 3028 2670 Opotati,
3061 2595 3575 2670 ιυρίζνεὶλδυσρεσὶ
3599 2637 3615 2662 ,

2017 2669 2305 2730 Martialis,
2336 2663 2774 2738 Urbani,'.luli(e.
2813 2663 3153 2737 Quintiliani,
3187 2667 3393 2734 Publii,
3439 2663 3618 2738 Fron-

2013 2743 2166 2806 tonii,
2219 2738 2432 2804 Felicis,
2459 2735 2748 2807 Cmciliatti,
2785 2735 3021 2807 Eucntii,
3056 2739 3314 2795 Primitivi
3344 2781 3359 2807 ,
3411 2735 3618 2806 Apode-

2013 2813 2128 2878 mii,
2153 2819 2200 2867 et
2227 2813 2452 2884 aliorum
2478 2823 2721 2884 quatuor,
2762 2815 2850 2880 qui
2880 2813 3158 2884 Saturnini
3184 2812 3350 2865 vocati
3387 2823 3496 2862 esse
3534 2822 3618 2884 re-

2011 2887 2288 2952 feruntur:
2322 2882 2395 2938 Hi
2427 2879 2599 2938 omnes
2619 2887 2713 2938 sub
2739 2884 2975 2938 Daciano
3003 2883 3376 2952 Hispaniarum
3398 2879 3618 2952 prazsitle

2010 2950 2166 3027 simul
2196 2956 2361 3027 poenis
2389 2955 2575 3027 affecti
2591 2965 2744 3018 atque
2773 2957 3066 3025 interempti
3091 2950 3207 3009 sunt
3234 2969 3252 3019 ;
3293 2950 3616 3027 quoruntil-

2009 3025 2173 3081 lustre
2196 3021 2517 3095 martyrium
2542 3025 2862 3082 Prudentius
2906 3021 3136 3080 versibus
3183 3021 3473 3078 exornavit.
3506 3021 3618 3095 Ngo-

2010 3099 2157 3152 mina
2180 3109 2233 3153 et
2258 3091 2460 3154 seriem
2485 3100 2724 3169 ipsorum
2750 3101 2816 3153 ab
2842 3098 2963 3168 ipso
2992 3098 3292 3153 Prudentia
3315 3091 3604 3161 mutuavit,

2007 3170 2100 3241 qui
2123 3169 2201 3225 sic
2231 3169 2398 3226 habet
2423 3189 2437 3225 :

2381 3262 2513 3326 Ergo
2533 3267 2610 3313 ter
2635 3265 2770 3314 senis
2790 3275 2927 3326 sacra
2948 3261 3217 3326 candidatis

2380 3324 2533 3390 Dives
2553 3325 2730 3390 Optato
2748 3325 2898 3390 rsimnl
2919 3332 2968 3375 et
2993 3324 3235 3387 Luperco,

2379 3389 2550 3451 Perge
2571 3389 2897 3450 conscriptum
2922 3390 3115 3438 tibimet
3137 3389 3361 3437 senatum

2637 3451 2867 3513 Pangere
2892 3451 3109 3514 psalmis.

2384 3513 2490 3565 Ede
2509 3511 2813 3573 successum,
2832 3511 2954 3564 caue
2971 3511 3266 3573 Martialem,
3323 3518 3363 3574 ιι

2390 3575 2521 3625 Mors
2538 3585 2590 3626 et
2612 3574 2795 3624 Urbani
2823 3576 2910 3626 tibi
2930 3579 3218 3626 concinatur

2383 3637 2562 3688 Juliam
2580 3647 2750 3702 cantus
2769 3646 2990 3702 resonet,
3015 3639 3259 3702 simulque
3351 3687 3356 3700 ί

2631 3701 3000 3760 Quintilianum.

2385 3761 2615 3812 Publium
2642 3763 2820 3824 pandat
2835 3763 3034 3825 chorus,
3063 3767 3114 3813 et
3137 3761 3360 3816 revolvat

2381 3825 2537 3883 Quale
2564 3825 2823 3886 Frontonis
2844 3824 2998 3874 fuerit
3020 3824 3274 3886 trOpteum,

2386 3888 2513 3947 Quid
2532 3889 2692 3951 bonus
2717 3885 2859 3951 Felix
2888 3887 3078 3951 tulerit,
3104 3885 3219 3950 Quid
3243 3885 3360 3938 acer

2626 3947 2930 4001 Caecilianus.

2383 4011 2602 4070 Quantus
2623 4011 2799 4062 Eventi
2819 4019 2899 4062 tua
2925 4011 3056 4062 bella
3076 4014 3279 4072 sanguis

2383 4074 2508 4138 'l‘inx
2518 4075 2631 4137 erit,
2650 4081 2892 4138 quatenus
2917 4083 2998 4138 tua
3018 4074 3292 4138 Primitive,

2381 4135 2500 4188 Cum
2520 4135 2803 4200 tuosjivax,
2822 4135 3007 4200 recolat
3030 4136 3303 4200 triumphos

2634 4198 2762 4248 Laus
2785 4199 3041 4260 Apodemi.

2383 4260 2600 4324 Quatuor
2619 4262 2838 4324 posthinc
2855 4267 3086 4324 superest
3107 4262 3321 4312 virorum

2379 4323 2572 4374 Nomen
2600 4323 2789 4381 extolli,
2815 4323 3062 4373 renuente
3086 4333 3265 4386 metro,

2383 4389 2516 4446 Quos
2532 4386 2818 4450 Saturninos
2841 4394 3082 4437 memorat
3099 4395 3295 4438 vocatos
3338 4386 3355 4450 Ι

2629 4449 2795 4498 Prisca
2818 4456 3054 4501 vetustas.

2079 4582 2183 4640 Sed
2206 4597 2336 4640 vero
2362 4582 2543 4638 caeteri
2573 4595 2763 4638 omnes
2790 4589 3040 4636 auctores
3063 4596 3170 4636 non
3205 4580 3380 4637 solum
3403 4581 3602 4637 seriem

2007 4664 2064 4711 et
2083 4656 2331 4711 ordinem
2369 4655 2647 4709 nominum
2675 4653 2885 4708 variant
2911 4693 2927 4717 ,
2957 4668 3145 4710 verum
3175 4653 3340 4708 etiam
3382 4653 3601 4708 nomina

2007 4729 2247 4783 omnium
2272 4729 2340 4783 18
2363 4725 2692 4796 exprimunt,
2717 4734 2772 4780 et
2796 4725 3069 4796 pernitiem
3082 4725 3335 4796 ipsorum
3358 4723 3603 4796 Saturni-

2007 4814 2136 4854 num
2171 4799 2351 4852 vocari
2375 4794 2664 4852 alilrmant.
2697 4795 2837 4851 Audi
2861 4795 3024 4851 verba
3055 4794 3306 4864 Usuardi,
3338 4798 3423 4850 cui
3454 4794 3601 4860 Ado,

2008 4880 2064 4925 et
2113 4870 2395 4940 Equilinns
2422 4869 2773 4940 consentiunt
2794 4881 2809 4920 :
2835 4865 3266 4940 .Cazsaraugnsta:
3291 4876 3603 4940 sanctorum

2017 4943 2081 5013 εδ
2103 4935 2412 5013 martyrum,
2438 4938 2796 5013 Quinctiliani,
2818 4935 3079 5013 passiam,
3104 4935 3377 5013 illatutini,
3402 4938 3602 5013 Publii,

2013 5007 2544 5079 UrbanifMartialis,
2575 5009 2782 5077 It‘attsti,
2806 5010 3068 5071 Successi.
3093 5007 3308 5079 Felicis.
3333 5009 3598 5079 Januarii,

2008 5083 2292 5152 Primitivi,
2320 5083 2542 5151 Eventii,
2573 5080 2838 5153 chiliatlt'
2864 5121 2880 5145 ,
2915 5081 3110 5153 Optati,
3146 5078 3425 5153 Frontonis
3448 5120 3462 5143 .
3492 5081 3604 5136 Lit-

2006 5159 2170 5224 perri,
2202 5151 2474 5228 Apodemi,
2502 5166 2548 5210 et
2575 5151 2837 5228 Juliidlfli
2860 5151 3036 5208 omnes
3076 5151 3171 5228 sub
3193 5151 3457 5228 Deciano,
3489 5163 3595 5207 etc.

2004 5223 2312 5284 Subscribit
2339 5223 2557 5281 Marieta
2586 5241 2638 5295 p.
2675 5224 2703 5279 i
2736 5224 2828 5278 lib.
2858 5239 2896 5278 tt
2915 5238 3037 5294 cap.
3071 5223 3196 5288 105.
3229 5234 3285 5279 et
3313 5223 3452 5292 quod
3485 5240 3601 5276 mu-

2001 5301 2137 5370 joris
2165 5299 2420 5366 ponderis
2449 5307 2534 5370 est
2558 5297 3012 5370 ,Avetustissimus
3052 5310 3154 5370 ms.
3207 5295 3380 5370 codex
3408 5308 3596 5370 mona-

2007 5365 2248 5427 steriis.
2276 5369 2536 5424 Bernardi
2560 5368 2807 5424 Toletani
2834 5381 2996 5436 supra
3017 5369 3240 5431 relatus,
3271 5367 3410 5421 idem
3436 5365 3599 5420 habet

2004 5444 2072 5498 ad
2105 5443 2347 5497 verbum.
2398 5443 2600 5498 Desunt
2643 5438 2894 5510 igiturAin
2929 5438 3172 5510 Romano
3214 5438 3596 5510 M;trlyr_0|0gi0

2003 5525 2238 5586 quatuor
2256 5513 2293 5586 il
2303 5515 2476 5586 lorum
2510 5506 2726 5567 nomina
2748 5527 2762 5565 :
2788 5506 3367 5586 Cassianus._l"austus_,
3391 5506 3597 5586 lanna:

2003 5580 2134 5649 rius,
2156 5599 2210 5642 et
2238 5585 2548 5648 Matutinus,
2571 5598 2729 5655 quos,
2760 5593 2816 5655 ut
2850 5581 3178 5636 Prudentius
3191 5580 3400 5655 inquit,
3429 5580 3594 5650 prisci

2007 5657 2324 5714 Saturninos
2353 5653 2648 5721 vocarunt;
2679 5654 2932 5708 nimirum
2957 5653 3280 5720 cognomine
3308 5655 3478 5716 avito,
3503 5660 3597 5708 aut

2004 5729 2110 5786 alia
2132 5729 2324 5802 quavis
2351 5743 2535 5786 causa.
2565 5727 2674 5785 Sed
2696 5725 2828 5797 quid
2855 5733 2940 5780 est
2964 5723 3108 5795 quod
3136 5723 3464 5783 Prudentius
3483 5725 3597 5782 ait?

2253 5822 2470 5881 Quatuor
2491 5819 2668 5869 dehinc
2689 5821 2923 5880 superest
2948 5816 3158 5866 virorum

2249 5885 2439 5936 Nomen
2464 5881 2655 5941 extolli,
2680 5885 2926 5931 renuente
2947 5887 3124 5942 metro,
