4114 6338
1328 342 1561 404 FLAVI]
1599 343 1781 402 LUC"
1818 343 2081 403 DZXTRI
2119 345 2541 409 CllRONICON.

3480 355 3587 416 466

1502 524 1758 584 BIVARII
1796 523 2368 592 COMMENTARIUS.

269 675 399 746 eetn
445 663 555 746 hoc
585 662 708 746 loco
735 664 1010 746 vitiatum.
1043 663 1393 746 additamque
1423 664 1872 746 ejusmodiclau-
1897 663 1948 724 A
1977 664 2102 746 dam
2122 669 2548 746 _orat_ionis,qure
2572 673 2625 730 in
2661 673 2938 731 Breviario
2955 673 3014 730 S.
3051 671 3244 731 lsidori
3275 675 3577 746 reperitur:

269 736 452 792 sulam
505 736 575 792 ab
623 739 809 808 aliquo
849 737 1214 810 immaculata:
1257 736 1629 810 conceptionis
1659 737 1872 810 delen-

267 821 426 877 sore,
458 822 620 879 quam
649 818 818 864 totum
855 809 1054 865 librum
1087 809 1268 864 lictum
1295 825 1438 873 esse.
1471 819 1525 866 et
1553 810 1622 864 ob
1655 809 1705 864 id
1740 824 1876 877 prae-

266 880 436 951 cipue
462 881 774 937 inventum.
797 879 1069 936 Czeterum
1100 882 1348 951 quamvis
1377 897 1477 951 pro
1512 882 1875 936 immaculatze

273 949 536 1025 Deiparze
558 953 916 1024 conceptione
947 949 1134 1007 multze
1167 968 1353 1022 ezeque
1380 949 1723 1025 gravissimae
1752 967 1876 1006 san-

267 1031 490 1076 ctorqu
516 1023 743 1079 Patrum
763 1034 982 1080 exstent
1011 1025 1318 1091 εειιιειιιίςυ,
1347 1023 1414 1080 de
1445 1027 1642 1089 quibus
1670 1027 1720 1078 in
1753 1039 1877 1092 spe-

271 1093 417 1168 ciali
444 1093 585 1150 libro
615 1097 752 1152 alias
780 1096 1011 1166 egimus,
1046 1096 1188 1168 typis
1218 1095 1405 1153 Jacobi
1437 1095 1653 1151 Cardon
1689 1097 1876 1168 etil’e-

267 1165 342 1220 tri
373 1164 627 1222 Cavellat
655 1164 899 1232 Lugduni
943 1164 1146 1223 excuso
1169 1167 1273 1223 hoc
1309 1184 1452 1223 anno
1483 1168 1643 1232 1624,
1683 1167 1784 1222 sub
1810 1167 1876 1222 ti-

266 1237 437 1290 tulo:
485 1236 671 1294 Sancti
715 1239 904 1293 Patres
941 1239 1189 1295 vindicati
1219 1240 1273 1293 in
1312 1257 1473 1294 causa
1509 1239 1875 1294 Immaculata:

272 1304 690 1380 Conceptiouis:
731 1311 862 1367 illud
911 1319 1090 1367 tamen
1139 1311 1280 1383 mihi
1317 1312 1482 1367 dubio
1535 1313 1720 1383 procul
1768 1323 1870 1378 est,

266 1393 525 1454 prassens
576 1383 949 1439 testimonium
1002 1399 1177 1454 neque
1225 1382 1470 1450 allicere,
1527 1382 1702 1454 neque
1750 1398 1877 1453 pro-

264 1451 434 1526 desse
480 1453 712 1510 alterius
763 1455 940 1526 partis
989 1451 1510 1524 propugnatoribus;
1568 1451 1664 1511 sed
1714 1451 1874 1526 longe

262 1521 378 1596 alio
407 1538 605 1591 sensu,
628 1521 791 1595 quam
827 1525 932 1594 ipsi
963 1521 1256 1596 accipiant,
1288 1543 1318 1581 a
1365 1528 1566 1582 Dextro
1594 1521 1871 1594 receptum

263 1593 479 1670 fuisse;
514 1593 914 1669 continereque
946 1607 1052 1670 tam
1086 1593 1294 1653 certam
1325 1598 1641 1664 veritatem,
1669 1593 1811 1670 quod
1843 1614 1874 1654 a

264 1668 500 1740 nemine
529 1668 921 1723 catholicorum
953 1669 1181 1724 inliciari
1210 1670 1415 1740 possit;
1453 1678 1658 1724 tantum
1689 1668 1870 1738 abest,

263 1745 325 1789 ut
349 1738 538 1792 aliena
570 1755 596 1792 a
634 1741 824 1796 Dextri
857 1745 1129 1796 sententia
1160 1738 1374 1796 censeri
1401 1743 1660 1807 debeant,
1690 1754 1743 1795 et
1783 1757 1876 1808 pa-

266 1823 393 1881 rum
429 1811 708 1881 sinceram
742 1821 1070 1868 vetustatem
1099 1813 1352 1868 redolere
1379 1815 1695 1868 credantur.
1730 1813 1872 1881 Quid

263 1877 450 1935 illud?
472 1884 736 1938 nimirum
765 1895 1013 1938 sanctum
1043 1885 1305 1939 .Iaeobum
1333 1885 1388 1938 in
1413 1883 1687 1940 Hisoaniis
1712 1877 1874 1940 insti-

267 1951 456 2008 tuisse
498 1953 860 2010 immaculata:
895 1955 1289 2010 lucarnationis
1319 1955 1478 2009 Verbi
1516 1951 1612 2012 Dei
1648 1955 1869 2010 festum.

262 2021 406 2096 Quis
451 2022 507 2078 id
563 2037 723 2096 neget
765 2026 1028 2082 Jacobum
1074 2027 1304 2082 fecisse?
1353 2027 1526 2083 Rudis
1577 2026 1869 2083 admodum

262 2094 354 2147 ille
388 2105 482 2150 est
510 2100 600 2165 qui
634 2094 838 2154 nesciat
873 2098 1210 2153 Dominicam
1243 2098 1612 2166 Nativitatem,
1659 2100 1874 2154 Passio-

263 2179 425 2233 nern,
461 2166 968 2232 Resurrectionem.
1005 2181 1060 2225 et
1107 2171 1544 2226 lncarnationcm
1592 2171 1796 2236 pariter
1842 2187 1874 2226 a

265 2239 492 2310 sanctis
545 2242 814 2310 apostolis
861 2241 1161 2297 celebratas
1211 2252 1265 2296 et
1328 2240 1602 2297 celebrari
1651 2245 1871 2297 edoctus

263 2308 320 2362 in
348 2308 624 2367 universo
653 2311 956 2368 christiano
987 2313 1143 2368 orbe.
1177 2315 1318 2380 Ergo
1344 2324 1398 2369 et
1421 2312 1656 2368 Jacobns
1686 2314 1741 2368 in
1776 2313 1871 2369 Hi-

267 2381 532 2455 spaniis,
585 2397 708 2439 cum
760 2385 1096 2452 evangelicae
1137 2384 1512 2455 przediCationi
1562 2386 1866 2454 insistebat,

263 2451 422 2526 idem
459 2452 658 2511 fecisse
694 2451 1003 2526 credendus
1041 2451 1150 2511 est.
1199 2457 1312 2511 Hoc
1352 2457 1512 2526 igitur
1552 2456 1777 2512 illibatae
1818 2451 1874 2512 et

261 2523 646 2596 immaculata:
706 2523 1098 2596 Couceptionis
1162 2527 1256 2582 Dei
1327 2523 1622 2596 genetricis
1685 2527 1872 2584 Maria:

260 2593 476 2650 festum
505 2611 536 2650 a
583 2597 789 2654 Dextro
827 2593 1201 2668 nuncupatur;
1233 2593 1624 2668 Conceptionis
1672 2615 1869 2656 nomen

261 2681 375 2742 non
422 2669 474 2722 in
507 2672 743 2738 passiva,
773 2671 868 2726 sed
904 2673 1087 2725 activa
1119 2671 1520 2742 signilicatione
1548 2686 1823 2742 usurpans
1853 2689 1869 2729 :

261 2737 314 2792 iit
349 2748 469 2812 est,
505 2737 602 2810 pro
632 2757 699 2798 ea
738 2746 1111 2812 conceptione,
1135 2737 1240 2810 qua
1276 2741 1508 2810 Deipara
1546 2737 1712 2812 Virgo
1749 2743 1870 2800 sine

261 2811 491 2865 macula
525 2825 578 2867 et
608 2813 730 2869 labe
754 2813 848 2869 Dei
875 2813 1072 2869 Filium
1101 2811 1155 2868 in
1189 2812 1303 2869 suis
1325 2811 1872 2869 castissimis’concc-

260 2881 342 2955 pit
383 2883 718 2955 visceribus,
753 2901 857 2940 non
893 2901 992 2951 pro
1031 2901 1092 2941 ea
1125 2901 1230 2955 qua
1258 2899 1287 2938 a
1319 2884 1378 2938 Β.
1409 2887 1564 2939 Anna
1603 2895 1866 2954 concepta

261 2953 389 3028 luit.
426 2951 779 3028 Neque__vero
808 2959 928 3028 quis
961 2951 1214 3027 putet,'in
1245 2957 1485 3011 alienum
1515 2971 1737 3028 sensum
1771 2951 1870 3012 nos

261 3025 440 3079 verba
481 3025 740 3099 praedicta
784 3025 1172 3099 contorquere,
1211 3043 1278 3084 eo
1312 3027 1458 3096 quod
1503 3027 1685 3084 videat
1727 3045 1870 3085 nunc

261 3097 541 3169 temporis
575 3100 963 3169 conceptionis
1003 3097 1228 3165 nomen,
1259 3114 1389 3155 cum
1415 3099 1476 3154 Β.
1516 3099 1722 3169 Virgini
1767 3105 1868 3156 tri-

261 3167 482 3244 huitur,
518 3168 572 3224 in
607 3167 879 3244 passi—vum
922 3171 1096 3242 accipi
1132 3186 1392 3237 sensum;
1427 3171 1557 3226 olim
1596 3167 1867 3244 siquidem

261 3237 318 3294 in
351 3237 801 3312 activum'accipi
821 3237 1066 3309 solitum,
1093 3244 1260 3298 multa
1291 3237 1678 3298 demonstrant
1700 3260 1868 3314 argu-

263 3319 460 3385 menta
502 3328 520 3367 :
561 3327 686 3367 nam
728 3315 1150 3385 utiomittamus
1193 3329 1261 3370 eo
1309 3328 1473 3370 sensu
1513 3325 1796 3385 acceptum
1835 3333 1865 3372 a

264 3381 534 3459 DOrnino,
592 3399 716 3459 cum
780 3384 1478 3459 deppeceatiporiginalis
1538 3381 1701 3456 paena
1757 3389 1866 3459 egit

262 3452 484 3528 Genes.
520 3443 584 3528 in
619 3456 726 3510 illis
752 3443 933 3513 verbis
962 3475 973 3510 :
1005 3443 1369 3528 Multiplica’bo
1407 3443 1684 3528 concéptus
1726 3443 1862 3528 luds,
1891 3443 1939 3509 C

263 3526 350 3580 vel
389 3537 448 3579 ut
478 3527 587 3581 alia
608 3529 896 3602 translatio
919 3529 1116 3597 habet,
1145 3526 1504 3598 conceptiones
1543 3526 1664 3586 tuas
1685 3547 1705 3586 :
1728 3526 1867 3602 prae;

263 3609 494 3669 ceptum
525 3601 620 3664 sit,
645 3601 792 3669 quod
816 3611 1030 3657 veteres
1053 3603 1118 3656 ad
1151 3602 1524 3656 denatandum
1556 3604 1869 3668 conceptio-

265 3665 355 3722 nis
398 3665 600 3744 festum
632 3665 740 3744 una
772 3673 1062 3728 utebantur
1092 3673 1261 3728 verbo
1299 3673 1679 3744 conceptionis
1735 3665 1866 3729 Dei-

263 3753 448 3820 parae,
487 3741 584 3820 sed
618 3743 805 3820 potius
834 3744 1306 3820 conceptioniss.
1338 3741 1538 3820 sanie.
1566 3743 1864 3820 _Sic_Graec_i

261 3811 318 3865 in
377 3811 725 3888 menqlogio,
755 3815 847 3888 die
881 3817 915 3872 9
948 3811 1298 3888 Decembris,
1327 3813 1610 3888 Conceptio
1661 3816 1858 3886 (aiunt)

262 3882 478 3936 munda
505 3881 572 3937 B.
607 3881 773 3942 Anna:
812 3885 910 3942 Dei
938 3897 985 3941 et
1010 3887 1223 3942 Domini
1259 3881 1419 3942 nostri
1453 3881 1606 3943 auita.
1644 3881 1747 3942 [iro
1774 3881 1864 3953 eo,

263 3954 420 4030 quod
452 3971 554 4010 nos
581 3955 848 4030 dicimus,
882 3958 1255 4030 conceptioS.
1289 3958 1386 4013 Dei
1423 3961 1725 4030 genitricis.
1759 3959 1862 4014 Ea-

264 4027 402 4102 dern
447 4041 677 4102 progsus
704 4027 886 4096 phra'si
919 4027 1143 4086 utuntur
1169 4027 1448 4102 Syrisqui'
1469 4031 1520 4084 itt
1552 4029 1867 4086 kalendario

267 4095 482 4176 habent
505 4113 538 4176 ἱ
552 4095 829 4176 Qonceptio
857 4103 1022 4176 ᾼηηω
1045 4095 1282 4176 justte'in
1316 4095 1540 4156 Domina
1565 4111 1740 4157 nostra
1777 4119 1865 4176 ge-

266 4169 462 4222 nitrice
492 4167 622 4234 Dei,
653 4171 738 4226 die
777 4171 811 4228 9
843 4167 1154 4228 Decem6ris.

336 4239 501 4315 Lego
528 4241 693 4315 etiam
739 4256 956 4300 sanctos
997 4247 1185 4301 Patres
1225 4243 1528 4315 saepissime
1557 4245 1861 4315 conceptio-

266 4325 404 4368 nem
438 4311 704 4387 Virginis,
736 4331 856 4370 eam
882 4332 987 4386 qua
1021 4318 1192 4373 Deum
1227 4311 1404 4387 ips-um
1443 4318 1706 4387 concepit
1726 4311 1868 4371 nun-

266 4397 513 4457 cupas-e7;
550 4385 634 4440 sic
663 4385 988 4453 Bernardns,
1020 4390 1072 4444 in
1100 4385 1282 4444 Serui.
1311 4390 1344 4443 4
1373 4388 1427 4443 in
1456 4385 1634 4457 vigilia
1667 4386 1868 4443 Natalis

269 4452 532 4530 Dosniui,
574 4456 793 4530 Attende
831 4452 1049 4530 (inquit)
1094 4471 1140 4516 et
1180 4468 1483 4529 conceptum
1513 4452 1716 4514 invenis
1759 4460 1872 4514 sine

268 4526 478 4603 semine
499 4543 519 4581 :
539 4529 664 4596 quid
692 4526 968 4603 gloriosius
1003 4526 1164 4603 quam
1186 4526 1365 4603 sancta
1389 4541 1436 4585 et
1473 4531 1673 4603 sincera
1698 4546 1871 4585 conce-

268 4600 424 4671 ptio,
455 4598 512 4671 in
534 4615 637 4671 qua
666 4598 800 4671 nihil
824 4598 1037 4671 pudoris
1062 4612 1161 4669 est,
1192 4601 1324 4657 nihil
1359 4603 1552 4669 sordis,
1584 4602 1716 4656 nihil
1755 4618 1872 4656 cor-

270 4669 583 4744 ruptionis}
613 4671 682 4744 Et
702 4669 1008 4742 Cyprianus
1037 4689 1133 4730 seu
1161 4676 1282 4743 ejus
1309 4674 1567 4744 aequalis,
1595 4673 1664 4744 de
1693 4673 1872 4744 cardi-

270 4739 499 4815 nalibus
517 4738 717 4815 Christi
741 4738 1015 4812 operibus,
1050 4738 1233 4802 Serui.
1261 4747 1330 4801 de
1360 4738 1600 4812 Nativit.,
1628 4743 1674 4799 Ο
1713 4743 1870 4815 Virgo

262 4811 425 4890 justo
444 4821 516 4890 _et_
538 4811 905 4890 omnijustitia
932 4818 1263 4890 plenissima,
1284 4821 1434 4890 cujus
1465 4811 1867 4890 conceptio‘sin-

271 4881 516 4956 galeris!
555 4881 814 4956 nimirum
864 4881 988 4956 quia
1043 4889 1161 4943 sine
1220 4881 1315 4942 viri
1342 4881 1578 4943 'semine
1621 4881 1867 4956 perlecta

272 4953 432 5031 luit;
462 4953 605 5011 unde
635 4967 696 5031 et
735 4953 939 5031 subdit,
974 4958 1178 5031 Spiritu
1208 4969 1386 5013 sancto
1424 4953 1763 5031 obumbrante
1790 4960 1872 5013 in-

272 5025 523 5080 cendium
567 5028 816 5098 originale
848 5025 1161 5085 exstinctum
1187 5040 1258 5085 est
1293 5031 1369 5098 (id
1415 5042 1521 5096 est,
1553 5029 1873 5086 libidinosus

273 5099 568 5174 pruritus),
613 5099 832 5174 ideoque
860 5103 1130 5174 innoxiam
1163 5103 1351 5174 afﬂigi
1384 5118 1489 5156 non
1533 5101 1725 5168 decuit,
1763 5114 1867 5158 etc.

277 5165 598 5244 Bernard'u_s
629 5165 824 5244 iterum
861 5172 1007 5228 hom.
1041 5175 1077 5229 4
1105 5165 1492 5244 ευρὁτἮὶεειιε
1531 5183 1630 5240 est,
1675 5165 1874 5230 conce-

278 5242 522 5321 ptionem
552 5241 808 5312 Baptistae
836 5255 994 5321 vocat
1021 5241 1430 5321 conceptionem
1455 5245 1874 5321 Eli_sabelh.Nec

277 5316 505 5380 mirum,
551 5328 675 5388 cum
702 5317 988 5388 conceptio
1023 5316 1250 5372 actionis
1281 5332 1475 5372 nomen
1513 5317 1581 5388 sit
1620 5318 1874 5388 proprius

278 5397 443 5450 quam
476 5383 763 5450 passionis.
799 5383 955 5442 Hunc
994 5397 1144 5443 certe
1183 5403 1402 5444 sensum
1436 5383 1666 5442 reddunt
1713 5383 1872 5444 verba

280 5451 378 5508 illa
411 5455 638 5531 liturgiae
656 5458 884 5531 decimus
913 5474 979 5514 ex
1010 5459 1236 5524 Graecis,
1264 5474 1397 5531 quas
1419 5460 1673 5515 Claudius
1701 5460 1876 5531 Spen-

281 5538 430 5580 eaeus
471 5528 677 5583 edidit:
713 5528 815 5597 Qui
858 5533 1115 5585 consecuti
1160 5528 1338 5586 sumtis
1385 5531 1636 5602 gaudium
1680 5528 1758 5584 in'
1784 5541 1875 5587 tuo

284 5608 561 5672 conceptu,
583 5615 614 5654 ο
649 5602 806 5670 plane
846 5602 1200 5672 immaculata,
1233 5604 1520 5657 salutamus
1559 5612 1606 5657 te
1633 5619 1752 5656 cum
1783 5621 1876 5658 an-

287 5667 405 5742 gelo
426 5667 734 5742 clamantes,
761 5673 887 5738 Ave,
914 5685 1021 5729 etc.
1050 5667 1376 5742 Quae'tamen
1407 5675 1652 5729 nonnulli
1682 5675 1878 5731 imme-

288 5736 398 5791 rito
442 5739 512 5816 de
551 5742 762 5811 passiva
803 5736 1159 5816 conceptione
1209 5745 1434 5816 intelligi
1476 5747 1681 5812 volunt,
1729 5748 1874 5802 relu-

288 5817 470 5888 ct_ante
500 5811 618 5881 ipso
643 5825 930 5888 contextu,
959 5811 1046 5885 qui
1070 5816 1143 5888 de
1167 5811 1875 5888 AnnuntiationeAngelica

290 5879 486 5948 planus
510 5879 618 5941 est.
645 5883 833 5956 Neque
859 5879 1026 5944 alium
1053 5887 1283 5946 reddere
1308 5887 1475 5947 credo
1503 5887 1668 5946 verba
1695 5879 1878 5961 cujus-

1976 734 2197 818 Domine
2224 740 2352 796 Jesu
2379 734 2612 816 Christe,
2645 747 2734 812 qui
2766 747 2840 801 sic
2871 746 3135 818 Virginem
3163 734 3380 803 matrem
3410 734 3580 803 hanc;

1975 809 2218 879 riﬁcasti,
2265 830 2528 902 (limusque
2581 809 3083 902 conceptionis_21us
3124 821 3317 902 gratia,
3353 837 3465 874 eam
3494 838 3582 875 co-

1975 898 2087 959 gam
2115 892 2162 959 te
2199 884 2614 957 suffragatricem
2643 884 3099 959 incomparabilem
3124 884 3441 956 invenimus,
3469 901 3576 947 etc.

1977 950 2291 1032 invenimus
2319 950 2468 1032 certe
2495 975 2615 1015 eam
2643 950 3098 1032 Siiﬂ‘ragatricem,
3127 962 3254 1017 dum
3306 963 3399 1017 Dei
3431 950 3580 1018 'Ver-

1975 1023 2119 1105 bum
2143 1028 2417 1105 concepit,
2450 1047 2555 1105 non
2599 1047 2729 1088 vero
2757 1023 2884 1087 dtim
2925 1023 3184 1105 concepta
3218 1041 3321 1088 est.
3353 1034 3578 1104 Insuper

1979 1096 2032 1174 in
2070 1096 2210 1174 idem
2241 1096 2458 1166 recidit,
2484 1104 2537 1174 psi
2567 1119 2755 1158 verum
2789 1115 2873 1160 est
2903 1105 3044 1174 quod
3083 1096 3147 1161 ἐκ
3185 1105 3354 1160 Paulo
3379 1096 3578 1160 Oro'sio

1979 1167 2165 1247 Dextri
2193 1172 2655 1247 coaivoreferunt
2685 1167 2979 1232 Mauricius
3010 1177 3079 1233 de
3123 1175 3490 1247 Villaprobata
3523 1177 3576 1232 in

1975 1237 2217 1307 Corona,
2267 1242 2507 1301 Mariana
2559 1246 2741 1302 Serm.
2801 1247 2868 1303 16
2913 1259 2968 1304 et
3012 1237 3376 1304 Bernardi'nus
3424 1247 3578 1306 Busti

1977 1308 2156 1392 Serm.
2207 1314 2240 1369 8
2281 1314 2351 1392 de
2391 1314 2652 1392 C_oncept.
2696 1333 2812 1388 par.
2845 1320 3196 1392 {scripsisse
3223 1319 3478 1392 videlicet
3519 1319 3574 1392 in

1978 1383 2209 1463 quadam
2243 1385 2474 1463 epistpla
2506 1383 2848 1463 ad'san'ctam
2874 1383 3225 1446 Eustochium
3257 1389 3578 1463 Hieronymi

1975 1453 2299 1534 discipulam
2331 1476 2345 1513 :
2374 1457 2561 1534 Coram
2589 1461 2697 1517 Deo
2733 1462 2873 1529 novi,
2909 1470 2959 1515 et
2995 1463 3051 1534 in
3088 1464 3297 1517 veritate
3326 1453 3573 1534 comperi,

1976 1527 2115 1607 quod
2154 1527 2299 1607 nulla
2331 1529 2525 1607 mulier
2557 1534 2615 1607 in
2642 1544 2813 1607 partu
2853 1527 3199 1607 periclitatur,
3237 1527 3579 1607 superquam

1977 1598 2156 1678 devote
2186 1599 2390 1678 diaria:
2429 1605 2601 1676 gratia
2633 1598 2969 1678 impleretur,
3005 1615 3051 1678 et
3091 1605 3200 1660 dies
3228 1598 3576 1678 conceptionis

1977 1673 2092 1746 ejus
2120 1671 2450 1729 celebratur}
2480 1671 2982 1744 quando'nimiruin
3007 1676 3126 1732 sine
3153 1676 3357 1746 pudore
3379 1671 3576 1732 concc-

1979 1744 2079 1808 pit,
2103 1753 2172 1817 _ut
2219 1747 2336 1798 sine
2368 1746 2558 1802 dolore
2603 1758 2841 1817 pareret.
2895 1750 3018 1802 l’lzce
3062 1744 3204 1802 enim
3235 1755 3355 1803 erat
3391 1747 3576 1802 Marias

1977 1815 2149 1880 gratia
2209 1815 2638 1890 periclitantibus
2695 1820 2978 1890 puerperis
3034 1834 3322 1889 caugrua,
3384 1821 3574 1890 abgea

1977 1899 2227 1960 quaerere
2255 1889 2539 1958 auxilium,
2567 1888 2928 1960 quzeaccépit
2967 1891 3021 1946 in
3051 1888 3407 1959 conceptione
3450 1888 3575 1945 Filii

1977 1957 2230 2032 gratiam,
2257 1967 2316 2012 ut
2358 1971 2500 2015 esset
2529 1957 2672 2017 'sine
2713 1957 3026 2032 gravamine
3073 1957 3314 2032 gravida,
3357 1971 3412 2017 et
3453 1963 3574 2017 sine

1979 2027 2167 2099 dolore
2193 2043 2480 2099 puerpera,
2515 2041 2572 2086 ut
2595 2027 2899 2088 Bernzirdus
2924 2027 3125 2088 alicubi
3156 2033 3316 2088 dixit.

2053 2098 2463 2175 Demitur-hinc
2490 2103 2599 2172 jam
2627 2118 2893 2160 canonem
2923 2105 3303 2175 Apostolorum
3332 2102 3579 2160 vindica-

1979 2167 2162 2246 bimus
2188 2187 2216 2225 a
2247 2170 2453 2246 difﬁcili
2485 2167 2672 2240 sensu,
2698 2191 2805 2241 quo
2832 2167 2994 2246 vulgo
3018 2175 3194 2245 accipi
3215 2176 3376 2243 solet,
3406 2189 3576 2230 cano.

1977 2255 2102 2317 nem
2132 2241 2562 2317 inquamillum,
2589 2248 2679 2315 qui
2711 2247 2763 2301 in
2796 2241 2953 2301 libris
2978 2247 3038 2302 S.
3068 2241 3415 2317 Ctesiphon-is
3441 2261 3573 2315 apo-

1977 2312 2101 2388 stoli
2129 2311 2319 2388 Jacobi
2349 2311 2621 2386 discipuli,
2658 2317 2799 2388 apud
2832 2319 3071 2376 Montem
3117 2311 3373 2375 Sanctum
3408 2311 3573 2386 llipu-

1978 2382 2206 2458 litanum
2233 2382 2506 2458 Granatm'
2525 2382 2774 2458 repertus
2805 2400 2890 2445 est
2917 2404 3040 2444 eum
3070 2391 3397 2445 veneranda:
3432 2382 3576 2443 anti-

1976 2456 2200 2532 quitatis
2221 2457 2496 2532 vestigiis;
2518 2456 2602 2532 ait
2626 2460 2894 2531 siquidem
2916 2460 2975 2517 S.
2999 2460 3320 2532 Ctesiphon,
3346 2469 3568 2516 sanctos

1977 2525 2077 2602 Dei
2110 2525 2405 2602 Apostolus
2449 2531 2551 2602 sub
2582 2525 2930 2587 anathemate
2981 2532 3034 2587 in
3067 2525 3316 2602 quodam
3342 2532 3577 2588 concilio

1975 2598 2278 2666 deliuiisse,
2314 2599 2591 2670 Virginem
2635 2604 2917 2674 Deiparam
2960 2603 3014 2658 in
3048 2598 3166 2674 ipso
3194 2602 3571 2674 conceptionis

1974 2679 2404 2742 suaa‘momenlo
2454 2685 2843 2741 praeservatam
2883 2673 3052 2729 fuisse
3072 2673 3149 2730 ab
3189 2674 3336 2730 omni
3374 2673 3567 2742 prima:

1974 2739 2199 2814 originis
2224 2739 2498 2814 contagio,
2525 2755 2578 2799 et
2608 2745 2835 2801 liberam
2862 2746 3134 2801 redditam
3160 2745 3231 2800 ab
3259 2739 3407 2801 omni
3446 2745 3569 2800 labe

1973 2813 2204 2880 peccati.
2231 2812 2411 2869 Verba
2440 2819 2678 2872 auctoris
2711 2818 2761 2870 in
2792 2817 2931 2871 libro
2963 2816 3033 2872 de
3067 2815 3424 2872 fundamento
3461 2816 3568 2872 Ec-

1973 2884 2176 2949 clesiae,
2209 2893 2268 2939 ut
2307 2885 2468 2956 vulgo
2493 2887 2975 2956 circumferuntur,
3020 2902 3085 2942 ex
3133 2886 3374 2943 Arabico
3424 2888 3564 2943 idio-

1973 2962 2272 3028 mateLquo
2303 2961 2506 3028 scripta
2535 2971 2682 3022 sunt,
2701 2959 2989 3014 Latinitate
3008 2957 3227 3023 donata,
3257 2958 3523 3014 sunthaec
3547 2976 3562 3015 :

1973 3023 2083 3080 Illa
2114 3023 2296 3100 Virgo,
2330 3023 2429 3084 illa
2456 3030 2653 3096 Maria,
2692 3030 2787 3086 illa
2829 3030 3026 3087 Sancta
3057 3038 3367 3096 prwservata
3402 3031 3504 3100 fuit
3533 3048 3566 3085 a

1973 3107 2182 3173 peccato
2209 3101 2454 3170 originali
2483 3105 2536 3156 in
2567 3105 2733 3170 printo
2769 3103 2988 3173 instanti
3031 3117 3142 3156 sua:
3187 3101 3560 3173 conceptionis,

1972 3179 2019 3222 et
2067 3168 2229 3225 libera
2270 3168 2333 3224 ab
2379 3175 2520 3245 omni
2546 3168 2725 3245 culpa.
2760 3172 2829 3227 Et
2852 3174 2942 3245 qui
2972 3174 3049 3228 ita
3075 3188 3177 3227 non
3220 3168 3444 3245 senserit,
3461 3189 3566 3228 non

1972 3251 2309 3312 consequetur
2336 3243 2552 3298 salutem
2594 3243 2864 3300 retentam.
2897 3243 3013 3300 Non
3045 3245 3212 3299 credo
3240 3243 3306 3298 ad
3335 3243 3559 3300 verbum

1974 3317 2236 3385 translata
2265 3313 2451 3385 fuisse,
2482 3315 2579 3372 sed
2607 3316 2820 3372 felicius
2850 3315 3025 3370 adhuc
3053 3324 3110 3370 et
3137 3313 3350 3370 facilius
3387 3326 3564 3370 trans-

1973 3381 2105 3460 fer-ri
2148 3399 2328 3460 posse,
2375 3381 2498 3460 nam
2538 3389 2711 3460 verba
2748 3388 2879 3442 illa:
2929 3395 3243 3460 prtesereata
3278 3402 3311 3440 a
3353 3396 3562 3460 peccato

1971 3454 2217 3527 originali
2245 3456 2302 3510 in
2333 3459 2501 3527 primo
2529 3459 2748 3514 instanti
2787 3473 2898 3514 sua:
2918 3454 3290 3528 conceptionis,
3321 3454 3448 3512 sunt
3475 3471 3564 3514 re-

1971 3529 2272 3601 centissimi
2306 3530 2427 3601 styli
2479 3529 2856 3600 theologorum
2910 3529 3070 3600 hujus
3119 3529 3240 3594 aevi,
3274 3538 3330 3586 et
3382 3529 3562 3599 potius

1969 3597 2305 3673 reddendum
2337 3597 2504 3669 esset,
2535 3597 2809 3657 liberatum
2833 3597 2994 3673 fuisse
3024 3617 3055 3654 a
3083 3601 3222 3673 malo
3251 3597 3433 3673 primis
3460 3602 3568 3673 ori-

2007 3670 2107 3742 inis
2149 3670 2489 3742 inﬁmomento
2515 3671 2867 3742 conceptionis
2896 3687 3005 3726 sua:
3025 3687 3044 3726 .'
3078 3672 3164 3727 vel
3195 3670 3323 3742 quid
3359 3672 3558 3727 simile.

2014 3739 2080 3795 ed
2102 3741 2364 3812 quidquid
2407 3743 2478 3798 sit
2503 3743 2571 3799 de
2600 3739 2982 3810 translatione,
3037 3739 3231 3797 sensus
3267 3743 3439 3798 facilis
3478 3752 3568 3800 est

1973 3820 2030 3866 et
2069 3814 2449 3879 necessarius;
2493 3815 2749 3870 videlicet
2777 3815 2895 3885 sub
2937 3813 3378 3885 interminatione
3407 3813 3555 3885 vitae,

1970 3890 2064 3956 aut
2088 3885 2276 3938 mortis
2299 3893 2518 3940 aeternae
2546 3887 2614 3940 ab
2640 3884 2896 3941 omnibus
2920 3884 3204 3956 catholicis
3225 3884 3560 3956 amplectené-

1970 3952 2100 4026 dum
2151 3969 2294 4024 esse,
2350 3964 2408 4011 et
2455 3958 2840 4026 prolitendum,
2901 3955 3176 4026 Virginem
3232 3952 3455 4012 Mariam
3503 3957 3559 4011 in

1971 4024 2150 4099 primo
2192 4024 2467 4099 ipsosuze
2488 4029 2863 4099 conceptionis
2893 4024 3191 4096 momento,
3226 4026 3446 4098 quando
3476 4026 3560 4081 ni-
3646 4077 3654 4083 .

1972 4097 2169 4152 mirum
2191 4097 2288 4170 Dei
2319 4097 2557 4154 Verbum
2584 4097 2738 4170 virgo
2767 4113 2994 4155 manens
3022 4097 3295 4168 concepit,
3324 4110 3559 4170 prteser-

1971 4177 2150 4241 vatani
2181 4168 2351 4226 fuisse
2388 4171 2458 4224 ab
2480 4168 2727 4241 originali
2760 4179 3014 4241 peccato;
3049 4170 3154 4225 hoc
3177 4179 3283 4239 est,
3319 4168 3351 4226 ἐι
3380 4170 3560 4241 poenis

1971 4239 2167 4312 primae
2197 4241 2436 4306 mulieri,
2465 4251 2518 4297 et
2543 4239 2769 4297 caeteris
2791 4243 2842 4297 in
2870 4257 2931 4298 ea
2963 4252 3186 4312 propter
3214 4239 3426 4310 culpam
3449 4239 3560 4295 ori-

1968 4311 2208 4381 ginalem
2239 4312 2455 4369 inﬂictis
2481 4313 2705 4369 subillis
2727 4313 2944 4369 verbis:
2971 4311 3341 4382 Multiplicabo
3365 4327 3560 4367 aerum-

1973 4398 2067 4454 nas
2098 4392 2236 4452 tuas,
2269 4392 2316 4438 et
2348 4395 2626 4454 conceptus
2662 4394 2801 4450 tuos,
2832 4387 2885 4438 in
2917 4384 3098 4439 dolore
3122 4385 3296 4454 paries
3327 4385 3484 4452 ﬁlios,
3513 4393 3565 4438 et

1973 4453 2067 4528 gub
2086 4455 2183 4528 viri
2199 4465 2450 4528 potestate
2469 4453 2593 4522 eris,
2606 4467 2655 4510 et
2676 4457 2786 4525 ipse
2807 4453 3163 4528 dominabitur
3178 4457 3253 4528 tui
3273 4454 3430 4528 (Gen.
3451 4457 3557 4526 Ill).

1974 4523 2400 4598 Dsitatis'simum
2433 4541 2668 4598 namque
2698 4523 2837 4584 esse
2885 4528 2939 4582 in
2975 4523 3354 4597 Scripturis'et
3384 4523 3563 4582 Patri-

1973 4595 2074 4672 bus
2122 4610 2402 4672 peccatum
2450 4615 2551 4672 pro
2580 4595 2742 4672 pinna
2788 4599 3074 4672 accipere,
3102 4595 3324 4672 negabit
3373 4613 3558 4672 nemo,

1973 4668 2066 4736 qui
2117 4671 2201 4723 vel
2247 4668 2476 4725 summis
2523 4670 2683 4724 labiis
2731 4684 2921 4725 eorum
2973 4668 3557 4738 scriptaﬁtractaverit.

1974 4740 2154 4810 Atque
2183 4739 2330 4796 hunc
2358 4741 2574 4808 quidem
2608 4741 2928 4812 legitimum,
2953 4751 3007 4796 et
3031 4742 3401 4797 necessarium
3438 4755 3563 4798 esse

1977 4812 2210 4867 canonis
2255 4827 2500 4880 sensum,
2546 4817 2835 4868 anathema
2883 4812 3235 4881 subjunctum
3296 4813 3558 4880 ostendit,

1978 4881 2102 4950 quis
2129 4885 2272 4938 enim
2307 4883 2453 4938 dicat
2494 4885 2748 4940 homines
2778 4883 3078 4940 sentientes
3103 4893 3292 4940 contra
3333 4884 3389 4939 id
3418 4885 3564 4954 quod

1979 4955 2229 5026 Apostoli
2259 4955 2574 5021 docuerint,
2601 4957 2837 5011 salvari?
2864 4963 2960 5011 aut
2997 4955 3146 5026 ipsos
3167 4956 3220 5010 in
3260 4956 3565 5012 canonibus

1979 5025 2208 5098 edendis
2248 5041 2437 5082 errare
2481 5028 2760 5098 potuisse?
2798 5037 2852 5083 et
2894 5025 3070 5082 tamen
3109 5027 3267 5084 multi
3301 5031 3564 5084 hactenus

1980 5095 2115 5171 salvi
2149 5097 2276 5171 facti
2309 5107 2438 5152 sunt
2476 5095 2730 5171 sineﬁde
2756 5099 3000 5171 mysterii
3031 5099 3407 5171 conceptionis
3435 5113 3565 5171 pas-

1979 5165 2131 5223 sivae.
2159 5167 2408 5238 Insuper,
2441 5179 2499 5225 ut
2524 5168 2653 5241 quid
2684 5165 2934 5240 Αροέιοιί
2958 5165 3223 5227 canoueni
3247 5165 3476 5228 ederent
3497 5169 3568 5225 de

1981 5253 2042 5294 re
2070 5254 2246 5312 neque
2270 5243 2597 5307 necessaria,
2625 5257 2804 5312 neque
2831 5243 2974 5298 inter
2997 5243 3284 5298 haereticos
3311 5243 3394 5296 sui
3427 5250 3565 5296 tem-

1982 5311 2130 5379 poris
2158 5314 2548 5368 controversa?
2576 5311 2781 5368 nam’si
2814 5314 3122 5370 necessaria
3151 5321 3298 5369 esset
3324 5313 3391 5368 ad
3420 5313 3568 5366 salu-

1982 5391 2116 5456 tem,
2141 5382 2353 5456 Paulus
2379 5400 2503 5439 cum
2541 5385 2608 5440 ad
2637 5384 2915 5440 Romanos
2941 5385 3011 5441 de
3046 5393 3274 5456 peccato
3313 5382 3565 5456 originali

1981 5451 2244 5528 latissime
2289 5456 2530 5527 scripsit,
2567 5458 2753 5528 utique
2790 5456 2910 5528 ejus
2940 5451 3155 5526 quoque
3199 5451 3562 5528 meminisset.

1981 5523 2165 5596 Longe
2192 5541 2322 5597 ergo
2360 5523 2427 5584 ab
2457 5523 2525 5584 eo
2560 5523 2726 5584 sensu
2771 5523 3081 5584 abluerent
3105 5527 3372 5598 Apostoli,
3402 5541 3564 5595 quem

1983 5598 2228 5653 notmulli
2262 5600 2388 5654 huic
2415 5602 2610 5654 cationi
2645 5600 2910 5666 tribuunt,
2935 5609 2990 5654 et
3032 5614 3155 5654 cum
3201 5599 3405 5668 aliquid
3447 5613 3568 5653 om-

1983 5669 2113 5724 nino
2142 5669 2211 5725 ad
2241 5673 2472 5728 salutem
2517 5672 2883 5729 necessarium
2919 5669 3250 5739 deﬁnierint,
3284 5670 3445 5741 quale
3483 5679 3570 5725 est

1982 5741 2354 5814 conceptionis
2392 5742 2620 5798 illibatae
2658 5745 2998 5814 mysterium,
3029 5756 3136 5812 qua
3179 5741 3417 5797 Verbum
3451 5742 3572 5808 Dei,

1985 5811 2218 5880 Spiritus
2245 5815 2418 5869 sancti
2448 5816 2652 5870 virtute
2681 5811 2843 5870 homo
2868 5811 3119 5870 eil‘eetum
3156 5820 3263 5881 est,
3291 5821 3347 5869 et
3383 5814 3568 5869 omnia

1990 5884 2156 5941 verba
2187 5886 2453 5955 quadrare
2484 5885 2794 5954 videantur,
2839 5898 2948 5943 non
2992 5894 3079 5942 est
3113 5900 3215 5943 cur
3254 5886 3309 5945 in
3358 5885 3567 5944 alienos
