  <div class='ocr_page' id='page_1' title='image "/cluster/home/n/w/nwhite01/storage/ocr_20150623/31/hvd.32044015471444/242.png"; bbox 0 0 4114 6338; ppageno 0'>
   <div class='ocr_carea' id='block_1_1' title="bbox 337 345 451 408">
    <p class='ocr_par' dir='ltr' id='par_1_1' title="bbox 337 345 451 408">
     <span class='ocr_line' id='line_1_1' title="bbox 337 345 451 408; baseline 0.026 -4"><span class='ocrx_word' id='word_1_1' title='bbox 337 345 451 408; x_wconf 67' lang='grc'><strong>473</strong></span> 
     </span>
    </p>
   </div>
   <div class='ocr_carea' id='block_1_2' title="bbox 1380 342 2594 406">
    <p class='ocr_par' dir='ltr' id='par_1_2' title="bbox 1380 342 2594 406">
     <span class='ocr_line' id='line_1_2' title="bbox 1380 342 2594 406; baseline -0.002 0"><span class='ocrx_word' id='word_1_2' title='bbox 1380 345 1613 406; x_wconf 77' lang='lat' dir='ltr'><strong>FLAVI]</strong></span> <span class='ocrx_word' id='word_1_3' title='bbox 1653 344 1837 405; x_wconf 76' lang='lat' dir='ltr'><strong>LUCII</strong></span> <span class='ocrx_word' id='word_1_4' title='bbox 1876 343 2141 402; x_wconf 81' lang='lat' dir='ltr'><strong>DEXTRI</strong></span> <span class='ocrx_word' id='word_1_5' title='bbox 2179 342 2594 404; x_wconf 77' lang='lat' dir='ltr'><strong>CIIRONICON.</strong></span> 
     </span>
    </p>
   </div>
   <div class='ocr_carea' id='block_1_3' title="bbox 3541 348 3649 406">
    <p class='ocr_par' dir='ltr' id='par_1_3' title="bbox 3541 348 3649 406">
     <span class='ocr_line' id='line_1_3' title="bbox 3541 348 3649 406; baseline -0.019 0"><span class='ocrx_word' id='word_1_6' title='bbox 3541 348 3649 406; x_wconf 60' lang='lat' dir='ltr'><strong>47b</strong></span> 
     </span>
    </p>
   </div>
   <div class='ocr_carea' id='block_1_4' title="bbox 338 463 3662 544">
    <p class='ocr_par' dir='ltr' id='par_1_4' title="bbox 338 463 3662 544">
     <span class='ocr_line' id='line_1_4' title="bbox 338 463 3662 544; baseline 0.001 -21"><span class='ocrx_word' id='word_1_7' title='bbox 338 465 641 528; x_wconf 75' lang='lat' dir='ltr'><strong>A.C.308.</strong></span> <span class='ocrx_word' id='word_1_8' title='bbox 717 468 918 530; x_wconf 73' lang='lat' dir='ltr'><strong>Pamise</strong></span> <span class='ocrx_word' id='word_1_9' title='bbox 960 470 1015 528; x_wconf 88' lang='lat' dir='ltr'><strong>in</strong></span> <span class='ocrx_word' id='word_1_10' title='bbox 1064 469 1322 544; x_wconf 77' lang='lat' dir='ltr'><strong>Hispania</strong></span> <span class='ocrx_word' id='word_1_11' title='bbox 1363 468 1760 527; x_wconf 76' lang='lat' dir='ltr'><strong>Tarraconensi</strong></span> <span class='ocrx_word' id='word_1_12' title='bbox 1811 466 1866 524; x_wconf 88' lang='lat' dir='ltr'><strong>in</strong></span> <span class='ocrx_word' id='word_1_13' title='bbox 1916 464 2116 538; x_wconf 89' lang='lat' dir='ltr'><strong>oppido</strong></span> <span class='ocrx_word' id='word_1_14' title='bbox 2144 463 2495 522; x_wconf 83' lang='lat' dir='ltr'><strong>Vaccaeorum</strong></span> <span class='ocrx_word' id='word_1_15' title='bbox 2539 464 2606 522; x_wconf 83' lang='lat' dir='ltr'><strong>ad</strong></span> <span class='ocrx_word' id='word_1_16' title='bbox 2642 464 2862 523; x_wconf 88' lang='lat' dir='ltr'><strong>lluvium</strong></span> <span class='ocrx_word' id='word_1_17' title='bbox 2901 464 3662 536; x_wconf 72' lang='lat' dir='ltr'><strong>Arlanconem,A.B.i059.</strong></span> 
     </span>
    </p>
   </div>
   <div class='ocr_carea' id='block_1_5' title="bbox 775 561 1752 638">
    <p class='ocr_par' dir='ltr' id='par_1_5' title="bbox 775 561 1752 638">
     <span class='ocr_line' id='line_1_5' title="bbox 775 561 1752 638; baseline -0.004 -17"><span class='ocrx_word' id='word_1_18' title='bbox 775 565 958 638; x_wconf 82' lang='lat' dir='ltr'><strong>passio</strong></span> <span class='ocrx_word' id='word_1_19' title='bbox 983 564 1157 621; x_wconf 89' lang='lat' dir='ltr'><strong>sancti</strong></span> <span class='ocrx_word' id='word_1_20' title='bbox 1183 561 1449 620; x_wconf 88' lang='lat' dir='ltr'><strong>Antonini</strong></span> <span class='ocrx_word' id='word_1_21' title='bbox 1473 562 1752 634; x_wconf 90' lang='lat' dir='ltr'><strong>martyris.</strong></span> 
     </span>
    </p>
   </div>
   <div class='ocr_carea' id='block_1_6' title="bbox 701 655 2517 732">
    <p class='ocr_par' dir='ltr' id='par_1_6' title="bbox 701 655 2517 732">
     <span class='ocr_line' id='line_1_6' title="bbox 701 655 2517 732; baseline -0.001 -16"><span class='ocrx_word' id='word_1_22' title='bbox 701 660 963 717; x_wconf 71' lang='lat' dir='ltr'><strong>Emerita:</strong></span> <span class='ocrx_word' id='word_1_23' title='bbox 991 660 1251 732; x_wconf 64' lang='lat' dir='ltr'><strong>Augusta:</strong></span> <span class='ocrx_word' id='word_1_24' title='bbox 1272 656 1326 713; x_wconf 93' lang='lat' dir='ltr'><strong>in</strong></span> <span class='ocrx_word' id='word_1_25' title='bbox 1353 656 1629 713; x_wconf 87' lang='lat' dir='ltr'><strong>Lusitania</strong></span> <span class='ocrx_word' id='word_1_26' title='bbox 1660 655 1721 712; x_wconf 93' lang='lat' dir='ltr'><strong>S.</strong></span> <span class='ocrx_word' id='word_1_27' title='bbox 1748 655 2001 715; x_wconf 81' lang='lat' dir='ltr'><strong>Lucretia</strong></span> <span class='ocrx_word' id='word_1_28' title='bbox 2021 656 2175 729; x_wconf 84' lang='lat' dir='ltr'><strong>virgo</strong></span> <span class='ocrx_word' id='word_1_29' title='bbox 2204 664 2261 714; x_wconf 90' lang='lat' dir='ltr'><strong>et</strong></span> <span class='ocrx_word' id='word_1_30' title='bbox 2289 666 2517 731; x_wconf 89' lang='lat' dir='ltr'><strong>martyr.</strong></span> 
     </span>
    </p>
   </div>
   <div class='ocr_carea' id='block_1_7' title="bbox 703 750 2733 828">
    <p class='ocr_par' dir='ltr' id='par_1_7' title="bbox 703 750 2733 828">
     <span class='ocr_line' id='line_1_7' title="bbox 703 750 2733 828; baseline -0.002 -17"><span class='ocrx_word' id='word_1_31' title='bbox 703 754 816 828; x_wconf 86' lang='lat' dir='ltr'><strong>Ega</strong></span> <span class='ocrx_word' id='word_1_32' title='bbox 849 755 1033 810; x_wconf 82' lang='lat' dir='ltr'><strong>attulit</strong></span> <span class='ocrx_word' id='word_1_33' title='bbox 1057 769 1121 809; x_wconf 89' lang='lat' dir='ltr'><strong>ex</strong></span> <span class='ocrx_word' id='word_1_34' title='bbox 1148 753 1374 810; x_wconf 80' lang='lat' dir='ltr'><strong>Oriente</strong></span> <span class='ocrx_word' id='word_1_35' title='bbox 1396 751 1718 808; x_wconf 86' lang='lat' dir='ltr'><strong>memoriam</strong></span> <span class='ocrx_word' id='word_1_36' title='bbox 1742 760 1944 807; x_wconf 59' lang='lat' dir='ltr'><strong>sanctae</strong></span> <span class='ocrx_word' id='word_1_37' title='bbox 1966 750 2280 808; x_wconf 84' lang='lat' dir='ltr'><strong>Catherime</strong></span> <span class='ocrx_word' id='word_1_38' title='bbox 2307 752 2359 807; x_wconf 91' lang='lat' dir='ltr'><strong>in</strong></span> <span class='ocrx_word' id='word_1_39' title='bbox 2391 751 2733 823; x_wconf 84' lang='lat' dir='ltr'><strong>Hispaniam.</strong></span> 
     </span>
    </p>
   </div>
   <div class='ocr_carea' id='block_1_8' title="bbox 705 840 3304 919">
    <p class='ocr_par' dir='ltr' id='par_1_8' title="bbox 705 840 3304 919">
     <span class='ocr_line' id='line_1_8' title="bbox 705 840 3304 919; baseline -0.001 -18"><span class='ocrx_word' id='word_1_40' title='bbox 705 844 861 917; x_wconf 83' lang='lat' dir='ltr'><strong>Apud</strong></span> <span class='ocrx_word' id='word_1_41' title='bbox 890 845 1089 902; x_wconf 86' lang='lat' dir='ltr'><strong>Pacem</strong></span> <span class='ocrx_word' id='word_1_42' title='bbox 1113 846 1415 915; x_wconf 87' lang='lat' dir='ltr'><strong>Augustam</strong></span> <span class='ocrx_word' id='word_1_43' title='bbox 1444 843 1580 898; x_wconf 69' lang='lat' dir='ltr'><strong>Ana:</strong></span> <span class='ocrx_word' id='word_1_44' title='bbox 1608 840 1816 898; x_wconf 82' lang='lat' dir='ltr'><strong>ﬂumini</strong></span> <span class='ocrx_word' id='word_1_45' title='bbox 1847 841 2175 913; x_wconf 87' lang='lat' dir='ltr'><strong>appositam,</strong></span> <span class='ocrx_word' id='word_1_46' title='bbox 2208 841 2517 915; x_wconf 88' lang='lat' dir='ltr'><strong>triumphus</strong></span> <span class='ocrx_word' id='word_1_47' title='bbox 2549 843 2652 901; x_wconf 90' lang='lat' dir='ltr'><strong>SS.</strong></span> <span class='ocrx_word' id='word_1_48' title='bbox 2681 852 2981 919; x_wconf 85' lang='lat' dir='ltr'><strong>martyrum</strong></span> <span class='ocrx_word' id='word_1_49' title='bbox 3010 841 3304 910; x_wconf 87' lang='lat' dir='ltr'><strong>Vincentii,</strong></span> 
     </span>
    </p>
   </div>
   <div class='ocr_carea' id='block_1_9' title="bbox 772 933 3300 1011">
    <p class='ocr_par' dir='ltr' id='par_1_9' title="bbox 772 933 3300 1011">
     <span class='ocr_line' id='line_1_9' title="bbox 772 933 3300 1011; baseline -0 -15"><span class='ocrx_word' id='word_1_50' title='bbox 772 938 982 996; x_wconf 87' lang='lat' dir='ltr'><strong>Orentii</strong></span> <span class='ocrx_word' id='word_1_51' title='bbox 1002 981 1018 1006; x_wconf 89' lang='lat'><strong>,</strong></span> <span class='ocrx_word' id='word_1_52' title='bbox 1047 946 1104 996; x_wconf 89' lang='lat' dir='ltr'><strong>et</strong></span> <span class='ocrx_word' id='word_1_53' title='bbox 1129 938 1400 1004; x_wconf 90' lang='lat' dir='ltr'><strong>aliorum;</strong></span> <span class='ocrx_word' id='word_1_54' title='bbox 1433 934 1627 992; x_wconf 89' lang='lat' dir='ltr'><strong>Pontio</strong></span> <span class='ocrx_word' id='word_1_55' title='bbox 1656 933 1886 991; x_wconf 89' lang='lat' dir='ltr'><strong>Paulino</strong></span> <span class='ocrx_word' id='word_1_56' title='bbox 1910 935 2170 992; x_wconf 90' lang='lat' dir='ltr'><strong>divinitus</strong></span> <span class='ocrx_word' id='word_1_57' title='bbox 2200 935 2502 1005; x_wconf 89' lang='lat' dir='ltr'><strong>admonito,</strong></span> <span class='ocrx_word' id='word_1_58' title='bbox 2526 952 2761 1010; x_wconf 90' lang='lat' dir='ltr'><strong>quorum</strong></span> <span class='ocrx_word' id='word_1_59' title='bbox 2791 953 3023 1011; x_wconf 88' lang='lat' dir='ltr'><strong>corpora</strong></span> <span class='ocrx_word' id='word_1_60' title='bbox 3051 936 3300 995; x_wconf 86' lang='lat' dir='ltr'><strong>ministe-</strong></span> 
     </span>
    </p>
   </div>
   <div class='ocr_carea' id='block_1_10' title="bbox 773 1028 2303 1103">
    <p class='ocr_par' dir='ltr' id='par_1_10' title="bbox 773 1028 2303 1103">
     <span class='ocr_line' id='line_1_10' title="bbox 773 1028 2303 1103; baseline -0.001 -15"><span class='ocrx_word' id='word_1_61' title='bbox 773 1033 857 1089; x_wconf 89' lang='lat' dir='ltr'><strong>rio</strong></span> <span class='ocrx_word' id='word_1_62' title='bbox 877 1033 1195 1103; x_wconf 76' lang='lat' dir='ltr'><strong>angelorum</strong></span> <span class='ocrx_word' id='word_1_63' title='bbox 1219 1031 1289 1088; x_wconf 88' lang='lat' dir='ltr'><strong>ad</strong></span> <span class='ocrx_word' id='word_1_64' title='bbox 1312 1030 1502 1087; x_wconf 86' lang='lat' dir='ltr'><strong>urbem</strong></span> <span class='ocrx_word' id='word_1_65' title='bbox 1533 1028 1883 1086; x_wconf 87' lang='lat' dir='ltr'><strong>Ebredunum</strong></span> <span class='ocrx_word' id='word_1_66' title='bbox 1913 1030 2303 1087; x_wconf 89' lang='lat' dir='ltr'><strong>constiterunt.</strong></span> 
     </span>
    </p>
   </div>
   <div class='ocr_carea' id='block_1_11' title="bbox 697 1121 3303 1197">
    <p class='ocr_par' dir='ltr' id='par_1_11' title="bbox 697 1121 3303 1197">
     <span class='ocr_line' id='line_1_11' title="bbox 697 1121 3303 1197; baseline 0.001 -14"><span class='ocrx_word' id='word_1_67' title='bbox 697 1126 755 1183; x_wconf 85' lang='lat' dir='ltr'><strong>In</strong></span> <span class='ocrx_word' id='word_1_68' title='bbox 782 1125 911 1183; x_wconf 89' lang='lat' dir='ltr'><strong>sede</strong></span> <span class='ocrx_word' id='word_1_69' title='bbox 938 1125 1085 1184; x_wconf 87' lang='lat' dir='ltr'><strong>Petri</strong></span> <span class='ocrx_word' id='word_1_70' title='bbox 1105 1124 1240 1183; x_wconf 88' lang='lat' dir='ltr'><strong>Caio</strong></span> <span class='ocrx_word' id='word_1_71' title='bbox 1277 1124 1548 1182; x_wconf 84' lang='lat' dir='ltr'><strong>successit</strong></span> <span class='ocrx_word' id='word_1_72' title='bbox 1583 1121 1963 1191; x_wconf 78' lang='lat' dir='ltr'><strong>Marcellinus;</strong></span> <span class='ocrx_word' id='word_1_73' title='bbox 1993 1123 2314 1181; x_wconf 80' lang='lat' dir='ltr'><strong>Marcellino</strong></span> <span class='ocrx_word' id='word_1_74' title='bbox 2352 1125 2677 1196; x_wconf 87' lang='lat' dir='ltr'><strong>Marcellus;</strong></span> <span class='ocrx_word' id='word_1_75' title='bbox 2710 1127 2966 1187; x_wconf 86' lang='lat' dir='ltr'><strong>Marcello</strong></span> <span class='ocrx_word' id='word_1_76' title='bbox 3005 1128 3303 1197; x_wconf 86' lang='lat' dir='ltr'><strong>Eusebius;</strong></span> 
     </span>
    </p>
   </div>
   <div class='ocr_carea' id='block_1_12' title="bbox 774 1216 3304 1292">
    <p class='ocr_par' dir='ltr' id='par_1_12' title="bbox 774 1216 3304 1292">
     <span class='ocr_line' id='line_1_12' title="bbox 774 1216 3304 1292; baseline 0.001 -14"><span class='ocrx_word' id='word_1_77' title='bbox 774 1220 1014 1279; x_wconf 85' lang='lat' dir='ltr'><strong>Eusebio</strong></span> <span class='ocrx_word' id='word_1_78' title='bbox 1054 1218 1386 1278; x_wconf 81' lang='lat' dir='ltr'><strong>Melcliiades</strong></span> <span class='ocrx_word' id='word_1_79' title='bbox 1425 1218 1590 1275; x_wconf 90' lang='lat' dir='ltr'><strong>domo</strong></span> <span class='ocrx_word' id='word_1_80' title='bbox 1620 1216 2004 1291; x_wconf 88' lang='lat' dir='ltr'><strong>natalibusque</strong></span> <span class='ocrx_word' id='word_1_81' title='bbox 2040 1218 2346 1291; x_wconf 87' lang='lat' dir='ltr'><strong>Hispanus,</strong></span> <span class='ocrx_word' id='word_1_82' title='bbox 2389 1235 2591 1292; x_wconf 89' lang='lat' dir='ltr'><strong>genere</strong></span> <span class='ocrx_word' id='word_1_83' title='bbox 2629 1237 2758 1280; x_wconf 91' lang='lat' dir='ltr'><strong>vero</strong></span> <span class='ocrx_word' id='word_1_84' title='bbox 2787 1223 2920 1281; x_wconf 88' lang='lat' dir='ltr'><strong>Al&#39;cr</strong></span> <span class='ocrx_word' id='word_1_85' title='bbox 2952 1239 2968 1282; x_wconf 87' lang='lat'><strong>:</strong></span> <span class='ocrx_word' id='word_1_86' title='bbox 3014 1224 3304 1281; x_wconf 75' lang='lat' dir='ltr'><strong>Melctiiadi</strong></span> 
     </span>
    </p>
   </div>
   <div class='ocr_carea' id='block_1_13' title="bbox 775 1309 3304 1390">
    <p class='ocr_par' dir='ltr' id='par_1_13' title="bbox 775 1309 3304 1390">
     <span class='ocr_line' id='line_1_13' title="bbox 775 1309 3304 1390; baseline 0.002 -21"><span class='ocrx_word' id='word_1_87' title='bbox 775 1328 907 1370; x_wconf 89' lang='lat' dir='ltr'><strong>vero</strong></span> <span class='ocrx_word' id='word_1_88' title='bbox 952 1322 1178 1370; x_wconf 85' lang='lat' dir='ltr'><strong>sanctus</strong></span> <span class='ocrx_word' id='word_1_89' title='bbox 1206 1312 1494 1380; x_wconf 88' lang='lat' dir='ltr'><strong>Silvester,</strong></span> <span class='ocrx_word' id='word_1_90' title='bbox 1527 1309 1628 1367; x_wconf 88' lang='lat' dir='ltr'><strong>sub</strong></span> <span class='ocrx_word' id='word_1_91' title='bbox 1652 1325 1794 1381; x_wconf 87' lang='lat' dir='ltr'><strong>quo,</strong></span> <span class='ocrx_word' id='word_1_92' title='bbox 1828 1312 2075 1383; x_wconf 86' lang='lat' dir='ltr'><strong>Augusto</strong></span> <span class='ocrx_word' id='word_1_93' title='bbox 2101 1311 2496 1383; x_wconf 87' lang='lat' dir='ltr'><strong>Constantino,</strong></span> <span class='ocrx_word' id='word_1_94' title='bbox 2525 1312 2762 1373; x_wconf 77' lang='lat' dir='ltr'><strong>felicitas</strong></span> <span class='ocrx_word' id='word_1_95' title='bbox 2801 1326 2855 1374; x_wconf 89' lang='lat' dir='ltr'><strong>et</strong></span> <span class='ocrx_word' id='word_1_96' title='bbox 2882 1331 2986 1390; x_wconf 86' lang='lat' dir='ltr'><strong>pax</strong></span> <span class='ocrx_word' id='word_1_97' title='bbox 3018 1331 3182 1373; x_wconf 88' lang='lat' dir='ltr'><strong>aurea</strong></span> <span class='ocrx_word' id='word_1_98' title='bbox 3211 1332 3304 1375; x_wconf 84' lang='lat' dir='ltr'><strong>re-</strong></span> 
     </span>
    </p>
   </div>
   <div class='ocr_carea' id='block_1_14' title="bbox 768 1406 1177 1467">
    <p class='ocr_par' dir='ltr' id='par_1_14' title="bbox 768 1406 1177 1467">
     <span class='ocr_line' id='line_1_14' title="bbox 768 1406 1177 1467; baseline -0.002 -1"><span class='ocrx_word' id='word_1_99' title='bbox 768 1406 871 1466; x_wconf 91' lang='lat' dir='ltr'><strong>diit</strong></span> <span class='ocrx_word' id='word_1_100' title='bbox 891 1406 1177 1467; x_wconf 86' lang='lat' dir='ltr'><strong>Ecclesiis.</strong></span> 
     </span>
    </p>
   </div>
   <div class='ocr_carea' id='block_1_15' title="bbox 1553 1499 2417 1562">
    <p class='ocr_par' dir='ltr' id='par_1_15' title="bbox 1553 1499 2417 1562">
     <span class='ocr_line' id='line_1_15' title="bbox 1553 1499 2417 1562; baseline 0.005 -4"><span class='ocrx_word' id='word_1_101' title='bbox 1553 1499 1811 1559; x_wconf 81' lang='lat' dir='ltr'><strong>BIVARII</strong></span> <span class='ocrx_word' id='word_1_102' title='bbox 1846 1502 2417 1562; x_wconf 74' lang='lat' dir='ltr'><strong>COMMENTARIUS.</strong></span> 
     </span>
    </p>
   </div>
   <div class='ocr_carea' id='block_1_16' title="bbox 343 1591 3656 1668">
    <p class='ocr_par' dir='ltr' id='par_1_16' title="bbox 343 1591 3656 1668">
     <span class='ocr_line' id='line_1_16' title="bbox 343 1591 3656 1668; baseline -0.001 -17"><span class='ocrx_word' id='word_1_103' title='bbox 343 1594 498 1665; x_wconf 80' lang='lat' dir='ltr'><strong>gensi</strong></span> <span class='ocrx_word' id='word_1_104' title='bbox 542 1602 709 1668; x_wconf 84' lang='lat' dir='ltr'><strong>portu</strong></span> <span class='ocrx_word' id='word_1_105' title='bbox 748 1592 981 1651; x_wconf 88' lang='lat' dir='ltr'><strong>consule</strong></span> <span class='ocrx_word' id='word_1_106' title='bbox 1024 1608 1148 1664; x_wconf 72' lang='lat' dir='ltr'><strong>quae</strong></span> <span class='ocrx_word' id='word_1_107' title='bbox 1192 1592 1431 1668; x_wconf 82' lang='lat' dir='ltr'><strong>diximus</strong></span> <span class='ocrx_word' id='word_1_108' title='bbox 1471 1591 1539 1648; x_wconf 90' lang='lat' dir='ltr'><strong>ad</strong></span> <span class='ocrx_word' id='word_1_109' title='bbox 1584 1607 1786 1668; x_wconf 78' lang='lat' dir='ltr'><strong>annum</strong></span> <span class='ocrx_word' id='word_1_110' title='bbox 1815 1592 1944 1668; x_wconf 75' lang='lat'><strong>300,</strong></span> <span class='ocrx_word' id='word_1_111' title='bbox 1974 1595 2106 1659; x_wconf 74' lang='lat' dir='ltr'><strong>Ain</strong></span> <span class='ocrx_word' id='word_1_112' title='bbox 2160 1594 2426 1668; x_wconf 75' lang='lat' dir='ltr'><strong>Hispania</strong></span> <span class='ocrx_word' id='word_1_113' title='bbox 2471 1606 2670 1668; x_wconf 71' lang='lat' dir='ltr'><strong>sancta!</strong></span> <span class='ocrx_word' id='word_1_114' title='bbox 2706 1595 2968 1651; x_wconf 74' lang='lat' dir='ltr'><strong>Lucretia:</strong></span> <span class='ocrx_word' id='word_1_115' title='bbox 3022 1595 3237 1668; x_wconf 82' lang='lat' dir='ltr'><strong>uirginis</strong></span> <span class='ocrx_word' id='word_1_116' title='bbox 3286 1602 3336 1650; x_wconf 82' lang='lat' dir='ltr'><strong>et</strong></span> <span class='ocrx_word' id='word_1_117' title='bbox 3380 1596 3656 1667; x_wconf 77' lang='lat' dir='ltr'><strong>martyris,</strong></span> 
     </span>
    </p>
   </div>
   <div class='ocr_carea' id='block_1_17' title="bbox 343 1665 1949 1737">
    <p class='ocr_par' dir='ltr' id='par_1_17' title="bbox 343 1665 1949 1737">
     <span class='ocr_line' id='line_1_17' title="bbox 343 1665 1949 1737; baseline -0.001 -14"><span class='ocrx_word' id='word_1_118' title='bbox 343 1665 642 1724; x_wconf 80' lang='lat' dir='ltr'><strong>comment.</strong></span> <span class='ocrx_word' id='word_1_119' title='bbox 682 1666 742 1734; x_wconf 83' lang='lat'><strong>2,</strong></span> <span class='ocrx_word' id='word_1_120' title='bbox 789 1682 943 1722; x_wconf 89' lang='lat' dir='ltr'><strong>num.</strong></span> <span class='ocrx_word' id='word_1_121' title='bbox 988 1668 1047 1733; x_wconf 79' lang='grc'><strong>5,</strong></span> <span class='ocrx_word' id='word_1_122' title='bbox 1074 1674 1296 1737; x_wconf 80' lang='lat' dir='ltr'><strong>agentes</strong></span> <span class='ocrx_word' id='word_1_123' title='bbox 1326 1666 1395 1722; x_wconf 90' lang='lat' dir='ltr'><strong>de</strong></span> <span class='ocrx_word' id='word_1_124' title='bbox 1421 1674 1606 1721; x_wconf 85' lang='lat' dir='ltr'><strong>sancta</strong></span> <span class='ocrx_word' id='word_1_125' title='bbox 1634 1665 1797 1721; x_wconf 90' lang='lat' dir='ltr'><strong>Lucia</strong></span> <span class='ocrx_word' id='word_1_126' title='bbox 1828 1666 1949 1734; x_wconf 90' lang='lat' dir='ltr'><strong>ejus</strong></span> 
     </span>
    </p>
   </div>
   <div class='ocr_carea' id='block_1_18' title="bbox 348 1737 1952 1809">
    <p class='ocr_par' dir='ltr' id='par_1_18' title="bbox 348 1737 1952 1809">
     <span class='ocr_line' id='line_1_18' title="bbox 348 1737 1952 1809; baseline -0.002 -16"><span class='ocrx_word' id='word_1_127' title='bbox 348 1740 500 1794; x_wconf 84' lang='lat' dir='ltr'><strong>urbis</strong></span> <span class='ocrx_word' id='word_1_128' title='bbox 531 1739 672 1795; x_wconf 86' lang='lat' dir='ltr'><strong>cive.</strong></span> <span class='ocrx_word' id='word_1_129' title='bbox 706 1740 781 1794; x_wconf 88' lang='lat' dir='ltr'><strong>De</strong></span> <span class='ocrx_word' id='word_1_130' title='bbox 818 1750 1006 1794; x_wconf 86' lang='lat' dir='ltr'><strong>sancta</strong></span> <span class='ocrx_word' id='word_1_131' title='bbox 1029 1737 1237 1793; x_wconf 87' lang='lat' dir='ltr'><strong>Anania</strong></span> <span class='ocrx_word' id='word_1_132' title='bbox 1266 1746 1323 1791; x_wconf 88' lang='lat' dir='ltr'><strong>et</strong></span> <span class='ocrx_word' id='word_1_133' title='bbox 1348 1738 1513 1792; x_wconf 87' lang='lat' dir='ltr'><strong>sociis</strong></span> <span class='ocrx_word' id='word_1_134' title='bbox 1543 1738 1723 1809; x_wconf 85' lang='lat' dir='ltr'><strong>sacris</strong></span> <span class='ocrx_word' id='word_1_135' title='bbox 1745 1744 1952 1809; x_wconf 58' lang='lat' dir='ltr'><strong>trsarty-</strong></span> 
     </span>
    </p>
   </div>
   <div class='ocr_carea' id='block_1_19' title="bbox 347 1807 1953 1881">
    <p class='ocr_par' dir='ltr' id='par_1_19' title="bbox 347 1807 1953 1881">
     <span class='ocr_line' id='line_1_19' title="bbox 347 1807 1953 1881; baseline -0.001 -16"><span class='ocrx_word' id='word_1_136' title='bbox 347 1810 503 1865; x_wconf 89' lang='lat' dir='ltr'><strong>ribus</strong></span> <span class='ocrx_word' id='word_1_137' title='bbox 536 1809 724 1866; x_wconf 89' lang='lat' dir='ltr'><strong>multis</strong></span> <span class='ocrx_word' id='word_1_138' title='bbox 753 1820 918 1881; x_wconf 87' lang='lat' dir='ltr'><strong>agunt</strong></span> <span class='ocrx_word' id='word_1_139' title='bbox 947 1809 1126 1866; x_wconf 67' lang='lat' dir='ltr'><strong>Graeci</strong></span> <span class='ocrx_word' id='word_1_140' title='bbox 1157 1809 1591 1881; x_wconf 66' lang='lat' dir='ltr'><strong>iuMenolugio,</strong></span> <span class='ocrx_word' id='word_1_141' title='bbox 1616 1808 1761 1881; x_wconf 81' lang='lat' dir='ltr'><strong>unde</strong></span> <span class='ocrx_word' id='word_1_142' title='bbox 1790 1807 1953 1864; x_wconf 84' lang='lat' dir='ltr'><strong>Gale-</strong></span> 
     </span>
    </p>
   </div>
   <div class='ocr_carea' id='block_1_20' title="bbox 349 1879 1950 1954">
    <p class='ocr_par' dir='ltr' id='par_1_20' title="bbox 349 1879 1950 1954">
     <span class='ocr_line' id='line_1_20' title="bbox 349 1879 1950 1954; baseline -0.001 -19"><span class='ocrx_word' id='word_1_143' title='bbox 349 1882 502 1954; x_wconf 79' lang='lat' dir='ltr'><strong>s_inus</strong></span> <span class='ocrx_word' id='word_1_144' title='bbox 531 1881 651 1954; x_wconf 62' lang='lat' dir='ltr'><strong>haec</strong></span> <span class='ocrx_word' id='word_1_145' title='bbox 681 1879 1197 1954; x_wconf 43' lang='lat' dir='ltr'><strong>suo—Martyrologio</strong></span> <span class='ocrx_word' id='word_1_146' title='bbox 1223 1880 1455 1954; x_wconf 86' lang='lat' dir='ltr'><strong>inseruit</strong></span> <span class='ocrx_word' id='word_1_147' title='bbox 1480 1880 1545 1935; x_wconf 89' lang='lat' dir='ltr'><strong>ad</strong></span> <span class='ocrx_word' id='word_1_148' title='bbox 1569 1879 1907 1954; x_wconf 82' lang='lat' dir='ltr'><strong>27_.lauua_rii</strong></span> <span class='ocrx_word' id='word_1_149' title='bbox 1935 1894 1950 1934; x_wconf 90' lang='lat'><strong>:</strong></span> 
     </span>
    </p>
   </div>
   <div class='ocr_carea' id='block_1_21' title="bbox 351 1951 1955 2023">
    <p class='ocr_par' dir='ltr' id='par_1_21' title="bbox 351 1951 1955 2023">
     <span class='ocr_line' id='line_1_21' title="bbox 351 1951 1955 2023; baseline -0.001 -16"><span class='ocrx_word' id='word_1_150' title='bbox 351 1952 550 2007; x_wconf 81' lang='lat' dir='ltr'><strong>Eodem</strong></span> <span class='ocrx_word' id='word_1_151' title='bbox 597 1953 683 2007; x_wconf 88' lang='lat' dir='ltr'><strong>die</strong></span> <span class='ocrx_word' id='word_1_152' title='bbox 722 1953 888 2008; x_wconf 89' lang='lat' dir='ltr'><strong>sancti</strong></span> <span class='ocrx_word' id='word_1_153' title='bbox 917 1951 1136 2007; x_wconf 67' lang='lat' dir='ltr'><strong>Ananiae</strong></span> <span class='ocrx_word' id='word_1_154' title='bbox 1180 1952 1464 2023; x_wconf 62' lang='lat' dir='ltr'><strong>martyris,</strong></span> <span class='ocrx_word' id='word_1_155' title='bbox 1510 1953 1597 2022; x_wconf 86' lang='lat' dir='ltr'><strong>qui</strong></span> <span class='ocrx_word' id='word_1_156' title='bbox 1628 1951 1955 2023; x_wconf 84' lang='lat' dir='ltr'><strong>Diocletiano</strong></span> 
     </span>
    </p>
   </div>
   <div class='ocr_carea' id='block_1_22' title="bbox 355 2020 1955 2093">
    <p class='ocr_par' dir='ltr' id='par_1_22' title="bbox 355 2020 1955 2093">
     <span class='ocr_line' id='line_1_22' title="bbox 355 2020 1955 2093; baseline -0.001 -16"><span class='ocrx_word' id='word_1_157' title='bbox 355 2023 561 2080; x_wconf 79' lang='lat' dir='ltr'><strong>Ctesare</strong></span> <span class='ocrx_word' id='word_1_158' title='bbox 590 2024 737 2089; x_wconf 76' lang='lat' dir='ltr'><strong>apud</strong></span> <span class='ocrx_word' id='word_1_159' title='bbox 784 2023 1075 2079; x_wconf 64' lang='lat' dir='ltr'><strong>Maximum</strong></span> <span class='ocrx_word' id='word_1_160' title='bbox 1095 2020 1394 2093; x_wconf 65' lang='lat' dir='ltr'><strong>pretii-ctum</strong></span> <span class='ocrx_word' id='word_1_161' title='bbox 1419 2020 1770 2078; x_wconf 72' lang='lat' dir='ltr'><strong>Christianam</strong></span> <span class='ocrx_word' id='word_1_162' title='bbox 1798 2020 1955 2093; x_wconf 80' lang='lat' dir='ltr'><strong>ﬁdem</strong></span> 
     </span>
    </p>
   </div>
   <div class='ocr_carea' id='block_1_23' title="bbox 351 2094 1956 2168">
    <p class='ocr_par' dir='ltr' id='par_1_23' title="bbox 351 2094 1956 2168">
     <span class='ocr_line' id='line_1_23' title="bbox 351 2094 1956 2168; baseline -0.001 -19"><span class='ocrx_word' id='word_1_163' title='bbox 351 2106 533 2168; x_wconf 54' lang='lat' dir='ltr'><strong>sponte</strong></span> <span class='ocrx_word' id='word_1_164' title='bbox 560 2099 851 2168; x_wconf 79' lang='lat' dir='ltr'><strong>professus,</strong></span> <span class='ocrx_word' id='word_1_165' title='bbox 878 2097 1104 2164; x_wconf 84' lang='lat' dir='ltr'><strong>graviter</strong></span> <span class='ocrx_word' id='word_1_166' title='bbox 1133 2097 1187 2149; x_wconf 87' lang='lat' dir='ltr'><strong>in</strong></span> <span class='ocrx_word' id='word_1_167' title='bbox 1215 2094 1478 2149; x_wconf 88' lang='lat' dir='ltr'><strong>idolorum</strong></span> <span class='ocrx_word' id='word_1_168' title='bbox 1503 2097 1699 2168; x_wconf 84' lang='lat' dir='ltr'><strong>cultum</strong></span> <span class='ocrx_word' id='word_1_169' title='bbox 1726 2096 1956 2168; x_wconf 78' lang='lat' dir='ltr'><strong>invectus</strong></span> 
     </span>
    </p>
   </div>
   <div class='ocr_carea' id='block_1_24' title="bbox 352 2165 1958 2239">
    <p class='ocr_par' dir='ltr' id='par_1_24' title="bbox 352 2165 1958 2239">
     <span class='ocr_line' id='line_1_24' title="bbox 352 2165 1958 2239; baseline -0.001 -20"><span class='ocrx_word' id='word_1_170' title='bbox 352 2179 443 2220; x_wconf 86' lang='lat' dir='ltr'><strong>est.</strong></span> <span class='ocrx_word' id='word_1_171' title='bbox 486 2165 678 2239; x_wconf 81' lang='lat' dir='ltr'><strong>Itaque</strong></span> <span class='ocrx_word' id='word_1_172' title='bbox 716 2168 1118 2239; x_wconf 83' lang='lat' dir='ltr'><strong>comprehensus</strong></span> <span class='ocrx_word' id='word_1_173' title='bbox 1143 2208 1158 2232; x_wconf 92' lang='lat'><strong>,</strong></span> <span class='ocrx_word' id='word_1_174' title='bbox 1203 2168 1426 2239; x_wconf 77' lang='lat' dir='ltr'><strong>priurum</strong></span> <span class='ocrx_word' id='word_1_175' title='bbox 1474 2166 1768 2221; x_wconf 79' lang='lat' dir='ltr'><strong>verberibus</strong></span> <span class='ocrx_word' id='word_1_176' title='bbox 1798 2166 1958 2239; x_wconf 65' lang='grc' dir='ltr'><strong>σφάξ-</strong></span> 
     </span>
    </p>
   </div>
   <div class='ocr_carea' id='block_1_25' title="bbox 359 2236 1958 2308">
    <p class='ocr_par' dir='ltr' id='par_1_25' title="bbox 359 2236 1958 2308">
     <span class='ocr_line' id='line_1_25' title="bbox 359 2236 1958 2308; baseline 0 -17"><span class='ocrx_word' id='word_1_177' title='bbox 359 2249 460 2297; x_wconf 75' lang='lat' dir='ltr'><strong>tur,</strong></span> <span class='ocrx_word' id='word_1_178' title='bbox 489 2236 683 2293; x_wconf 82' lang='lat' dir='ltr'><strong>deinde</strong></span> <span class='ocrx_word' id='word_1_179' title='bbox 710 2238 1050 2295; x_wconf 77' lang='lat' dir='ltr'><strong>candentibus</strong></span> <span class='ocrx_word' id='word_1_180' title='bbox 1072 2238 1267 2292; x_wconf 86' lang='lat' dir='ltr'><strong>subulis</strong></span> <span class='ocrx_word' id='word_1_181' title='bbox 1297 2237 1609 2308; x_wconf 78' lang='lat' dir='ltr'><strong>perfoditur,</strong></span> <span class='ocrx_word' id='word_1_182' title='bbox 1639 2247 1751 2308; x_wconf 89' lang='lat' dir='ltr'><strong>post</strong></span> <span class='ocrx_word' id='word_1_183' title='bbox 1778 2236 1958 2291; x_wconf 81' lang='lat' dir='ltr'><strong>vulne-</strong></span> 
     </span>
    </p>
   </div>
   <div class='ocr_carea' id='block_1_26' title="bbox 365 2309 1958 2381">
    <p class='ocr_par' dir='ltr' id='par_1_26' title="bbox 365 2309 1958 2381">
     <span class='ocr_line' id='line_1_26' title="bbox 365 2309 1958 2381; baseline 0.001 -19"><span class='ocrx_word' id='word_1_184' title='bbox 365 2309 529 2377; x_wconf 58' lang='lat' dir='ltr'><strong>ribus,</strong></span> <span class='ocrx_word' id='word_1_185' title='bbox 562 2324 678 2380; x_wconf 71' lang='lat' dir='ltr'><strong>qua:</strong></span> <span class='ocrx_word' id='word_1_186' title='bbox 697 2310 1114 2381; x_wconf 67' lang='lat' dir='ltr'><strong>sicaccrperutj,</strong></span> <span class='ocrx_word' id='word_1_187' title='bbox 1161 2310 1286 2364; x_wconf 86' lang='lat' dir='ltr'><strong>sale-</strong></span> <span class='ocrx_word' id='word_1_188' title='bbox 1306 2319 1356 2362; x_wconf 85' lang='lat' dir='ltr'><strong>et</strong></span> <span class='ocrx_word' id='word_1_189' title='bbox 1382 2318 1527 2362; x_wconf 83' lang='lat' dir='ltr'><strong>aceto</strong></span> <span class='ocrx_word' id='word_1_190' title='bbox 1550 2309 1871 2381; x_wconf 74' lang='lat' dir='ltr'><strong>perl&#39;ricatis,</strong></span> <span class='ocrx_word' id='word_1_191' title='bbox 1902 2309 1958 2363; x_wconf 88' lang='lat' dir='ltr'><strong>iu</strong></span> 
     </span>
    </p>
   </div>
   <div class='ocr_carea' id='block_1_27' title="bbox 358 2380 1958 2450">
    <p class='ocr_par' dir='ltr' id='par_1_27' title="bbox 358 2380 1958 2450">
     <span class='ocr_line' id='line_1_27' title="bbox 358 2380 1958 2450; baseline 0 -16"><span class='ocrx_word' id='word_1_192' title='bbox 358 2382 646 2435; x_wconf 72' lang='lat' dir='ltr'><strong>custodiam</strong></span> <span class='ocrx_word' id='word_1_193' title='bbox 688 2380 998 2447; x_wconf 86' lang='lat' dir='ltr'><strong>includitur,</strong></span> <span class='ocrx_word' id='word_1_194' title='bbox 1032 2390 1088 2434; x_wconf 85' lang='lat' dir='ltr'><strong>ut</strong></span> <span class='ocrx_word' id='word_1_195' title='bbox 1142 2384 1196 2435; x_wconf 89' lang='lat' dir='ltr'><strong>in</strong></span> <span class='ocrx_word' id='word_1_196' title='bbox 1242 2396 1303 2434; x_wconf 89' lang='lat' dir='ltr'><strong>eo</strong></span> <span class='ocrx_word' id='word_1_197' title='bbox 1342 2382 1457 2435; x_wconf 85' lang='lat' dir='ltr'><strong>loco</strong></span> <span class='ocrx_word' id='word_1_198' title='bbox 1493 2380 1631 2450; x_wconf 75' lang='lat' dir='ltr'><strong>{ante</strong></span> <span class='ocrx_word' id='word_1_199' title='bbox 1660 2388 1958 2447; x_wconf 81' lang='lat' dir='ltr'><strong>necaretur;</strong></span> 
     </span>
    </p>
   </div>
   <div class='ocr_carea' id='block_1_28' title="bbox 358 2451 1959 2525">
    <p class='ocr_par' dir='ltr' id='par_1_28' title="bbox 358 2451 1959 2525">
     <span class='ocr_line' id='line_1_28' title="bbox 358 2451 1959 2525; baseline 0.001 -21"><span class='ocrx_word' id='word_1_200' title='bbox 358 2453 713 2525; x_wconf 77' lang='lat' dir='ltr'><strong>seddioinitus</strong></span> <span class='ocrx_word' id='word_1_201' title='bbox 736 2454 1065 2525; x_wconf 75' lang='lat' dir='ltr'><strong>factumest,</strong></span> <span class='ocrx_word' id='word_1_202' title='bbox 1110 2463 1165 2505; x_wconf 90' lang='lat' dir='ltr'><strong>ut</strong></span> <span class='ocrx_word' id='word_1_203' title='bbox 1192 2462 1541 2525; x_wconf 12' lang='lat' dir='ltr'><strong>iper‘septem</strong></span> <span class='ocrx_word' id='word_1_204' title='bbox 1578 2451 1691 2506; x_wconf 88' lang='lat' dir='ltr'><strong>dies</strong></span> <span class='ocrx_word' id='word_1_205' title='bbox 1708 2451 1832 2525; x_wconf 83' lang='lat' dir='ltr'><strong>cibo</strong></span> <span class='ocrx_word' id='word_1_206' title='bbox 1859 2467 1959 2506; x_wconf 71' lang='lat' dir='ltr'><strong>cae-</strong></span> 
     </span>
    </p>
   </div>
   <div class='ocr_carea' id='block_1_29' title="bbox 362 2522 1959 2592">
    <p class='ocr_par' dir='ltr' id='par_1_29' title="bbox 362 2522 1959 2592">
     <span class='ocr_line' id='line_1_29' title="bbox 362 2522 1959 2592; baseline 0.001 -16"><span class='ocrx_word' id='word_1_207' title='bbox 362 2523 473 2577; x_wconf 87' lang='lat' dir='ltr'><strong>lesti</strong></span> <span class='ocrx_word' id='word_1_208' title='bbox 502 2522 753 2579; x_wconf 77' lang='lat' dir='ltr'><strong>aleretur.</strong></span> <span class='ocrx_word' id='word_1_209' title='bbox 798 2524 950 2592; x_wconf 84' lang='lat' dir='ltr'><strong>Quod</strong></span> <span class='ocrx_word' id='word_1_210' title='bbox 982 2523 1070 2577; x_wconf 87' lang='lat' dir='ltr'><strong>ubi</strong></span> <span class='ocrx_word' id='word_1_211' title='bbox 1113 2522 1476 2577; x_wconf 86' lang='lat' dir='ltr'><strong>animadvertit</strong></span> <span class='ocrx_word' id='word_1_212' title='bbox 1521 2523 1742 2577; x_wconf 85' lang='lat' dir='ltr'><strong>carceris</strong></span> <span class='ocrx_word' id='word_1_213' title='bbox 1788 2531 1959 2577; x_wconf 87' lang='lat' dir='ltr'><strong>custos</strong></span> 
     </span>
    </p>
   </div>
   <div class='ocr_carea' id='block_1_30' title="bbox 364 2593 1960 2667">
    <p class='ocr_par' dir='ltr' id='par_1_30' title="bbox 364 2593 1960 2667">
     <span class='ocr_line' id='line_1_30' title="bbox 364 2593 1960 2667; baseline 0.001 -20"><span class='ocrx_word' id='word_1_214' title='bbox 364 2594 571 2667; x_wconf 79' lang='lat' dir='ltr'><strong>Petrus,</strong></span> <span class='ocrx_word' id='word_1_215' title='bbox 601 2595 787 2650; x_wconf 85' lang='lat' dir='ltr'><strong>relicta</strong></span> <span class='ocrx_word' id='word_1_216' title='bbox 824 2594 1130 2667; x_wconf 79' lang='lat' dir='ltr'><strong>impietate,</strong></span> <span class='ocrx_word' id='word_1_217' title='bbox 1172 2593 1525 2650; x_wconf 81' lang='lat' dir='ltr'><strong>Christianam</strong></span> <span class='ocrx_word' id='word_1_218' title='bbox 1566 2594 1862 2667; x_wconf 66' lang='lat' dir='ltr'><strong>complexus</strong></span> <span class='ocrx_word' id='word_1_219' title='bbox 1885 2602 1960 2648; x_wconf 88' lang='lat' dir='ltr'><strong>est</strong></span> 
     </span>
    </p>
   </div>
   <div class='ocr_carea' id='block_1_31' title="bbox 360 2664 1960 2738">
    <p class='ocr_par' dir='ltr' id='par_1_31' title="bbox 360 2664 1960 2738">
     <span class='ocr_line' id='line_1_31' title="bbox 360 2664 1960 2738; baseline 0 -19"><span class='ocrx_word' id='word_1_220' title='bbox 360 2665 701 2737; x_wconf 81' lang='lat' dir='ltr'><strong>religionem;</strong></span> <span class='ocrx_word' id='word_1_221' title='bbox 728 2664 1061 2737; x_wconf 78' lang='lat' dir='ltr'><strong>quamobrem</strong></span> <span class='ocrx_word' id='word_1_222' title='bbox 1081 2664 1165 2720; x_wconf 86' lang='lat' dir='ltr'><strong>hic</strong></span> <span class='ocrx_word' id='word_1_223' title='bbox 1192 2681 1297 2718; x_wconf 88' lang='lat' dir='ltr'><strong>una</strong></span> <span class='ocrx_word' id='word_1_224' title='bbox 1327 2683 1442 2720; x_wconf 87' lang='lat' dir='ltr'><strong>cum</strong></span> <span class='ocrx_word' id='word_1_225' title='bbox 1472 2682 1533 2719; x_wconf 87' lang='lat' dir='ltr'><strong>eo</strong></span> <span class='ocrx_word' id='word_1_226' title='bbox 1557 2664 1788 2738; x_wconf 41' lang='lat' dir='ltr'><strong>prtej&#39;ecti</strong></span> <span class='ocrx_word' id='word_1_227' title='bbox 1803 2668 1960 2738; x_wconf 81' lang='lat' dir='ltr'><strong>jussu</strong></span> 
     </span>
    </p>
   </div>
   <div class='ocr_carea' id='block_1_32' title="bbox 2052 1667 3659 1740">
    <p class='ocr_par' dir='ltr' id='par_1_32' title="bbox 2052 1667 3659 1740">
     <span class='ocr_line' id='line_1_32' title="bbox 2052 1667 3659 1740; baseline 0.002 -21"><span class='ocrx_word' id='word_1_228' title='bbox 2052 1683 2169 1739; x_wconf 71' lang='lat' dir='ltr'><strong>qua!</strong></span> <span class='ocrx_word' id='word_1_229' title='bbox 2196 1667 2638 1740; x_wconf 28' lang='lat' dir='ltr'><strong>infpersecutione</strong></span> <span class='ocrx_word' id='word_1_230' title='bbox 2666 1667 2989 1740; x_wconf 69' lang='lat' dir='ltr'><strong>Diocletiani</strong></span> <span class='ocrx_word' id='word_1_231' title='bbox 3008 1667 3112 1740; x_wconf 81' lang='lat' dir='ltr'><strong>sub</strong></span> <span class='ocrx_word' id='word_1_232' title='bbox 3153 1667 3389 1740; x_wconf 70' lang='lat' dir='ltr'><strong>Deciano</strong></span> <span class='ocrx_word' id='word_1_233' title='bbox 3436 1669 3659 1737; x_wconf 77' lang='lat' dir='ltr'><strong>prccside</strong></span> 
     </span>
    </p>
   </div>
   <div class='ocr_carea' id='block_1_33' title="bbox 2053 1738 3655 1812">
    <p class='ocr_par' dir='ltr' id='par_1_33' title="bbox 2053 1738 3655 1812">
     <span class='ocr_line' id='line_1_33' title="bbox 2053 1738 3655 1812; baseline 0.003 -21"><span class='ocrx_word' id='word_1_234' title='bbox 2053 1738 2366 1812; x_wconf 81' lang='lat' dir='ltr'><strong>martyrium</strong></span> <span class='ocrx_word' id='word_1_235' title='bbox 2394 1742 2789 1795; x_wconf 77' lang='lat' dir='ltr'><strong>consummavit.</strong></span> <span class='ocrx_word' id='word_1_236' title='bbox 2818 1739 2893 1795; x_wconf 90' lang='lat' dir='ltr'><strong>De</strong></span> <span class='ocrx_word' id='word_1_237' title='bbox 2918 1739 3109 1812; x_wconf 80' lang='lat' dir='ltr'><strong>eadem</strong></span> <span class='ocrx_word' id='word_1_238' title='bbox 3133 1740 3208 1793; x_wconf 85' lang='lat' dir='ltr'><strong>ait</strong></span> <span class='ocrx_word' id='word_1_239' title='bbox 3233 1738 3512 1812; x_wconf 75' lang='lat' dir='ltr'><strong>Usnartlus</strong></span> <span class='ocrx_word' id='word_1_240' title='bbox 3538 1740 3655 1812; x_wconf 81' lang='lat' dir='ltr'><strong>ip~a</strong></span> 
     </span>
    </p>
   </div>
   <div class='ocr_carea' id='block_1_34' title="bbox 2055 1810 3439 1881">
    <p class='ocr_par' dir='ltr' id='par_1_34' title="bbox 2055 1810 3439 1881">
     <span class='ocr_line' id='line_1_34' title="bbox 2055 1810 3439 1881; baseline 0 -18"><span class='ocrx_word' id='word_1_241' title='bbox 2055 1810 2165 1874; x_wconf 89' lang='lat' dir='ltr'><strong>die,</strong></span> <span class='ocrx_word' id='word_1_242' title='bbox 2195 1812 2561 1881; x_wconf 57' lang='grc' dir='ltr'><strong>θῌσὶίιιιὶιίηιιε</strong></span> <span class='ocrx_word' id='word_1_243' title='bbox 2588 1813 2680 1867; x_wconf 91' lang='lat' dir='ltr'><strong>lib.</strong></span> <span class='ocrx_word' id='word_1_244' title='bbox 2708 1826 2770 1875; x_wconf 86' lang='lat' dir='ltr'><strong>tt,</strong></span> <span class='ocrx_word' id='word_1_245' title='bbox 2799 1827 2919 1881; x_wconf 89' lang='lat' dir='ltr'><strong>cap.</strong></span> <span class='ocrx_word' id='word_1_246' title='bbox 2965 1811 3086 1879; x_wconf 74' lang='grc'><strong>150,</strong></span> <span class='ocrx_word' id='word_1_247' title='bbox 3121 1826 3270 1865; x_wconf 91' lang='lat' dir='ltr'><strong>num.</strong></span> <span class='ocrx_word' id='word_1_248' title='bbox 3314 1811 3439 1867; x_wconf 74' lang='lat' dir='ltr'><strong>53o.</strong></span> 
     </span>
    </p>
   </div>
   <div class='ocr_carea' id='block_1_35' title="bbox 2124 1880 3655 1955">
    <p class='ocr_par' dir='ltr' id='par_1_35' title="bbox 2124 1880 3655 1955">
     <span class='ocr_line' id='line_1_35' title="bbox 2124 1880 3655 1955; baseline 0.001 -20"><span class='ocrx_word' id='word_1_249' title='bbox 2124 1880 2364 1955; x_wconf 10' lang='lat' dir='ltr'><strong>23.7Ega</strong></span> <span class='ocrx_word' id='word_1_250' title='bbox 2388 1882 2589 1947; x_wconf 88' lang='lat' dir='ltr'><strong>attulit,</strong></span> <span class='ocrx_word' id='word_1_251' title='bbox 2618 1895 2728 1940; x_wconf 88' lang='lat' dir='ltr'><strong>etc.</strong></span> <span class='ocrx_word' id='word_1_252' title='bbox 2757 1880 2993 1938; x_wconf 85' lang='lat' dir='ltr'><strong>Consule</strong></span> <span class='ocrx_word' id='word_1_253' title='bbox 3034 1898 3155 1955; x_wconf 67' lang='lat' dir='ltr'><strong>quae</strong></span> <span class='ocrx_word' id='word_1_254' title='bbox 3183 1882 3249 1937; x_wconf 87' lang='lat' dir='ltr'><strong>de</strong></span> <span class='ocrx_word' id='word_1_255' title='bbox 3269 1881 3329 1955; x_wconf 30' lang='lat' dir='ltr'><strong>S.</strong></span> <span class='ocrx_word' id='word_1_256' title='bbox 3360 1881 3655 1955; x_wconf 67' lang='lat' dir='ltr'><strong>Camerina</strong></span> 
     </span>
    </p>
   </div>
   <div class='ocr_carea' id='block_1_36' title="bbox 2054 1952 3655 2081">
    <p class='ocr_par' dir='ltr' id='par_1_36' title="bbox 2054 1952 3655 2081">
     <span class='ocr_line' id='line_1_36' title="bbox 2054 1952 3655 2081; baseline 0.001 -74"><span class='ocrx_word' id='word_1_257' title='bbox 2054 1952 2311 2081; x_wconf 42' lang='lat' dir='ltr'><strong>supe‘riuﬁs</strong></span> <span class='ocrx_word' id='word_1_258' title='bbox 2361 1962 2544 2009; x_wconf 86' lang='lat' dir='ltr'><strong>notata</strong></span> <span class='ocrx_word' id='word_1_259' title='bbox 2596 1969 2625 2009; x_wconf 88' lang='lat' dir='ltr'><strong>a</strong></span> <span class='ocrx_word' id='word_1_260' title='bbox 2676 1954 2833 2011; x_wconf 84' lang='lat' dir='ltr'><strong>nobis</strong></span> <span class='ocrx_word' id='word_1_261' title='bbox 2876 1963 3005 2010; x_wconf 91' lang='lat' dir='ltr'><strong>sunt</strong></span> <span class='ocrx_word' id='word_1_262' title='bbox 3035 1952 3271 2017; x_wconf 73' lang='lat' dir='ltr'><strong>adann.</strong></span> <span class='ocrx_word' id='word_1_263' title='bbox 3320 1952 3445 2022; x_wconf 80' lang='lat'><strong>500,</strong></span> <span class='ocrx_word' id='word_1_264' title='bbox 3488 1953 3655 2009; x_wconf 88' lang='lat' dir='ltr'><strong>Cont-</strong></span> 
     </span>
     <span class='ocr_line' id='line_1_37' title="bbox 2057 2039 2314 2079; baseline -0.004 0"><span class='ocrx_word' id='word_1_265' title='bbox 2057 2039 2180 2079; x_wconf 91' lang='lat' dir='ltr'><strong>men</strong></span> <span class='ocrx_word' id='word_1_266' title='bbox 2215 2064 2228 2078; x_wconf 96' lang='lat'><strong>.</strong></span> <span class='ocrx_word' id='word_1_267' title='bbox 2300 2063 2314 2079; x_wconf 93' lang='lat'><strong>.</strong></span> 
     </span>
    </p>
   </div>
   <div class='ocr_carea' id='block_1_37' title="bbox 2057 2033 2314 2079">
    <p class='ocr_par' dir='ltr' id='par_1_37' title="bbox 2057 2033 2314 2079">
     <span class='ocr_line' id='line_1_38' title="bbox 2057 2033 2314 2079; baseline 0 0"><span class='ocrx_word' id='word_1_268' title='bbox 2057 2033 2228 2079; x_wconf 88' lang='lat' dir='ltr'><strong>ment.</strong></span> <span class='ocrx_word' id='word_1_269' title='bbox 2261 2033 2314 2079; x_wconf 74' lang='lat'><strong>5.</strong></span> 
     </span>
    </p>
   </div>
   <div class='ocr_carea' id='block_1_38' title="bbox 2127 2094 3660 2171">
    <p class='ocr_par' dir='ltr' id='par_1_38' title="bbox 2127 2094 3660 2171">
     <span class='ocr_line' id='line_1_39' title="bbox 2127 2094 3660 2171; baseline 0.003 -22"><span class='ocrx_word' id='word_1_270' title='bbox 2127 2094 2219 2171; x_wconf 67' lang='lat' dir='ltr'><strong>2t.</strong></span> <span class='ocrx_word' id='word_1_271' title='bbox 2251 2095 2406 2170; x_wconf 87' lang='lat' dir='ltr'><strong>Apud</strong></span> <span class='ocrx_word' id='word_1_272' title='bbox 2451 2114 2634 2171; x_wconf 84' lang='lat' dir='ltr'><strong>pacem</strong></span> <span class='ocrx_word' id='word_1_273' title='bbox 2676 2098 2998 2171; x_wconf 81' lang='lat' dir='ltr'><strong>Augustam,</strong></span> <span class='ocrx_word' id='word_1_274' title='bbox 3046 2105 3155 2153; x_wconf 86' lang='lat' dir='ltr'><strong>etc.</strong></span> <span class='ocrx_word' id='word_1_275' title='bbox 3214 2095 3562 2171; x_wconf 79' lang='lat' dir='ltr'><strong>Sedavimus</strong></span> <span class='ocrx_word' id='word_1_276' title='bbox 3588 2096 3660 2153; x_wconf 92' lang='lat' dir='ltr'><strong>de</strong></span> 
     </span>
    </p>
   </div>
   <div class='ocr_carea' id='block_1_39' title="bbox 2059 2166 3656 2237">
    <p class='ocr_par' dir='ltr' id='par_1_39' title="bbox 2059 2166 3656 2237">
     <span class='ocr_line' id='line_1_40' title="bbox 2059 2166 3656 2237; baseline 0.001 -16"><span class='ocrx_word' id='word_1_277' title='bbox 2059 2166 2165 2222; x_wconf 89' lang='lat' dir='ltr'><strong>situ</strong></span> <span class='ocrx_word' id='word_1_278' title='bbox 2197 2166 2360 2237; x_wconf 84' lang='lat' dir='ltr'><strong>hujus</strong></span> <span class='ocrx_word' id='word_1_279' title='bbox 2380 2169 2533 2227; x_wconf 87' lang='lat' dir='ltr'><strong>urbis</strong></span> <span class='ocrx_word' id='word_1_280' title='bbox 2552 2166 2795 2225; x_wconf 79' lang='lat' dir='ltr'><strong>veterem</strong></span> <span class='ocrx_word' id='word_1_281' title='bbox 2810 2178 2866 2223; x_wconf 86' lang='lat' dir='ltr'><strong>et</strong></span> <span class='ocrx_word' id='word_1_282' title='bbox 2886 2170 3206 2223; x_wconf 82' lang='lat' dir='ltr'><strong>obduratam</strong></span> <span class='ocrx_word' id='word_1_283' title='bbox 3221 2169 3656 2224; x_wconf 90' lang='lat' dir='ltr'><strong>controversiam</strong></span> 
     </span>
    </p>
   </div>
   <div class='ocr_carea' id='block_1_40' title="bbox 2059 2236 3660 2310">
    <p class='ocr_par' dir='ltr' id='par_1_40' title="bbox 2059 2236 3660 2310">
     <span class='ocr_line' id='line_1_41' title="bbox 2059 2236 3660 2310; baseline 0.001 -18"><span class='ocrx_word' id='word_1_284' title='bbox 2059 2236 2112 2292; x_wconf 91' lang='lat' dir='ltr'><strong>in</strong></span> <span class='ocrx_word' id='word_1_285' title='bbox 2144 2236 2282 2293; x_wconf 89' lang='lat' dir='ltr'><strong>notis</strong></span> <span class='ocrx_word' id='word_1_286' title='bbox 2308 2243 2374 2296; x_wconf 88' lang='lat' dir='ltr'><strong>ad</strong></span> <span class='ocrx_word' id='word_1_287' title='bbox 2403 2256 2604 2296; x_wconf 89' lang='lat' dir='ltr'><strong>annum</strong></span> <span class='ocrx_word' id='word_1_288' title='bbox 2638 2240 2728 2304; x_wconf 78' lang='grc'><strong>64,</strong></span> <span class='ocrx_word' id='word_1_289' title='bbox 2765 2240 3220 2310; x_wconf 86' lang='lat' dir='ltr'><strong>probavimusque</strong></span> <span class='ocrx_word' id='word_1_290' title='bbox 3257 2253 3369 2294; x_wconf 89' lang='lat' dir='ltr'><strong>non</strong></span> <span class='ocrx_word' id='word_1_291' title='bbox 3403 2253 3527 2295; x_wconf 89' lang='lat' dir='ltr'><strong>esse</strong></span> <span class='ocrx_word' id='word_1_292' title='bbox 3556 2237 3660 2293; x_wconf 83' lang='lat' dir='ltr'><strong>Be-</strong></span> 
     </span>
    </p>
   </div>
   <div class='ocr_carea' id='block_1_41' title="bbox 2048 2310 3658 2385">
    <p class='ocr_par' dir='ltr' id='par_1_41' title="bbox 2048 2310 3658 2385">
     <span class='ocr_line' id='line_1_42' title="bbox 2048 2310 3658 2385; baseline 0.002 -24"><span class='ocrx_word' id='word_1_293' title='bbox 2048 2310 2561 2385; x_wconf 64' lang='lat' dir='ltr'><strong>jamPortugallim,</strong></span> <span class='ocrx_word' id='word_1_294' title='bbox 2591 2312 2686 2367; x_wconf 89' lang='lat' dir='ltr'><strong>sed</strong></span> <span class='ocrx_word' id='word_1_295' title='bbox 2716 2312 2953 2385; x_wconf 83' lang='lat' dir='ltr'><strong>Badajcz</strong></span> <span class='ocrx_word' id='word_1_296' title='bbox 2969 2319 3349 2385; x_wconf 73' lang='lat' dir='ltr'><strong>extrematurae</strong></span> <span class='ocrx_word' id='word_1_297' title='bbox 3374 2310 3658 2385; x_wconf 46' lang='lat' dir='ltr'><strong>regemu-</strong></span> 
     </span>
    </p>
   </div>
   <div class='ocr_carea' id='block_1_42' title="bbox 2058 2380 3656 2455">
    <p class='ocr_par' dir='ltr' id='par_1_42' title="bbox 2058 2380 3656 2455">
     <span class='ocr_line' id='line_1_43' title="bbox 2058 2380 3656 2455; baseline 0.001 -20"><span class='ocrx_word' id='word_1_298' title='bbox 2058 2380 2264 2455; x_wconf 69' lang='lat' dir='ltr'><strong>8tella2;</strong></span> <span class='ocrx_word' id='word_1_299' title='bbox 2294 2380 2496 2455; x_wconf 18' lang='lat' dir='ltr'><strong>idu&#39;rttm</strong></span> <span class='ocrx_word' id='word_1_300' title='bbox 2534 2396 2617 2440; x_wconf 74' lang='grc' dir='ltr'><strong>ρει</strong></span> <span class='ocrx_word' id='word_1_301' title='bbox 2646 2384 2828 2439; x_wconf 86' lang='lat' dir='ltr'><strong>omnia</strong></span> <span class='ocrx_word' id='word_1_302' title='bbox 2858 2380 3146 2455; x_wconf 59' lang='lat' dir='ltr'><strong>&#39;repetere.</strong></span> <span class='ocrx_word' id='word_1_303' title='bbox 3181 2382 3353 2455; x_wconf 82' lang='lat' dir='ltr'><strong>Porro</strong></span> <span class='ocrx_word' id='word_1_304' title='bbox 3390 2380 3488 2438; x_wconf 86' lang='lat' dir='ltr'><strong>SS.</strong></span> <span class='ocrx_word' id='word_1_305' title='bbox 3525 2381 3656 2437; x_wconf 78' lang='lat' dir='ltr'><strong>Vin-</strong></span> 
     </span>
    </p>
   </div>
   <div class='ocr_carea' id='block_1_43' title="bbox 2059 2454 3657 2524">
    <p class='ocr_par' dir='ltr' id='par_1_43' title="bbox 2059 2454 3657 2524">
     <span class='ocr_line' id='line_1_44' title="bbox 2059 2454 3657 2524; baseline -0.001 -16"><span class='ocrx_word' id='word_1_306' title='bbox 2059 2454 2245 2519; x_wconf 90' lang='lat' dir='ltr'><strong>centii,</strong></span> <span class='ocrx_word' id='word_1_307' title='bbox 2279 2454 2486 2511; x_wconf 89' lang='lat' dir='ltr'><strong>Orentii</strong></span> <span class='ocrx_word' id='word_1_308' title='bbox 2518 2468 2574 2512; x_wconf 86' lang='lat' dir='ltr'><strong>et</strong></span> <span class='ocrx_word' id='word_1_309' title='bbox 2608 2455 2838 2511; x_wconf 84' lang='lat' dir='ltr'><strong>Victoris</strong></span> <span class='ocrx_word' id='word_1_310' title='bbox 2867 2454 3018 2510; x_wconf 81' lang='lat' dir='ltr'><strong>saera</strong></span> <span class='ocrx_word' id='word_1_311' title='bbox 3052 2454 3273 2510; x_wconf 89' lang='lat' dir='ltr'><strong>nomina</strong></span> <span class='ocrx_word' id='word_1_312' title='bbox 3302 2454 3503 2524; x_wconf 85' lang='lat' dir='ltr'><strong>scripta</strong></span> <span class='ocrx_word' id='word_1_313' title='bbox 3528 2462 3657 2508; x_wconf 90' lang='lat' dir='ltr'><strong>sunt</strong></span> 
     </span>
    </p>
   </div>
   <div class='ocr_carea' id='block_1_44' title="bbox 2061 2524 3656 2598">
    <p class='ocr_par' dir='ltr' id='par_1_44' title="bbox 2061 2524 3656 2598">
     <span class='ocr_line' id='line_1_45' title="bbox 2061 2524 3656 2598; baseline 0.003 -21"><span class='ocrx_word' id='word_1_314' title='bbox 2061 2524 2115 2578; x_wconf 91' lang='lat' dir='ltr'><strong>in</strong></span> <span class='ocrx_word' id='word_1_315' title='bbox 2170 2524 2414 2581; x_wconf 78' lang='lat' dir='ltr'><strong>Romano</strong></span> <span class='ocrx_word' id='word_1_316' title='bbox 2450 2526 2837 2598; x_wconf 83' lang='lat' dir='ltr'><strong>Martyrologio</strong></span> <span class='ocrx_word' id='word_1_317' title='bbox 2874 2528 2965 2581; x_wconf 84' lang='lat' dir='ltr'><strong>die</strong></span> <span class='ocrx_word' id='word_1_318' title='bbox 3002 2527 3073 2581; x_wconf 76' lang='lat'><strong>22</strong></span> <span class='ocrx_word' id='word_1_319' title='bbox 3114 2525 3401 2598; x_wconf 80' lang='lat' dir='ltr'><strong>Januarii,</strong></span> <span class='ocrx_word' id='word_1_320' title='bbox 3457 2526 3546 2598; x_wconf 84' lang='lat' dir='ltr'><strong>ubi</strong></span> <span class='ocrx_word' id='word_1_321' title='bbox 3602 2527 3656 2581; x_wconf 92' lang='lat' dir='ltr'><strong>in</strong></span> 
     </span>
    </p>
   </div>
   <div class='ocr_carea' id='block_1_45' title="bbox 2061 2596 3651 2670">
    <p class='ocr_par' dir='ltr' id='par_1_45' title="bbox 2061 2596 3651 2670">
     <span class='ocr_line' id='line_1_46' title="bbox 2061 2596 3651 2670; baseline 0.001 -20"><span class='ocrx_word' id='word_1_322' title='bbox 2061 2599 2445 2670; x_wconf 71' lang='lat' dir='ltr'><strong>persecutione</strong></span> <span class='ocrx_word' id='word_1_323' title='bbox 2472 2596 2792 2670; x_wconf 72' lang='lat' dir='ltr'><strong>Diocletiani</strong></span> <span class='ocrx_word' id='word_1_324' title='bbox 2825 2598 3107 2670; x_wconf 62' lang='lat' dir='ltr'><strong>martyriq</strong></span> <span class='ocrx_word' id='word_1_325' title='bbox 3129 2596 3377 2670; x_wconf 82' lang='lat' dir='ltr'><strong>coronati</strong></span> <span class='ocrx_word' id='word_1_326' title='bbox 3404 2596 3651 2670; x_wconf 75' lang='lat' dir='ltr'><strong>referun-</strong></span> 
     </span>
    </p>
   </div>
   <div class='ocr_carea' id='block_1_46' title="bbox 2064 2668 3652 2737">
    <p class='ocr_par' dir='ltr' id='par_1_46' title="bbox 2064 2668 3652 2737">
     <span class='ocr_line' id='line_1_47' title="bbox 2064 2668 3652 2737; baseline 0.002 -19"><span class='ocrx_word' id='word_1_327' title='bbox 2064 2680 2186 2737; x_wconf 90' lang='lat' dir='ltr'><strong>tttr;</strong></span> <span class='ocrx_word' id='word_1_328' title='bbox 2216 2668 2376 2737; x_wconf 80' lang='lat' dir='ltr'><strong>idque</strong></span> <span class='ocrx_word' id='word_1_329' title='bbox 2414 2670 2577 2724; x_wconf 82' lang='lat' dir='ltr'><strong>etiam</strong></span> <span class='ocrx_word' id='word_1_330' title='bbox 2621 2669 2822 2725; x_wconf 83' lang='lat' dir='ltr'><strong>habent</strong></span> <span class='ocrx_word' id='word_1_331' title='bbox 2865 2668 3032 2735; x_wconf 80' lang='lat' dir='ltr'><strong>Beda,</strong></span> <span class='ocrx_word' id='word_1_332' title='bbox 3069 2668 3378 2732; x_wconf 85' lang='lat' dir='ltr'><strong>Ilsuardus,</strong></span> <span class='ocrx_word' id='word_1_333' title='bbox 3432 2676 3488 2722; x_wconf 90' lang='lat' dir='ltr'><strong>ct</strong></span> <span class='ocrx_word' id='word_1_334' title='bbox 3512 2669 3652 2723; x_wconf 91' lang='lat' dir='ltr'><strong>Ado.</strong></span> 
     </span>
    </p>
   </div>
   <div class='ocr_carea' id='block_1_47' title="bbox 360 2736 3656 2811">
    <p class='ocr_par' dir='ltr' id='par_1_47' title="bbox 360 2736 3656 2811">
     <span class='ocr_line' id='line_1_48' title="bbox 360 2736 3656 2811; baseline 0.001 -22"><span class='ocrx_word' id='word_1_335' title='bbox 360 2736 481 2792; x_wconf 67' lang='lat' dir='ltr'><strong>rotis</strong></span> <span class='ocrx_word' id='word_1_336' title='bbox 524 2736 775 2811; x_wconf 83' lang='lat' dir='ltr'><strong>alligatus</strong></span> <span class='ocrx_word' id='word_1_337' title='bbox 801 2779 816 2805; x_wconf 94' lang='lat'><strong>,</strong></span> <span class='ocrx_word' id='word_1_338' title='bbox 861 2738 920 2811; x_wconf 82' lang='lat' dir='ltr'><strong>in</strong></span> <span class='ocrx_word' id='word_1_339' title='bbox 960 2738 1215 2811; x_wconf 84' lang='lat' dir='ltr'><strong>craticula</strong></span> <span class='ocrx_word' id='word_1_340' title='bbox 1254 2747 1466 2811; x_wconf 82' lang='lat' dir='ltr'><strong>uterque</strong></span> <span class='ocrx_word' id='word_1_341' title='bbox 1510 2736 1816 2811; x_wconf 74' lang='lat' dir='ltr'><strong>collocatur,</strong></span> <span class='ocrx_word' id='word_1_342' title='bbox 1845 2751 1963 2791; x_wconf 85' lang='lat' dir='ltr'><strong>suc-</strong></span> <span class='ocrx_word' id='word_1_343' title='bbox 2061 2736 2201 2811; x_wconf 84' lang='lat' dir='ltr'><strong>Acta</strong></span> <span class='ocrx_word' id='word_1_344' title='bbox 2223 2736 2357 2795; x_wconf 85' lang='lat' dir='ltr'><strong>vero</strong></span> <span class='ocrx_word' id='word_1_345' title='bbox 2387 2741 2458 2794; x_wconf 86' lang='lat' dir='ltr'><strong>ab</strong></span> <span class='ocrx_word' id='word_1_346' title='bbox 2486 2738 2741 2797; x_wconf 65' lang='lat' dir='ltr'><strong>Etherio</strong></span> <span class='ocrx_word' id='word_1_347' title='bbox 2772 2741 3148 2796; x_wconf 74' lang='lat' dir='ltr'><strong>Elitetluncnsi</strong></span> <span class='ocrx_word' id='word_1_348' title='bbox 3179 2738 3424 2794; x_wconf 85' lang='lat' dir='ltr'><strong>antistite</strong></span> <span class='ocrx_word' id='word_1_349' title='bbox 3446 2740 3656 2811; x_wconf 61' lang='lat' dir='ltr'><strong>scripta</strong></span> 
     </span>
    </p>
   </div>
   <div class='ocr_carea' id='block_1_48' title="bbox 360 2808 1960 2881">
    <p class='ocr_par' dir='ltr' id='par_1_48' title="bbox 360 2808 1960 2881">
     <span class='ocr_line' id='line_1_49' title="bbox 360 2808 1960 2881; baseline -0.001 -19"><span class='ocrx_word' id='word_1_350' title='bbox 360 2824 508 2863; x_wconf 86' lang='lat' dir='ltr'><strong>censo</strong></span> <span class='ocrx_word' id='word_1_351' title='bbox 534 2808 681 2881; x_wconf 74' lang='lat' dir='ltr'><strong>igne,</strong></span> <span class='ocrx_word' id='word_1_352' title='bbox 709 2826 810 2880; x_wconf 88' lang='lat' dir='ltr'><strong>quo</strong></span> <span class='ocrx_word' id='word_1_353' title='bbox 836 2808 1112 2879; x_wconf 84' lang='lat' dir='ltr'><strong>derepente</strong></span> <span class='ocrx_word' id='word_1_354' title='bbox 1146 2808 1451 2863; x_wconf 86' lang='lat' dir='ltr'><strong>mirabiliter</strong></span> <span class='ocrx_word' id='word_1_355' title='bbox 1488 2809 1765 2881; x_wconf 79' lang='lat' dir='ltr'><strong>restincto,</strong></span> <span class='ocrx_word' id='word_1_356' title='bbox 1794 2816 1960 2881; x_wconf 89' lang='lat' dir='ltr'><strong>torto-</strong></span> 
     </span>
    </p>
   </div>
   <div class='ocr_carea' id='block_1_49' title="bbox 360 2879 1961 2953">
    <p class='ocr_par' dir='ltr' id='par_1_49' title="bbox 360 2879 1961 2953">
     <span class='ocr_line' id='line_1_50' title="bbox 360 2879 1961 2953; baseline -0.001 -21"><span class='ocrx_word' id='word_1_357' title='bbox 360 2896 458 2953; x_wconf 57' lang='lat' dir='ltr'><strong>res,</strong></span> <span class='ocrx_word' id='word_1_358' title='bbox 488 2879 575 2953; x_wconf 78' lang='lat' dir='ltr'><strong>ubi</strong></span> <span class='ocrx_word' id='word_1_359' title='bbox 603 2882 680 2935; x_wconf 85' lang='lat' dir='ltr'><strong>rei</strong></span> <span class='ocrx_word' id='word_1_360' title='bbox 724 2879 1184 2953; x_wconf 82' lang='lat' dir='ltr'><strong>admirabilitatem</strong></span> <span class='ocrx_word' id='word_1_361' title='bbox 1236 2888 1648 2953; x_wconf 72' lang='lat' dir='ltr'><strong>perspexerant,</strong></span> <span class='ocrx_word' id='word_1_362' title='bbox 1696 2879 1961 2953; x_wconf 67' lang='lat' dir='ltr'><strong>Christum</strong></span> 
     </span>
    </p>
   </div>
   <div class='ocr_carea' id='block_1_50' title="bbox 361 2948 1960 3023">
    <p class='ocr_par' dir='ltr' id='par_1_50' title="bbox 361 2948 1960 3023">
     <span class='ocr_line' id='line_1_51' title="bbox 361 2948 1960 3023; baseline 0.001 -20"><span class='ocrx_word' id='word_1_363' title='bbox 361 2948 523 3006; x_wconf 81' lang='lat' dir='ltr'><strong>Deum</strong></span> <span class='ocrx_word' id='word_1_364' title='bbox 556 2951 721 3008; x_wconf 81' lang='lat' dir='ltr'><strong>libera</strong></span> <span class='ocrx_word' id='word_1_365' title='bbox 751 2968 871 3007; x_wconf 79' lang='lat' dir='ltr'><strong>voce</strong></span> <span class='ocrx_word' id='word_1_366' title='bbox 914 2948 1269 3022; x_wconf 78' lang='lat' dir='ltr'><strong>proﬁtentur:</strong></span> <span class='ocrx_word' id='word_1_367' title='bbox 1299 2948 1458 3023; x_wconf 78' lang='lat' dir='ltr'><strong>atque</strong></span> <span class='ocrx_word' id='word_1_368' title='bbox 1492 2952 1567 3023; x_wconf 86' lang='lat' dir='ltr'><strong>s_ic</strong></span> <span class='ocrx_word' id='word_1_369' title='bbox 1594 2951 1799 3021; x_wconf 79' lang='lat' dir='ltr'><strong>quidem</strong></span> <span class='ocrx_word' id='word_1_370' title='bbox 1824 2990 1841 3014; x_wconf 91' lang='lat'><strong>,</strong></span> <span class='ocrx_word' id='word_1_371' title='bbox 1869 2950 1960 3021; x_wconf 86' lang='lat' dir='ltr'><strong>qui</strong></span> 
     </span>
    </p>
   </div>
   <div class='ocr_carea' id='block_1_51' title="bbox 360 3021 1958 3093">
    <p class='ocr_par' dir='ltr' id='par_1_51' title="bbox 360 3021 1958 3093">
     <span class='ocr_line' id='line_1_52' title="bbox 360 3021 1958 3093; baseline 0.001 -18"><span class='ocrx_word' id='word_1_372' title='bbox 360 3033 549 3093; x_wconf 79' lang='lat' dir='ltr'><strong>septem</strong></span> <span class='ocrx_word' id='word_1_373' title='bbox 587 3033 755 3089; x_wconf 86' lang='lat' dir='ltr'><strong>erant,</strong></span> <span class='ocrx_word' id='word_1_374' title='bbox 786 3032 831 3078; x_wconf 87' lang='lat' dir='ltr'><strong>et</strong></span> <span class='ocrx_word' id='word_1_375' title='bbox 860 3021 941 3079; x_wconf 88' lang='lat' dir='ltr'><strong>illi</strong></span> <span class='ocrx_word' id='word_1_376' title='bbox 970 3027 1120 3078; x_wconf 90' lang='lat' dir='ltr'><strong>ambo</strong></span> <span class='ocrx_word' id='word_1_377' title='bbox 1150 3021 1380 3077; x_wconf 75' lang='grc' dir='ltr'><strong>Λιιαηὶαὲ</strong></span> <span class='ocrx_word' id='word_1_378' title='bbox 1415 3032 1465 3078; x_wconf 90' lang='lat' dir='ltr'><strong>et</strong></span> <span class='ocrx_word' id='word_1_379' title='bbox 1494 3021 1682 3077; x_wconf 84' lang='lat' dir='ltr'><strong>Petrus</strong></span> <span class='ocrx_word' id='word_1_380' title='bbox 1733 3023 1787 3076; x_wconf 85' lang='lat' dir='ltr'><strong>in</strong></span> <span class='ocrx_word' id='word_1_381' title='bbox 1814 3037 1958 3077; x_wconf 81' lang='lat' dir='ltr'><strong>mare</strong></span> 
     </span>
    </p>
   </div>
   <div class='ocr_carea' id='block_1_52' title="bbox 361 3094 1956 3167">
    <p class='ocr_par' dir='ltr' id='par_1_52' title="bbox 361 3094 1956 3167">
     <span class='ocr_line' id='line_1_53' title="bbox 361 3094 1956 3167; baseline 0.002 -21"><span class='ocrx_word' id='word_1_382' title='bbox 361 3096 575 3167; x_wconf 81' lang='lat' dir='ltr'><strong>projecti</strong></span> <span class='ocrx_word' id='word_1_383' title='bbox 625 3096 707 3167; x_wconf 16' lang='lat' dir='ltr'><strong>ad,</strong></span> <span class='ocrx_word' id='word_1_384' title='bbox 734 3095 971 3166; x_wconf 80' lang='lat' dir='ltr'><strong>martyrii</strong></span> <span class='ocrx_word' id='word_1_385' title='bbox 1000 3097 1231 3165; x_wconf 89' lang='lat' dir='ltr'><strong>palmam</strong></span> <span class='ocrx_word' id='word_1_386' title='bbox 1272 3102 1631 3165; x_wconf 78' lang='lat' dir='ltr'><strong>pervenerunt.</strong></span> <span class='ocrx_word' id='word_1_387' title='bbox 1683 3094 1956 3150; x_wconf 81' lang='lat' dir='ltr'><strong>Hactenus</strong></span> 
     </span>
    </p>
   </div>
   <div class='ocr_carea' id='block_1_53' title="bbox 357 3166 1463 3236">
    <p class='ocr_par' dir='ltr' id='par_1_53' title="bbox 357 3166 1463 3236">
     <span class='ocr_line' id='line_1_54' title="bbox 357 3166 1463 3236; baseline 0.006 -18"><span class='ocrx_word' id='word_1_388' title='bbox 357 3166 471 3219; x_wconf 78' lang='lat' dir='ltr'><strong>acta</strong></span> <span class='ocrx_word' id='word_1_389' title='bbox 503 3167 645 3236; x_wconf 88' lang='lat' dir='ltr'><strong>apud</strong></span> <span class='ocrx_word' id='word_1_390' title='bbox 675 3166 1010 3223; x_wconf 83' lang='lat' dir='ltr'><strong>Galesinum.</strong></span> <span class='ocrx_word' id='word_1_391' title='bbox 1460 3200 1463 3205; x_wconf 85' lang='grc'>·</span> 
     </span>
    </p>
   </div>
   <div class='ocr_carea' id='block_1_54' title="bbox 423 3235 1957 3306">
    <p class='ocr_par' dir='ltr' id='par_1_54' title="bbox 423 3235 1957 3306">
     <span class='ocr_line' id='line_1_55' title="bbox 423 3235 1957 3306; baseline 0 -16"><span class='ocrx_word' id='word_1_392' title='bbox 423 3236 515 3292; x_wconf 83' lang='lat'><strong>2|.</strong></span> <span class='ocrx_word' id='word_1_393' title='bbox 544 3235 799 3305; x_wconf 40' lang='lat' dir='ltr'><strong>’Pamite,</strong></span> <span class='ocrx_word' id='word_1_394' title='bbox 831 3250 937 3293; x_wconf 87' lang='lat' dir='ltr'><strong>etc.</strong></span> <span class='ocrx_word' id='word_1_395' title='bbox 971 3236 1255 3294; x_wconf 86' lang='lat' dir='ltr'><strong>Altissimo</strong></span> <span class='ocrx_word' id='word_1_396' title='bbox 1283 3251 1415 3292; x_wconf 84' lang='lat' dir='ltr'><strong>sane</strong></span> <span class='ocrx_word' id='word_1_397' title='bbox 1440 3235 1689 3292; x_wconf 90' lang='lat' dir='ltr'><strong>moderni</strong></span> <span class='ocrx_word' id='word_1_398' title='bbox 1721 3236 1957 3306; x_wconf 83' lang='lat' dir='ltr'><strong>scripto-</strong></span> 
     </span>
    </p>
   </div>
   <div class='ocr_carea' id='block_1_55' title="bbox 357 3309 1959 3377">
    <p class='ocr_par' dir='ltr' id='par_1_55' title="bbox 357 3309 1959 3377">
     <span class='ocr_line' id='line_1_56' title="bbox 357 3309 1959 3377; baseline 0.001 -15"><span class='ocrx_word' id='word_1_399' title='bbox 357 3322 442 3363; x_wconf 88' lang='lat' dir='ltr'><strong>res</strong></span> <span class='ocrx_word' id='word_1_400' title='bbox 464 3324 657 3364; x_wconf 87' lang='lat' dir='ltr'><strong>errore</strong></span> <span class='ocrx_word' id='word_1_401' title='bbox 686 3309 1031 3375; x_wconf 86' lang='lat' dir='ltr'><strong>laborarunt,</strong></span> <span class='ocrx_word' id='word_1_402' title='bbox 1062 3310 1189 3366; x_wconf 89' lang='lat' dir='ltr'><strong>dum</strong></span> <span class='ocrx_word' id='word_1_403' title='bbox 1222 3309 1563 3364; x_wconf 87' lang='lat' dir='ltr'><strong>Palentinum</strong></span> <span class='ocrx_word' id='word_1_404' title='bbox 1594 3309 1798 3377; x_wconf 82' lang='lat' dir='ltr'><strong>civem,</strong></span> <span class='ocrx_word' id='word_1_405' title='bbox 1831 3323 1959 3363; x_wconf 88' lang='lat' dir='ltr'><strong>san-</strong></span> 
     </span>
    </p>
   </div>
   <div class='ocr_carea' id='block_1_56' title="bbox 354 3376 1951 3448">
    <p class='ocr_par' dir='ltr' id='par_1_56' title="bbox 354 3376 1951 3448">
     <span class='ocr_line' id='line_1_57' title="bbox 354 3376 1951 3448; baseline 0.001 -14"><span class='ocrx_word' id='word_1_406' title='bbox 354 3390 498 3434; x_wconf 88' lang='lat' dir='ltr'><strong>ctum</strong></span> <span class='ocrx_word' id='word_1_407' title='bbox 526 3379 862 3436; x_wconf 84' lang='lat' dir='ltr'><strong>Antoninum</strong></span> <span class='ocrx_word' id='word_1_408' title='bbox 906 3380 1123 3436; x_wconf 86' lang='lat' dir='ltr'><strong>Gallum</strong></span> <span class='ocrx_word' id='word_1_409' title='bbox 1153 3390 1275 3435; x_wconf 89' lang='lat' dir='ltr'><strong>ortu</strong></span> <span class='ocrx_word' id='word_1_410' title='bbox 1314 3389 1369 3434; x_wconf 89' lang='lat' dir='ltr'><strong>et</strong></span> <span class='ocrx_word' id='word_1_411' title='bbox 1410 3376 1609 3448; x_wconf 78' lang='lat' dir='ltr'><strong>genere</strong></span> <span class='ocrx_word' id='word_1_412' title='bbox 1630 3376 1951 3438; x_wconf 84' lang='lat' dir='ltr'><strong>credebant.</strong></span> 
     </span>
    </p>
   </div>
   <div class='ocr_carea' id='block_1_57' title="bbox 351 3450 1952 3524">
    <p class='ocr_par' dir='ltr' id='par_1_57' title="bbox 351 3450 1952 3524">
     <span class='ocr_line' id='line_1_58' title="bbox 351 3450 1952 3524; baseline 0 -19"><span class='ocrx_word' id='word_1_413' title='bbox 351 3450 636 3522; x_wconf 85' lang='lat' dir='ltr'><strong>Legebant</strong></span> <span class='ocrx_word' id='word_1_414' title='bbox 667 3451 951 3524; x_wconf 75' lang='lat' dir='ltr'><strong>siquidem</strong></span> <span class='ocrx_word' id='word_1_415' title='bbox 1000 3454 1056 3508; x_wconf 90' lang='lat' dir='ltr'><strong>in</strong></span> <span class='ocrx_word' id='word_1_416' title='bbox 1096 3452 1234 3507; x_wconf 84' lang='lat' dir='ltr'><strong>actis</strong></span> <span class='ocrx_word' id='word_1_417' title='bbox 1270 3451 1515 3524; x_wconf 86' lang='lat' dir='ltr'><strong>martyrii</strong></span> <span class='ocrx_word' id='word_1_418' title='bbox 1553 3452 1693 3522; x_wconf 86' lang='lat' dir='ltr'><strong>ejus,</strong></span> <span class='ocrx_word' id='word_1_419' title='bbox 1728 3452 1952 3524; x_wconf 62' lang='lat' dir='ltr'><strong>Pumice,</strong></span> 
     </span>
    </p>
   </div>
   <div class='ocr_carea' id='block_1_58' title="bbox 351 3522 1954 3594">
    <p class='ocr_par' dir='ltr' id='par_1_58' title="bbox 351 3522 1954 3594">
     <span class='ocr_line' id='line_1_59' title="bbox 351 3522 1954 3594; baseline 0.001 -18"><span class='ocrx_word' id='word_1_420' title='bbox 351 3535 448 3578; x_wconf 88' lang='lat' dir='ltr'><strong>seu</strong></span> <span class='ocrx_word' id='word_1_421' title='bbox 484 3523 730 3594; x_wconf 85' lang='lat' dir='ltr'><strong>Apamiae</strong></span> <span class='ocrx_word' id='word_1_422' title='bbox 753 3522 944 3578; x_wconf 85' lang='lat' dir='ltr'><strong>natum</strong></span> <span class='ocrx_word' id='word_1_423' title='bbox 975 3534 1031 3579; x_wconf 91' lang='lat' dir='ltr'><strong>et</strong></span> <span class='ocrx_word' id='word_1_424' title='bbox 1050 3524 1295 3580; x_wconf 88' lang='lat' dir='ltr'><strong>occisum</strong></span> <span class='ocrx_word' id='word_1_425' title='bbox 1320 3538 1336 3588; x_wconf 89' lang='lat'><strong>;</strong></span> <span class='ocrx_word' id='word_1_426' title='bbox 1364 3522 1485 3577; x_wconf 87' lang='lat' dir='ltr'><strong>cum</strong></span> <span class='ocrx_word' id='word_1_427' title='bbox 1510 3533 1692 3578; x_wconf 86' lang='lat' dir='ltr'><strong>autem</strong></span> <span class='ocrx_word' id='word_1_428' title='bbox 1714 3522 1830 3591; x_wconf 89' lang='lat' dir='ltr'><strong>ejus</strong></span> <span class='ocrx_word' id='word_1_429' title='bbox 1859 3537 1954 3577; x_wconf 62' lang='lat' dir='ltr'><strong>no.</strong></span> 
     </span>
    </p>
   </div>
   <div class='ocr_carea' id='block_1_59' title="bbox 350 3594 1956 3665">
    <p class='ocr_par' dir='ltr' id='par_1_59' title="bbox 350 3594 1956 3665">
     <span class='ocr_line' id='line_1_60' title="bbox 350 3594 1956 3665; baseline 0.001 -18"><span class='ocrx_word' id='word_1_430' title='bbox 350 3595 516 3650; x_wconf 83' lang='lat' dir='ltr'><strong>minis</strong></span> <span class='ocrx_word' id='word_1_431' title='bbox 540 3595 730 3650; x_wconf 88' lang='lat' dir='ltr'><strong>urbem</strong></span> <span class='ocrx_word' id='word_1_432' title='bbox 755 3595 809 3650; x_wconf 88' lang='lat' dir='ltr'><strong>itt</strong></span> <span class='ocrx_word' id='word_1_433' title='bbox 842 3594 1095 3665; x_wconf 68' lang='lat' dir='ltr'><strong>Hispania</strong></span> <span class='ocrx_word' id='word_1_434' title='bbox 1123 3595 1430 3661; x_wconf 74' lang='lat' dir='ltr'><strong>nescirent,</strong></span> <span class='ocrx_word' id='word_1_435' title='bbox 1464 3594 1517 3649; x_wconf 85' lang='lat' dir='ltr'><strong>itt</strong></span> <span class='ocrx_word' id='word_1_436' title='bbox 1549 3595 1721 3650; x_wconf 73' lang='lat' dir='ltr'><strong>Gallia</strong></span> <span class='ocrx_word' id='word_1_437' title='bbox 1753 3608 1956 3663; x_wconf 84' lang='lat' dir='ltr'><strong>cogito-</strong></span> 
     </span>
    </p>
   </div>
   <div class='ocr_carea' id='block_1_60' title="bbox 348 3665 1953 3738">
    <p class='ocr_par' dir='ltr' id='par_1_60' title="bbox 348 3665 1953 3738">
     <span class='ocr_line' id='line_1_61' title="bbox 348 3665 1953 3738; baseline 0.002 -20"><span class='ocrx_word' id='word_1_438' title='bbox 348 3674 611 3738; x_wconf 77' lang='lat' dir='ltr'><strong>soerent,</strong></span> <span class='ocrx_word' id='word_1_439' title='bbox 642 3667 791 3721; x_wconf 84' lang='lat' dir='ltr'><strong>illam</strong></span> <span class='ocrx_word' id='word_1_440' title='bbox 832 3672 1055 3738; x_wconf 83' lang='lat' dir='ltr'><strong>martyri</strong></span> <span class='ocrx_word' id='word_1_441' title='bbox 1086 3668 1274 3722; x_wconf 88' lang='lat' dir='ltr'><strong>urbem</strong></span> <span class='ocrx_word' id='word_1_442' title='bbox 1290 3669 1713 3738; x_wconf 84' lang='lat' dir='ltr'><strong>_consignarunt.</strong></span> <span class='ocrx_word' id='word_1_443' title='bbox 1762 3665 1953 3738; x_wconf 79' lang='lat' dir='ltr'><strong>Mirum</strong></span> 
     </span>
    </p>
   </div>
   <div class='ocr_carea' id='block_1_61' title="bbox 349 3735 1953 3809">
    <p class='ocr_par' dir='ltr' id='par_1_61' title="bbox 349 3735 1953 3809">
     <span class='ocr_line' id='line_1_62' title="bbox 349 3735 1953 3809; baseline 0.002 -21"><span class='ocrx_word' id='word_1_444' title='bbox 349 3736 495 3809; x_wconf 87' lang='lat' dir='ltr'><strong>quod</strong></span> <span class='ocrx_word' id='word_1_445' title='bbox 546 3739 789 3808; x_wconf 70' lang='lat' dir='ltr'><strong>Apamia:</strong></span> <span class='ocrx_word' id='word_1_446' title='bbox 835 3735 1009 3809; x_wconf 63' lang='lat' dir='ltr'><strong>Syriae</strong></span> <span class='ocrx_word' id='word_1_447' title='bbox 1049 3753 1157 3794; x_wconf 92' lang='lat' dir='ltr'><strong>non</strong></span> <span class='ocrx_word' id='word_1_448' title='bbox 1202 3735 1548 3803; x_wconf 80' lang='lat' dir='ltr'><strong>addixeriut,</strong></span> <span class='ocrx_word' id='word_1_449' title='bbox 1589 3752 1714 3809; x_wconf 88' lang='lat' dir='ltr'><strong>cum</strong></span> <span class='ocrx_word' id='word_1_450' title='bbox 1761 3735 1953 3809; x_wconf 87' lang='lat' dir='ltr'><strong>eadem</strong></span> 
     </span>
    </p>
   </div>
   <div class='ocr_carea' id='block_1_62' title="bbox 351 3808 1955 3880">
    <p class='ocr_par' dir='ltr' id='par_1_62' title="bbox 351 3808 1955 3880">
     <span class='ocr_line' id='line_1_63' title="bbox 351 3808 1955 3880; baseline 0.001 -18"><span class='ocrx_word' id='word_1_451' title='bbox 351 3808 640 3880; x_wconf 83' lang='lat' dir='ltr'><strong>utriusque</strong></span> <span class='ocrx_word' id='word_1_452' title='bbox 684 3809 757 3864; x_wconf 87' lang='lat' dir='ltr'><strong>sit</strong></span> <span class='ocrx_word' id='word_1_453' title='bbox 795 3808 1204 3866; x_wconf 82' lang='lat' dir='ltr'><strong>noincnclatura</strong></span> <span class='ocrx_word' id='word_1_454' title='bbox 1232 3850 1247 3873; x_wconf 89' lang='lat'><strong>,</strong></span> <span class='ocrx_word' id='word_1_455' title='bbox 1278 3817 1333 3863; x_wconf 88' lang='lat' dir='ltr'><strong>et</strong></span> <span class='ocrx_word' id='word_1_456' title='bbox 1356 3808 1628 3865; x_wconf 83' lang='lat' dir='ltr'><strong>celebrior</strong></span> <span class='ocrx_word' id='word_1_457' title='bbox 1656 3808 1816 3880; x_wconf 88' lang='lat' dir='ltr'><strong>Syra.</strong></span> <span class='ocrx_word' id='word_1_458' title='bbox 1846 3808 1955 3880; x_wconf 84' lang='lat' dir='ltr'><strong>Sed</strong></span> 
     </span>
    </p>
   </div>
   <div class='ocr_carea' id='block_1_63' title="bbox 346 3879 1957 3950">
    <p class='ocr_par' dir='ltr' id='par_1_63' title="bbox 346 3879 1957 3950">
     <span class='ocr_line' id='line_1_64' title="bbox 346 3879 1957 3950; baseline 0.002 -19"><span class='ocrx_word' id='word_1_459' title='bbox 346 3879 459 3946; x_wconf 84' lang='lat' dir='ltr'><strong>jam</strong></span> <span class='ocrx_word' id='word_1_460' title='bbox 494 3879 752 3935; x_wconf 87' lang='lat' dir='ltr'><strong>tenebras</strong></span> <span class='ocrx_word' id='word_1_461' title='bbox 791 3880 941 3950; x_wconf 80' lang='lat' dir='ltr'><strong>fugat</strong></span> <span class='ocrx_word' id='word_1_462' title='bbox 970 3881 1190 3941; x_wconf 83' lang='lat' dir='ltr'><strong>Dexter.</strong></span> <span class='ocrx_word' id='word_1_463' title='bbox 1240 3880 1369 3934; x_wconf 91' lang='lat' dir='ltr'><strong>dum</strong></span> <span class='ocrx_word' id='word_1_464' title='bbox 1416 3880 1654 3935; x_wconf 80' lang='lat' dir='ltr'><strong>Pamiam</strong></span> <span class='ocrx_word' id='word_1_465' title='bbox 1704 3879 1761 3934; x_wconf 87' lang='lat' dir='ltr'><strong>in</strong></span> <span class='ocrx_word' id='word_1_466' title='bbox 1818 3879 1957 3935; x_wconf 83' lang='lat' dir='ltr'><strong>Vac-</strong></span> 
     </span>
    </p>
   </div>
   <div class='ocr_carea' id='block_1_64' title="bbox 352 3950 1957 4020">
    <p class='ocr_par' dir='ltr' id='par_1_64' title="bbox 352 3950 1957 4020">
     <span class='ocr_line' id='line_1_65' title="bbox 352 3950 1957 4020; baseline 0.002 -17"><span class='ocrx_word' id='word_1_467' title='bbox 352 3951 483 4005; x_wconf 76' lang='lat' dir='ltr'><strong>caeis</strong></span> <span class='ocrx_word' id='word_1_468' title='bbox 515 3952 689 4008; x_wconf 82' lang='lat' dir='ltr'><strong>fuisse</strong></span> <span class='ocrx_word' id='word_1_469' title='bbox 705 3950 1065 4019; x_wconf 87' lang='lat' dir='ltr'><strong>demonstrat,</strong></span> <span class='ocrx_word' id='word_1_470' title='bbox 1093 3953 1159 4006; x_wconf 89' lang='lat' dir='ltr'><strong>ad</strong></span> <span class='ocrx_word' id='word_1_471' title='bbox 1190 3951 1408 4008; x_wconf 79' lang='lat' dir='ltr'><strong>ﬂuvium</strong></span> <span class='ocrx_word' id='word_1_472' title='bbox 1438 3953 1816 4016; x_wconf 83' lang='lat' dir='ltr'><strong>Arlanconcm,</strong></span> <span class='ocrx_word' id='word_1_473' title='bbox 1848 3965 1957 4020; x_wconf 92' lang='lat' dir='ltr'><strong>quo</strong></span> 
     </span>
    </p>
   </div>
   <div class='ocr_carea' id='block_1_65' title="bbox 351 4020 1955 4081">
    <p class='ocr_par' dir='ltr' id='par_1_65' title="bbox 351 4020 1955 4081">
     <span class='ocr_line' id='line_1_66' title="bbox 351 4020 1955 4081; baseline 0.001 -5"><span class='ocrx_word' id='word_1_474' title='bbox 351 4020 453 4077; x_wconf 91' lang='lat' dir='ltr'><strong>loci</strong></span> <span class='ocrx_word' id='word_1_475' title='bbox 482 4036 630 4078; x_wconf 90' lang='lat' dir='ltr'><strong>nunc</strong></span> <span class='ocrx_word' id='word_1_476' title='bbox 655 4022 898 4079; x_wconf 85' lang='lat' dir='ltr'><strong>Palentia</strong></span> <span class='ocrx_word' id='word_1_477' title='bbox 920 4024 1048 4080; x_wconf 89' lang='lat' dir='ltr'><strong>urbs</strong></span> <span class='ocrx_word' id='word_1_478' title='bbox 1078 4023 1260 4079; x_wconf 79' lang='lat' dir='ltr'><strong>existit</strong></span> <span class='ocrx_word' id='word_1_479' title='bbox 1281 4033 1369 4081; x_wconf 86' lang='lat' dir='ltr'><strong>:et</strong></span> <span class='ocrx_word' id='word_1_480' title='bbox 1391 4022 1722 4079; x_wconf 84' lang='lat' dir='ltr'><strong>Antoninum</strong></span> <span class='ocrx_word' id='word_1_481' title='bbox 1754 4022 1955 4078; x_wconf 72' lang='lat' dir='ltr'><strong>Pamiai</strong></span> 
     </span>
    </p>
   </div>
   <div class='ocr_carea' id='block_1_66' title="bbox 353 4094 1953 4165">
    <p class='ocr_par' dir='ltr' id='par_1_66' title="bbox 353 4094 1953 4165">
     <span class='ocr_line' id='line_1_67' title="bbox 353 4094 1953 4165; baseline 0.002 -19"><span class='ocrx_word' id='word_1_482' title='bbox 353 4102 539 4165; x_wconf 67' lang='lat' dir='ltr'><strong>uatum</strong></span> <span class='ocrx_word' id='word_1_483' title='bbox 561 4136 577 4157; x_wconf 89' lang='lat'><strong>,</strong></span> <span class='ocrx_word' id='word_1_484' title='bbox 605 4104 660 4150; x_wconf 88' lang='lat' dir='ltr'><strong>et</strong></span> <span class='ocrx_word' id='word_1_485' title='bbox 706 4096 943 4151; x_wconf 91' lang='lat' dir='ltr'><strong>occisum</strong></span> <span class='ocrx_word' id='word_1_486' title='bbox 971 4111 988 4159; x_wconf 88' lang='lat'><strong>;</strong></span> <span class='ocrx_word' id='word_1_487' title='bbox 1019 4111 1120 4152; x_wconf 84' lang='lat' dir='ltr'><strong>nec</strong></span> <span class='ocrx_word' id='word_1_488' title='bbox 1150 4095 1276 4149; x_wconf 90' lang='lat' dir='ltr'><strong>alibi</strong></span> <span class='ocrx_word' id='word_1_489' title='bbox 1307 4109 1467 4165; x_wconf 89' lang='lat' dir='ltr'><strong>quam</strong></span> <span class='ocrx_word' id='word_1_490' title='bbox 1500 4094 1592 4149; x_wconf 87' lang='lat' dir='ltr'><strong>ubi</strong></span> <span class='ocrx_word' id='word_1_491' title='bbox 1620 4108 1763 4148; x_wconf 91' lang='lat' dir='ltr'><strong>nunc</strong></span> <span class='ocrx_word' id='word_1_492' title='bbox 1788 4094 1953 4162; x_wconf 88' lang='lat' dir='ltr'><strong>jacet.</strong></span> 
     </span>
    </p>
   </div>
   <div class='ocr_carea' id='block_1_67' title="bbox 349 4162 1955 4236">
    <p class='ocr_par' dir='ltr' id='par_1_67' title="bbox 349 4162 1955 4236">
     <span class='ocr_line' id='line_1_68' title="bbox 349 4162 1955 4236; baseline 0 -17"><span class='ocrx_word' id='word_1_493' title='bbox 349 4162 515 4220; x_wconf 87' lang='lat' dir='ltr'><strong>Certe</strong></span> <span class='ocrx_word' id='word_1_494' title='bbox 557 4166 814 4235; x_wconf 88' lang='lat' dir='ltr'><strong>quamdiu</strong></span> <span class='ocrx_word' id='word_1_495' title='bbox 846 4166 1104 4221; x_wconf 63' lang='lat' dir='ltr'><strong>Pali-mia:</strong></span> <span class='ocrx_word' id='word_1_496' title='bbox 1121 4162 1351 4236; x_wconf 75' lang='lat' dir='ltr'><strong>jacuerit</strong></span> <span class='ocrx_word' id='word_1_497' title='bbox 1377 4205 1393 4231; x_wconf 89' lang='lat'><strong>,</strong></span> <span class='ocrx_word' id='word_1_498' title='bbox 1428 4167 1745 4221; x_wconf 89' lang='lat' dir='ltr'><strong>memoriam</strong></span> <span class='ocrx_word' id='word_1_499' title='bbox 1777 4165 1955 4220; x_wconf 85' lang='lat' dir='ltr'><strong>ltutni-</strong></span> 
     </span>
    </p>
   </div>
   <div class='ocr_carea' id='block_1_68' title="bbox 272 4238 1954 4308">
    <p class='ocr_par' dir='ltr' id='par_1_68' title="bbox 272 4238 1954 4308">
     <span class='ocr_line' id='line_1_69' title="bbox 272 4238 1954 4308; baseline 0.002 -20"><span class='ocrx_word' id='word_1_500' title='bbox 272 4296 275 4299; x_wconf 19' lang='grc' dir='ltr'><em>Α</em></span> <span class='ocrx_word' id='word_1_501' title='bbox 353 4251 481 4291; x_wconf 91' lang='lat' dir='ltr'><strong>num</strong></span> <span class='ocrx_word' id='word_1_502' title='bbox 529 4238 1024 4308; x_wconf 88' lang='lat' dir='ltr'><strong>excedit,quando</strong></span> <span class='ocrx_word' id='word_1_503' title='bbox 1072 4239 1293 4291; x_wconf 83' lang='lat' dir='ltr'><strong>aliunde</strong></span> <span class='ocrx_word' id='word_1_504' title='bbox 1341 4246 1612 4307; x_wconf 87' lang='lat' dir='ltr'><strong>portatum</strong></span> <span class='ocrx_word' id='word_1_505' title='bbox 1655 4251 1815 4291; x_wconf 91' lang='lat' dir='ltr'><strong>nemo</strong></span> <span class='ocrx_word' id='word_1_506' title='bbox 1864 4251 1954 4292; x_wconf 85' lang='lat' dir='ltr'><strong>us-</strong></span> 
     </span>
    </p>
   </div>
   <div class='ocr_carea' id='block_1_69' title="bbox 349 4308 1948 4376">
    <p class='ocr_par' dir='ltr' id='par_1_69' title="bbox 349 4308 1948 4376">
     <span class='ocr_line' id='line_1_70' title="bbox 349 4308 1948 4376; baseline 0.001 -17"><span class='ocrx_word' id='word_1_507' title='bbox 349 4322 513 4376; x_wconf 84' lang='lat' dir='ltr'><strong>quam</strong></span> <span class='ocrx_word' id='word_1_508' title='bbox 578 4308 763 4376; x_wconf 79' lang='lat' dir='ltr'><strong>novit;</strong></span> <span class='ocrx_word' id='word_1_509' title='bbox 809 4309 1180 4364; x_wconf 85' lang='lat' dir='ltr'><strong>inventionem</strong></span> <span class='ocrx_word' id='word_1_510' title='bbox 1252 4310 1489 4364; x_wconf 78' lang='lat' dir='ltr'><strong>Ecclesia</strong></span> <span class='ocrx_word' id='word_1_511' title='bbox 1541 4322 1639 4363; x_wconf 87' lang='lat' dir='ltr'><strong>sua</strong></span> <span class='ocrx_word' id='word_1_512' title='bbox 1684 4308 1948 4371; x_wconf 87' lang='lat' dir='ltr'><strong>celebrat,</strong></span> 
     </span>
    </p>
   </div>
   <div class='ocr_carea' id='block_1_70' title="bbox 2063 2809 3655 2879">
    <p class='ocr_par' dir='ltr' id='par_1_70' title="bbox 2063 2809 3655 2879">
     <span class='ocr_line' id='line_1_71' title="bbox 2063 2809 3655 2879; baseline 0.001 -16"><span class='ocrx_word' id='word_1_513' title='bbox 2063 2809 2234 2865; x_wconf 84' lang='lat' dir='ltr'><strong>edidit</strong></span> <span class='ocrx_word' id='word_1_514' title='bbox 2265 2827 2335 2865; x_wconf 81' lang='lat' dir='ltr'><strong>ex</strong></span> <span class='ocrx_word' id='word_1_515' title='bbox 2367 2827 2498 2866; x_wconf 83' lang='lat' dir='ltr'><strong>mss.</strong></span> <span class='ocrx_word' id='word_1_516' title='bbox 2530 2812 2812 2867; x_wconf 88' lang='lat' dir='ltr'><strong>codicibus</strong></span> <span class='ocrx_word' id='word_1_517' title='bbox 2842 2812 3055 2877; x_wconf 88' lang='lat' dir='ltr'><strong>Surius,</strong></span> <span class='ocrx_word' id='word_1_518' title='bbox 3082 2820 3229 2865; x_wconf 92' lang='lat' dir='ltr'><strong>tomo</strong></span> <span class='ocrx_word' id='word_1_519' title='bbox 3259 2826 3299 2875; x_wconf 87' lang='grc' dir='ltr'><strong>ι,</strong></span> <span class='ocrx_word' id='word_1_520' title='bbox 3344 2818 3402 2865; x_wconf 88' lang='lat' dir='ltr'><strong>et</strong></span> <span class='ocrx_word' id='word_1_521' title='bbox 3441 2809 3655 2879; x_wconf 86' lang='lat' dir='ltr'><strong>Equiti-</strong></span> 
     </span>
    </p>
   </div>
   <div class='ocr_carea' id='block_1_71' title="bbox 2064 2881 3651 2953">
    <p class='ocr_par' dir='ltr' id='par_1_71' title="bbox 2064 2881 3651 2953">
     <span class='ocr_line' id='line_1_72' title="bbox 2064 2881 3651 2953; baseline 0.003 -21"><span class='ocrx_word' id='word_1_522' title='bbox 2064 2894 2167 2953; x_wconf 50' lang='grc' dir='ltr'><strong>[ιρις</strong></span> <span class='ocrx_word' id='word_1_523' title='bbox 2199 2883 2250 2935; x_wconf 92' lang='lat' dir='ltr'><strong>in</strong></span> <span class='ocrx_word' id='word_1_524' title='bbox 2281 2885 2662 2953; x_wconf 86' lang='lat' dir='ltr'><strong>compendium</strong></span> <span class='ocrx_word' id='word_1_525' title='bbox 2692 2884 2794 2939; x_wconf 86' lang='lat' dir='ltr'><strong>hoc</strong></span> <span class='ocrx_word' id='word_1_526' title='bbox 2822 2884 3059 2950; x_wconf 77' lang='lat' dir='ltr'><strong>redegit,</strong></span> <span class='ocrx_word' id='word_1_527' title='bbox 3097 2881 3189 2938; x_wconf 87' lang='lat' dir='ltr'><strong>lib.</strong></span> <span class='ocrx_word' id='word_1_528' title='bbox 3224 2897 3284 2949; x_wconf 86' lang='lat' dir='ltr'><strong>ll,</strong></span> <span class='ocrx_word' id='word_1_529' title='bbox 3316 2895 3436 2951; x_wconf 88' lang='lat' dir='ltr'><strong>cap.</strong></span> <span class='ocrx_word' id='word_1_530' title='bbox 3493 2881 3599 2953; x_wconf 79' lang='lat' dir='ltr'><strong>H2</strong></span> <span class='ocrx_word' id='word_1_531' title='bbox 3635 2899 3651 2937; x_wconf 91' lang='lat'><strong>:</strong></span> 
     </span>
    </p>
   </div>
   <div class='ocr_carea' id='block_1_72' title="bbox 2072 2950 3658 3026">
    <p class='ocr_par' dir='ltr' id='par_1_72' title="bbox 2072 2950 3658 3026">
     <span class='ocr_line' id='line_1_73' title="bbox 2072 2950 3658 3026; baseline 0.002 -22"><span class='ocrx_word' id='word_1_532' title='bbox 2072 2950 2373 3026; x_wconf 79' lang='lat' dir='ltr'><strong>Vincentius</strong></span> <span class='ocrx_word' id='word_1_533' title='bbox 2403 2950 2452 3009; x_wconf 71' lang='lat' dir='ltr'><strong>et</strong></span> <span class='ocrx_word' id='word_1_534' title='bbox 2482 2954 2728 3009; x_wconf 86' lang='lat' dir='ltr'><strong>Orentius</strong></span> <span class='ocrx_word' id='word_1_535' title='bbox 2759 2954 3191 3026; x_wconf 73' lang='lat' dir='ltr'><strong>martyrespassi</strong></span> <span class='ocrx_word' id='word_1_536' title='bbox 3223 2961 3365 3026; x_wconf 81' lang='lat' dir='ltr'><strong>sunt</strong></span> <span class='ocrx_word' id='word_1_537' title='bbox 3383 2950 3525 3018; x_wconf 81' lang='lat' dir='ltr'><strong>apud</strong></span> <span class='ocrx_word' id='word_1_538' title='bbox 3552 2952 3658 3026; x_wconf 71' lang='lat' dir='ltr'><strong>Hi-</strong></span> 
     </span>
    </p>
   </div>
   <div class='ocr_carea' id='block_1_73' title="bbox 2060 3024 3657 3098">
    <p class='ocr_par' dir='ltr' id='par_1_73' title="bbox 2060 3024 3657 3098">
     <span class='ocr_line' id='line_1_74' title="bbox 2060 3024 3657 3098; baseline 0.002 -23"><span class='ocrx_word' id='word_1_539' title='bbox 2060 3025 2320 3098; x_wconf 74' lang='lat' dir='ltr'><strong>spaniam,</strong></span> <span class='ocrx_word' id='word_1_540' title='bbox 2353 3035 2580 3098; x_wconf 81' lang='lat' dir='ltr'><strong>tempore</strong></span> <span class='ocrx_word' id='word_1_541' title='bbox 2607 3024 2914 3080; x_wconf 73' lang='lat' dir='ltr'><strong>Diocletiani</strong></span> <span class='ocrx_word' id='word_1_542' title='bbox 2936 3035 2987 3080; x_wconf 88' lang='lat' dir='ltr'><strong>et</strong></span> <span class='ocrx_word' id='word_1_543' title='bbox 3005 3024 3323 3098; x_wconf 12' lang='lat' dir='ltr'><strong>iMaximiani</strong></span> <span class='ocrx_word' id='word_1_544' title='bbox 3351 3024 3539 3091; x_wconf 74' lang='lat' dir='ltr'><strong>imper.</strong></span> <span class='ocrx_word' id='word_1_545' title='bbox 3560 3024 3657 3078; x_wconf 83' lang='lat' dir='ltr'><strong>sub</strong></span> 
     </span>
    </p>
   </div>
   <div class='ocr_carea' id='block_1_74' title="bbox 2061 3093 3655 3168">
    <p class='ocr_par' dir='ltr' id='par_1_74' title="bbox 2061 3093 3655 3168">
     <span class='ocr_line' id='line_1_75' title="bbox 2061 3093 3655 3168; baseline 0.001 -19"><span class='ocrx_word' id='word_1_546' title='bbox 2061 3093 2257 3168; x_wconf 62' lang='lat' dir='ltr'><strong>{iuﬁno</strong></span> <span class='ocrx_word' id='word_1_547' title='bbox 2284 3093 2506 3168; x_wconf 63' lang='lat' dir='ltr'><strong>preside</strong></span> <span class='ocrx_word' id='word_1_548' title='bbox 2538 3099 2940 3165; x_wconf 81' lang='lat' dir='ltr'><strong>Hispaniarum.</strong></span> <span class='ocrx_word' id='word_1_549' title='bbox 2976 3097 3249 3168; x_wconf 19' lang='lat' dir='ltr'><strong>(ltulinus;</strong></span> <span class='ocrx_word' id='word_1_550' title='bbox 3280 3097 3382 3168; x_wconf 83' lang='lat' dir='ltr'><strong>iste</strong></span> <span class='ocrx_word' id='word_1_551' title='bbox 3407 3103 3655 3168; x_wconf 72' lang='lat' dir='ltr'><strong>sanctum</strong></span> 
     </span>
    </p>
   </div>
   <div class='ocr_carea' id='block_1_75' title="bbox 2060 3164 3655 3236">
    <p class='ocr_par' dir='ltr' id='par_1_75' title="bbox 2060 3164 3655 3236">
     <span class='ocr_line' id='line_1_76' title="bbox 2060 3164 3655 3236; baseline 0.001 -16"><span class='ocrx_word' id='word_1_552' title='bbox 2060 3164 2431 3236; x_wconf 78' lang='lat' dir='ltr'><strong>Cucupliatem</strong></span> <span class='ocrx_word' id='word_1_553' title='bbox 2475 3164 2776 3225; x_wconf 77' lang='lat' dir='ltr'><strong>Barcinone</strong></span> <span class='ocrx_word' id='word_1_554' title='bbox 2807 3164 3193 3235; x_wconf 81' lang='lat' dir='ltr'><strong>coronaverat,</strong></span> <span class='ocrx_word' id='word_1_555' title='bbox 3223 3166 3449 3223; x_wconf 89' lang='lat' dir='ltr'><strong>Daciani</strong></span> <span class='ocrx_word' id='word_1_556' title='bbox 3480 3164 3655 3235; x_wconf 83' lang='lat' dir='ltr'><strong>Lega-</strong></span> 
     </span>
    </p>
   </div>
   <div class='ocr_carea' id='block_1_76' title="bbox 2062 3237 3656 3313">
    <p class='ocr_par' dir='ltr' id='par_1_76' title="bbox 2062 3237 3656 3313">
     <span class='ocr_line' id='line_1_77' title="bbox 2062 3237 3656 3313; baseline 0.001 -22"><span class='ocrx_word' id='word_1_557' title='bbox 2062 3247 2149 3313; x_wconf 88' lang='lat' dir='ltr'><strong>tu_s</strong></span> <span class='ocrx_word' id='word_1_558' title='bbox 2169 3238 2458 3312; x_wconf 77' lang='lat' dir='ltr'><strong>exiSIens.)</strong></span> <span class='ocrx_word' id='word_1_559' title='bbox 2485 3239 2561 3295; x_wconf 87' lang='lat' dir='ltr'><strong>Hi</strong></span> <span class='ocrx_word' id='word_1_560' title='bbox 2584 3237 2930 3313; x_wconf 67' lang='grc' dir='ltr'><strong>[ει-νοτεῇάεὶ</strong></span> <span class='ocrx_word' id='word_1_561' title='bbox 2951 3240 3175 3313; x_wconf 85' lang='lat' dir='ltr'><strong>accensi,</strong></span> <span class='ocrx_word' id='word_1_562' title='bbox 3201 3254 3256 3293; x_wconf 85' lang='lat' dir='ltr'><strong>se</strong></span> <span class='ocrx_word' id='word_1_563' title='bbox 3274 3245 3465 3313; x_wconf 66' lang='lat' dir='ltr'><strong>sponte</strong></span> <span class='ocrx_word' id='word_1_564' title='bbox 3481 3238 3656 3307; x_wconf 66' lang='lat' dir='ltr'><strong>iudici</strong></span> 
     </span>
    </p>
   </div>
   <div class='ocr_carea' id='block_1_77' title="bbox 2060 3307 3656 3385">
    <p class='ocr_par' dir='ltr' id='par_1_77' title="bbox 2060 3307 3656 3385">
     <span class='ocr_line' id='line_1_78' title="bbox 2060 3307 3656 3385; baseline 0.002 -24"><span class='ocrx_word' id='word_1_565' title='bbox 2060 3307 2353 3385; x_wconf 76' lang='lat' dir='ltr'><strong>offerentes,</strong></span> <span class='ocrx_word' id='word_1_566' title='bbox 2384 3307 2715 3385; x_wconf 62' lang='lat' dir='ltr'><strong>et&#39;CIrriitum</strong></span> <span class='ocrx_word' id='word_1_567' title='bbox 2739 3307 3140 3385; x_wconf 82' lang='lat' dir='ltr'><strong>magnanimiter</strong></span> <span class='ocrx_word' id='word_1_568' title='bbox 3155 3325 3248 3385; x_wconf 78' lang='lat' dir='ltr'><strong>con</strong></span> <span class='ocrx_word' id='word_1_569' title='bbox 3255 3307 3481 3379; x_wconf 70' lang='lat' dir='ltr'><strong>litantes,</strong></span> <span class='ocrx_word' id='word_1_570' title='bbox 3497 3313 3656 3381; x_wconf 87' lang='lat' dir='ltr'><strong>jussu</strong></span> 
     </span>
    </p>
   </div>
   <div class='ocr_carea' id='block_1_78' title="bbox 2059 3380 3658 3452">
    <p class='ocr_par' dir='ltr' id='par_1_78' title="bbox 2059 3380 3658 3452">
     <span class='ocr_line' id='line_1_79' title="bbox 2059 3380 3658 3452; baseline 0 -17"><span class='ocrx_word' id='word_1_571' title='bbox 2059 3380 2301 3452; x_wconf 66' lang='lat' dir='ltr'><strong>primitiis</strong></span> <span class='ocrx_word' id='word_1_572' title='bbox 2326 3384 2539 3451; x_wconf 85' lang='lat' dir='ltr'><strong>capitali</strong></span> <span class='ocrx_word' id='word_1_573' title='bbox 2561 3384 2810 3439; x_wconf 82' lang='lat' dir='ltr'><strong>sententia</strong></span> <span class='ocrx_word' id='word_1_574' title='bbox 2827 3380 3140 3452; x_wconf 70' lang='lat' dir='ltr'><strong>puniuntur.</strong></span> <span class='ocrx_word' id='word_1_575' title='bbox 3175 3380 3407 3449; x_wconf 80' lang='lat' dir='ltr'><strong>Quorum</strong></span> <span class='ocrx_word' id='word_1_576' title='bbox 3435 3380 3658 3450; x_wconf 85' lang='lat' dir='ltr'><strong>corpora</strong></span> 
     </span>
    </p>
   </div>
   <div class='ocr_carea' id='block_1_79' title="bbox 2067 3450 3656 3526">
    <p class='ocr_par' dir='ltr' id='par_1_79' title="bbox 2067 3450 3656 3526">
     <span class='ocr_line' id='line_1_80' title="bbox 2067 3450 3656 3526; baseline -0.001 -20"><span class='ocrx_word' id='word_1_577' title='bbox 2067 3450 2241 3526; x_wconf 64' lang='lat' dir='ltr'><strong>Yictor</strong></span> <span class='ocrx_word' id='word_1_578' title='bbox 2268 3450 2482 3524; x_wconf 85' lang='lat' dir='ltr'><strong>quidam</strong></span> <span class='ocrx_word' id='word_1_579' title='bbox 2509 3452 2689 3510; x_wconf 79' lang='lat' dir='ltr'><strong>Levita</strong></span> <span class='ocrx_word' id='word_1_580' title='bbox 2710 3455 2797 3525; x_wconf 83' lang='lat' dir='ltr'><strong>qui</strong></span> <span class='ocrx_word' id='word_1_581' title='bbox 2817 3450 2902 3509; x_wconf 80' lang='lat' dir='ltr'><strong>eos</strong></span> <span class='ocrx_word' id='word_1_582' title='bbox 2924 3453 3147 3526; x_wconf 84' lang='lat' dir='ltr'><strong>hospitio</strong></span> <span class='ocrx_word' id='word_1_583' title='bbox 3172 3460 3487 3526; x_wconf 82' lang='lat' dir='ltr'><strong>susceperat,</strong></span> <span class='ocrx_word' id='word_1_584' title='bbox 3510 3467 3656 3526; x_wconf 67' lang='lat' dir='ltr'><strong>sepe-</strong></span> 
     </span>
    </p>
   </div>
   <div class='ocr_carea' id='block_1_80' title="bbox 2058 3522 3657 3599">
    <p class='ocr_par' dir='ltr' id='par_1_80' title="bbox 2058 3522 3657 3599">
     <span class='ocr_line' id='line_1_81' title="bbox 2058 3522 3657 3599; baseline -0.001 -22"><span class='ocrx_word' id='word_1_585' title='bbox 2058 3522 2171 3599; x_wconf 69' lang='lat' dir='ltr'><strong>liuit</strong></span> <span class='ocrx_word' id='word_1_586' title='bbox 2199 3540 2217 3578; x_wconf 85' lang='lat'><strong>.&#39;</strong></span> <span class='ocrx_word' id='word_1_587' title='bbox 2249 3522 2459 3599; x_wconf 81' lang='lat' dir='ltr'><strong>propter</strong></span> <span class='ocrx_word' id='word_1_588' title='bbox 2486 3530 2627 3598; x_wconf 85' lang='lat' dir='ltr'><strong>quod</strong></span> <span class='ocrx_word' id='word_1_589' title='bbox 2655 3536 2703 3582; x_wconf 91' lang='lat' dir='ltr'><strong>et</strong></span> <span class='ocrx_word' id='word_1_590' title='bbox 2723 3522 2843 3599; x_wconf 78' lang='lat' dir='ltr'><strong>ipse</strong></span> <span class='ocrx_word' id='word_1_591' title='bbox 2880 3542 2914 3579; x_wconf 87' lang='lat' dir='ltr'><strong>a</strong></span> <span class='ocrx_word' id='word_1_592' title='bbox 2936 3522 3129 3599; x_wconf 71' lang='lat' dir='ltr'><strong>judice</strong></span> <span class='ocrx_word' id='word_1_593' title='bbox 3165 3522 3369 3599; x_wconf 71' lang='lat' dir='ltr'><strong>tentus,</strong></span> <span class='ocrx_word' id='word_1_594' title='bbox 3407 3522 3657 3599; x_wconf 58' lang='lat' dir='ltr'><strong>brachiis</strong></span> 
     </span>
    </p>
   </div>
   <div class='ocr_carea' id='block_1_81' title="bbox 2055 3593 3657 3669">
    <p class='ocr_par' dir='ltr' id='par_1_81' title="bbox 2055 3593 3657 3669">
     <span class='ocr_line' id='line_1_82' title="bbox 2055 3593 3657 3669; baseline 0.001 -22"><span class='ocrx_word' id='word_1_595' title='bbox 2055 3595 2156 3669; x_wconf 72' lang='lat' dir='ltr'><strong>sibi</strong></span> <span class='ocrx_word' id='word_1_596' title='bbox 2182 3612 2213 3649; x_wconf 88' lang='lat' dir='ltr'><strong>a</strong></span> <span class='ocrx_word' id='word_1_597' title='bbox 2240 3593 2427 3651; x_wconf 74' lang='lat' dir='ltr'><strong>cubitis</strong></span> <span class='ocrx_word' id='word_1_598' title='bbox 2454 3593 2703 3669; x_wconf 50' lang='lat' dir='ltr'><strong>praecisis,</strong></span> <span class='ocrx_word' id='word_1_599' title='bbox 2752 3593 2805 3652; x_wconf 81' lang='lat' dir='ltr'><strong>in</strong></span> <span class='ocrx_word' id='word_1_600' title='bbox 2844 3593 3030 3651; x_wconf 70' lang='lat' dir='ltr'><strong>eodem</strong></span> <span class='ocrx_word' id='word_1_601' title='bbox 3058 3600 3171 3669; x_wconf 86' lang='lat' dir='ltr'><strong>loco</strong></span> <span class='ocrx_word' id='word_1_602' title='bbox 3198 3594 3289 3649; x_wconf 83' lang='lat' dir='ltr'><strong>ubi</strong></span> <span class='ocrx_word' id='word_1_603' title='bbox 3313 3604 3363 3649; x_wconf 83' lang='lat' dir='ltr'><strong>et</strong></span> <span class='ocrx_word' id='word_1_604' title='bbox 3400 3593 3486 3669; x_wconf 71' lang='lat' dir='ltr'><strong>illi</strong></span> <span class='ocrx_word' id='word_1_605' title='bbox 3515 3595 3657 3669; x_wconf 78' lang='lat' dir='ltr'><strong>passi</strong></span> 
     </span>
    </p>
   </div>
   <div class='ocr_carea' id='block_1_82' title="bbox 2059 3664 3653 3741">
    <p class='ocr_par' dir='ltr' id='par_1_82' title="bbox 2059 3664 3653 3741">
     <span class='ocr_line' id='line_1_83' title="bbox 2059 3664 3653 3741; baseline 0.001 -22"><span class='ocrx_word' id='word_1_606' title='bbox 2059 3666 2288 3741; x_wconf 76' lang='lat' dir='ltr'><strong>fuerant,</strong></span> <span class='ocrx_word' id='word_1_607' title='bbox 2314 3664 2565 3741; x_wconf 78' lang='lat' dir='ltr'><strong>decollari</strong></span> <span class='ocrx_word' id='word_1_608' title='bbox 2585 3671 2818 3741; x_wconf 77' lang='lat' dir='ltr'><strong>jubetur.</strong></span> <span class='ocrx_word' id='word_1_609' title='bbox 2847 3669 2998 3733; x_wconf 78' lang='lat' dir='ltr'><strong>Quod</strong></span> <span class='ocrx_word' id='word_1_610' title='bbox 3023 3667 3197 3741; x_wconf 75' lang='lat' dir='ltr'><strong>videns</strong></span> <span class='ocrx_word' id='word_1_611' title='bbox 3226 3675 3375 3741; x_wconf 77' lang='lat' dir='ltr'><strong>pater</strong></span> <span class='ocrx_word' id='word_1_612' title='bbox 3406 3664 3653 3741; x_wconf 71' lang='lat' dir='ltr'><strong>Victoris,</strong></span> 
     </span>
    </p>
   </div>
   <div class='ocr_carea' id='block_1_83' title="bbox 2057 3736 3658 3812">
    <p class='ocr_par' dir='ltr' id='par_1_83' title="bbox 2057 3736 3658 3812">
     <span class='ocr_line' id='line_1_84' title="bbox 2057 3736 3658 3812; baseline 0 -21"><span class='ocrx_word' id='word_1_613' title='bbox 2057 3736 2181 3805; x_wconf 82' lang='lat' dir='ltr'><strong>quia</strong></span> <span class='ocrx_word' id='word_1_614' title='bbox 2205 3740 2315 3812; x_wconf 85' lang='lat' dir='ltr'><strong>ipse</strong></span> <span class='ocrx_word' id='word_1_615' title='bbox 2337 3736 2663 3796; x_wconf 73' lang='lat' dir='ltr'><strong>Christianus</strong></span> <span class='ocrx_word' id='word_1_616' title='bbox 2702 3750 2833 3812; x_wconf 85' lang='lat' dir='ltr'><strong>erat,</strong></span> <span class='ocrx_word' id='word_1_617' title='bbox 2877 3744 3057 3812; x_wconf 79' lang='lat' dir='ltr'><strong>fugam</strong></span> <span class='ocrx_word' id='word_1_618' title='bbox 3082 3738 3326 3810; x_wconf 82' lang='lat' dir='ltr'><strong>arripuit,</strong></span> <span class='ocrx_word' id='word_1_619' title='bbox 3359 3736 3451 3792; x_wconf 82' lang='lat' dir='ltr'><strong>sed</strong></span> <span class='ocrx_word' id='word_1_620' title='bbox 3479 3753 3512 3789; x_wconf 91' lang='lat' dir='ltr'><strong>a</strong></span> <span class='ocrx_word' id='word_1_621' title='bbox 3533 3751 3658 3812; x_wconf 77' lang='lat' dir='ltr'><strong>con-</strong></span> 
     </span>
    </p>
   </div>
   <div class='ocr_carea' id='block_1_84' title="bbox 2046 3809 3659 3881">
    <p class='ocr_par' dir='ltr' id='par_1_84' title="bbox 2046 3809 3659 3881">
     <span class='ocr_line' id='line_1_85' title="bbox 2046 3809 3659 3881; baseline 0 -20"><span class='ocrx_word' id='word_1_622' title='bbox 2046 3812 2201 3881; x_wconf 83' lang='lat' dir='ltr'><strong>juge,</strong></span> <span class='ocrx_word' id='word_1_623' title='bbox 2228 3809 2482 3881; x_wconf 47' lang='lat' dir='ltr'><strong>&#39;Aquilina</strong></span> <span class='ocrx_word' id='word_1_624' title='bbox 2511 3812 2737 3875; x_wconf 86' lang='lat' dir='ltr'><strong>nomine,</strong></span> <span class='ocrx_word' id='word_1_625' title='bbox 2772 3809 3042 3874; x_wconf 67' lang='lat' dir='ltr'><strong>hortatus,</strong></span> <span class='ocrx_word' id='word_1_626' title='bbox 3062 3811 3265 3863; x_wconf 84' lang='lat' dir='ltr'><strong>rediens</strong></span> <span class='ocrx_word' id='word_1_627' title='bbox 3292 3824 3399 3862; x_wconf 79' lang='lat' dir='ltr'><strong>una</strong></span> <span class='ocrx_word' id='word_1_628' title='bbox 3438 3823 3560 3881; x_wconf 62' lang='lat' dir='ltr'><strong>cum</strong></span> <span class='ocrx_word' id='word_1_629' title='bbox 3582 3809 3659 3881; x_wconf 13' lang='lat' dir='ltr'><strong>iﬁ-</strong></span> 
     </span>
    </p>
   </div>
   <div class='ocr_carea' id='block_1_85' title="bbox 2057 3876 3656 3952">
    <p class='ocr_par' dir='ltr' id='par_1_85' title="bbox 2057 3876 3656 3952">
     <span class='ocr_line' id='line_1_86' title="bbox 2057 3876 3656 3952; baseline -0.001 -19"><span class='ocrx_word' id='word_1_630' title='bbox 2057 3876 2137 3952; x_wconf 70' lang='lat' dir='ltr'><strong>lio</strong></span> <span class='ocrx_word' id='word_1_631' title='bbox 2151 3876 2319 3952; x_wconf 79' lang='lat' dir='ltr'><strong>capite</strong></span> <span class='ocrx_word' id='word_1_632' title='bbox 2359 3898 2522 3938; x_wconf 65' lang='lat' dir='ltr'><strong>caesas</strong></span> <span class='ocrx_word' id='word_1_633' title='bbox 2551 3892 2645 3938; x_wconf 85' lang='lat' dir='ltr'><strong>est.</strong></span> <span class='ocrx_word' id='word_1_634' title='bbox 2675 3882 2881 3937; x_wconf 83' lang='lat' dir='ltr'><strong>Horum</strong></span> <span class='ocrx_word' id='word_1_635' title='bbox 2908 3881 3158 3952; x_wconf 81' lang='lat' dir='ltr'><strong>omnium</strong></span> <span class='ocrx_word' id='word_1_636' title='bbox 3178 3895 3398 3952; x_wconf 84' lang='lat' dir='ltr'><strong>corpora</strong></span> <span class='ocrx_word' id='word_1_637' title='bbox 3433 3876 3656 3952; x_wconf 76' lang='lat' dir='ltr'><strong>Pontius</strong></span> 
     </span>
    </p>
   </div>
   <div class='ocr_carea' id='block_1_86' title="bbox 2056 3950 3658 4024">
    <p class='ocr_par' dir='ltr' id='par_1_86' title="bbox 2056 3950 3658 4024">
     <span class='ocr_line' id='line_1_87' title="bbox 2056 3950 3658 4024; baseline -0.002 -19"><span class='ocrx_word' id='word_1_638' title='bbox 2056 3950 2346 4024; x_wconf 82' lang='lat' dir='ltr'><strong>episcopus,</strong></span> <span class='ocrx_word' id='word_1_639' title='bbox 2375 3955 2552 4009; x_wconf 87' lang='lat' dir='ltr'><strong>divina</strong></span> <span class='ocrx_word' id='word_1_640' title='bbox 2578 3954 2887 4009; x_wconf 82' lang='lat' dir='ltr'><strong>reuelatione</strong></span> <span class='ocrx_word' id='word_1_641' title='bbox 2906 3951 3268 4024; x_wconf 76' lang='lat' dir='ltr'><strong>commonitus,</strong></span> <span class='ocrx_word' id='word_1_642' title='bbox 3297 3950 3531 4024; x_wconf 77' lang='lat' dir='ltr'><strong>plaustro</strong></span> <span class='ocrx_word' id='word_1_643' title='bbox 3556 3951 3658 4003; x_wconf 86' lang='lat' dir='ltr'><strong>im-</strong></span> 
     </span>
    </p>
   </div>
   <div class='ocr_carea' id='block_1_87' title="bbox 2059 4022 3658 4093">
    <p class='ocr_par' dir='ltr' id='par_1_87' title="bbox 2059 4022 3658 4093">
     <span class='ocr_line' id='line_1_88' title="bbox 2059 4022 3658 4093; baseline -0.001 -17"><span class='ocrx_word' id='word_1_644' title='bbox 2059 4022 2236 4091; x_wconf 85' lang='lat' dir='ltr'><strong>posita</strong></span> <span class='ocrx_word' id='word_1_645' title='bbox 2257 4025 2326 4077; x_wconf 86' lang='lat' dir='ltr'><strong>ad</strong></span> <span class='ocrx_word' id='word_1_646' title='bbox 2361 4026 2474 4080; x_wconf 88' lang='lat' dir='ltr'><strong>loca</strong></span> <span class='ocrx_word' id='word_1_647' title='bbox 2509 4027 2725 4093; x_wconf 86' lang='lat' dir='ltr'><strong>pristina</strong></span> <span class='ocrx_word' id='word_1_648' title='bbox 2752 4024 2927 4080; x_wconf 69' lang='lat' dir='ltr'><strong>Italica</strong></span> <span class='ocrx_word' id='word_1_649' title='bbox 2968 4022 3263 4093; x_wconf 79' lang='lat' dir='ltr'><strong>deferebat,</strong></span> <span class='ocrx_word' id='word_1_650' title='bbox 3290 4025 3454 4093; x_wconf 82' lang='lat' dir='ltr'><strong>donec</strong></span> <span class='ocrx_word' id='word_1_651' title='bbox 3493 4022 3658 4093; x_wconf 71' lang='lat' dir='ltr'><strong>juxta</strong></span> 
     </span>
    </p>
   </div>
   <div class='ocr_carea' id='block_1_88' title="bbox 2057 4090 3659 4161">
    <p class='ocr_par' dir='ltr' id='par_1_88' title="bbox 2057 4090 3659 4161">
     <span class='ocr_line' id='line_1_89' title="bbox 2057 4090 3659 4161; baseline 0.001 -15"><span class='ocrx_word' id='word_1_652' title='bbox 2057 4090 2312 4149; x_wconf 87' lang='lat' dir='ltr'><strong>civitatem</strong></span> <span class='ocrx_word' id='word_1_653' title='bbox 2348 4090 2772 4153; x_wconf 80' lang='lat' dir='ltr'><strong>Ebreduneusem</strong></span> <span class='ocrx_word' id='word_1_654' title='bbox 2804 4090 3172 4161; x_wconf 67' lang='lat' dir='ltr'><strong>peruenerunt;</strong></span> <span class='ocrx_word' id='word_1_655' title='bbox 3197 4090 3285 4147; x_wconf 87' lang='lat' dir='ltr'><strong>ubi</strong></span> <span class='ocrx_word' id='word_1_656' title='bbox 3310 4090 3471 4146; x_wconf 84' lang='lat' dir='ltr'><strong>bobus</strong></span> <span class='ocrx_word' id='word_1_657' title='bbox 3493 4107 3550 4147; x_wconf 77' lang='lat' dir='ltr'><strong>se</strong></span> <span class='ocrx_word' id='word_1_658' title='bbox 3591 4092 3659 4161; x_wconf 80' lang='lat' dir='ltr'><strong>ﬁ-</strong></span> 
     </span>
    </p>
   </div>
   <div class='ocr_carea' id='block_1_89' title="bbox 2057 4163 3658 4251">
    <p class='ocr_par' dir='ltr' id='par_1_89' title="bbox 2057 4163 3658 4251">
     <span class='ocr_line' id='line_1_90' title="bbox 2057 4163 3658 4251; baseline -0.001 -33"><span class='ocrx_word' id='word_1_659' title='bbox 2057 4166 2315 4236; x_wconf 87' lang='lat' dir='ltr'><strong>gentibus,</strong></span> <span class='ocrx_word' id='word_1_660' title='bbox 2359 4169 2519 4251; x_wconf 73' lang='lat' dir='ltr'><strong>nullo</strong></span> <span class='ocrx_word' id='word_1_661' title='bbox 2548 4170 2704 4223; x_wconf 89' lang='lat' dir='ltr'><strong>modo</strong></span> <span class='ocrx_word' id='word_1_662' title='bbox 2752 4163 2891 4251; x_wconf 69' lang='lat' dir='ltr'><strong>ultra</strong></span> <span class='ocrx_word' id='word_1_663' title='bbox 2919 4167 3062 4221; x_wconf 72' lang='lat' dir='ltr'><strong>abire</strong></span> <span class='ocrx_word' id='word_1_664' title='bbox 3090 4163 3399 4251; x_wconf 60' lang='lat' dir='ltr'><strong>ualentibus,</strong></span> <span class='ocrx_word' id='word_1_665' title='bbox 3438 4177 3658 4251; x_wconf 49' lang='lat' dir='ltr'><strong>cocpora</strong></span> 
     </span>
    </p>
   </div>
   <div class='ocr_carea' id='block_1_90' title="bbox 2056 4234 3652 4312">
    <p class='ocr_par' dir='ltr' id='par_1_90' title="bbox 2056 4234 3652 4312">
     <span class='ocr_line' id='line_1_91' title="bbox 2056 4234 3652 4312; baseline 0 -23"><span class='ocrx_word' id='word_1_666' title='bbox 2056 4234 2345 4309; x_wconf 78' lang='lat' dir='ltr'><strong>martyrum</strong></span> <span class='ocrx_word' id='word_1_667' title='bbox 2370 4240 2577 4312; x_wconf 86' lang='lat' dir='ltr'><strong>sepulta</strong></span> <span class='ocrx_word' id='word_1_668' title='bbox 2596 4250 2736 4301; x_wconf 82' lang='lat' dir='ltr'><strong>sunt,</strong></span> <span class='ocrx_word' id='word_1_669' title='bbox 2765 4241 2939 4294; x_wconf 79' lang='lat' dir='ltr'><strong>dicina</strong></span> <span class='ocrx_word' id='word_1_670' title='bbox 2966 4235 3173 4312; x_wconf 70' lang='lat' dir='ltr'><strong>cognita</strong></span> <span class='ocrx_word' id='word_1_671' title='bbox 3193 4237 3475 4312; x_wconf 73' lang='lat' dir='ltr'><strong>voluntate.</strong></span> <span class='ocrx_word' id='word_1_672' title='bbox 3498 4234 3652 4312; x_wconf 83' lang='lat' dir='ltr'><strong>_Cou_-</strong></span> 
     </span>
    </p>
   </div>
   <div class='ocr_carea' id='block_1_91' title="bbox 2058 4306 3658 4378">
    <p class='ocr_par' dir='ltr' id='par_1_91' title="bbox 2058 4306 3658 4378">
     <span class='ocr_line' id='line_1_92' title="bbox 2058 4306 3658 4378; baseline -0.001 -16"><span class='ocrx_word' id='word_1_673' title='bbox 2058 4306 2289 4365; x_wconf 74' lang='lat' dir='ltr'><strong>cordant</strong></span> <span class='ocrx_word' id='word_1_674' title='bbox 2314 4306 2493 4365; x_wconf 77' lang='lat' dir='ltr'><strong>omnia</strong></span> <span class='ocrx_word' id='word_1_675' title='bbox 2526 4313 2684 4366; x_wconf 84' lang='lat' dir='ltr'><strong>uictis</strong></span> <span class='ocrx_word' id='word_1_676' title='bbox 2714 4311 2922 4367; x_wconf 66' lang='lat' dir='ltr'><strong>Dextri.</strong></span> <span class='ocrx_word' id='word_1_677' title='bbox 2955 4306 3110 4378; x_wconf 74' lang='lat' dir='ltr'><strong>Quod</strong></span> <span class='ocrx_word' id='word_1_678' title='bbox 3161 4310 3212 4362; x_wconf 89' lang='lat' dir='ltr'><strong>in</strong></span> <span class='ocrx_word' id='word_1_679' title='bbox 3256 4306 3658 4377; x_wconf 82' lang='lat' dir='ltr'><strong>Martyrologiis</strong></span> 
     </span>
    </p>
   </div>
   <div class='ocr_carea' id='block_1_92' title="bbox 350 4378 3654 4451">
    <p class='ocr_par' dir='ltr' id='par_1_92' title="bbox 350 4378 3654 4451">
     <span class='ocr_line' id='line_1_93' title="bbox 350 4378 3654 4451; baseline -0 -18"><span class='ocrx_word' id='word_1_680' title='bbox 350 4381 767 4436; x_wconf 84' lang='lat' dir='ltr'><strong>translationem</strong></span> <span class='ocrx_word' id='word_1_681' title='bbox 814 4381 1024 4451; x_wconf 84' lang='lat' dir='ltr'><strong>ignorat</strong></span> <span class='ocrx_word' id='word_1_682' title='bbox 1051 4397 1065 4435; x_wconf 93' lang='lat'>:</span> <span class='ocrx_word' id='word_1_683' title='bbox 1118 4380 1309 4434; x_wconf 87' lang='lat' dir='ltr'><strong>subtus</strong></span> <span class='ocrx_word' id='word_1_684' title='bbox 1360 4389 1559 4434; x_wconf 84' lang='lat' dir='ltr'><strong>terram</strong></span> <span class='ocrx_word' id='word_1_685' title='bbox 1604 4383 1841 4447; x_wconf 76' lang='lat' dir='ltr'><strong>sepulcri</strong></span> <span class='ocrx_word' id='word_1_686' title='bbox 1870 4379 1950 4434; x_wconf 88' lang='lat' dir='ltr'><strong>sui</strong></span> <span class='ocrx_word' id='word_1_687' title='bbox 1979 4379 2025 4441; x_wconf 89' lang='lat' dir='ltr'>C</span> <span class='ocrx_word' id='word_1_688' title='bbox 2058 4378 2275 4446; x_wconf 90' lang='lat' dir='ltr'><strong>dicitur,</strong></span> <span class='ocrx_word' id='word_1_689' title='bbox 2300 4380 2567 4437; x_wconf 85' lang='lat' dir='ltr'><strong>Ebreduui</strong></span> <span class='ocrx_word' id='word_1_690' title='bbox 2597 4400 2649 4437; x_wconf 74' lang='grc' dir='ltr'><em>τη</em></span> <span class='ocrx_word' id='word_1_691' title='bbox 2680 4382 2857 4438; x_wconf 87' lang='lat' dir='ltr'><strong>Gallia</strong></span> <span class='ocrx_word' id='word_1_692' title='bbox 2876 4390 3175 4435; x_wconf 85' lang='lat' dir='ltr'><strong>sanctorum</strong></span> <span class='ocrx_word' id='word_1_693' title='bbox 3198 4387 3654 4451; x_wconf 68' lang='lat' dir='ltr'><strong>martyrum,etc.,</strong></span> 
     </span>
    </p>
   </div>
   <div class='ocr_carea' id='block_1_93' title="bbox 354 4451 1951 4523">
    <p class='ocr_par' dir='ltr' id='par_1_93' title="bbox 354 4451 1951 4523">
     <span class='ocr_line' id='line_1_94' title="bbox 354 4451 1951 4523; baseline 0.002 -19"><span class='ocrx_word' id='word_1_694' title='bbox 354 4464 465 4523; x_wconf 83' lang='lat' dir='ltr'><strong>pro</strong></span> <span class='ocrx_word' id='word_1_695' title='bbox 484 4453 747 4523; x_wconf 81' lang='lat' dir='ltr'><strong>temporis</strong></span> <span class='ocrx_word' id='word_1_696' title='bbox 793 4452 989 4523; x_wconf 88' lang='lat' dir='ltr'><strong>injuria</strong></span> <span class='ocrx_word' id='word_1_697' title='bbox 1038 4453 1090 4506; x_wconf 90' lang='lat' dir='ltr'><strong>iu</strong></span> <span class='ocrx_word' id='word_1_698' title='bbox 1124 4451 1409 4521; x_wconf 86' lang='lat' dir='ltr'><strong>Hispanica</strong></span> <span class='ocrx_word' id='word_1_699' title='bbox 1437 4451 1744 4506; x_wconf 86' lang='lat' dir='ltr'><strong>Maurorum</strong></span> <span class='ocrx_word' id='word_1_700' title='bbox 1772 4451 1951 4520; x_wconf 88' lang='lat' dir='ltr'><strong>clade,</strong></span> 
     </span>
    </p>
   </div>
   <div class='ocr_carea' id='block_1_94' title="bbox 352 4521 1955 4594">
    <p class='ocr_par' dir='ltr' id='par_1_94' title="bbox 352 4521 1955 4594">
     <span class='ocr_line' id='line_1_95' title="bbox 352 4521 1955 4594; baseline 0.002 -19"><span class='ocrx_word' id='word_1_701' title='bbox 352 4522 607 4594; x_wconf 79' lang='lat' dir='ltr'><strong>positus;</strong></span> <span class='ocrx_word' id='word_1_702' title='bbox 664 4521 732 4577; x_wconf 88' lang='lat' dir='ltr'><strong>iis</strong></span> <span class='ocrx_word' id='word_1_703' title='bbox 781 4521 1019 4578; x_wconf 89' lang='lat' dir='ltr'><strong>subactis</strong></span> <span class='ocrx_word' id='word_1_704' title='bbox 1063 4524 1258 4579; x_wconf 88' lang='lat' dir='ltr'><strong>iterum</strong></span> <span class='ocrx_word' id='word_1_705' title='bbox 1303 4534 1553 4594; x_wconf 87' lang='lat' dir='ltr'><strong>repertus</strong></span> <span class='ocrx_word' id='word_1_706' title='bbox 1585 4532 1670 4594; x_wconf 79' lang='lat' dir='ltr'><strong>est</strong></span> <span class='ocrx_word' id='word_1_707' title='bbox 1712 4523 1955 4578; x_wconf 75' lang='lat' dir='ltr'><strong>cmlestis</strong></span> 
     </span>
    </p>
   </div>
   <div class='ocr_carea' id='block_1_95' title="bbox 353 4592 1956 4666">
    <p class='ocr_par' dir='ltr' id='par_1_95' title="bbox 353 4592 1956 4666">
     <span class='ocr_line' id='line_1_96' title="bbox 353 4592 1956 4666; baseline 0.002 -20"><span class='ocrx_word' id='word_1_708' title='bbox 353 4592 669 4666; x_wconf 82' lang='lat' dir='ltr'><strong>thesaurus.</strong></span> <span class='ocrx_word' id='word_1_709' title='bbox 703 4594 811 4651; x_wconf 91' lang='lat' dir='ltr'><strong>Sed</strong></span> <span class='ocrx_word' id='word_1_710' title='bbox 840 4606 895 4649; x_wconf 89' lang='lat' dir='ltr'><strong>et</strong></span> <span class='ocrx_word' id='word_1_711' title='bbox 916 4604 1033 4649; x_wconf 85' lang='lat' dir='ltr'><strong>acta</strong></span> <span class='ocrx_word' id='word_1_712' title='bbox 1064 4594 1349 4666; x_wconf 87' lang='lat' dir='ltr'><strong>martyris,</strong></span> <span class='ocrx_word' id='word_1_713' title='bbox 1370 4592 1583 4666; x_wconf 55' lang='lat' dir='ltr'><strong>&#39;nnnten</strong></span> <span class='ocrx_word' id='word_1_714' title='bbox 1611 4592 1800 4666; x_wconf 84' lang='lat' dir='ltr'><strong>Galliae</strong></span> <span class='ocrx_word' id='word_1_715' title='bbox 1821 4594 1956 4649; x_wconf 92' lang='lat' dir='ltr'><strong>sub-</strong></span> 
     </span>
    </p>
   </div>
   <div class='ocr_carea' id='block_1_96' title="bbox 352 4664 1953 4737">
    <p class='ocr_par' dir='ltr' id='par_1_96' title="bbox 352 4664 1953 4737">
     <span class='ocr_line' id='line_1_97' title="bbox 352 4664 1953 4737; baseline 0.004 -24"><span class='ocrx_word' id='word_1_716' title='bbox 352 4674 542 4737; x_wconf 58' lang='lat' dir='ltr'><strong>szcent.</strong></span> <span class='ocrx_word' id='word_1_717' title='bbox 578 4664 794 4721; x_wconf 79' lang='lat' dir='ltr'><strong>Notiora</strong></span> <span class='ocrx_word' id='word_1_718' title='bbox 818 4676 1143 4737; x_wconf 75' lang='lat' dir='ltr'><strong>sum,quam</strong></span> <span class='ocrx_word' id='word_1_719' title='bbox 1172 4664 1228 4721; x_wconf 80' lang='lat' dir='ltr'><strong>ut</strong></span> <span class='ocrx_word' id='word_1_720' title='bbox 1255 4666 1359 4737; x_wconf 82' lang='lat' dir='ltr'><strong>ltoc</strong></span> <span class='ocrx_word' id='word_1_721' title='bbox 1384 4665 1504 4720; x_wconf 92' lang='lat' dir='ltr'><strong>loco</strong></span> <span class='ocrx_word' id='word_1_722' title='bbox 1528 4665 1699 4735; x_wconf 85' lang='lat' dir='ltr'><strong>repeti</strong></span> <span class='ocrx_word' id='word_1_723' title='bbox 1721 4676 1953 4734; x_wconf 87' lang='lat' dir='ltr'><strong>queant;</strong></span> 
     </span>
    </p>
   </div>
   <div class='ocr_carea' id='block_1_97' title="bbox 351 4735 1952 4805">
    <p class='ocr_par' dir='ltr' id='par_1_97' title="bbox 351 4735 1952 4805">
     <span class='ocr_line' id='line_1_98' title="bbox 351 4735 1952 4805; baseline 0.002 -16"><span class='ocrx_word' id='word_1_724' title='bbox 351 4735 523 4791; x_wconf 74' lang='lat' dir='ltr'><strong>habet</strong></span> <span class='ocrx_word' id='word_1_725' title='bbox 545 4750 610 4792; x_wconf 86' lang='lat' dir='ltr'><strong>ea</strong></span> <span class='ocrx_word' id='word_1_726' title='bbox 647 4749 869 4793; x_wconf 87' lang='lat' dir='ltr'><strong>sanctus</strong></span> <span class='ocrx_word' id='word_1_727' title='bbox 908 4735 1216 4792; x_wconf 80' lang='lat' dir='ltr'><strong>Antoninus</strong></span> <span class='ocrx_word' id='word_1_728' title='bbox 1241 4736 1483 4793; x_wconf 81' lang='lat' dir='ltr'><strong>Floreat.</strong></span> <span class='ocrx_word' id='word_1_729' title='bbox 1503 4777 1518 4801; x_wconf 89' lang='lat'><strong>,</strong></span> <span class='ocrx_word' id='word_1_730' title='bbox 1548 4753 1565 4792; x_wconf 81' lang='grc' dir='ltr'><strong>ι</strong></span> <span class='ocrx_word' id='word_1_731' title='bbox 1590 4750 1642 4805; x_wconf 89' lang='lat' dir='ltr'><strong>p.</strong></span> <span class='ocrx_word' id='word_1_732' title='bbox 1675 4736 1836 4802; x_wconf 88' lang='lat' dir='ltr'><strong>Ilist.,</strong></span> <span class='ocrx_word' id='word_1_733' title='bbox 1871 4739 1952 4792; x_wconf 89' lang='lat' dir='ltr'><strong>tit.</strong></span> 
     </span>
    </p>
   </div>
   <div class='ocr_carea' id='block_1_98' title="bbox 349 4807 1954 4880">
    <p class='ocr_par' dir='ltr' id='par_1_98' title="bbox 349 4807 1954 4880">
     <span class='ocr_line' id='line_1_99' title="bbox 349 4807 1954 4880; baseline 0.001 -18"><span class='ocrx_word' id='word_1_734' title='bbox 349 4808 434 4875; x_wconf 83' lang='lat'><strong>8.,</strong></span> <span class='ocrx_word' id='word_1_735' title='bbox 458 4822 583 4880; x_wconf 85' lang='lat' dir='ltr'><strong>cap.</strong></span> <span class='ocrx_word' id='word_1_736' title='bbox 611 4808 665 4864; x_wconf 88' lang='grc'><strong>1.</strong></span> <span class='ocrx_word' id='word_1_737' title='bbox 693 4807 994 4879; x_wconf 86' lang='lat' dir='ltr'><strong>Equilinus,</strong></span> <span class='ocrx_word' id='word_1_738' title='bbox 1028 4809 1125 4864; x_wconf 91' lang='lat' dir='ltr'><strong>lib.</strong></span> <span class='ocrx_word' id='word_1_739' title='bbox 1148 4823 1264 4880; x_wconf 85' lang='lat' dir='ltr'><strong>vtrt.</strong></span> <span class='ocrx_word' id='word_1_740' title='bbox 1296 4823 1417 4879; x_wconf 83' lang='lat' dir='ltr'><strong>cup.</strong></span> <span class='ocrx_word' id='word_1_741' title='bbox 1450 4809 1552 4875; x_wconf 67' lang='lat'><strong>24;</strong></span> <span class='ocrx_word' id='word_1_742' title='bbox 1590 4808 1954 4876; x_wconf 86' lang='lat' dir='ltr'><strong>Mombritius,</strong></span> 
     </span>
    </p>
   </div>
   <div class='ocr_carea' id='block_1_99' title="bbox 351 4879 1958 4951">
    <p class='ocr_par' dir='ltr' id='par_1_99' title="bbox 351 4879 1958 4951">
     <span class='ocr_line' id='line_1_100' title="bbox 351 4879 1958 4951; baseline 0.002 -18"><span class='ocrx_word' id='word_1_743' title='bbox 351 4886 505 4934; x_wconf 89' lang='lat' dir='ltr'><strong>tomo</strong></span> <span class='ocrx_word' id='word_1_744' title='bbox 529 4879 571 4947; x_wconf 76' lang='grc' dir='ltr'><strong>ι,</strong></span> <span class='ocrx_word' id='word_1_745' title='bbox 599 4891 656 4935; x_wconf 90' lang='lat' dir='ltr'><strong>et</strong></span> <span class='ocrx_word' id='word_1_746' title='bbox 683 4881 1021 4935; x_wconf 85' lang='lat' dir='ltr'><strong>Palentittum</strong></span> <span class='ocrx_word' id='word_1_747' title='bbox 1057 4879 1416 4951; x_wconf 71' lang='lat' dir='ltr'><strong>Breviarium,</strong></span> <span class='ocrx_word' id='word_1_748' title='bbox 1453 4896 1482 4933; x_wconf 91' lang='lat' dir='ltr'><strong>a</strong></span> <span class='ocrx_word' id='word_1_749' title='bbox 1513 4894 1625 4951; x_wconf 88' lang='lat' dir='ltr'><strong>quo</strong></span> <span class='ocrx_word' id='word_1_750' title='bbox 1656 4890 1832 4934; x_wconf 87' lang='lat' dir='ltr'><strong>tamen</strong></span> <span class='ocrx_word' id='word_1_751' title='bbox 1864 4895 1958 4936; x_wconf 83' lang='lat' dir='ltr'><strong>ex-</strong></span> 
     </span>
    </p>
   </div>
   <div class='ocr_carea' id='block_1_100' title="bbox 351 4949 1958 5024">
    <p class='ocr_par' dir='ltr' id='par_1_100' title="bbox 351 4949 1958 5024">
     <span class='ocr_line' id='line_1_101' title="bbox 351 4949 1958 5024; baseline -0.001 -19"><span class='ocrx_word' id='word_1_752' title='bbox 351 4953 699 5024; x_wconf 82' lang='lat' dir='ltr'><strong>pungendum</strong></span> <span class='ocrx_word' id='word_1_753' title='bbox 733 4962 819 5007; x_wconf 87' lang='lat' dir='ltr'><strong>est</strong></span> <span class='ocrx_word' id='word_1_754' title='bbox 846 4952 1067 5007; x_wconf 87' lang='lat' dir='ltr'><strong>verbum</strong></span> <span class='ocrx_word' id='word_1_755' title='bbox 1096 4949 1305 5016; x_wconf 70' lang='lat' dir='ltr'><strong>Gallice,</strong></span> <span class='ocrx_word' id='word_1_756' title='bbox 1339 4961 1392 5005; x_wconf 90' lang='lat' dir='ltr'><strong>et</strong></span> <span class='ocrx_word' id='word_1_757' title='bbox 1420 4965 1450 5004; x_wconf 88' lang='lat' dir='ltr'><strong>a</strong></span> <span class='ocrx_word' id='word_1_758' title='bbox 1482 4949 1728 5024; x_wconf 78' lang='lat' dir='ltr'><strong>ltumano</strong></span> <span class='ocrx_word' id='word_1_759' title='bbox 1759 4951 1958 5024; x_wconf 83' lang='lat' dir='ltr'><strong>Marty-</strong></span> 
     </span>
    </p>
   </div>
   <div class='ocr_carea' id='block_1_101' title="bbox 350 5023 1958 5095">
    <p class='ocr_par' dir='ltr' id='par_1_101' title="bbox 350 5023 1958 5095">
     <span class='ocr_line' id='line_1_102' title="bbox 350 5023 1958 5095; baseline 0.002 -19"><span class='ocrx_word' id='word_1_760' title='bbox 350 5023 602 5095; x_wconf 84' lang='lat' dir='ltr'><strong>r-ologio,</strong></span> <span class='ocrx_word' id='word_1_761' title='bbox 650 5038 799 5095; x_wconf 90' lang='lat' dir='ltr'><strong>nam</strong></span> <span class='ocrx_word' id='word_1_762' title='bbox 828 5034 1016 5095; x_wconf 84' lang='lat' dir='ltr'><strong>vetera</strong></span> <span class='ocrx_word' id='word_1_763' title='bbox 1047 5023 1167 5094; x_wconf 88' lang='lat' dir='ltr'><strong>ejus</strong></span> <span class='ocrx_word' id='word_1_764' title='bbox 1200 5037 1333 5077; x_wconf 88' lang='lat' dir='ltr'><strong>mss.</strong></span> <span class='ocrx_word' id='word_1_765' title='bbox 1363 5030 1418 5077; x_wconf 91' lang='lat' dir='ltr'><strong>et</strong></span> <span class='ocrx_word' id='word_1_766' title='bbox 1446 5023 1827 5095; x_wconf 84' lang='lat' dir='ltr'><strong>Martyrologia</strong></span> <span class='ocrx_word' id='word_1_767' title='bbox 1858 5023 1958 5079; x_wconf 53' lang='lat' dir='ltr'><strong>se.</strong></span> 
     </span>
    </p>
   </div>
   <div class='ocr_carea' id='block_1_102' title="bbox 351 5094 1959 5161">
    <p class='ocr_par' dir='ltr' id='par_1_102' title="bbox 351 5094 1959 5161">
     <span class='ocr_line' id='line_1_103' title="bbox 351 5094 1959 5161; baseline 0.001 -14"><span class='ocrx_word' id='word_1_768' title='bbox 351 5094 465 5158; x_wconf 63' lang='lat' dir='ltr'><strong>dar,</strong></span> <span class='ocrx_word' id='word_1_769' title='bbox 497 5094 751 5158; x_wconf 84' lang='lat' dir='ltr'><strong>Usuartli,</strong></span> <span class='ocrx_word' id='word_1_770' title='bbox 775 5094 1018 5161; x_wconf 88' lang='lat' dir='ltr'><strong>Adonis,</strong></span> <span class='ocrx_word' id='word_1_771' title='bbox 1043 5105 1098 5149; x_wconf 86' lang='lat' dir='ltr'><strong>et</strong></span> <span class='ocrx_word' id='word_1_772' title='bbox 1126 5094 1445 5149; x_wconf 88' lang='lat' dir='ltr'><strong>modernum</strong></span> <span class='ocrx_word' id='word_1_773' title='bbox 1479 5094 1719 5150; x_wconf 73' lang='lat' dir='ltr'><strong>Galesini</strong></span> <span class='ocrx_word' id='word_1_774' title='bbox 1744 5094 1837 5149; x_wconf 82' lang='lat' dir='ltr'><strong>illo</strong></span> <span class='ocrx_word' id='word_1_775' title='bbox 1865 5110 1959 5149; x_wconf 85' lang='lat' dir='ltr'><strong>ca-</strong></span> 
     </span>
    </p>
   </div>
   <div class='ocr_carea' id='block_1_103' title="bbox 352 5164 1958 5235">
    <p class='ocr_par' dir='ltr' id='par_1_103' title="bbox 352 5164 1958 5235">
     <span class='ocr_line' id='line_1_104' title="bbox 352 5164 1958 5235; baseline 0.002 -16"><span class='ocrx_word' id='word_1_776' title='bbox 352 5173 501 5220; x_wconf 88' lang='lat' dir='ltr'><strong>rent.</strong></span> <span class='ocrx_word' id='word_1_777' title='bbox 548 5164 769 5235; x_wconf 82' lang='lat' dir='ltr'><strong>Decepit</strong></span> <span class='ocrx_word' id='word_1_778' title='bbox 802 5166 1096 5221; x_wconf 81' lang='lat' dir='ltr'><strong>Baronium</strong></span> <span class='ocrx_word' id='word_1_779' title='bbox 1140 5164 1296 5221; x_wconf 80' lang='lat' dir='ltr'><strong>error</strong></span> <span class='ocrx_word' id='word_1_780' title='bbox 1327 5166 1631 5221; x_wconf 85' lang='lat' dir='ltr'><strong>tabularum</strong></span> <span class='ocrx_word' id='word_1_781' title='bbox 1663 5166 1958 5222; x_wconf 87' lang='lat' dir='ltr'><strong>moderna-</strong></span> 
     </span>
    </p>
   </div>
   <div class='ocr_carea' id='block_1_104' title="bbox 350 5235 1962 5310">
    <p class='ocr_par' dir='ltr' id='par_1_104' title="bbox 350 5235 1962 5310">
     <span class='ocr_line' id='line_1_105' title="bbox 350 5235 1962 5310; baseline 0 -19"><span class='ocrx_word' id='word_1_782' title='bbox 350 5252 477 5310; x_wconf 82' lang='lat' dir='ltr'><strong>rum</strong></span> <span class='ocrx_word' id='word_1_783' title='bbox 516 5235 774 5294; x_wconf 72' lang='lat' dir='ltr'><strong>Palentia:</strong></span> <span class='ocrx_word' id='word_1_784' title='bbox 807 5244 839 5310; x_wconf 56' lang='grc' dir='ltr'><strong>,ά</strong></span> <span class='ocrx_word' id='word_1_785' title='bbox 863 5252 1001 5309; x_wconf 85' lang='lat' dir='ltr'><strong>quas</strong></span> <span class='ocrx_word' id='word_1_786' title='bbox 1033 5243 1148 5307; x_wconf 87' lang='lat' dir='ltr'><strong>ipse</strong></span> <span class='ocrx_word' id='word_1_787' title='bbox 1188 5238 1342 5310; x_wconf 88' lang='lat' dir='ltr'><strong>citat.</strong></span> <span class='ocrx_word' id='word_1_788' title='bbox 1392 5236 1551 5310; x_wconf 79' lang='lat' dir='ltr'><strong>Brevi</strong></span> <span class='ocrx_word' id='word_1_789' title='bbox 1590 5239 1812 5309; x_wconf 88' lang='lat' dir='ltr'><strong>epilogo</strong></span> <span class='ocrx_word' id='word_1_790' title='bbox 1855 5240 1962 5293; x_wconf 82' lang='lat' dir='ltr'><strong>Ga-</strong></span> 
     </span>
    </p>
   </div>
   <div class='ocr_carea' id='block_1_105' title="bbox 354 5307 1962 5381">
    <p class='ocr_par' dir='ltr' id='par_1_105' title="bbox 354 5307 1962 5381">
     <span class='ocr_line' id='line_1_106' title="bbox 354 5307 1962 5381; baseline 0.003 -19"><span class='ocrx_word' id='word_1_791' title='bbox 354 5307 585 5364; x_wconf 82' lang='lat' dir='ltr'><strong>lcsinus.</strong></span> <span class='ocrx_word' id='word_1_792' title='bbox 620 5307 1000 5381; x_wconf 47' lang='lat' dir='ltr'><strong>Apamite.&#39;ait,</strong></span> <span class='ocrx_word' id='word_1_793' title='bbox 1033 5309 1200 5364; x_wconf 90' lang='lat' dir='ltr'><strong>sancti</strong></span> <span class='ocrx_word' id='word_1_794' title='bbox 1222 5308 1471 5362; x_wconf 81' lang='lat' dir='ltr'><strong>Antonini</strong></span> <span class='ocrx_word' id='word_1_795' title='bbox 1498 5307 1765 5381; x_wconf 72' lang='lat' dir='ltr'><strong>martyris,</strong></span> <span class='ocrx_word' id='word_1_796' title='bbox 1796 5311 1879 5363; x_wconf 87' lang='lat' dir='ltr'><strong>cui</strong></span> <span class='ocrx_word' id='word_1_797' title='bbox 1905 5315 1962 5367; x_wconf 85' lang='lat' dir='ltr'><strong>in</strong></span> 
     </span>
    </p>
   </div>
   <div class='ocr_carea' id='block_1_106' title="bbox 354 5380 1962 5453">
    <p class='ocr_par' dir='ltr' id='par_1_106' title="bbox 354 5380 1962 5453">
     <span class='ocr_line' id='line_1_107' title="bbox 354 5380 1962 5453; baseline 0.002 -20"><span class='ocrx_word' id='word_1_798' title='bbox 354 5389 624 5453; x_wconf 80' lang='lat' dir='ltr'><strong>postrema</strong></span> <span class='ocrx_word' id='word_1_799' title='bbox 679 5380 1001 5453; x_wconf 81' lang='lat' dir='ltr'><strong>Diocletiani</strong></span> <span class='ocrx_word' id='word_1_800' title='bbox 1060 5383 1186 5453; x_wconf 87' lang='lat' dir='ltr'><strong>imp.</strong></span> <span class='ocrx_word' id='word_1_801' title='bbox 1233 5382 1618 5453; x_wconf 81' lang='lat' dir='ltr'><strong>persecutione,</strong></span> <span class='ocrx_word' id='word_1_802' title='bbox 1668 5391 1822 5452; x_wconf 80' lang='lat' dir='ltr'><strong>caput</strong></span> <span class='ocrx_word' id='word_1_803' title='bbox 1865 5398 1962 5453; x_wconf 90' lang='lat' dir='ltr'><strong>pro</strong></span> 
     </span>
    </p>
   </div>
   <div class='ocr_carea' id='block_1_107' title="bbox 353 5450 1962 5523">
    <p class='ocr_par' dir='ltr' id='par_1_107' title="bbox 353 5450 1962 5523">
     <span class='ocr_line' id='line_1_108' title="bbox 353 5450 1962 5523; baseline 0.002 -18"><span class='ocrx_word' id='word_1_804' title='bbox 353 5450 564 5506; x_wconf 77' lang='lat' dir='ltr'><strong>(.Itristo</strong></span> <span class='ocrx_word' id='word_1_805' title='bbox 586 5450 715 5507; x_wconf 81' lang='lat' dir='ltr'><strong>Jesu</strong></span> <span class='ocrx_word' id='word_1_806' title='bbox 754 5450 1041 5508; x_wconf 85' lang='lat' dir='ltr'><strong>abscissum</strong></span> <span class='ocrx_word' id='word_1_807' title='bbox 1062 5493 1079 5519; x_wconf 90' lang='lat'><strong>,</strong></span> <span class='ocrx_word' id='word_1_808' title='bbox 1125 5450 1173 5508; x_wconf 82' lang='lat' dir='ltr'><strong>et</strong></span> <span class='ocrx_word' id='word_1_809' title='bbox 1202 5467 1389 5523; x_wconf 83' lang='lat' dir='ltr'><strong>corpus</strong></span> <span class='ocrx_word' id='word_1_810' title='bbox 1419 5450 1744 5508; x_wconf 82' lang='lat' dir='ltr'><strong>membratim</strong></span> <span class='ocrx_word' id='word_1_811' title='bbox 1768 5450 1962 5509; x_wconf 80' lang='lat' dir='ltr'><strong>discer-</strong></span> 
     </span>
    </p>
   </div>
   <div class='ocr_carea' id='block_1_108' title="bbox 354 5532 634 5591">
    <p class='ocr_par' dir='ltr' id='par_1_108' title="bbox 354 5532 634 5591">
     <span class='ocr_line' id='line_1_109' title="bbox 354 5532 634 5591; baseline 0.014 -16"><span class='ocrx_word' id='word_1_812' title='bbox 354 5533 508 5591; x_wconf 82' lang='lat' dir='ltr'><strong>ptttm</strong></span> <span class='ocrx_word' id='word_1_813' title='bbox 536 5532 634 5579; x_wconf 78' lang='lat' dir='ltr'><strong>est.</strong></span> 
     </span>
    </p>
   </div>
   <div class='ocr_carea' id='block_1_109' title="bbox 428 5593 1966 5666">
    <p class='ocr_par' dir='ltr' id='par_1_109' title="bbox 428 5593 1966 5666">
     <span class='ocr_line' id='line_1_110' title="bbox 428 5593 1966 5666; baseline 0.005 -19"><span class='ocrx_word' id='word_1_814' title='bbox 428 5593 523 5649; x_wconf 87' lang='lat'><strong>22.</strong></span> <span class='ocrx_word' id='word_1_815' title='bbox 557 5594 821 5665; x_wconf 72' lang='lat' dir='ltr'><strong>Emeritaz,</strong></span> <span class='ocrx_word' id='word_1_816' title='bbox 853 5602 964 5652; x_wconf 90' lang='lat' dir='ltr'><strong>etc.</strong></span> <span class='ocrx_word' id='word_1_817' title='bbox 992 5594 1285 5652; x_wconf 86' lang='lat' dir='ltr'><strong>Notissima</strong></span> <span class='ocrx_word' id='word_1_818' title='bbox 1311 5595 1467 5666; x_wconf 85' lang='lat' dir='ltr'><strong>virgo</strong></span> <span class='ocrx_word' id='word_1_819' title='bbox 1495 5604 1583 5653; x_wconf 89' lang='lat' dir='ltr'><strong>est</strong></span> <span class='ocrx_word' id='word_1_820' title='bbox 1603 5598 1846 5654; x_wconf 90' lang='lat' dir='ltr'><strong>omnium</strong></span> <span class='ocrx_word' id='word_1_821' title='bbox 1868 5598 1966 5654; x_wconf 86' lang='lat' dir='ltr'><strong>de-</strong></span> 
     </span>
    </p>
   </div>
   <div class='ocr_carea' id='block_1_110' title="bbox 357 5667 1961 5738">
    <p class='ocr_par' dir='ltr' id='par_1_110' title="bbox 357 5667 1961 5738">
     <span class='ocr_line' id='line_1_111' title="bbox 357 5667 1961 5738; baseline 0.002 -17"><span class='ocrx_word' id='word_1_822' title='bbox 357 5674 587 5721; x_wconf 84' lang='lat' dir='ltr'><strong>cantata</strong></span> <span class='ocrx_word' id='word_1_823' title='bbox 616 5668 840 5738; x_wconf 84' lang='lat' dir='ltr'><strong>scriptis</strong></span> <span class='ocrx_word' id='word_1_824' title='bbox 874 5668 1263 5738; x_wconf 81' lang='lat' dir='ltr'><strong>Hispanorum,</strong></span> <span class='ocrx_word' id='word_1_825' title='bbox 1289 5667 1465 5723; x_wconf 69' lang='lat' dir='ltr'><strong>Vastei</strong></span> <span class='ocrx_word' id='word_1_826' title='bbox 1492 5668 1543 5723; x_wconf 91' lang='lat' dir='ltr'><strong>in</strong></span> <span class='ocrx_word' id='word_1_827' title='bbox 1567 5670 1863 5733; x_wconf 84' lang='lat' dir='ltr'><strong>Chronico,</strong></span> <span class='ocrx_word' id='word_1_828' title='bbox 1894 5672 1961 5726; x_wconf 87' lang='lat' dir='ltr'><strong>ad</strong></span> 
     </span>
    </p>
   </div>
   <div class='ocr_carea' id='block_1_111' title="bbox 353 5738 1960 5810">
    <p class='ocr_par' dir='ltr' id='par_1_111' title="bbox 353 5738 1960 5810">
     <span class='ocr_line' id='line_1_112' title="bbox 353 5738 1960 5810; baseline 0.002 -18"><span class='ocrx_word' id='word_1_829' title='bbox 353 5750 563 5810; x_wconf 81' lang='lat' dir='ltr'><strong>annum</strong></span> <span class='ocrx_word' id='word_1_830' title='bbox 589 5738 718 5810; x_wconf 59' lang='grc' dir='ltr'><strong>ὀρθὴ</strong></span> <span class='ocrx_word' id='word_1_831' title='bbox 747 5739 972 5795; x_wconf 82' lang='lat' dir='ltr'><strong>Moralis</strong></span> <span class='ocrx_word' id='word_1_832' title='bbox 1002 5740 1097 5796; x_wconf 82' lang='lat' dir='ltr'><strong>lib.</strong></span> <span class='ocrx_word' id='word_1_833' title='bbox 1126 5755 1183 5807; x_wconf 89' lang='lat' dir='ltr'><strong>x,</strong></span> <span class='ocrx_word' id='word_1_834' title='bbox 1207 5754 1330 5807; x_wconf 88' lang='lat' dir='ltr'><strong>cap.</strong></span> <span class='ocrx_word' id='word_1_835' title='bbox 1356 5740 1453 5805; x_wconf 73' lang='lat'><strong>10;</strong></span> <span class='ocrx_word' id='word_1_836' title='bbox 1479 5739 1851 5810; x_wconf 54' lang='lat' dir='ltr'><strong>Marictzeﬁnb.</strong></span> <span class='ocrx_word' id='word_1_837' title='bbox 1881 5758 1960 5810; x_wconf 76' lang='grc' dir='ltr'><strong>ιν,</strong></span> 
     </span>
    </p>
   </div>
   <div class='ocr_carea' id='block_1_112' title="bbox 354 5808 1959 5880">
    <p class='ocr_par' dir='ltr' id='par_1_112' title="bbox 354 5808 1959 5880">
     <span class='ocr_line' id='line_1_113' title="bbox 354 5808 1959 5880; baseline 0.003 -15"><span class='ocrx_word' id='word_1_838' title='bbox 354 5821 481 5879; x_wconf 83' lang='lat' dir='ltr'><strong>cap.</strong></span> <span class='ocrx_word' id='word_1_839' title='bbox 500 5808 599 5876; x_wconf 69' lang='lat'><strong>64;</strong></span> <span class='ocrx_word' id='word_1_840' title='bbox 631 5809 877 5880; x_wconf 88' lang='lat' dir='ltr'><strong>Trugilli,</strong></span> <span class='ocrx_word' id='word_1_841' title='bbox 913 5810 1135 5880; x_wconf 74' lang='lat' dir='ltr'><strong>Villegaa</strong></span> <span class='ocrx_word' id='word_1_842' title='bbox 1163 5821 1218 5868; x_wconf 90' lang='lat' dir='ltr'><strong>et</strong></span> <span class='ocrx_word' id='word_1_843' title='bbox 1245 5811 1515 5879; x_wconf 86' lang='lat' dir='ltr'><strong>Sanctori,</strong></span> <span class='ocrx_word' id='word_1_844' title='bbox 1538 5814 1605 5867; x_wconf 90' lang='lat' dir='ltr'><strong>ad</strong></span> <span class='ocrx_word' id='word_1_845' title='bbox 1628 5815 1701 5869; x_wconf 79' lang='lat'><strong>25</strong></span> <span class='ocrx_word' id='word_1_846' title='bbox 1724 5808 1959 5870; x_wconf 59' lang='lat' dir='ltr'><strong>Novemé</strong></span> 
     </span>
    </p>
   </div>
   <div class='ocr_carea' id='block_1_113' title="bbox 358 5879 1955 5955">
    <p class='ocr_par' dir='ltr' id='par_1_113' title="bbox 358 5879 1955 5955">
     <span class='ocr_line' id='line_1_114' title="bbox 358 5879 1955 5955; baseline 0 -18"><span class='ocrx_word' id='word_1_847' title='bbox 358 5879 477 5937; x_wconf 87' lang='lat' dir='ltr'><strong>bris</strong></span> <span class='ocrx_word' id='word_1_848' title='bbox 495 5896 509 5935; x_wconf 93' lang='lat'><strong>:</strong></span> <span class='ocrx_word' id='word_1_849' title='bbox 524 5895 634 5953; x_wconf 91' lang='lat' dir='ltr'><strong>quo</strong></span> <span class='ocrx_word' id='word_1_850' title='bbox 647 5882 736 5939; x_wconf 89' lang='lat' dir='ltr'><strong>die</strong></span> <span class='ocrx_word' id='word_1_851' title='bbox 751 5879 1517 5954; x_wconf 30' lang='lat' dir='ltr'><strong>Romanum’Martyrologium</strong></span> <span class='ocrx_word' id='word_1_852' title='bbox 1535 5898 1551 5938; x_wconf 90' lang='lat'><strong>:</strong></span> <span class='ocrx_word' id='word_1_853' title='bbox 1570 5883 1834 5954; x_wconf 61' lang='lat' dir='ltr'><strong>Emerita,</strong></span> <span class='ocrx_word' id='word_1_854' title='bbox 1858 5885 1955 5955; x_wconf 89' lang='lat' dir='ltr'><strong>ait,</strong></span> 
     </span>
    </p>
   </div>
   <div class='ocr_carea' id='block_1_114' title="bbox 2061 4449 3659 4528">
    <p class='ocr_par' dir='ltr' id='par_1_114' title="bbox 2061 4449 3659 4528">
     <span class='ocr_line' id='line_1_115' title="bbox 2061 4449 3659 4528; baseline -0.002 -22"><span class='ocrx_word' id='word_1_855' title='bbox 2061 4466 2170 4528; x_wconf 79' lang='lat' dir='ltr'><strong>non</strong></span> <span class='ocrx_word' id='word_1_856' title='bbox 2224 4455 2296 4528; x_wconf 89' lang='lat' dir='ltr'><strong>de</strong></span> <span class='ocrx_word' id='word_1_857' title='bbox 2328 4456 2446 4528; x_wconf 87' lang='lat' dir='ltr'><strong>loco</strong></span> <span class='ocrx_word' id='word_1_858' title='bbox 2477 4456 2766 4528; x_wconf 82' lang='lat' dir='ltr'><strong>martyrii,</strong></span> <span class='ocrx_word' id='word_1_859' title='bbox 2815 4454 2911 4510; x_wconf 87' lang='lat' dir='ltr'><strong>sed</strong></span> <span class='ocrx_word' id='word_1_860' title='bbox 2957 4453 3191 4528; x_wconf 73' lang='lat' dir='ltr'><strong>sepulcri</strong></span> <span class='ocrx_word' id='word_1_861' title='bbox 3242 4458 3302 4505; x_wconf 91' lang='lat' dir='ltr'><strong>et</strong></span> <span class='ocrx_word' id='word_1_862' title='bbox 3344 4449 3659 4528; x_wconf 67' lang='lat' dir='ltr'><strong>testivitatis</strong></span> 
     </span>
    </p>
   </div>
   <div class='ocr_carea' id='block_1_115' title="bbox 2058 4518 3657 4597">
    <p class='ocr_par' dir='ltr' id='par_1_115' title="bbox 2058 4518 3657 4597">
     <span class='ocr_line' id='line_1_116' title="bbox 2058 4518 3657 4597; baseline -0.003 -20"><span class='ocrx_word' id='word_1_863' title='bbox 2058 4522 2438 4597; x_wconf 74' lang='lat' dir='ltr'><strong>accipiendum</strong></span> <span class='ocrx_word' id='word_1_864' title='bbox 2490 4537 2594 4582; x_wconf 89' lang='lat' dir='ltr'><strong>est.</strong></span> <span class='ocrx_word' id='word_1_865' title='bbox 2622 4518 2687 4580; x_wconf 65' lang='lat' dir='ltr'><strong>&#39;ln</strong></span> <span class='ocrx_word' id='word_1_866' title='bbox 2730 4518 2866 4597; x_wconf 81' lang='lat' dir='ltr'><strong>ipsis</strong></span> <span class='ocrx_word' id='word_1_867' title='bbox 2906 4518 3069 4581; x_wconf 78' lang='lat' dir='ltr'><strong>etiam</strong></span> <span class='ocrx_word' id='word_1_868' title='bbox 3124 4522 3325 4578; x_wconf 83' lang='lat' dir='ltr'><strong>desunt</strong></span> <span class='ocrx_word' id='word_1_869' title='bbox 3372 4518 3657 4597; x_wconf 70' lang='lat' dir='ltr'><strong>fratresS.</strong></span> 
     </span>
    </p>
   </div>
   <div class='ocr_carea' id='block_1_116' title="bbox 2063 4589 3659 4667">
    <p class='ocr_par' dir='ltr' id='par_1_116' title="bbox 2063 4589 3659 4667">
     <span class='ocr_line' id='line_1_117' title="bbox 2063 4589 3659 4667; baseline -0.002 -20"><span class='ocrx_word' id='word_1_870' title='bbox 2063 4589 2318 4660; x_wconf 74' lang='lat' dir='ltr'><strong>Victoris,</strong></span> <span class='ocrx_word' id='word_1_871' title='bbox 2359 4613 2500 4667; x_wconf 91' lang='lat' dir='ltr'><strong>quos</strong></span> <span class='ocrx_word' id='word_1_872' title='bbox 2533 4598 2734 4654; x_wconf 89' lang='lat' dir='ltr'><strong>Dexter</strong></span> <span class='ocrx_word' id='word_1_873' title='bbox 2755 4589 2940 4653; x_wconf 59' lang='lat' dir='ltr'><strong>&#39;vocat</strong></span> <span class='ocrx_word' id='word_1_874' title='bbox 2974 4597 3153 4651; x_wconf 83' lang='lat' dir='ltr'><strong>socios</strong></span> <span class='ocrx_word' id='word_1_875' title='bbox 3180 4602 3493 4667; x_wconf 75' lang='lat' dir='ltr'><strong>sanctorum</strong></span> <span class='ocrx_word' id='word_1_876' title='bbox 3528 4589 3659 4667; x_wconf 78' lang='lat' dir='ltr'><strong>Vin-</strong></span> 
     </span>
    </p>
   </div>
   <div class='ocr_carea' id='block_1_117' title="bbox 2059 4661 3651 4732">
    <p class='ocr_par' dir='ltr' id='par_1_117' title="bbox 2059 4661 3651 4732">
     <span class='ocr_line' id='line_1_118' title="bbox 2059 4661 3651 4732; baseline -0.002 -13"><span class='ocrx_word' id='word_1_877' title='bbox 2059 4668 2223 4721; x_wconf 89' lang='lat' dir='ltr'><strong>centii</strong></span> <span class='ocrx_word' id='word_1_878' title='bbox 2246 4676 2300 4722; x_wconf 90' lang='lat' dir='ltr'><strong>et</strong></span> <span class='ocrx_word' id='word_1_879' title='bbox 2316 4661 2544 4724; x_wconf 74' lang='lat' dir='ltr'><strong>orentii.</strong></span> <span class='ocrx_word' id='word_1_880' title='bbox 2566 4669 2702 4724; x_wconf 84' lang='lat' dir='ltr'><strong>Vide</strong></span> <span class='ocrx_word' id='word_1_881' title='bbox 2721 4670 2793 4727; x_wconf 89' lang='lat' dir='ltr'><strong>de</strong></span> <span class='ocrx_word' id='word_1_882' title='bbox 2812 4670 2895 4723; x_wconf 82' lang='lat' dir='ltr'><strong>his</strong></span> <span class='ocrx_word' id='word_1_883' title='bbox 2908 4667 3193 4723; x_wconf 78' lang='lat' dir='ltr'><strong>Moralium</strong></span> <span class='ocrx_word' id='word_1_884' title='bbox 3216 4664 3309 4720; x_wconf 91' lang='lat' dir='ltr'><strong>lib.</strong></span> <span class='ocrx_word' id='word_1_885' title='bbox 3340 4678 3397 4732; x_wconf 87' lang='lat' dir='ltr'><strong>x,</strong></span> <span class='ocrx_word' id='word_1_886' title='bbox 3420 4677 3542 4732; x_wconf 77' lang='lat' dir='ltr'><strong>cap.</strong></span> <span class='ocrx_word' id='word_1_887' title='bbox 3560 4661 3651 4731; x_wconf 74' lang='grc'><strong>14,</strong></span> 
     </span>
    </p>
   </div>
   <div class='ocr_carea' id='block_1_118' title="bbox 2060 4737 3502 4816">
    <p class='ocr_par' dir='ltr' id='par_1_118' title="bbox 2060 4737 3502 4816">
     <span class='ocr_line' id='line_1_119' title="bbox 2060 4737 3502 4816; baseline 0.01 -24"><span class='ocrx_word' id='word_1_888' title='bbox 2060 4747 2114 4792; x_wconf 85' lang='lat' dir='ltr'><strong>et</strong></span> <span class='ocrx_word' id='word_1_889' title='bbox 2134 4737 2423 4816; x_wconf 45' lang='lat' dir='ltr'><strong>ﬂairimant</strong></span> <span class='ocrx_word' id='word_1_890' title='bbox 2444 4756 2471 4816; x_wconf 89' lang='lat' dir='ltr'><strong>_t</strong></span> <span class='ocrx_word' id='word_1_891' title='bbox 2501 4757 2579 4816; x_wconf 84' lang='lat' dir='ltr'><strong>p_.,</strong></span> <span class='ocrx_word' id='word_1_892' title='bbox 2601 4742 2693 4816; x_wconf 81' lang='lat' dir='ltr'><strong>lib.</strong></span> <span class='ocrx_word' id='word_1_893' title='bbox 2727 4756 2787 4808; x_wconf 86' lang='lat' dir='ltr'><strong>tr,</strong></span> <span class='ocrx_word' id='word_1_894' title='bbox 2821 4756 2871 4795; x_wconf 91' lang='lat' dir='ltr'><strong>c.</strong></span> <span class='ocrx_word' id='word_1_895' title='bbox 2903 4741 2997 4816; x_wconf 56' lang='grc' dir='ltr'><strong>ζὴ).</strong></span> <span class='ocrx_word' id='word_1_896' title='bbox 3289 4806 3327 4816; x_wconf 78' lang='lat'>_</span> <span class='ocrx_word' id='word_1_897' title='bbox 3431 4805 3444 4816; x_wconf 73' lang='grc'><strong>,</strong></span> <span class='ocrx_word' id='word_1_898' title='bbox 3490 4803 3502 4816; x_wconf 89' lang='grc'><strong>,</strong></span> 
     </span>
    </p>
   </div>
   <div class='ocr_carea' id='block_1_119' title="bbox 2132 4804 3659 4878">
    <p class='ocr_par' dir='ltr' id='par_1_119' title="bbox 2132 4804 3659 4878">
     <span class='ocr_line' id='line_1_120' title="bbox 2132 4804 3659 4878; baseline -0.002 -15"><span class='ocrx_word' id='word_1_899' title='bbox 2132 4808 2223 4864; x_wconf 80' lang='lat'><strong>25.</strong></span> <span class='ocrx_word' id='word_1_900' title='bbox 2256 4808 2325 4865; x_wconf 88' lang='lat' dir='ltr'><strong>In</strong></span> <span class='ocrx_word' id='word_1_901' title='bbox 2361 4804 2690 4878; x_wconf 55' lang='lat' dir='ltr'><strong>sede&#39;Petri,</strong></span> <span class='ocrx_word' id='word_1_902' title='bbox 2737 4804 2844 4867; x_wconf 75' lang='lat' dir='ltr'><strong>etc.</strong></span> <span class='ocrx_word' id='word_1_903' title='bbox 2893 4812 3064 4878; x_wconf 85' lang='lat' dir='ltr'><strong>Quam</strong></span> <span class='ocrx_word' id='word_1_904' title='bbox 3098 4822 3243 4863; x_wconf 86' lang='lat' dir='ltr'><strong>anno</strong></span> <span class='ocrx_word' id='word_1_905' title='bbox 3289 4804 3506 4862; x_wconf 89' lang='lat' dir='ltr'><strong>Domini</strong></span> <span class='ocrx_word' id='word_1_906' title='bbox 3550 4804 3659 4878; x_wconf 82' lang='lat'><strong>296</strong></span> 
     </span>
    </p>
   </div>
   <div class='ocr_carea' id='block_1_120' title="bbox 2064 4876 3659 4939">
    <p class='ocr_par' dir='ltr' id='par_1_120' title="bbox 2064 4876 3659 4939">
     <span class='ocr_line' id='line_1_121' title="bbox 2064 4876 3659 4939; baseline -0.003 -3"><span class='ocrx_word' id='word_1_907' title='bbox 2064 4880 2436 4937; x_wconf 84' lang='lat' dir='ltr'><strong>Romanorum</strong></span> <span class='ocrx_word' id='word_1_908' title='bbox 2464 4876 2785 4939; x_wconf 83' lang='lat' dir='ltr'><strong>Pontiﬁcum</strong></span> <span class='ocrx_word' id='word_1_909' title='bbox 2814 4876 3010 4938; x_wconf 82' lang='lat' dir='ltr'><strong>seriem</strong></span> <span class='ocrx_word' id='word_1_910' title='bbox 3040 4884 3091 4935; x_wconf 89' lang='lat' dir='ltr'><strong>in</strong></span> <span class='ocrx_word' id='word_1_911' title='bbox 3121 4879 3439 4935; x_wconf 77' lang='lat' dir='ltr'><strong>Marcellino</strong></span> <span class='ocrx_word' id='word_1_912' title='bbox 3471 4876 3659 4932; x_wconf 81' lang='lat' dir='ltr'><strong>terrui-</strong></span> 
     </span>
    </p>
   </div>
   <div class='ocr_carea' id='block_1_121' title="bbox 2062 4948 3660 5024">
    <p class='ocr_par' dir='ltr' id='par_1_121' title="bbox 2062 4948 3660 5024">
     <span class='ocr_line' id='line_1_122' title="bbox 2062 4948 3660 5024; baseline -0.004 -16"><span class='ocrx_word' id='word_1_913' title='bbox 2062 4961 2221 5008; x_wconf 60' lang='lat' dir='ltr'><strong>naret</strong></span> <span class='ocrx_word' id='word_1_914' title='bbox 2239 4969 2383 5009; x_wconf 90' lang='lat' dir='ltr'><strong>nunc</strong></span> <span class='ocrx_word' id='word_1_915' title='bbox 2400 4956 2466 5009; x_wconf 87' lang='lat' dir='ltr'><strong>ad</strong></span> <span class='ocrx_word' id='word_1_916' title='bbox 2481 4968 2726 5009; x_wconf 79' lang='lat' dir='ltr'><strong>sanetum</strong></span> <span class='ocrx_word' id='word_1_917' title='bbox 2746 4969 2921 5024; x_wconf 82' lang='lat' dir='ltr'><strong>usque</strong></span> <span class='ocrx_word' id='word_1_918' title='bbox 2945 4953 3263 5009; x_wconf 83' lang='lat' dir='ltr'><strong>Silvestrem</strong></span> <span class='ocrx_word' id='word_1_919' title='bbox 3285 4948 3660 5024; x_wconf 80' lang='lat' dir='ltr'><strong>prosequitur,</strong></span> 
     </span>
    </p>
   </div>
   <div class='ocr_carea' id='block_1_122' title="bbox 2063 5023 3658 5094">
    <p class='ocr_par' dir='ltr' id='par_1_122' title="bbox 2063 5023 3658 5094">
     <span class='ocr_line' id='line_1_123' title="bbox 2063 5023 3658 5094; baseline -0.001 -17"><span class='ocrx_word' id='word_1_920' title='bbox 2063 5024 2153 5094; x_wconf 89' lang='lat' dir='ltr'><strong>qui</strong></span> <span class='ocrx_word' id='word_1_921' title='bbox 2174 5037 2423 5079; x_wconf 66' lang='lat' dir='ltr'><strong>sanctum</strong></span> <span class='ocrx_word' id='word_1_922' title='bbox 2447 5026 2804 5082; x_wconf 82' lang='lat' dir='ltr'><strong>Melcltiaderu</strong></span> <span class='ocrx_word' id='word_1_923' title='bbox 2831 5023 3004 5094; x_wconf 88' lang='lat' dir='ltr'><strong>patria</strong></span> <span class='ocrx_word' id='word_1_924' title='bbox 3029 5026 3245 5094; x_wconf 70' lang='lat' dir='ltr'><strong>Marava</strong></span> <span class='ocrx_word' id='word_1_925' title='bbox 3264 5023 3658 5094; x_wconf 68' lang='lat' dir='ltr'><strong>Carpetaniam,</strong></span> 
     </span>
    </p>
   </div>
   <div class='ocr_carea' id='block_1_123' title="bbox 2062 5093 3661 5165">
    <p class='ocr_par' dir='ltr' id='par_1_123' title="bbox 2062 5093 3661 5165">
     <span class='ocr_line' id='line_1_124' title="bbox 2062 5093 3661 5165; baseline -0.004 -15"><span class='ocrx_word' id='word_1_926' title='bbox 2062 5093 2264 5165; x_wconf 82' lang='lat' dir='ltr'><strong>genere</strong></span> <span class='ocrx_word' id='word_1_927' title='bbox 2294 5112 2425 5152; x_wconf 91' lang='lat' dir='ltr'><strong>vero</strong></span> <span class='ocrx_word' id='word_1_928' title='bbox 2453 5096 2643 5152; x_wconf 79' lang='lat' dir='ltr'><strong>Afrum</strong></span> <span class='ocrx_word' id='word_1_929' title='bbox 2669 5093 2994 5153; x_wconf 81' lang='lat' dir='ltr'><strong>subsecutus</strong></span> <span class='ocrx_word' id='word_1_930' title='bbox 3016 5104 3120 5151; x_wconf 89' lang='lat' dir='ltr'><strong>est.</strong></span> <span class='ocrx_word' id='word_1_931' title='bbox 3152 5093 3231 5148; x_wconf 89' lang='lat' dir='ltr'><strong>De</strong></span> <span class='ocrx_word' id='word_1_932' title='bbox 3250 5093 3661 5159; x_wconf 79' lang='lat' dir='ltr'><strong>Melcltiadesa-</strong></span> 
     </span>
    </p>
   </div>
   <div class='ocr_carea' id='block_1_124' title="bbox 2066 5165 3663 5237">
    <p class='ocr_par' dir='ltr' id='par_1_124' title="bbox 2066 5165 3663 5237">
     <span class='ocr_line' id='line_1_125' title="bbox 2066 5165 3663 5237; baseline -0.003 -15"><span class='ocrx_word' id='word_1_933' title='bbox 2066 5168 2134 5222; x_wconf 90' lang='lat' dir='ltr'><strong>tis</strong></span> <span class='ocrx_word' id='word_1_934' title='bbox 2161 5169 2371 5237; x_wconf 89' lang='lat' dir='ltr'><strong>egimus</strong></span> <span class='ocrx_word' id='word_1_935' title='bbox 2399 5169 2468 5224; x_wconf 88' lang='lat' dir='ltr'><strong>ad</strong></span> <span class='ocrx_word' id='word_1_936' title='bbox 2499 5185 2698 5224; x_wconf 88' lang='lat' dir='ltr'><strong>annum</strong></span> <span class='ocrx_word' id='word_1_937' title='bbox 2719 5170 2829 5225; x_wconf 70' lang='lat' dir='ltr'><strong>2A8</strong></span> <span class='ocrx_word' id='word_1_938' title='bbox 2872 5178 2928 5223; x_wconf 90' lang='lat' dir='ltr'><strong>et</strong></span> <span class='ocrx_word' id='word_1_939' title='bbox 2970 5165 3099 5233; x_wconf 79' lang='lat'><strong>299,</strong></span> <span class='ocrx_word' id='word_1_940' title='bbox 3124 5173 3181 5221; x_wconf 90' lang='lat' dir='ltr'><strong>et</strong></span> <span class='ocrx_word' id='word_1_941' title='bbox 3211 5167 3411 5221; x_wconf 87' lang='lat' dir='ltr'><strong>iterum</strong></span> <span class='ocrx_word' id='word_1_942' title='bbox 3439 5175 3663 5234; x_wconf 87' lang='lat' dir='ltr'><strong>agemus</strong></span> 
     </span>
    </p>
   </div>
   <div class='ocr_carea' id='block_1_125' title="bbox 2062 5237 3664 5306">
    <p class='ocr_par' dir='ltr' id='par_1_125' title="bbox 2062 5237 3664 5306">
     <span class='ocr_line' id='line_1_126' title="bbox 2062 5237 3664 5306; baseline -0.003 -13"><span class='ocrx_word' id='word_1_943' title='bbox 2062 5238 2132 5293; x_wconf 87' lang='lat' dir='ltr'><strong>ad</strong></span> <span class='ocrx_word' id='word_1_944' title='bbox 2163 5252 2291 5293; x_wconf 87' lang='lat' dir='ltr'><strong>ann.</strong></span> <span class='ocrx_word' id='word_1_945' title='bbox 2322 5240 2446 5296; x_wconf 78' lang='grc'><strong>511.</strong></span> <span class='ocrx_word' id='word_1_946' title='bbox 2502 5240 2677 5297; x_wconf 81' lang='lat' dir='ltr'><strong>Porro</strong></span> <span class='ocrx_word' id='word_1_947' title='bbox 2733 5251 2954 5297; x_wconf 73' lang='lat' dir='ltr'><strong>Sanctus</strong></span> <span class='ocrx_word' id='word_1_948' title='bbox 3006 5237 3352 5293; x_wconf 82' lang='lat' dir='ltr'><strong>Marcellinus</strong></span> <span class='ocrx_word' id='word_1_949' title='bbox 3397 5238 3664 5306; x_wconf 84' lang='lat' dir='ltr'><strong>mat-tyrio</strong></span> 
     </span>
    </p>
   </div>
   <div class='ocr_carea' id='block_1_126' title="bbox 2065 5308 3664 5384">
    <p class='ocr_par' dir='ltr' id='par_1_126' title="bbox 2065 5308 3664 5384">
     <span class='ocr_line' id='line_1_127' title="bbox 2065 5308 3664 5384; baseline -0.003 -21"><span class='ocrx_word' id='word_1_950' title='bbox 2065 5309 2317 5384; x_wconf 75' lang='lat' dir='ltr'><strong>sublatus</strong></span> <span class='ocrx_word' id='word_1_951' title='bbox 2335 5322 2421 5367; x_wconf 87' lang='lat' dir='ltr'><strong>est</strong></span> <span class='ocrx_word' id='word_1_952' title='bbox 2446 5327 2577 5367; x_wconf 90' lang='lat' dir='ltr'><strong>anu.</strong></span> <span class='ocrx_word' id='word_1_953' title='bbox 2606 5314 2731 5384; x_wconf 76' lang='grc'><strong>504,</strong></span> <span class='ocrx_word' id='word_1_954' title='bbox 2764 5312 2797 5368; x_wconf 89' lang='grc'>6</span> <span class='ocrx_word' id='word_1_955' title='bbox 2822 5308 3240 5384; x_wconf 12' lang='grc' dir='ltr'><strong>ΚαιθηάτγΜειὶί,</strong></span> <span class='ocrx_word' id='word_1_956' title='bbox 3270 5322 3394 5363; x_wconf 88' lang='lat' dir='ltr'><strong>cum</strong></span> <span class='ocrx_word' id='word_1_957' title='bbox 3428 5308 3664 5362; x_wconf 80' lang='lat' dir='ltr'><strong>sedisset</strong></span> 
     </span>
    </p>
   </div>
   <div class='ocr_carea' id='block_1_127' title="bbox 2067 5381 3664 5446">
    <p class='ocr_par' dir='ltr' id='par_1_127' title="bbox 2067 5381 3664 5446">
     <span class='ocr_line' id='line_1_128' title="bbox 2067 5381 3664 5446; baseline -0.003 -10"><span class='ocrx_word' id='word_1_958' title='bbox 2067 5381 2183 5437; x_wconf 77' lang='lat' dir='ltr'><strong>fere</strong></span> <span class='ocrx_word' id='word_1_959' title='bbox 2210 5397 2384 5438; x_wconf 88' lang='lat' dir='ltr'><strong>annos</strong></span> <span class='ocrx_word' id='word_1_960' title='bbox 2409 5395 2555 5439; x_wconf 90' lang='lat' dir='ltr'><strong>octo.</strong></span> <span class='ocrx_word' id='word_1_961' title='bbox 2601 5381 2836 5441; x_wconf 71' lang='lat' dir='ltr'><strong>Sunt-tus</strong></span> <span class='ocrx_word' id='word_1_962' title='bbox 2866 5382 3151 5439; x_wconf 81' lang='lat' dir='ltr'><strong>Marcellus</strong></span> <span class='ocrx_word' id='word_1_963' title='bbox 3196 5384 3409 5436; x_wconf 78' lang='lat' dir='ltr'><strong>occisus</strong></span> <span class='ocrx_word' id='word_1_964' title='bbox 3455 5385 3539 5431; x_wconf 86' lang='lat' dir='ltr'><strong>est</strong></span> <span class='ocrx_word' id='word_1_965' title='bbox 3565 5391 3664 5446; x_wconf 79' lang='lat' dir='ltr'><strong>pro</strong></span> 
     </span>
    </p>
   </div>
   <div class='ocr_carea' id='block_1_128' title="bbox 2064 5451 3655 5528">
    <p class='ocr_par' dir='ltr' id='par_1_128' title="bbox 2064 5451 3655 5528">
     <span class='ocr_line' id='line_1_129' title="bbox 2064 5451 3655 5528; baseline -0.002 -22"><span class='ocrx_word' id='word_1_966' title='bbox 2064 5452 2298 5528; x_wconf 73' lang='lat' dir='ltr'><strong>Domino</strong></span> <span class='ocrx_word' id='word_1_967' title='bbox 2325 5471 2470 5511; x_wconf 89' lang='lat' dir='ltr'><strong>antto</strong></span> <span class='ocrx_word' id='word_1_968' title='bbox 2491 5457 2619 5523; x_wconf 79' lang='lat'><strong>509,</strong></span> <span class='ocrx_word' id='word_1_969' title='bbox 2648 5466 2773 5527; x_wconf 89' lang='lat' dir='ltr'><strong>post</strong></span> <span class='ocrx_word' id='word_1_970' title='bbox 2789 5457 3036 5528; x_wconf 89' lang='lat' dir='ltr'><strong>quintum</strong></span> <span class='ocrx_word' id='word_1_971' title='bbox 3064 5454 3147 5508; x_wconf 92' lang='lat' dir='ltr'><strong>sui</strong></span> <span class='ocrx_word' id='word_1_972' title='bbox 3179 5451 3553 5528; x_wconf 64' lang='lat' dir='ltr'><strong>pontiﬁcatus.</strong></span> <span class='ocrx_word' id='word_1_973' title='bbox 3596 5451 3655 5528; x_wconf 75' lang='lat' dir='ltr'><strong>S.</strong></span> 
     </span>
    </p>
   </div>
   <div class='ocr_carea' id='block_1_129' title="bbox 2066 5519 3664 5605">
    <p class='ocr_par' dir='ltr' id='par_1_129' title="bbox 2066 5519 3664 5605">
     <span class='ocr_line' id='line_1_130' title="bbox 2066 5519 3664 5605; baseline -0.003 -25"><span class='ocrx_word' id='word_1_974' title='bbox 2066 5519 2667 5605; x_wconf 41' lang='lat' dir='ltr'><strong>Eusebiushproduxit:</strong></span> <span class='ocrx_word' id='word_1_975' title='bbox 2697 5519 2854 5605; x_wconf 75' lang='lat' dir='ltr'><strong>suum</strong></span> <span class='ocrx_word' id='word_1_976' title='bbox 2912 5540 3081 5605; x_wconf 66' lang='lat' dir='ltr'><strong>usque</strong></span> <span class='ocrx_word' id='word_1_977' title='bbox 3125 5519 3393 5605; x_wconf 29' lang='lat' dir='ltr'><strong>att—anna</strong></span> <span class='ocrx_word' id='word_1_978' title='bbox 3419 5519 3557 5586; x_wconf 76' lang='lat' dir='ltr'><strong>5H,</strong></span> <span class='ocrx_word' id='word_1_979' title='bbox 3608 5527 3664 5575; x_wconf 85' lang='lat' dir='ltr'><strong>et</strong></span> 
     </span>
    </p>
   </div>
   <div class='ocr_carea' id='block_1_130' title="bbox 2067 5592 3663 5675">
    <p class='ocr_par' dir='ltr' id='par_1_130' title="bbox 2067 5592 3663 5675">
     <span class='ocr_line' id='line_1_131' title="bbox 2067 5592 3663 5675; baseline -0.003 -23"><span class='ocrx_word' id='word_1_980' title='bbox 2067 5596 2211 5675; x_wconf 70' lang='lat' dir='ltr'><strong>diem</strong></span> <span class='ocrx_word' id='word_1_981' title='bbox 2242 5599 2313 5653; x_wconf 77' lang='lat'><strong>‘26</strong></span> <span class='ocrx_word' id='word_1_982' title='bbox 2334 5592 2628 5675; x_wconf 69' lang='lat' dir='ltr'><strong>Septemb.</strong></span> <span class='ocrx_word' id='word_1_983' title='bbox 2654 5600 2826 5675; x_wconf 57' lang='lat' dir='ltr'><strong>ipsius</strong></span> <span class='ocrx_word' id='word_1_984' title='bbox 2862 5592 3016 5675; x_wconf 58' lang='lat' dir='ltr'><strong>anni.</strong></span> <span class='ocrx_word' id='word_1_985' title='bbox 3040 5596 3099 5652; x_wconf 87' lang='lat' dir='ltr'><strong>S.</strong></span> <span class='ocrx_word' id='word_1_986' title='bbox 3131 5592 3460 5675; x_wconf 69' lang='lat' dir='ltr'><strong>Heicttiades</strong></span> <span class='ocrx_word' id='word_1_987' title='bbox 3492 5605 3663 5673; x_wconf 70' lang='lat' dir='ltr'><strong>usque</strong></span> 
     </span>
    </p>
   </div>
   <div class='ocr_carea' id='block_1_131' title="bbox 2067 5665 3666 5746">
    <p class='ocr_par' dir='ltr' id='par_1_131' title="bbox 2067 5665 3666 5746">
     <span class='ocr_line' id='line_1_132' title="bbox 2067 5665 3666 5746; baseline -0.004 -23"><span class='ocrx_word' id='word_1_988' title='bbox 2067 5669 2135 5723; x_wconf 87' lang='lat' dir='ltr'><strong>ad</strong></span> <span class='ocrx_word' id='word_1_989' title='bbox 2165 5684 2294 5725; x_wconf 83' lang='lat' dir='ltr'><strong>ann.</strong></span> <span class='ocrx_word' id='word_1_990' title='bbox 2315 5665 2462 5746; x_wconf 69' lang='lat'><strong>_515,</strong></span> <span class='ocrx_word' id='word_1_991' title='bbox 2492 5674 2526 5726; x_wconf 69' lang='grc'><strong>1</strong></span> <span class='ocrx_word' id='word_1_992' title='bbox 2556 5665 3360 5746; x_wconf 41' lang='lat' dir='ltr'><strong>irtus;Det-er_nbris,_seditque</strong></span> <span class='ocrx_word' id='word_1_993' title='bbox 3404 5677 3578 5746; x_wconf 71' lang='lat' dir='ltr'><strong>annos</strong></span> <span class='ocrx_word' id='word_1_994' title='bbox 3605 5665 3666 5744; x_wconf 55' lang='grc' dir='ltr'><strong>ᾇ,</strong></span> 
     </span>
    </p>
   </div>
   <div class='ocr_carea' id='block_1_132' title="bbox 2068 5735 3671 5809">
    <p class='ocr_par' dir='ltr' id='par_1_132' title="bbox 2068 5735 3671 5809">
     <span class='ocr_line' id='line_1_133' title="bbox 2068 5735 3671 5809; baseline -0.004 -13"><span class='ocrx_word' id='word_1_995' title='bbox 2068 5755 2288 5796; x_wconf 90' lang='lat' dir='ltr'><strong>menses</strong></span> <span class='ocrx_word' id='word_1_996' title='bbox 2315 5741 2368 5809; x_wconf 89' lang='lat'><strong>7,</strong></span> <span class='ocrx_word' id='word_1_997' title='bbox 2407 5735 2525 5798; x_wconf 88' lang='lat' dir='ltr'><strong>dies</strong></span> <span class='ocrx_word' id='word_1_998' title='bbox 2571 5745 2625 5800; x_wconf 90' lang='lat'><strong>8.</strong></span> <span class='ocrx_word' id='word_1_999' title='bbox 2682 5743 2817 5800; x_wconf 90' lang='lat' dir='ltr'><strong>Tota</strong></span> <span class='ocrx_word' id='word_1_1000' title='bbox 2874 5741 2996 5798; x_wconf 69' lang='lat' dir='ltr'><strong>btec</strong></span> <span class='ocrx_word' id='word_1_1001' title='bbox 3045 5736 3396 5808; x_wconf 76' lang='lat' dir='ltr'><strong>tltrouologia</strong></span> <span class='ocrx_word' id='word_1_1002' title='bbox 3446 5735 3671 5792; x_wconf 81' lang='lat' dir='ltr'><strong>Baconii</strong></span> 
     </span>
    </p>
   </div>
   <div class='ocr_carea' id='block_1_133' title="bbox 2070 5812 2664 5887">
    <p class='ocr_par' dir='ltr' id='par_1_133' title="bbox 2070 5812 2664 5887">
     <span class='ocr_line' id='line_1_134' title="bbox 2070 5812 2664 5887; baseline 0.002 -18"><span class='ocrx_word' id='word_1_1003' title='bbox 2070 5812 2372 5870; x_wconf 84' lang='lat' dir='ltr'><strong>Annalibus</strong></span> <span class='ocrx_word' id='word_1_1004' title='bbox 2393 5817 2664 5887; x_wconf 89' lang='lat' dir='ltr'><strong>congruit.</strong></span> 
     </span>
    </p>
   </div>
  </div>
