4114 6338
481 356 589 416 875

1527 357 1754 418 FLAVI]
1795 356 1978 416 LUCll
2017 355 2274 414 DEXTRI
2315 351 2728 414 CHROMCON.

3713 353 3780 411 76

473 471 769 536 A.C.510.
846 471 1198 533 Constantius
1229 474 1461 534 Chlorus
1511 478 1782 547 Augustus
1835 475 1902 533 de
1927 474 2199 547 Hispaniis
2247 485 2410 546 quam
2464 470 2668 544 optime
2717 469 2967 539 meritus,
3001 479 3124 542 post
3152 467 3424 529 decimum
3449 469 3776 532 A.B.106l.

909 580 1124 625 sextum
1156 586 1354 626 annum
1387 569 1602 641 imperii
1635 569 1686 624 in
1721 569 1997 626 Britannia
2030 567 2188 623 obiit.

835 666 1079 738 Triginta
1108 666 1328 722 circiter
1352 664 1652 734 scriptorcs
1679 662 1938 720 catholici
1970 669 2159 719 contra
2189 655 2562 731 blasllhemias
2591 655 2884 730 Porphyrii
2931 655 3246 730 philosophi
3287 657 3424 715 scri-

908 766 1153 829 pserunt.
1187 757 1242 814 ln
1263 759 1344 813 his
1369 757 1610 814 nonnulli
1639 756 1884 830 lliSpani.

832 853 1041 909 Natalis
1069 854 1358 924 cpiscopus
1391 851 1687 909 Toletanus
1717 849 1962 907 succedit
1992 849 2342 908 sanctissimo
2371 845 2674 904 confesstiri
2719 841 3040 915 Melanthio,
3093 847 3209 916 qui,
3243 856 3299 902 ut
3330 846 3421 904 illa

903 944 1154 1000 ferebant
1182 952 1449 1013 tempora,
1482 941 1647 1000 multa
1675 958 1864 1015 passus
1891 943 1972 1000 est
2006 956 2107 1015 pro
2153 941 2413 998 Ecclesiae
2453 938 2738 997 catholicae
2788 947 2981 997 contra
3010 937 3301 998 haereticos
3357 947 3412 999 et

901 1037 1134 1108 gentiles
1165 1035 1509 1094 defensione.

638 1129 764 1186 3H.

841 1127 1142 1186 Concilium
1175 1125 1349 1186 Toleti
1374 1113 1714 1188 contrahitur
1738 1117 1791 1187 in
1821 1127 2142 1187 defensione
2172 1127 2524 1186 lliberritani.

3615 1130 3773 1189 1062.

1681 1284 1942 1348 BIVARII
1977 1287 2544 1347 COMMENTARIUS.

545 1404 690 1461 ΑΒ.
716 1404 926 1489 διρέ
945 1406 995 1489 τ
1018 1405 1377 1489 Constantius,
1397 1406 2075 1489 etoyopisci't‘sctEmro-
2101 1410 2146 1467 A
2179 1422 2284 1489 qua
2325 1405 2618 1489 respondet
2647 1403 2887 1489 Marino,
2923 1406 3180 1489 Leontio,
3211 1401 3542 1489 benedlcto,
3573 1417 3628 1466 et
3653 1411 3778 1468 aliis

477 1479 605 1550 pius
628 1477 848 1550 cunrde
873 1477 1222 1535 abdicatione
1260 1481 1475 1550 imperii
1506 1476 1642 1535 facta
1675 1494 1703 1532 a
1735 1476 2075 1533 Diocletiano

476 1562 531 1604 et
561 1548 887 1604 Maximiano
913 1550 1230 1618 loquuntur,
1267 1548 1378 1620 Ita,
1411 1551 1584 1616 aiunt,
1616 1551 1834 1604 divisum
1864 1560 1939 1604 est
1972 1551 2074 1620 im-

475 1620 695 1691 perium.
723 1632 776 1674 ut
801 1617 1132 1676 Constantius
1157 1617 1380 1678 Chlorus
1407 1622 1615 1685 Galliis,
1647 1621 1938 1691 Hispaniis,
1964 1617 2077 1673 Ita-

475 1690 632 1764 liwct
663 1693 854 1764 Africa’
881 1705 1144 1764 praresset;
1176 1692 1413 1749 Galerius
1443 1711 1560 1749 vero
1591 1693 1823 1764 Il’yrici,
1858 1690 2076 1747 ercite

477 1773 523 1816 et
556 1762 778 1834 Orienti.
811 1762 955 1820 Sane
986 1764 1240 1820 Cltlorum
1267 1766 1335 1821 de
1370 1766 1642 1831 llisuaniis
1669 1762 1878 1834 optime
1911 1766 2071 1817 meri-

481 1845 593 1907 tum
640 1833 808 1907 fuisse
850 1835 1063 1890 sedatio
1111 1839 1302 1906 prohat
1347 1833 1774 1907 persecutionis,
1818 1836 1918 1890 sub
1957 1833 2074 1903 ejus

479 1906 626 1980 enim
663 1906 1179 1980 principatu_nttllus
1213 1906 1407 1979 legitur
1437 1908 1699 1980 martyrio
1726 1918 2025 1961 coronatus
2056 1923 2070 1980 ι

479 1978 609 2049 quin
633 1979 815 2049 potius
847 1986 928 2049 (ut
965 1978 1233 2049 Eusebius
1265 1978 1453 2037 Scribit
1483 1980 1550 2036 de
1582 1978 1698 2036 Vita
1728 1978 2072 2034 Constantini

483 2047 578 2104 lib.
612 2047 652 2120 ι)
685 2064 802 2116 eos,
835 2047 925 2118 qui
957 2048 1025 2105 de
1057 2049 1265 2107 Palatio
1294 2067 1394 2107 suo
1427 2061 1692 2119 negarunt
1718 2065 1778 2108 se
1807 2049 2074 2104 Christia-

479 2135 733 2193 nosesse
759 2159 775 2186 ,
813 2136 935 2176 eum
979 2133 1160 2176 essent
1191 2164 1206 2185 ,
1238 2123 1403 2177 domo
1447 2123 1646 2193 ejecit;
1693 2136 1786 2177 eos
1822 2136 1951 2176 vero
1983 2121 2075 2187 qui

479 2190 612 2247 fassi
638 2201 783 2259 sunt,
812 2193 981 2260 utqui
1013 2194 1123 2248 Deo
1150 2193 1338 2250 lideles
1359 2190 1536 2260 erant,
1565 2194 1754 2251 lideles
1784 2193 1887 2247 sibi
1914 2208 2076 2262 repu-

485 2271 606 2318 tans
653 2264 958 2334 honoravit.
1015 2265 1205 2319 EsSIat
1253 2266 1518 2322 Corduba:
1565 2267 1733 2322 incisa
1781 2263 1941 2334 lapidi
1989 2265 2073 2318 in-

486 2333 709 2404 scriptio
734 2335 868 2399 ltaec,
895 2350 1054 2404 quam
1078 2336 1310 2393 Morales
1343 2339 1435 2392 lib.
1466 2355 1524 2402 Χ,
1550 2354 1602 2393 c.
1632 2338 1719 2404 18,
1753 2345 1806 2390 et
1836 2333 1926 2390 alii
1948 2335 2077 2390 alle-

485 2403 609 2462 runt
633 2425 644 2459 :
670 2403 981 2480 Fortissimo
1019 2418 1077 2480 e_t_
1104 2407 1563 2480 lntlulgcntissimo
1588 2408 1825 2480 Principi
1853 2407 2075 2462 Domino

482 2475 997 2550 nostraConstantio
1038 2478 1238 2534 Victori
1270 2475 1551 2550 perpetuo,
1587 2475 1801 2550 semper
1821 2483 2072 2550 Augusto.

485 2548 745 2603 Decimius
809 2549 1177 2605 Germinianus
1231 2550 1320 2604 Vir
1368 2548 1713 2607 ‘Clarissintus
1768 2548 2076 2607 Cons'ularis

487 2619 778 2703 Prcvinciw
806 2620 1015 2677 Bwticte
1035 2663 1052 2689 ,
1086 2624 1282 2676 nomini
1315 2625 1676 2697 majestatique
1702 2625 1815 2695 ejus
1847 2618 2074 2676 Dicatis-

481 2707 667 2746 διηιιιε.

553 2763 707 2831 Quod
741 2762 806 2818 ad
841 2773 1052 2834 tempus
1083 2765 1297 2836 imperii
1326 2766 1626 2822 Constantii
1669 2766 1894 2826 attinet.
1938 2779 2074 2820 non-

485 2836 620 2889 nulli
660 2836 796 2890 duos
838 2837 920 2890 vel
969 2845 1081 2892 tres
1121 2846 1328 2892 tantum
1375 2852 1546 2893 annos
1596 2837 1670 2893 illi
1719 2838 2072 2903 consignant;

480 2916 738 2962 cauernm
791 2906 991 2962 Dextro
1039 2909 1315 2966 sexdecim
1374 2910 1636 2965 tribuenti
1691 2910 1960 2964 Eusebius
2023 2913 2076 2963 in

480 2976 753 3052 Chronico
782 2978 1130 3050 astipulatur,
1165 2980 1257 3052 qui
1289 2980 1390 3037 hoc
1421 2983 1538 3050 ipso
1567 2997 1711 3036 anno
1739 2980 1943 3037 Christi
1972 2981 2078 3037 5l0

482 3049 600 3106 bzec
625 3049 784 3122 habet
813 3049 976 3106 verba
1008 3067 1024 3110 ξ
1053 3049 1388 3109 Constantius
1419 3049 1508 3108 xvi
1540 3053 1744 3122 imperii
1773 3068 1912 3106 anno
1940 3053 2077 3106 diem

480 3122 685 3198 obiitin
715 3120 993 3179 Britannia
1025 3125 1278 3193 Eboraci,
1323 3136 1434 3196 post
1456 3120 1620 3196 quem
1631 3125 1771 3194 ﬁlius
1800 3127 1912 3198 ejus
1944 3123 2079 3180 Con-

476 3195 734 3250 stantinus
757 3237 772 3259 ,
810 3205 917 3252 etc.

554 3266 610 3340 2.
653 3265 885 3340 Triginta
933 3269 1158 3335 circiter,
1191 3277 1299 3325 etc.
1349 3269 1551 3326 Errorc
1591 3267 2074 3324 transcribentinm

483 3337 882 3411 etl'ectum'erat
906 3381 922 3408 ,
966 3353 1024 3396 ut
1071 3340 1188 3396 haec
1233 3341 1475 3396 clausula
1499 3357 1620 3411 qua:
1648 3341 1716 3396 ad
1745 3354 1944 3395 annum
1970 3341 2078 3396 3l0

480 3409 803 3480 spectabat,
856 3412 908 3466 in
951 3428 1094 3467 anno
1141 3411 1245 3469 H0
1281 3409 1670 3480 collocaretur,
1699 3428 1858 3482 quam
1888 3421 1940 3466 et
1975 3427 2074 3467 nos

487 3483 812 3556 necessitate
855 3492 1158 3556 temporum
1196 3484 1341 3540 ducti
1385 3483 1731 3540 nmtavimus.
1775 3482 1923 3538 Vixit
1961 3484 2075 3556 qui-

485 3551 608 3628 dem
655 3551 1032 3628 Porphyrius,
1071 3566 1258 3624 utpote
1298 3556 1495 3612 Plotini
1547 3555 1848 3626 discipulus
1877 3564 1930 3610 et
1954 3551 2077 3616 Ori-

485 3626 1091 3702 genis_condiscipulus,
1119 3628 1398 3702 Aureliani
1434 3627 1779 3702 imperatoris
1810 3631 2074 3702 tempori-

487 3697 610 3764 bus,
637 3696 902 3755 Eusebius
917 3696 1054 3754 vero
1080 3710 1132 3756 et
1160 3699 1488 3764 Apollinaris
1512 3696 1849 3754 Laodicenus
1867 3740 1882 3766 ,
1924 3696 2073 3759 Con-

487 3768 747 3842 stantiict
788 3769 1150 3827 Cuntstantini.
1179 3771 1421 3828 Meminit
1471 3772 1854 3842 Hieronymus.
1887 3772 1980 3829 lib.
2007 3775 2077 3831 de

487 3841 688 3920 script.
721 3841 895 3920 Eccl.,
929 3843 1255 3920 aliquor_um_
1269 3859 1334 3898 ex
1363 3844 1452 3920 his
1479 3841 1802 3920 qui‘contra‘
1830 3842 2077 3920 Porphy-

489 3911 625 3966 rium
657 3911 1098 3988 scripser’unt,et
1114 3915 1188 3988 de
1214 3914 1454 3971 Eusebio
1484 3911 1558 3969 ait
1584 3916 1638 3969 in
1669 3914 1914 3988 catalogo
1941 3911 2075 3988 ope-

485 3998 608 4061 runt
648 3985 815 4061 ejus:
862 3987 1052 4061 Contra
1100 3987 1447 4061 Porphyrium
1495 3987 1584 4058 qui
1620 3987 1802 4061 eodem
1847 3985 2076 4060 tempore

486 4055 732 4134 scribebat
759 4059 813 4112 in
841 4059 1035 4134 Sicilia
1072 4063 1152 4129 (ut
1186 4055 1401 4134 quidam
1430 4055 1636 4130 putant)
1668 4060 1786 4114 libri
1806 4055 2074 4134 _triginta;

431 4150 441 4170 ι
485 4128 550 4207 de
569 4129 755 4207 quibus
781 4133 850 4185 ad
877 4149 956 4207 me
983 4128 1163 4207 uiginti
1188 4128 1384 4190 lentum
1414 4128 1772 4207 pervenerunt.
1805 4128 2076 4207 De'Apol-

2108 2809 2154 2869 Β

2180 1477 2455 1552 Hispania:
2485 1478 2756 1547 episc0pis
2783 1479 2848 1552 ad
2875 1494 3092 1552 eaquae
3137 1479 3239 1550 ipsi
3273 1477 3776 1552 interrogaveram,

2179 1551 2246 1604 de
2281 1550 2662 1620 episcoporum
2691 1550 3078 1620 qualitatibus,
3118 1562 3171 1605 et
3201 1553 3274 1606 de
3302 1550 3649 1609 sacramento
3676 1570 3778 1610 ex-

2180 1628 2366 1676 trema:
2417 1619 2722 1676 Unctionis.
2779 1622 2891 1676 Sub
2948 1622 3096 1686 Datis
3153 1621 3356 1678 Rubrio
3397 1630 3454 1678 et
3487 1623 3781 1681 Volusiano

2178 1707 2318 1748 coss.
2343 1707 2571 1762 quorum
2592 1692 3117 1749 consulatusincidit
3138 1695 3187 1748 in
3207 1709 3408 1748 annum
3423 1693 3627 1750 Christi
3647 1699 3777 1754 514.

2184 1761 2422 1835 Consule
2463 1764 2625 1820 etiam
2663 1763 2924 1819 Moralem
2959 1764 3052 1819 lib.
3084 1781 3115 1819 ς
3145 1763 3250 1820 hoc
3282 1765 3402 1835 ipso
3429 1781 3596 1822 anno.
3630 1767 3780 1826 Nihil

2181 1848 2371 1909 tamen
2396 1833 2660 1909 hafccum
2694 1836 2780 1890 illa
2810 1851 3098 1909 commune
3125 1833 3313 1905 habet,
3336 1852 3457 1892 cum
3487 1839 3643 1909 longe
3669 1840 3780 1896 alia

2178 1907 2244 1961 ad
2277 1906 2630 1961 Mclcbiatlcm
2661 1921 2852 1977 papam
2881 1908 3188 1971 retulerint,
3223 1925 3382 1975 quam
3410 1926 3438 1963 a
3473 1906 3671 1968 Dextro
3692 1913 3779 1968 di-

2178 1989 2374 2032 cantur
2405 1977 2459 2033 in
2491 1978 2764 2047 ejusmodi
2790 1977 3054 2035 Toletano
3083 1981 3318 2034 concilio
3352 1991 3603 2039 tractata.

2247 2049 2378 2118 Qum
2410 2065 2539 2104 vero
2570 2050 2656 2104 illa
2691 2048 2890 2105 fuerint
2915 2067 2979 2106 ex
3011 2052 3140 2121 ipsis
3169 2051 3493 2108 lliberritani
3519 2055 3654 2111 actis
3677 2053 3780 2111 dc-

2178 2121 2378 2176 dncere
2426 2135 2756 2193 possumus,
2804 2123 2855 2176 in
2903 2123 3058 2193 cujus
3099 2123 3355 2180 videlicet
3397 2122 3777 2183 defensionem

2177 2201 2420 2264 eoactum
2451 2203 2552 2246 est.
2588 2191 2947 2248 Dttrissimum
2972 2191 3246 2262 Siquidem
3274 2196 3584 2264 videbatur,
3612 2199 3777 2254 alicui

2177 2263 2609 2337 Christianorum
2638 2264 2897 2337 denegari
2934 2281 3146 2321 sacram
3177 2263 3616 2324 communionem
3664 2286 3778 2327 non

2178 2337 2350 2392 solum
2385 2335 2547 2403 longo
2573 2335 2818 2405 tempore
2845 2378 2859 2402 ,
2892 2339 2987 2392 sed
3021 2339 3182 2406 etiam
3213 2341 3468 2396 onmibus
3497 2342 3618 2396 vitae
3659 2359 3778 2398 suae

2179 2407 2370 2489 diebus
2397 2447 2412 2470 ,
2452 2408 2654 2489 ctipso
2682 2410 2736 2464 in
2770 2412 3031 2489 extremis
3063 2410 3262 2465 viatico
3289 2412 3498 2489 cmlesti
3520 2413 3730 2489 privari
3760 2431 3777 2489 ;

2179 2495 2246 2534 eo
2276 2481 2356 2534 vel
2391 2480 2632 2551 maxime
2656 2481 2798 2551 quod
2826 2495 2982 2550 pmtta
3015 2480 3115 2536 hac
3145 2481 3492 2538 severissima
3520 2480 3774 2541 inulctari

2179 2565 2206 2604 a
2229 2551 2464 2626 concilio
2487 2550 2817 2626 jubebantur
2845 2568 2952 2626 non
2981 2553 3154 2607 solum
3182 2553 3525 2623 idololatria;
3557 2557 3776 2626 magiae.

2177 2631 2231 2676 et
2261 2623 2516 2677 similium
2561 2624 2804 2691 gravimu
2849 2625 3136 2679 criminum
3181 2633 3620 2695 perpetratores,
3654 2623 3770 2686 sed

2178 2697 2339 2748 etiam
2372 2695 2407 2749 ii
2431 2695 2520 2764 qui
2549 2707 2664 2764 post
2696 2696 3019 2763 baptismum
3046 2699 3212 2752 semel
3241 2706 3294 2751 et
3320 2697 3519 2752 iterum
3552 2698 3604 2754 in
3637 2716 3779 2756 ma:-

2179 2765 2316 2822 chire
2356 2769 2662 2835 contagium
2698 2765 3038 2822 labebantur.
3086 2767 3241 2834 Quod
3285 2783 3351 2823 ex
3401 2785 3611 2825 canone
3639 2772 3668 2825 7
3700 2772 3779 2828 Ii-

2183 2844 2348 2926 quot,
2385 2837 2584 2926 uhtisic
2614 2837 2842 2926 legimus
2874 2856 2886 2892 :
2921 2839 2982 2894 Si
3010 2840 3130 2926 quis
3141 2840 3286 2926 forte
3311 2839 3481 2926 ﬁdelis
3509 2851 3623 2926 post
3651 2843 3774 2926 lap-

2180 2925 2293 2984 sum
2321 2907 2706 2984 mtpchice._post
2732 2919 2963 2980 tempora
2989 2907 3286 2984 constituta,
3313 2907 3428 2965 acta
3456 2907 3776 2984 paenitentia,

2182 2981 2352 3035 denuo
2381 2981 2534 3050 fuerit
2563 2982 2880 3054 fornicatus,
2903 2983 3095 3054 placuit
3127 2999 3243 3054 eum
3271 2999 3362 3038 nec
3387 2985 3439 3039 in
3456 2981 3566 3053 'ﬁne
3587 2981 3779 3040 habere

2181 3055 2611 3108 communionem.
2633 3053 2786 3124 Quae
2819 3053 2972 3122 paena
3005 3053 3238 3124 vigesies
3273 3070 3372 3124 pro
3402 3056 3638 3112 diversis
3662 3058 3778 3113 cri-

2183 3123 2420 3199 minibus
2446 3125 2498 3178 in
2530 3123 2734 3199 eisdem
2763 3123 3330 3199 conciliica‘nonibus
3367 3127 3622 3199 imposita
3662 3139 3775 3184 est.

2182 3194 2320 3263 Quid
2352 3195 2516 3266 igitur
2551 3195 2745 3252 ntirum
2775 3197 2819 3250 si
2852 3197 3033 3252 multis
3058 3197 3252 3252 durum
3283 3197 3333 3252 id
3364 3194 3534 3253 visum
3564 3198 3726 3256 fuerit
3755 3243 3773 3267 ,

2181 3276 2256 3343 et,
2288 3270 2646 3343 tumultuante
2667 3267 2849 3343 plebe,
2887 3283 3173 3324 necessum
3201 3269 3365 3326 fuerit
3395 3270 3574 3327 denuo
3603 3286 3779 3343 super

2183 3338 2266 3394 bis
2294 3339 2585 3393 concilium
2615 3341 2854 3409 cogere?

2256 3409 2556 3486 Forsanuet
2594 3411 2701 3486 alia
2736 3411 2911 3486 capita
2957 3413 3300 3486 expositione
3322 3453 3339 3479 ,
3373 3427 3467 3471 aut
3495 3425 3774 3486 tempera-

2182 3482 2712 3558 mento_quihusdam
2745 3484 3125 3558 indigere_tisa
3153 3485 3388 3558 luet-ant,
3414 3482 3639 3558 utquod
3669 3489 3779 3543 Ca-

2183 3569 2325 3609 none
2355 3555 2430 3631 51b
2455 3553 2751 3611 stabilitum
2796 3556 2930 3631 luit:
2977 3555 3162 3631 Cereus
3203 3553 3399 3627 placuit
3438 3553 3530 3631 per
3553 3559 3690 3614 diem
3716 3560 3776 3631 in

2179 3627 2465 3699 carmetcrio
2488 3643 2598 3699 twn
2625 3628 2834 3682 accendi
2869 3643 2886 3681 :
2915 3638 2969 3684 et
2997 3628 3138 3697 quod
3169 3632 3420 3699 sequenti
3439 3627 3673 3686 'Canone
3701 3629 3778 3686 55

2180 3696 2394 3752 additur
2421 3715 2434 3750 :
2479 3696 2684 3754 Placuit
2728 3699 2990 3770 prohiberi
3016 3696 3030 3765 ,
3077 3717 3140 3754 ne
3167 3696 3373 3770 femina:
3403 3702 3457 3755 in
3489 3703 3779 3758 cmmeterio

2180 3770 2480 3842 pervigilem
2510 3785 2529 3824 :
2555 3779 2610 3823 et
2655 3786 2838 3827 rursus
2875 3770 3016 3842 quod
3057 3786 3181 3827 can.
3214 3771 3284 3828 56
3313 3772 3562 3829 subditur
3593 3792 3606 3826 :
3637 3772 3778 3829 Pla-

2179 3843 2282 3896 cuit
2305 3842 2633 3914 picturasiitt
2675 3841 2910 3899 Ecclesia
2954 3859 3062 3904 esse
3104 3859 3209 3897 non
3245 3843 3468 3910 debere;
3497 3859 3607 3914 quo
3639 3861 3779 3901 sane

2181 3929 2285 3967 non
2326 3913 2710 3986 prohibebatur
2740 3930 2872 3969 usus
2899 3913 3243 3983 profanarum
3285 3913 3619 3986 imaginum;
3647 3917 3770 3985 sed,

2181 3995 2236 4056 ut
2265 3984 2496 4051 videtur,
2531 4000 2840 4052 sacrarum,
2870 3988 2944 4042 uti
2978 3987 3141 4042 verba
3181 3984 3464 4056 sequentia
3496 3984 3774 4054 indicant,

2184 4054 2267 4132 _I_V_e
2287 4059 2439 4132 quod
2453 4057 2656 4132 colitur.
2683 4069 2735 4132 et
2757 4059 3104 4132 adoratur,_in
3130 4054 3410 4132 parietibus
3431 4060 3772 4132 depingatur.

2185 4129 2276 4182 llis
2299 4127 2572 4202 Siquidem
2617 4130 2824 4185 nobiles
2849 4129 3277 4186 Chrisﬁanitatis
3309 4127 3553 4187 actiones
3584 4127 3778 4202 prohi-

487 4199 641 4279 litlari
673 4216 800 4258 vero
833 4219 848 4260 :
885 4199 1104 4260 Exstant
1135 4209 1250 4279 ejus
1279 4199 1526 4279 adversus
1559 4202 1911 4279 Porphyrium
1933 4199 2071 4278 {qui
2099 4207 2142 4268 C
2177 4202 2290 4279 beri
2319 4200 2663 4279 videbantur.

485 4271 620 4350 inter
667 4285 854 4350 ecetera
897 4295 1050 4350 opera
1094 4271 1206 4350 ejus
1253 4279 1334 4350 vel
1381 4277 1604 4350 maxime
1649 4271 1952 4346 probantur}
1995 4271 2075 4336 De

488 4343 763 4420 b_letlnod_io
805 4349 884 4404 sic
912 4343 1254 4405 {Methodius
1296 4349 1506 4420 Olympi
1548 4343 1758 4419 Lyciis,
1809 4361 1857 4403 et
1904 4361 2079 4418 postea

488 4412 612 4492 [pri
635 4417 928 4492 episcopus,
961 4423 1136 4488 nitidi,
1167 4412 1534 4492 compositique
1553 4412 1807 4475 sErntonis
1833 4412 2080 4479 aduersus

489 4483 845 4560 Porphyrium
889 4483 1314 4564 confecit'libras
1340 4536 1355 4559 ,
1389 4483 1493 4549 ete.
1539 4493 1645 4549 Sed
1699 4493 1834 4560 proh
1881 4494 2074 4550 dolor!

487 4569 622 4634 quot
651 4565 952 4634 priscorum
988 4575 1297 4622 nostrorum
1331 4566 1734 4620 lucubrationes
1767 4566 2074 4634 perierunt!

560 4630 614 4686 5.
634 4631 882 4704 ﬂatalis,
913 4648 1017 4694 etc.
1051 4637 1294 4693 Habetur
1321 4636 1526 4692 mentio
1547 4637 1616 4692 de
1645 4630 1822 4692 Natali
1849 4637 1900 4692 in
1931 4646 2080 4692 cata-

488 4700 610 4781 logo
631 4700 1017 4781 Toletanornm
1038 4711 1442 4781 episcoporum,
1459 4723 1622 4780 quem
1639 4709 1811 4781 edidit
1835 4709 2074 4781 Lonysa;
2118 4769 2124 4775 ,

487 4772 540 4827 in
571 4790 640 4831 eo
671 4783 854 4834 tamen
883 4772 1087 4849 tlelicit,
1116 4772 1259 4854 quod
1290 4772 1653 4854 eum'l‘nnlati
1681 4780 1840 4836 l'aciat
1868 4772 2079 4837 succes-

485 4858 665 4928 gorem
691 4890 706 4916 ,
734 4865 864 4928 cum
911 4861 1091 4928 tamen
1134 4852 1262 4924 post
1305 4852 1677 4928 Melambium
1704 4855 2074 4928 episcopatum

485 4918 715 4994 inlerit._
733 4921 863 4994 Ejus
894 4923 1057 4979 etiam
1096 4918 1291 4982 nomen
1330 4935 1418 4981 est
1447 4926 1499 4980 in
1530 4918 1802 4994 dypticbis
1846 4925 2076 4980 Missalis

485 4992 665 5066 sancti
695 4992 887 5050 lsidori
913 5034 927 5060 ,
981 5007 1102 5066 post
1145 4997 1517 5053 Melambium.
1571 4992 1852 5066 P‘urganda
1896 5006 2075 5053 tamen

483 5064 707 5120 oxeusio
744 5064 995 5123 Ximeniiv
1022 5067 1326 5124 Cardinalis
1351 5114 1364 5135 ,
1398 5069 1541 5131 quod
1595 5064 1701 5122 bis'
1725 5068 2074 5125 Melambium

485 5137 751 5210 nomlnet,
781 5154 904 5210 cum
937 5140 1224 5210 posteriori
1254 5142 1372 5196 loco
1399 5140 1608 5196 Natalis
1634 5141 1954 5196 scribendos
1983 5140 2072 5204 sit,

479 5207 585 5285 lt_oe
625 5209 794 5285 modo
822 5207 976 5285 :_Pro
1010 5213 1276 5285 spiritibus
1329 5211 1721 5285 Paysantiunr.
1763 5211 2071 5285 Honorati,

483 5278 721 5351 Pelagii,
758 5278 1047 5351 Quintiuif
1073 5285 1323 5340 Vincentii
1347 5323 1361 5349 ,
1392 5282 1603 5339 Pauloti
1625 5325 1637 5345 ,
1668 5282 1930 5351 Melmuii,
1961 5282 2076 5338 Na-

481 5351 627 5418 talis,
653 5351 1171 5429 Georg_ii,_01ympii,
1202 5368 1309 5414 etc.
1341 5357 1589 5429 Interfuit
1613 5354 1972 5429 Iliberritano,
1997 5356 2078 5410 ei-

485 5439 592 5499 que
620 5425 950 5499 subscripsit
975 5425 1249 5483 secundus
1281 5429 1422 5484 inter
1450 5427 1800 5499 presbyteros
1826 5427 1933 5480 illis
1953 5439 2075 5481 ver-

482 5493 605 5570 bis:
641 5493 855 5570 Natalis
886 5501 949 5552 de
981 5500 1210 5567 Orsuna,
1244 5493 1710 5570 qnibusinnuitur
1735 5513 1800 5553 eo
1830 5508 2074 5567 tempore

479 5565 649 5644 fuisse
671 5569 797 5644 ejus
815 5570 978 5644 urbis
1011 5565 1403 5644 presbyterum.

554 5637 622 5710 ᾼ.
660 5637 723 5694 C.
767 5641 892 5696 3H.
925 5637 1079 5696 —-'|.
1111 5637 1437 5708 Concilium,
1479 5651 1588 5697 etc.
1638 5639 1807 5710 llujus
1851 5639 2064 5695 concilii

483 5709 667 5785 nullus
724 5720 932 5785 praeter;
961 5713 1220 5769 Dextrum
1266 5729 1424 5785 quem
1472 5709 1767 5785 viderim,
1797 5711 2064 5785 meminit.

2096 5604 2148 5666 D

2253 4272 2384 4328 lnde
2410 4272 2539 4326 illud
2567 4273 2857 4342 contigisse
2881 4288 3028 4338 reor,
3050 4271 3193 4341 quod
3218 4275 3553 4344 Augustinus
3580 4285 3778 4330 narrat

2184 4345 2273 4399 lib.
2303 4354 2524 4398 Icontra
2547 4347 2832 4414 epismlam
2857 4344 3217 4410 Parmeniani,
3245 4344 3466 4401 ilosium
3490 4345 3772 4410 videlicet,

2181 4418 2338 4483 cujus
2370 4416 2422 4470 in
2457 4431 2523 4488 co
2552 4417 2785 4472 concilio
2817 4418 2967 4472 zelus
3005 4416 3231 4472 mirilice
3258 4415 3610 4488 ﬂagraverat,
3642 4417 3776 4473 odio

2181 4505 2210 4543 a
2241 4487 2561 4558 quibusdam
2610 4489 2878 4551 habitum,
2923 4496 2978 4542 et
3005 4487 3075 4543 de
3115 4487 3297 4544 multis
3333 4487 3652 4545 criminibus
3677 4504 3773 4545 co-

2183 4576 2299 4615 ram
2350 4559 2598 4627 lliSpanis
2645 4562 2915 4631 episcopis
2962 4575 3057 4629 per
3085 4559 3413 4616 calumniam
3456 4569 3774 4617 accusaturus

2181 4631 2370 4697 fuisse,
2400 4645 2695 4700 eorumque
2716 4646 2878 4686 voces
2906 4639 3113 4686 tantum
3138 4632 3455 4700 invaluisse,
3477 4640 3540 4688 ut
3563 4631 3632 4687 ab
3655 4631 3770 4687 illis

2182 4705 2395 4757 tandem
2446 4703 2769 4758 sententiam
2809 4701 3174 4759 damnationis
3221 4705 3494 4774 acceperit
3538 4719 3554 4760 :
3599 4717 3629 4758 a
3660 4719 3772 4771 qua

2181 4785 2358 4829 tamen
2381 4816 2394 4837 ,
2428 4773 2624 4829 invidia
2652 4785 2706 4828 et
2747 4774 2953 4829 malitia
2982 4773 3417 4831 adversariorum
3457 4774 3722 4844 patefacta
3748 4817 3766 4841 ,

2180 4848 2249 4902 ab
2271 4845 2542 4917 episcopis
2565 4847 2758 4902 Galliae
2780 4845 2946 4916 (haud
2976 4846 3196 4901 dubium
3221 4847 3350 4914 quin
3379 4846 3432 4900 in
3456 4847 3768 4902 Arelatensi

2181 4920 2413 4974 concilio
2443 4921 2785 4988 congregatis
2805 4961 2819 4985 ,
2855 4927 2908 4972 ut
2939 4917 3151 4990 erudite
3176 4919 3455 4990 contendit
3481 4917 3768 4990 Mendoza)

2180 4991 2458 5046 absolutus
2493 4992 2631 5056 l'nit;
2663 4989 3132 5045 consentientibus
3162 4989 3345 5044 itidem
3376 4990 3628 5059 llis-panis
3660 4989 3770 5044 Pa-

2181 5063 2354 5118 tribus
2382 5063 2434 5116 in
2467 5061 2656 5118 eadem
2687 5061 3048 5118 absolutione.
3075 5061 3219 5117 Sane
3251 5061 3586 5130 prrelibatam
3613 5059 3768 5117 Hosii

2179 5135 2584 5190 damnationem
2609 5133 2662 5188 in
2689 5134 2791 5187 hoc
2809 5132 3069 5188 Toletano
3090 5133 3328 5188 concilio
3353 5133 3547 5188 factam
3575 5133 3763 5197 tuisse,

2181 5217 2397 5276 tempus
2417 5215 2474 5260 et
2499 5220 2657 5260 causa
2683 5205 3035 5260 convincunt.
3065 5203 3262 5260 Narrat
3291 5220 3404 5260 rem
3426 5214 3630 5275 gestam
3657 5207 3769 5276 Au-

2177 5275 2428 5351 gustinus
2448 5278 2616 5334 citato
2649 5277 2769 5351 lib.,
2802 5289 2920 5348 cap.
2955 5278 3006 5351 4,
3037 5277 3445 5351 ea_oceosione,
3468 5275 3614 5351 quod
3650 5275 3764 5331 Do-

2180 5347 2394 5407 natista:
2415 5391 2430 5415 ,
2463 5364 2601 5420 quos
2631 5349 2760 5404 olim
2793 5351 2845 5420 in
2876 5347 3066 5418 capite
3112 5347 3306 5403 Hosius
3341 5348 3720 5420 exagitaverat
3744 5387 3762 5416 ,

2177 5431 2368 5492 utpote
2405 5419 2682 5478 Caeciliani
2709 5419 2969 5476 defensor
3006 5421 3247 5492 existens
3275 5461 3289 5482 ,
3321 5419 3390 5476 de
3431 5419 3579 5492 Hosii
3624 5433 3762 5492 cons

2177 5491 2524 5550 damnatione
2545 5493 2941 5564 gloriabantur.
2968 5492 3044 5564 En
3069 5491 3232 5547 verba
3257 5491 3539 5564 Augustini
3567 5509 3582 5546 :
3610 5491 3764 5558 Quod

2175 5567 2311 5621 enim
2337 5567 2516 5621 dicunt
2541 5562 2604 5621 de
2634 5563 2800 5619 Hosio
2829 5562 3145 5620 Cordubensi
3169 5607 3185 5633 ,
3229 5563 3577 5635 ﬂagitandum
3605 5571 3678 5635 est
3708 5571 3763 5616 ut

2174 5639 2408 5708 probent,
2442 5655 2544 5693 non
2569 5636 2737 5692 solum
2764 5637 2919 5708 talem
2948 5635 3101 5708 illum
3135 5634 3317 5706 fuisse,
3343 5634 3551 5708 qualem
3583 5634 3760 5708 dicunt

2170 5705 2319 5785 (nam
2354 5714 2457 5785 hoc
2484 5710 2648 5785 falsis
2665 5706 2947 5785 conductis
2966 5705 3218 5785 testibus
3231 5705 3457 5785 probari
3490 5705 3755 5785 poterat),

483 5779 588 5835 Sed
611 5795 678 5860 eo
716 5777 962 5860 tetnpore
998 5785 1264 5860 synodum
1285 5777 1576 5860 quamdam
1599 5785 1667 5840 ab
1688 5777 1954 5860 episcopis
1981 5784 2070 5838 lli-
2170 5777 2260 5838 sed
2295 5783 2432 5850 quod
2471 5780 2593 5860 talis
2621 5779 2776 5851 fuerit
2810 5780 3138 5860 manifestum
3179 5777 3288 5860 illis
3326 5777 3534 5860 fuisse,
3574 5777 3754 5860 quibus

482 5853 686 5922 spanite
716 5853 800 5906 his
829 5853 1042 5909 diebus
1066 5853 1393 5912 celebratam
1419 5900 1433 5922 ,
1467 5858 1604 5913 satis
1633 5853 1974 5912 convincitur
2002 5871 2070 5911 ex

482 5920 710 5992 epistola
731 5925 788 5980 ὃ.
814 5925 1132 5986 Melehiadis
1160 5944 1312 6001 papa)
1343 5920 1545 6002 (exstat
1575 5929 1630 5988 in
1652 5938 1800 5987 torno
1830 5927 1850 5984 l
1877 5924 2071 5999 Cone.)

2172 5871 2290 5909 cum
2312 5849 2690 5908 communicare
2713 5849 2988 5906 asserunt:
3005 5849 3102 5920 hoc
3129 5851 3261 5904 enint
3285 5851 3382 5903 nisi
3407 5850 3746 5918 probaverim,

2174 5929 2367 5998 {rustra
2390 5926 2566 5981 dicunt
2589 5939 2644 5979 se
2671 5924 2830 5978 scisse
2848 5922 3018 5994 qualis
3049 5923 3201 5993 fuerit
3226 5923 3384 5993 :quia
3413 5922 3746 5978 nescientibus
