4114 6338
329 407 430 467 477

1368 408 1599 467 FLAVI!
1643 409 1825 469 LUCII
1865 407 2125 467 DEXTBI
2161 407 2585 467 CHRONICON.

3526 409 3633 471 478

685 530 923 591 Sanctus
953 530 1201 591 Licerius
1227 532 1523 605 episcopus
1547 529 1827 600 Carensis,
1871 530 1927 588 in
1960 529 2219 603 Hispania
2255 527 2452 587 llerdae
2476 528 2808 598 celebratur,
2838 542 2947 603 quo
2979 528 3274 588 translatus

757 624 930 685 fuisse
957 624 1162 684 dicitur
1188 640 1313 684 cum
1340 624 1495 683 sede.

1537 739 1792 798 BIVARII
1831 735 2395 796 COMMENTARIUS.

326 881 500 937 obesse
535 897 640 936 non
671 881 882 951 potuit;
907 898 939 937 a
963 880 1147 951 quibus
1175 897 1228 936 se
1256 882 1340 936 isti
1370 879 1915 953 innocentibnssepa-
1943 876 1996 940 A
2021 890 2142 953 cap.
2181 876 2303 953 ωδ,
2337 886 2391 932 et
2416 875 2719 953 Romanum
2750 875 3135 953 Pmnitentiale
3163 876 3620 953 a'puddntottium

325 953 512 1022 rando,
548 963 760 1024 propter
780 955 939 1008 istam
969 954 1308 1025 separationis
1328 952 1642 1025 sacrilegam
1668 952 1917 1025 iniquita-

324 1035 449 1082 tem.
475 1026 771 1081 innocentes
796 1041 906 1081 esse
929 1024 1031 1079 non
1052 1034 1295 1096 possunt.
1316 1024 1433 1079 Hoc
1452 1024 1590 1080 enim
1619 1024 1781 1093 magis
1803 1031 1911 1076 'cre«

322 1096 485 1167 dibile
514 1107 619 1161 est,
656 1098 700 1151 si
731 1106 896 1153 tamen
923 1095 1123 1152 Hosius
1151 1097 1215 1151 ab
1244 1095 1499 1167 Hispanis
1530 1096 1841 1167 damnatus,
1881 1110 1913 1167 a

320 1164 497 1223 Gallis
521 1179 596 1223 est
627 1168 914 1234 absolutus,
936 1169 1009 1223 sic
1040 1169 1152 1238 ﬁeri
1185 1164 1411 1234 potuisse
1432 1211 1447 1234 ,
1480 1177 1536 1222 ut
1563 1168 1712 1236 falsis
1742 1165 1917 1219 crimi-

319 1239 592 1312 natoribus
629 1238 856 1312 Hispani
885 1242 1246 1305 circumventi,
1288 1248 1336 1294 et
1366 1238 1571 1312 callida
1604 1238 1916 1312 insidiarum

318 1309 513 1379 fraude
543 1309 763 1380 decepti,
796 1322 977 1366 contra
1003 1312 1321 1365 innocentem
1347 1311 1540 1380 ferrent
1564 1309 1869 1366 sententiam
1895 1325 1915 1363 :

315 1390 368 1435 et
390 1392 570 1450 postea
590 1382 807 1453 paciﬁca
827 1384 881 1436 in
905 1380 1195 1453 humilitate
1217 1380 1513 1437 Christiana
1539 1381 1777 1453 cederent
1798 1395 1914 1434 seu-

317 1453 498 1527 t_entiae
522 1450 862 1527 collegarum,
887 1452 1070 1527 quibus
1096 1452 1239 1507 illius
1260 1453 1551 1527 innocentia
1577 1450 1792 1522 probata
1817 1456 1909 1527 est.

315 1523 387 1597 Et
420 1524 581 1595 paulo
611 1523 838 1581 inferius
863 1543 877 1581 :
899 1523 1216 1597 Numquam
1256 1525 1345 1597 isti
1366 1538 1440 1597 se
1480 1534 1587 1597 tam
1614 1534 1793 1597 aperte
1825 1524 1911 1578 in-

316 1594 567 1651 dicarunt
593 1638 608 1663 ,
651 1612 745 1651 cur
771 1613 866 1651 nec
910 1594 1144 1664 separati
1183 1596 1374 1668 corrigi
1413 1594 1720 1661 voluerunt,
1758 1611 1912 1665 quam

316 1683 437 1742 cum
465 1668 787 1742 detestantur
817 1667 1123 1742 Hispanos,
1153 1668 1291 1740 quod
1320 1667 1433 1742 post
1469 1668 1746 1742 sententias
1790 1684 1912 1722 suas

316 1739 473 1792 aliter
498 1740 730 1805 prolatas
750 1782 763 1805 ,
793 1739 1102 1794 discussioni
1119 1785 1131 1807 ,
1162 1739 1536 1810 postnioriqne
1567 1740 1765 1805 iudicio
1796 1754 1911 1792 ces-

318 1824 504 1883 serunt
536 1827 555 1865 :
582 1827 739 1883 quam
775 1812 906 1865 enim
947 1810 1043 1864 hoc
1072 1809 1267 1883 factum
1308 1818 1384 1883 est
1414 1809 1486 1883 de
1519 1809 1913 1883 mansuetudine

318 1879 647 1950 Christiana,
680 1893 786 1937 tam
814 1883 950 1938 illud
987 1884 1050 1937 de
1073 1879 1417 1937 contentione
1451 1879 1733 1936 diabolica.
1768 1880 1911 1937 Cau-

319 1966 435 2007 sam
463 1960 595 2007 ναιτο
629 1955 759 2009 tanti
801 1953 914 2009 odii
953 1955 1021 2009 ab
1059 1954 1385 2009 adversariis
1417 1953 1470 2007 in
1510 1952 1735 2008 iiosium
1773 1968 1907 2007 con.

320 2024 491 2096 copti,
522 2025 698 2081 zelum
730 2025 848 2095 ejus
874 2025 1040 2081 inisse
1065 2024 1320 2095 conjicio,
1347 2030 1454 2095 quo
1483 2024 1536 2080 in
1568 2032 1906 2092 peccatores,

322 2105 374 2167 et
392 2095 932 2167 iniquosllagrabat;
960 2112 1080 2153 nam
1106 2097 1248 2163 apud
1271 2097 1522 2151 eumdem
1549 2096 1906 2166 Augustinum

322 2166 440 2240 lego
469 2182 595 2232 cap.
626 2168 658 2223 8
686 2166 807 2223 libri
838 2167 1101 2240 praedicti,
1137 2168 1480 2225 crudelitatis
1510 2177 1635 2240 nota
1666 2168 1905 2240 iuuetunt

324 2238 391 2292 ab
418 2238 680 2312 inimicis,
709 2238 858 2312 quasi
884 2240 1287 2312 suspicionibus
1314 2239 1513 2312 ductus
1545 2238 1816 2312 inauditos
1838 2238 1907 2312 de

326 2325 476 2365 more
517 2307 824 2367 damnaret.
869 2307 1189 2380 Conquestus
1230 2319 1303 2365 est
1356 2308 1755 2383 Parmenianus
1786 2307 1905 2383 (ait)

324 2384 459 2456 quod
490 2383 623 2456 victi
639 2383 781 2455 apud
808 2382 1180 2456 ecclesiasticos
1195 2383 1406 2456 judices
1425 2428 1438 2453 ,
1479 2398 1541 2437 ne
1569 2381 1713 2454 apud
1742 2381 1914 2455 ipsum

327 2452 761 2527 (constantinum
801 2452 1078 2527 videlicet)
1118 2452 1235 2527 quae
1277 2452 1516 2527 dicebant
1551 2452 1775 2527 probare
1820 2468 1914 2526 po-

327 2525 661 2599 tnislten’,_ad
693 2536 930 2597 campum
956 2566 970 2591 ,
1004 2525 1100 2580 hac
1128 2525 1203 2580 est
1229 2567 1242 2591 ,
1271 2525 1340 2599 ad
1365 2525 1678 2599 supplicium
1704 2569 1719 2592 ,
1752 2525 1912 2599 duce-

326 2605 522 2670 rentnr.
560 2595 677 2670 Hoc
716 2595 852 2651 enim
886 2612 1003 2652 eum
1038 2605 1298 2668 tamquam
1322 2595 1621 2670 itttmattiter
1649 2597 1871 2670 jussisse
1894 2639 1909 2663 ,

330 2665 567 2740 Hispano
600 2667 768 2740 Hosio
802 2674 1107 2740 suggerente
1123 2715 1138 2739 ,
1158 2665 1594 2724 criminabantur
1613 2672 1632 2736 ξ
1650 2665 1917 2738 suspicio-

327 2738 476 2815 nibus
496 2738 886 2815 videlicet‘suis',
909 2741 1041 2795 sicut
1062 2738 1277 2815 seniper,
1304 2739 1912 2815 damnandoinauditos.

330 2809 462 2865 Eum
497 2822 678 2869 tamen
709 2812 789 2868 sic
819 2820 1045 2867 excusat
1076 2809 1400 2879 Augustinus
1427 2827 1443 2868 :
1474 2813 1622 2879 quasi
1663 2828 1783 2868 vero
1812 2826 1915 2866 non

326 2883 626 2958 Itumapius,
654 2898 715 2937 ac
741 2883 1060 2953 probabilius
1095 2885 1233 2958 altus
1260 2883 1555 2958 crediderit,
1588 2882 1918 2958 Hosio_tant—

325 2955 497 3026 quam'
517 2955 758 3028 episcopo
800 2962 1098 3026 suggerente
1127 2957 1300 3028 potius
1332 2956 1525 3028 factum
1544 2997 1559 3028 ,
1590 2965 1643 3009 ut
1675 2959 1728 3028 in
1755 2955 1919 3028 lenio:

327 3041 429 3077 rem
453 3025 1153 3093 coercitutionem,’quamvis
1192 3025 1553 3081 immanissimi
1597 3027 1820 3089 sceleris,
1861 3025 1917 3079 id

327 3106 421 3170 est,
450 3098 688 3170 sacrilegi
718 3097 1010 3152 scltismatis
1033 3100 1337 3154 sententiam
1363 3100 1589 3170 ﬂecteret
1614 3098 1916 3169 imperator.

328 3167 464 3294 “inc
496 3167 661 3239 igitur
690 3171 998 3235 conjectura
1031 3180 1138 3236 εει,
1167 3170 1309 3240 apud
1343 3167 1612 3238 liispanos
1641 3167 1917 3226 antistite;

378 3241 557 3294 osiunt
585 3242 651 3294 de
675 3240 998 3294 crudelitate
1028 3254 1333 3294 accusatum
1362 3282 1377 3294 .
1402 3241 1691 3294 occasione
1730 3241 1798 3294 ab
1826 3256 1917 3293 an-

378 3241 557 3295 nsiunt
585 3242 651 3295 de
675 3240 998 3295 crudelitate
1028 3254 1333 3297 accusatum
1362 3282 1377 3309 ,
1402 3241 1691 3297 occasione
1730 3241 1798 3296 ab
1826 3256 1921 3293 an-

330 3312 581 3367 sleritate
610 3316 913 3382 'pmnarum,
938 3328 1059 3382 qua:
1092 3327 1189 3380 per
1215 3313 1361 3368 illius
1387 3312 1641 3369 Eunones
1660 3314 1728 3368 ab
1756 3311 1921 3367 ilosin

328 3386 507 3439 editos
534 3384 979 3455 imponebantur,
1010 3395 1231 3455 accepta
1267 3402 1281 3439 :
1314 3385 1404 3440 ubi
1438 3386 1655 3455 tametsi
1689 3384 1739 3439 in
1767 3383 1919 3440 Hosii

329 3454 627 3524 personam
653 3470 816 3525 super
849 3456 1110 3511 nonnulla
1150 3454 1383 3512 crimina
1429 3454 1535 3511 sibi
1576 3470 1675 3525 per
1716 3456 1924 3512 calum-

334 3528 481 3581 niam
525 3526 780 3597 imposita
807 3569 820 3594 ,
862 3528 1133 3597 sententia
1173 3527 1281 3582 lata
1323 3526 1485 3583 fuerit
1517 3570 1531 3597 ,
1566 3525 1922 3583 lliberritanas

326 3594 690 3654 nihilominus
727 3594 937 3671 Synodi
974 3599 1271 3655 auctoritas
1314 3594 1582 3671 integrata
1621 3606 1676 3655 et
1715 3599 1923 3656 illibata

327 3671 652 3741 permansit.

400 3740 456 3795 id
510 3756 790 3814 veronon
837 3742 1012 3797 solum
1058 3742 1273 3807 constat
1322 3740 1573 3814 praesenti
1614 3741 1929 3798 testinmnio

332 3811 550 3887 pcxtri,
579 3813 672 3869 sed
705 3829 771 3869 ex
796 3818 870 3887 eo
897 3814 1037 3885 quod
1069 3815 1120 3869 i‘n
1152 3811 1394 3872 Eccleéia
1424 3819 1564 3887 apud
1595 3814 1929 3887 recentiores

331 3882 523 3955 Patres
558 3893 614 3941 et
652 3884 880 3941 concilia
914 3882 1195 3955 perpetuo
1244 3888 1297 3943 in
1339 3901 1439 3941 usu
1461 3882 1545 3942 'et
1581 3885 1928 3943 Veneratione

327 3954 447 4012 fuit.
480 3956 548 4012 Et
587 3955 761 4027 primo
801 3954 1093 4013 concilium
1138 3957 1461 4015 Arelatense
1500 3962 1708 4024 septem
1752 3970 1817 4012 ex
1864 3968 1927 4013 ea

328 4041 574 4100 canones
603 4037 901 4100 mutuatum
941 4038 1044 4097 est,
1073 4029 1326 4087 videlicet
1354 4040 1606 4100 quartum
1644 4030 1711 4083 de
1747 4028 1929 4100 Agita-

326 4098 527 4172 toribus
557 4115 575 4152 :
602 4099 658 4164 5,
687 4101 752 4154 de
783 4098 1103 4172 Theatricis;
1132 4100 1187 4169 6,
1215 4101 1280 4156 de
1306 4098 1386 4156 Itis
1424 4100 1513 4172 qui
1538 4100 1593 4155 in
1628 4098 1931 4172 inﬁrmitate

327 4170 543 4225 credere
589 4171 801 4244 uolunt;
839 4173 903 4244 7,7
939 4171 1004 4225 de
1044 4171 1128 4227 Itis
1171 4173 1259 4243 qui
1297 4170 1628 4244 magistratus
1658 4171 1929 4241 gentilium

328 4253 552 4310 gerunt;
582 4240 636 4308 9,
664 4243 726 4297 de
751 4243 933 4298 litteris
959 4240 1354 4314 confessor-um;
1378 4240 1466 4309 Η,
1490 4244 1555 4299 de
1578 4240 1928 4314 matrimoniii

327 4314 620 4382 inﬁdelmm
638 4331 659 4381 ;
687 4324 743 4370 et
763 4313 855 4381 ‘25,
901 4314 964 4367 de
987 4312 1261 4383 apostolis.
1291 4314 1461 4371 Cone.
1494 4327 1622 4370 vero
1651 4312 1928 4371 Nicaznum

329 4386 593 4457 quinque,
620 4386 738 4442 scil.
778 4403 791 4440 :
820 4386 876 4449 ’5,
910 4384 973 4440 de
996 4386 1400 4442 subintroductis
1428 4384 1765 4450 mulieribus;
1790 4382 1844 4457 5,
1867 4385 1930 4440 de

332 4456 797 4532 escomntunicatis
851 4473 881 4511 a
936 4460 1146 4532 proprio
1198 4460 1446 4532 episcOpo
1482 4456 1928 4532 reconciliandis;

331 4528 423 4597 10,
448 4528 513 4582 de
542 4527 797 4583 ltwrcticis
820 4545 921 4600 non
937 4527 1276 4600 'ordinandi's,
1318 4527 1646 4584 et’ordinatis
1670 4528 1926 4600 deponen.

332 4600 449 4664 dis,-
481 4600 568 4667 t3,
594 4600 660 4655 de
693 4598 1072 4656 catechumenis
1100 4597 1464 4669 peccantibus;
1491 4601 1582 4671 18,
1615 4601 1679 4654 de
1718 4597 1930 4654 Clericis

333 4687 523 4726 usuras
553 4672 941 4745 accipientibus.
979 4672 1312 4745 Sardicense
1351 4686 1570 4745 quoque
1613 4671 1826 4745 accepit
1851 4672 1931 4745 Aab

333 4756 402 4797 eo
423 4742 691 4799 canonem
715 4744 803 4807 14,
827 4744 920 4810 qui
952 4744 1007 4798 in
1032 4742 1386 4799 llib‘erritano
1404 4742 1493 4799 est
1509 4742 1601 4809 21,
1630 4742 1702 4797 ibi
1734 4742 1931 4798 Hosius

335 4816 497 4868 tacite
523 4814 595 4869 de
623 4828 690 4870 eo
719 4816 1045 4870 mentionem
1077 4815 1280 4870 iaciens
1310 4815 1444 4871 dixit
1473 4831 1487 4868 :
1522 4812 1740 4868 Memini
1776 4830 1932 4882 supe-

335 4885 473 4940 riore
507 4887 727 4940 concilio
774 4888 963 4956 fratres
997 4890 1200 4941 nostros
1247 4887 1600 4949 constituisse,
1646 4892 1703 4939 ut
1743 4886 1787 4939 si
1816 4886 1931 4956 quis

337 4955 502 5011 laicus
526 4965 629 5012 tres
663 4955 959 5012 Dominicas
981 4958 1090 5012 dies
1121 4974 1224 5011 non
1266 4957 1569 5012 celebrasset
1601 4955 1927 5024 conventum,

337 5030 700 5084 communione
739 5030 1046 5097 privaretur.
1095 5029 1148 5084 In
1176 5029 1441 5084 Toletano
1480 5038 1560 5096 ιι,
1612 5024 1713 5082 sub
1742 5022 1931 5082 Watné

338 5099 479 5156 bane
509 5115 635 5185 rege
662 5116 771 5185 aera
813 5105 953 5185 Caes.
976 5100 1097 5185 ﬁt?
1129 5100 1422 5185 celebrato,
1459 5114 1581 5185 cap.
1614 5100 1703 5162 i5,
1732 5100 1930 5185 citetur

336 5185 511 5227 anon
549 5169 623 5228 ξε)
664 5171 1012 5228 lliberritani.
1059 5170 1116 5226 In
1160 5169 1565 5237 suessoniensi,
1608 5169 1754 5241 quod
1795 5183 1927 5241 ann.

340 5241 497 5300 Dom.
525 5243 634 5301 855
666 5244 995 5300 celebratum
1041 5244 1162 5311 fuit,
1204 5245 1260 5299 in
1298 5245 1434 5300 actis
1478 5238 1706 5298 actionis
1753 5242 1809 5310 6,
1857 5238 1930 5298 ad

339 5313 502 5370 ﬁnem
531 5315 706 5370 ultimi
734 5317 983 5383 canOnis,
1016 5315 1251 5372 relertur
1272 5328 1446 5370 canon
1479 5315 1551 5370 75
1578 5313 1929 5371 Iliberritani.

338 5383 770 5457 Wormacieuse.
801 5387 903 5443 sub
924 5386 1200 5443 Ludovico
1228 5401 1358 5457 rege
1381 5401 1526 5442 anno
1553 5385 1769 5441 Domini
1800 5385 1929 5453 868,

338 5472 459 5512 can.
498 5457 592 5522 59,
618 5452 859 5529 admittit
895 5472 1160 5515 canomm
1194 5459 1228 5514 5
1269 5452 1613 5514 Ilibert'ilani.
1661 5452 1931 5529 Moguntié-

339 5543 464 5601 num
492 5530 597 5601 sub
621 5528 845 5601 [tablino
862 5530 1141 5601 episeopo,
1170 5544 1291 5585 can.
1322 5530 1414 5595 2‘2,
1446 5529 1674 5601 suscipit
1695 5528 1934 5601 canones

338 5600 372 5657 5
398 5610 455 5657 et
473 5601 546 5657 6‘5
573 5599 926 5658 Iliberritani.
972 5599 1450 5671 Moguntinumque
1495 5600 1637 5656 aliud
1682 5600 1784 5654 sub
1810 5601 1931 5669 epi-

338 5684 508 5742 scopo
529 5671 839 5741 Arnulpho,
873 5688 1003 5729 ann.
1037 5674 1164 5740 888,
1187 5684 1397 5729 canone
1425 5672 1519 5739 26,
1548 5674 1714 5728 refert
1732 5672 1930 5727 admit-

341 5742 510 5816 titque
538 5758 802 5799 centonem
848 5744 917 5801 i5
950 5744 1618 5816 ejusdemteumdemque
1658 5757 1924 5816 canonem

340 5813 528 5870 laudat
566 5823 622 5870 et
651 5816 875 5871 innovat
900 5812 1191 5873 concilium
1219 5812 1548 5873 Coloniense
1587 5814 1690 5872 sub
1735 5812 1931 5871 Carolo

343 5882 541 5956 Crasso
568 5886 620 5942 in
647 5900 853 5943 canone
872 5887 906 5943 6
926 5902 1172 5943 suorum.
1203 5887 1332 5945 item
1359 5887 1681 5944 Arelatense
1700 5898 1761 5953 ll,
1787 5887 1930 5956 apud

345 5954 789 6037 Brucardumiib.
818 5974 948 6034 xvu,
974 5973 1095 6032 cap.
1118 5960 1190 6020 55
1218 5969 1275 6020 et
1298 5958 1523 6021 lvonem
1539 5974 1592 6021 ix
1610 5975 1663 6034 p.
1680 5954 1927 6032 Decret.,

2022 949 2382 1020 Augustinum
2427 949 2508 1003 tit.
2558 965 2611 1015 ι,
2647 964 2768 1018 cap.
2808 948 2900 1018 27,
2944 951 3116 1006 citant
3163 948 3228 1005 ex
3276 950 3620 1007 Iliberritano

2017 1019 2281 1092 canonem
2312 1019 2400 1092 65.
2437 1020 2691 1078 [tabanus
2719 1021 2942 1092 insuper
2977 1023 3030 1078 in
3059 1035 3163 1078 suo
3200 1020 3568 1092 Prenitentiali
3598 1037 3613 1076 :

2018 1091 2339 1147 Theodorus
2368 1091 2610 1159 Graecus,
2639 1091 2905 1159 isidorus,
2938 1102 2993 1150 et
3016 1092 3075 1150 S.
3116 1092 3378 1149 Martinus
3408 1091 3611 1147 Braca-

2018 1163 2197 1218 rensis
2219 1164 2271 1231 in
2292 1163 2405 1218 suis
2430 1136 2796 1220 Conciiiorutn
2818 1136 3273 1230 Ctiilectionibus;
3295 1163 3610 1231 Gratianus,

2018 1232 2130 1307 ivo,
2176 1245 2230 1290 et
2262 1228 2566 1307 Brueardus
2599 1237 2651 1291 in
2693 1236 2936 1292 Decretis
2975 1237 3144 1291 multa
3179 1228 3468 1291 abeodem
3514 1228 3608 1291 Ili;

2018 1305 2293 1376 berritano
2321 1305 2546 1362 mutuati
2578 1307 2829 1373 luerunt;
2861 1316 2916 1363 et
2946 1309 3087 1375 quod
3117 1310 3333 1363 caeteris
3364 1314 3607 1376 prmatat,

2018 1374 2322 1451 lladrianus
2351 1393 2485 1451 papa
2515 1376 2559 1451 i,
2590 1394 2711 1448 cap.
2746 1376 2834 1445 60,
2857 1387 2914 1436 et
2934 1374 2999 1451 iii
3028 1374 3609 1451 collectionis'suorum

2019 1420 2570 1516 ἱὶὲέἔὲἑῐι’›ἰῑίἷιιῖζ”ἳίιξιὶ
2590 1420 2887 1506 νᾷἷιὶοῖἔηῖ
2895 1420 2914 1434 ’
2931 1420 3009 1506 si.
3028 1420 3605 1507 ἱῖ”τιέ”ῑὶἐῢέἶιῖι’ἷιὶιῖι’ἑξ

2014 1522 2135 1593 Quo
2166 1521 2349 1576 videas
2391 1528 2593 1591 quanta
2633 1521 2942 1578 reverentia
2985 1529 3249 1593 perpetuo
3282 1522 3333 1576 in
3366 1520 3607 1593 Ecclesia

2017 1591 2257 1647 lubitum
2287 1593 2377 1657 sit,
2406 1590 2464 1666 et
2482 1607 2642 1666 quam
2670 1607 2859 1663 parum
2892 1590 3288 1666 circumspecte
3317 1590 3561 1666 nonnulli
3584 1630 3603 1658 ,

2013 1678 2148 1733 quos
2180 1661 2522 1736 verecundia:
2552 1661 2722 1736 gratia
2754 1679 2860 1720 non
2908 1661 3151 1733 nomino,
3185 1674 3461 1720 tantorum
3501 1661 3607 1719 Pa-

2015 1745 2155 1790 trum
2184 1737 2372 1790 honori
2395 1735 2753 1792 detraxerint.

2083 1807 2235 1874 Quod
2268 1808 2312 1861 si
2338 1807 2471 1879 dura
2504 1806 2596 1862 illa
2629 1822 2790 1877 pinna
2812 1807 3080 1874 videatur,
3107 1822 3271 1879 quam
3313 1805 3603 1879 concilium

2012 1877 2277 1946 ejusmodi
2332 1877 2561 1947 inﬂixit,
2611 1879 2829 1951 privans
2877 1877 3260 1951 delinquentes
3308 1878 3505 1933 viatico
3549 1878 3605 1951 in

2011 1951 2299 2021 extremis;
2347 1965 2443 2019 pro
2490 1951 2752 2017 temporis
2801 1961 2980 2008 tamen
3032 1950 3229 2021 injuria
3289 1950 3599 2005 necessaria

2012 2020 2145 2086 luit,
2174 2030 2339 2094 atque
2370 2022 2422 2076 in
2462 2020 2566 2079 hac
2603 2032 2757 2094 parte
2801 2035 3026 2080 sanctus
3072 2023 3423 2094 innocentium
3463 2032 3605 2094 papa

2010 2091 2301 2147 concilium
2330 2101 2511 2148 tuetur
2539 2091 2868 2164 in’epistoia
2908 2095 2977 2151 ad
3014 2094 3344 2163 Exuperium
3376 2091 3606 2164 {olosao

2013 2180 2162 2229 nnm,
2194 2164 2350 2235 cujus
2394 2165 2447 2219 in
2478 2161 2851 2234 superioribus
2878 2168 3047 2223 verba
3086 2161 3358 2223 dedimus.
3395 2161 3607 2219 Cmtera

2016 2250 2144 2311 vero
2173 2250 2293 2311 qua:
2323 2250 2392 2311 ex
2424 2252 2491 2291 eo
2511 2237 2845 2311 objiciuntur
2872 2253 2978 2294 non
3000 2248 3129 2295 sunt
3151 2238 3219 2293 ad
3253 2251 3366 2311 rem
3384 2249 3606 2311 ,“uequa

2018 2307 2161 2363 enim
2188 2305 2437 2379 absolute
2475 2305 2835 2379 prohibentur
2872 2311 3019 2366 cerei
3065 2311 3120 2365 in
3149 2305 3472 2366 ctemiteriis
3516 2305 3612 2362 ac-

2017 2380 2191 2451 censi,
2220 2378 2317 2451 sed
2357 2378 2775 2448 superstitiosus
2804 2396 2995 2437 eorum
3026 2395 3184 2447 usus;
3217 2378 3363 2451 quod
3400 2378 3611 2451 scilicet

2019 2450 2167 2504 rudis
2205 2450 2360 2520 plebs
2386 2466 2492 2523 per
2515 2468 2609 2508 eos
2649 2452 2908 2509 credebat
2950 2463 3168 2509 sanctos
3218 2449 3487 2523 martyres
3540 2449 3610 2506 ad

2016 2535 2277 2585 responsa
2302 2522 2577 2592 reddenda
2601 2523 2877 2592 revocari;
2904 2539 3028 2581 nam
3053 2523 3304 2580 subditur
3323 2521 3465 2578 ratio
3487 2537 3613 2591 pro—

2019 2591 2302 2648 bibitionis
2332 2610 2348 2648 :
2379 2591 2720 2668 Inquietandi
2763 2591 2899 2651 enim
2922 2597 3142 2668 spiritus
3170 2605 3469 2651 sanctorum
3507 2608 3623 2668 ποῇ’

2017 2674 2143 2737 sunt
2180 2679 2200 2718 :
2243 2678 2354 2737 quo
2401 2664 2563 2737 pacto
2609 2667 2826 2724 Samuel
2875 2664 2962 2724 de
2992 2680 3168 2724 morte
3211 2677 3495 2722 revocatus
3542 2664 3609 2737 ad

2019 2735 2238 2811 saniem
2267 2735 2449 2811 dixit:
2485 2739 2660 2806 Quare
2700 2740 2997 2811 inquietasti
3039 2757 3119 2795 me
3147 2739 3189 2811 (Ι
3223 2739 3353 2811 Reg.
3385 2735 3612 2811 xxvm)?

2020 2807 2207 2862 Notari
2240 2809 2405 2862 etiam
2447 2819 2663 2879 oportet
2715 2807 2821 2866 non
2861 2814 3075 2868 cavisse
3111 2807 3424 2875 concilium,
3465 2807 3611 2878 quad

2021 2892 2187 2954 super
2213 2880 2468 2948 sepulcra
2497 2892 2796 2954 martyrum
2839 2885 2984 2939 cerei
3027 2880 3307 2939 nocturnis
3334 2880 3484 2954 horis
3512 2897 3610 2936 ac-

2020 2951 2410 3024 cenderentur,
2439 2952 2534 3008 sed
2565 2951 2847 3009 dumtaxat
2873 2971 2963 3024 per
2983 2955 3156 3021 diem;
3180 2968 3301 3008 naut
3325 2952 3523 3008 dicitur
3556 2953 3611 3009 in

2020 3022 2272 3097 Conone:
2299 3021 2489 3078 Cereos
2515 3040 2607 3097 per
2636 3028 2768 3081 diem
2797 3021 2991 3095 placuit
3020 3026 3077 3081 in
3105 3025 3381 3082 cmmiterio
3400 3025 3614 3097 nonin-

2021 3094 2196 3168 cendi.
2225 3094 2637 3168 quosane'alia
2665 3094 2987 3168 superstitio
3022 3098 3313 3168 detegitur,
3348 3110 3459 3168 qua
3482 3096 3615 3151 sim-

2026 3164 2197 3235 plices
2234 3165 2424 3222 iideles
2468 3164 2792 3235 credebant,
2824 3178 3016 3225 cereos
3056 3164 3271 3225 incéndi
3312 3164 3378 3223 ad
3409 3167 3615 3223 illumi-

2025 3237 2230 3312 nandas
2258 3237 2469 3292 animas
2491 3248 2849 3304 mortuorum,
2876 3240 2968 3312 qui
2990 3242 3042 3295 in
3070 3240 3307 3296 tenebris
3327 3239 3614 3312 delitesce-

2024 3307 2198 3382 bant,
2257 3318 2314 3364 et
2369 3324 2480 3382 non
2535 3313 2710 3379 potius
2764 3307 2906 3367 iidei'
2942 3314 3184 3368 vivorum
3243 3311 3614 3382 signiﬁcanda:

2024 3379 2230 3450 gratia;
2256 3380 2577 3450 permissum
2601 3398 2731 3440 vero
2754 3397 2948 3439 cereos
2984 3392 3145 3440 noctu
3177 3379 3433 3448 accendi,
3466 3381 3613 3452 quod

2025 3460 2358 3527 eotetnpore
2382 3453 2487 3527 vivi
2519 3456 2640 3524 ipsi,
2674 3456 2767 3527 qui
2798 3456 2863 3511 ad
2897 3457 3145 3525 sepulcra
3173 3462 3484 3527 sanctorum
3515 3469 3610 3509 θι-

2025 3521 2319 3598 cubabant,
2348 3521 2590 3582 candela;
2621 3521 2822 3583 lumine
2846 3521 3168 3598 indigerent.
3191 3525 3460 3582 Caeterum
3485 3539 3610 3582 suc-

2026 3594 2253 3670 cedente
2285 3604 2553 3670 tempore,
2581 3606 2866 3670 postquam
2908 3594 3093 3667 plebes
3135 3597 3614 3670 superstitionibus

1953 3663 1999 3729 C
2029 3665 2346 3741 gentilitatis
2369 3663 2612 3741 purgatae
2654 3663 2801 3736 sunt,
2833 3663 3071 3725 cessavit.
3112 3663 3425 3739 prohibitio.
3460 3668 3618 3741 Faci-

2031 3738 2269 3813 lins_e_st,
2296 3740 2442 3813 quod
2478 3738 2557 3796 de
2585 3755 2793 3798 canOne
2826 3743 2896 3797 55
2932 3738 3311 3813 objiciebatur,
3367 3743 3438 3796 ita
3458 3740 3617 3813 enim

2032 3807 2362 3879 prohibitum
2392 3811 2490 3866 luit
2510 3813 2827 3868 mulieribus
2855 3814 2909 3866 in
2930 3807 3248 3870 ccérniteriis
3271 3810 3611 3882 pervigilare,

2032 3892 2082 3933 Ill
2108 3892 2331 3954 causam
2361 3883 2483 3950 ejus
2508 3885 2886 3953 proltibitionis
2911 3883 3199 3941 concilium
3225 3882 3577 3954 sttbjungeret
3601 3920 3618 3947 .

2032 3966 2092 4004 eo
2115 3952 2254 4026 quod
2298 3966 2432 4026 saepe
2471 3955 2566 4010 sub
2593 3956 2800 4010 obtentu
2841 3956 3114 4026 orationis,
3158 3952 3377 4012 latenter
3418 3952 3619 4010 scelera

2030 4024 2379 4098 committant;
2407 4026 2520 4081 Non
2553 4027 2713 4098 igitur
2735 4024 2944 4096 vigilias
2966 4027 3117 4097 ipsas
3139 4027 3436 4097 prohibuit,
3461 4025 3618 4094 quasi

2031 4104 2096 4149 ex
2131 4107 2203 4169 se
2247 4094 2463 4151 illicitas
2503 4113 2517 4152 :
2561 4094 2730 4165 absit;
2778 4094 2873 4153 sed
2921 4094 3177 4169 quoniam
3212 4100 3296 4155 eis
3341 4098 3620 4153 nonnullas

2033 4166 2293 4242 mulieres
2322 4180 2487 4236 prave
2517 4170 2827 4225 utebantur.
2861 4166 3004 4225 idern
3030 4171 3295 4242 judicium
3334 4169 3619 4242 ferendum

2031 4246 2113 4314 est
2137 4237 2208 4314 de
2244 4247 2454 4295 canone
2484 4242 2762 4310 trigesimo
2792 4244 2968 4308 sexto,
3012 4237 3120 4314 quo
3149 4257 3254 4297 non
3299 4241 3622 4313 prohibetur

2030 4310 2281 4385 absolute
2314 4324 2447 4385 usus
2474 4314 2793 4384 imaginum,
2828 4314 2922 4368 sed
2956 4310 3098 4385 quod
3126 4331 3232 4370 non
3260 4310 3621 4385 depingeren-

2034 4388 2122 4435 tur
2147 4380 2200 4457 in
2226 4383 2524 4451 parietibus
2559 4380 2885 4455 templorum
2905 4430 2920 4455 ,
2949 4380 3070 4441 sive
3099 4387 3227 4457 quia
3255 4380 3620 4455 eo'tempore,

2032 4453 2292 4528 steviettte
2329 4453 2735 4524 persecutione,
2765 4453 3083 4528 plerumque
3109 4453 3619 4514 remanerent'cum

2034 4524 2258 4599 templis
2275 4526 2328 4579 in
2350 4536 2618 4595 potestate
2636 4528 2945 4599 gentilium,
2973 4524 3210 4586 irrisioni
3232 4544 3421 4584 eorum
3445 4542 3513 4582 ex
3525 4541 3621 4594 po-

2031 4596 2185 4653 εἱιως
2214 4595 2330 4654 sive
2354 4600 2610 4667 quoniam
2635 4595 2914 4655 futurorum
2945 4601 3147 4657 crustis
3172 4600 3330 4658 facile
3356 4600 3619 4668 diruptis,

2031 4675 2345 4741 sanctorum
2394 4669 2663 4741 imagines
2702 4670 3175 4740 deformarentur,
3226 4674 3345 4728 sive
3398 4671 3618 4726 tandem

2032 4739 2159 4810 quia
2190 4738 2243 4794 in
2271 4749 2417 4795 tanta
2447 4738 2750 4798 reverentia
2787 4756 2855 4799 eo
2891 4738 3346 4808 tetnporis'erant
3373 4741 3517 4810 apud
3557 4741 3619 4797 ii-

1998 4880 2005 4885 .
2032 4809 2184 4898 deles
2220 4814 3021 4898 sanctoﬁrunrimagines,.quod
3046 4831 3154 4872 non
3184 4817 3236 4871 in
3278 4809 3472 4898 quavis
3492 4830 3619 4898 .ma-

2035 4882 2170 4935 teria
2194 4881 2502 4957 visumiuit
2523 4881 2721 4957 decere
2750 4881 3001 4957 depingi;
3034 4903 3154 4957 quae
3183 4881 3367 4943 omnia
3404 4887 3539 4942 satis
3564 4886 3620 4942 in

2034 4967 2195 5030 causa
2239 4954 2622 5030 prohibitionis
2668 4972 2699 5011 a
2744 4954 2978 5014 concilio
3016 4954 3305 5030 subiuncta
3331 5001 3346 5029 ,
3393 4958 3622 5028 intelligi

2034 5023 2255 5101 dantur,
2288 5024 2372 5080 Ne
2402 5030 2542 5101 guod
2588 5029 2794 5097 colitur,
2843 5039 2893 5084 et
2935 5023 3207 5097 adoratur,
3242 5032 3297 5086 in
3332 5023 3625 5101 parietibus

2034 5095 2361 5170 depingatur.
2396 5095 2501 5172 sed
2527 5099 2651 5172 haec
2678 5095 2812 5157 satis
2847 5116 2947 5172 pro
2989 5095 3238 5160 inStituto
3271 5095 3454 5158 nostro
3492 5117 3623 5157 cen-

2033 5166 2279 5244 seantur.
2308 5166 2466 5244 quod
2493 5170 2540 5226 si
2584 5173 2706 5242 quis
2746 5166 2899 5243 plura
2931 5172 3207 5231 desiderat
3241 5176 3291 5229 in
3324 5174 3625 5244 expositio-

2035 5254 2160 5295 nem
2206 5239 2398 5297 borum
2430 5239 2709 5300 Canopum
2749 5239 3007 5300 consulat
3053 5244 3114 5301 Ι).
3153 5239 3501 5303 [θ’θτηδηίιύιη
3551 5244 3624 5300 de

2034 5310 2293 5389 Mendoza
2323 5310 2463 5370 libro
2486 5314 2676 5389 citato,
2707 5312 2941 5389 Alanum
2979 5317 3188 5389 Copum
3226 5317 3443 5389 dialogo
3482 5315 3538 5381 ὅ,
3567 5330 3619 5371 c.

2036 5384 2128 5461 i6,
2156 5394 2211 5440 et
2233 5398 2298 5439 ex
2323 5385 2719 5461 recentioribus
2751 5384 3346 5461 theologingazquez,
3378 5384 3587 5461 Silere:
3608 5428 3624 5454 ,

2035 5454 2341 5587 :tfogcan‘ti
2353 5456 2409 5513 in
2430 5459 2858 5518 Commentariis
2879 5454 3229 5533 adq.'35,tu'.
3259 5454 3340 5532 p.,
3365 5460 3433 5516 D.
3462 5460 3626 5524 'flto.,

2035 5537 2142 5584 art.
2176 5532 2209 5583 5
2233 5537 2288 5586 et
2306 5532 2359 5586 6.

2108 5600 2164 5656 2.
2196 5600 2257 5657 S.
2287 5601 2544 5670 Licerius,
2580 5614 2688 5662 etc.
2721 5602 2936 5660 Floruit
2973 5603 3033 5657 S.
3065 5602 3310 5660 Licerius
3335 5613 3482 5659 anno
3522 5602 3632 5659 Do-

2037 5671 2171 5728 mini
2194 5673 2465 5747 268,,quo
2496 5675 2565 5731 de
2590 5679 2712 5747 ipso
2737 5677 2949 5747 egimus
2980 5690 3104 5731 cum
3139 5677 3363 5744 Dextro,
3390 5677 3485 5744 qui
3535 5684 3620 5731 the

2036 5759 2160 5820 t_nen
2192 5744 2297 5820 hoc
2331 5744 2453 5820 loco
2480 5748 2548 5803 de
2575 5744 2722 5803 fama
2760 5744 2824 5820 ac
2856 5746 3026 5820 gloria
3061 5749 3298 5804 nominis
3334 5748 3455 5820 ejus
3487 5749 3621 5820 agit.

2036 5814 2208 5889 Porro
2235 5814 2490 5889 carensis
2518 5820 2688 5886 urbis,
2721 5814 2883 5888 cuius
2904 5819 3196 5889 episcopus
3231 5814 3398 5876 fuisse
3423 5814 3623 5877 scribi-

2036 5894 2123 5968 tur
2170 5884 2228 5968 S_.
2273 5888 2536 5968 Licerius,
2585 5884 2833 5968 meminit
2876 5884 3297 5968 Antoninus_in
3338 5890 3624 5968 Itinerario

2036 5958 2178 6018 inter
2206 5958 2513 6022 Lanuuium
2547 5970 2627 6039 et_
2640 5960 3133 6037 Caesaraugustam.
3177 5963 3417 6038 Scripsit
3455 5962 3620 6024 etiam
