  <div class='ocr_page' id='page_1' title='image "/cluster/home/n/w/nwhite01/storage/ocr_20150623/31/hvd.32044015471444/247.png"; bbox 0 0 4114 6338; ppageno 0'>
   <div class='ocr_carea' id='block_1_1' title="bbox 508 203 620 264">
    <p class='ocr_par' dir='ltr' id='par_1_1' title="bbox 508 203 620 264">
     <span class='ocr_line' id='line_1_1' title="bbox 508 203 620 264; baseline -0.009 0"><span class='ocrx_word' id='word_1_1' title='bbox 508 203 620 264; x_wconf 68' lang='grc'><strong>183</strong></span> 
     </span>
    </p>
   </div>
   <div class='ocr_carea' id='block_1_2' title="bbox 1561 197 2772 261">
    <p class='ocr_par' dir='ltr' id='par_1_2' title="bbox 1561 197 2772 261">
     <span class='ocr_line' id='line_1_2' title="bbox 1561 197 2772 261; baseline 0 -1"><span class='ocrx_word' id='word_1_2' title='bbox 1561 200 1791 260; x_wconf 80' lang='lat' dir='ltr'><strong>FLAVII</strong></span> <span class='ocrx_word' id='word_1_3' title='bbox 1833 199 2016 260; x_wconf 82' lang='lat' dir='ltr'><strong>LUCll</strong></span> <span class='ocrx_word' id='word_1_4' title='bbox 2057 197 2317 258; x_wconf 80' lang='lat' dir='ltr'><strong>DEXTRI</strong></span> <span class='ocrx_word' id='word_1_5' title='bbox 2355 199 2772 261; x_wconf 77' lang='lat' dir='ltr'><strong>CllllONlCON.</strong></span> 
     </span>
    </p>
   </div>
   <div class='ocr_carea' id='block_1_3' title="bbox 3705 206 3884 280">
    <p class='ocr_par' dir='ltr' id='par_1_3' title="bbox 3705 206 3884 280">
     <span class='ocr_line' id='line_1_3' title="bbox 3705 206 3884 280; baseline -0.006 -14"><span class='ocrx_word' id='word_1_6' title='bbox 3705 206 3811 267; x_wconf 72' lang='lat' dir='ltr'><strong>ist</strong></span> <span class='ocrx_word' id='word_1_7' title='bbox 3863 269 3884 280; x_wconf 65' lang='grc'><em>,</em></span> 
     </span>
    </p>
   </div>
   <div class='ocr_carea' id='block_1_4' title="bbox 509 319 2586 393">
    <p class='ocr_par' dir='ltr' id='par_1_4' title="bbox 509 319 2586 393">
     <span class='ocr_line' id='line_1_4' title="bbox 509 319 2586 393; baseline -0.001 -13"><span class='ocrx_word' id='word_1_8' title='bbox 509 325 576 380; x_wconf 80' lang='grc' dir='ltr'><strong>Α.</strong></span> <span class='ocrx_word' id='word_1_9' title='bbox 603 322 665 379; x_wconf 87' lang='lat' dir='ltr'><strong>C.</strong></span> <span class='ocrx_word' id='word_1_10' title='bbox 689 320 817 379; x_wconf 66' lang='lat'><strong>521.</strong></span> <span class='ocrx_word' id='word_1_11' title='bbox 891 319 1101 377; x_wconf 84' lang='lat' dir='ltr'><strong>Natalis</strong></span> <span class='ocrx_word' id='word_1_12' title='bbox 1131 319 1279 377; x_wconf 90' lang='lat' dir='ltr'><strong>misit</strong></span> <span class='ocrx_word' id='word_1_13' title='bbox 1307 319 1664 378; x_wconf 88' lang='lat' dir='ltr'><strong>Constantino</strong></span> <span class='ocrx_word' id='word_1_14' title='bbox 1692 321 1898 378; x_wconf 79' lang='lat' dir='ltr'><strong>natales</strong></span> <span class='ocrx_word' id='word_1_15' title='bbox 1923 330 2226 393; x_wconf 77' lang='lat' dir='ltr'><strong>martyrum</strong></span> <span class='ocrx_word' id='word_1_16' title='bbox 2265 329 2323 377; x_wconf 91' lang='lat' dir='ltr'><strong>et</strong></span> <span class='ocrx_word' id='word_1_17' title='bbox 2351 320 2586 378; x_wconf 90' lang='lat' dir='ltr'><strong>tabulas.</strong></span> 
     </span>
    </p>
   </div>
   <div class='ocr_carea' id='block_1_5' title="bbox 871 413 3808 487">
    <p class='ocr_par' dir='ltr' id='par_1_5' title="bbox 871 413 3808 487">
     <span class='ocr_line' id='line_1_5' title="bbox 871 413 3808 487; baseline 0.002 -15"><span class='ocrx_word' id='word_1_18' title='bbox 871 414 985 472; x_wconf 88' lang='lat' dir='ltr'><strong>Sub</strong></span> <span class='ocrx_word' id='word_1_19' title='bbox 1014 413 1186 470; x_wconf 84' lang='lat' dir='ltr'><strong>Natali</strong></span> <span class='ocrx_word' id='word_1_20' title='bbox 1216 414 1482 472; x_wconf 88' lang='lat' dir='ltr'><strong>Toletano</strong></span> <span class='ocrx_word' id='word_1_21' title='bbox 1511 414 1790 486; x_wconf 84' lang='lat' dir='ltr'><strong>pontiﬁce,</strong></span> <span class='ocrx_word' id='word_1_22' title='bbox 1819 427 1872 471; x_wconf 90' lang='lat' dir='ltr'><strong>et</strong></span> <span class='ocrx_word' id='word_1_23' title='bbox 1899 414 2158 487; x_wconf 62' lang='lat' dir='ltr'><strong>praeside,</strong></span> <span class='ocrx_word' id='word_1_24' title='bbox 2187 414 2343 486; x_wconf 92' lang='lat' dir='ltr'><strong>jussu</strong></span> <span class='ocrx_word' id='word_1_25' title='bbox 2382 414 2749 487; x_wconf 77' lang='lat' dir='ltr'><strong>Constantini,</strong></span> <span class='ocrx_word' id='word_1_26' title='bbox 2772 417 3065 474; x_wconf 86' lang='lat' dir='ltr'><strong>concilium</strong></span> <span class='ocrx_word' id='word_1_27' title='bbox 3102 417 3284 476; x_wconf 86' lang='lat' dir='ltr'><strong>Toleti</strong></span> <span class='ocrx_word' id='word_1_28' title='bbox 3311 435 3444 477; x_wconf 85' lang='lat' dir='ltr'><strong>con-</strong></span> <span class='ocrx_word' id='word_1_29' title='bbox 3475 420 3541 478; x_wconf 83' lang='lat' dir='ltr'><strong>A.</strong></span> <span class='ocrx_word' id='word_1_30' title='bbox 3561 419 3808 480; x_wconf 68' lang='lat'><strong>8.1075.</strong></span> 
     </span>
    </p>
   </div>
   <div class='ocr_carea' id='block_1_6' title="bbox 949 507 3311 586">
    <p class='ocr_par' dir='ltr' id='par_1_6' title="bbox 949 507 3311 586">
     <span class='ocr_line' id='line_1_6' title="bbox 949 507 3311 586; baseline 0.001 -23"><span class='ocrx_word' id='word_1_31' title='bbox 949 507 1179 564; x_wconf 85' lang='lat' dir='ltr'><strong>trahitur</strong></span> <span class='ocrx_word' id='word_1_32' title='bbox 1210 527 1223 563; x_wconf 91' lang='lat'><strong>:</strong></span> <span class='ocrx_word' id='word_1_33' title='bbox 1257 508 1639 580; x_wconf 80' lang='lat' dir='ltr'><strong>episcOporum</strong></span> <span class='ocrx_word' id='word_1_34' title='bbox 1671 509 1908 578; x_wconf 78' lang='lat' dir='ltr'><strong>antiqua:</strong></span> <span class='ocrx_word' id='word_1_35' title='bbox 1935 507 2118 574; x_wconf 89' lang='lat' dir='ltr'><strong>sedes,</strong></span> <span class='ocrx_word' id='word_1_36' title='bbox 2145 523 2264 580; x_wconf 78' lang='lat' dir='ltr'><strong>quae</strong></span> <span class='ocrx_word' id='word_1_37' title='bbox 2289 522 2419 564; x_wconf 92' lang='lat' dir='ltr'><strong>suos</strong></span> <span class='ocrx_word' id='word_1_38' title='bbox 2448 507 2583 564; x_wconf 83' lang='lat' dir='ltr'><strong>lines</strong></span> <span class='ocrx_word' id='word_1_39' title='bbox 2609 509 2927 580; x_wconf 83' lang='lat' dir='ltr'><strong>amiserant,</strong></span> <span class='ocrx_word' id='word_1_40' title='bbox 2961 520 3311 586; x_wconf 90' lang='lat' dir='ltr'><strong>receperunt.</strong></span> 
     </span>
    </p>
   </div>
   <div class='ocr_carea' id='block_1_7' title="bbox 664 601 2381 667">
    <p class='ocr_par' dir='ltr' id='par_1_7' title="bbox 664 601 2381 667">
     <span class='ocr_line' id='line_1_7' title="bbox 664 601 2381 667; baseline -0.002 -5"><span class='ocrx_word' id='word_1_41' title='bbox 664 605 791 664; x_wconf 86' lang='lat'><strong>550.</strong></span> <span class='ocrx_word' id='word_1_42' title='bbox 867 603 1141 660; x_wconf 84' lang='lat' dir='ltr'><strong>Arnobius</strong></span> <span class='ocrx_word' id='word_1_43' title='bbox 1167 604 1359 659; x_wconf 87' lang='lat' dir='ltr'><strong>rhetor</strong></span> <span class='ocrx_word' id='word_1_44' title='bbox 1385 604 1437 658; x_wconf 92' lang='lat' dir='ltr'><strong>in</strong></span> <span class='ocrx_word' id='word_1_45' title='bbox 1457 601 1639 658; x_wconf 80' lang='lat' dir='ltr'><strong>Africa</strong></span> <span class='ocrx_word' id='word_1_46' title='bbox 1661 601 1865 658; x_wconf 84' lang='lat' dir='ltr'><strong>docens</strong></span> <span class='ocrx_word' id='word_1_47' title='bbox 1882 644 1896 667; x_wconf 91' lang='lat'><strong>,</strong></span> <span class='ocrx_word' id='word_1_48' title='bbox 1924 603 2106 659; x_wconf 86' lang='lat' dir='ltr'><strong>clarus</strong></span> <span class='ocrx_word' id='word_1_49' title='bbox 2131 601 2381 659; x_wconf 90' lang='lat' dir='ltr'><strong>habetur.</strong></span> 
     </span>
    </p>
   </div>
   <div class='ocr_carea' id='block_1_8' title="bbox 663 694 3454 783">
    <p class='ocr_par' dir='ltr' id='par_1_8' title="bbox 663 694 3454 783">
     <span class='ocr_line' id='line_1_8' title="bbox 663 694 3454 783; baseline -0.002 -27"><span class='ocrx_word' id='word_1_50' title='bbox 663 697 791 756; x_wconf 82' lang='lat'><strong>555.</strong></span> <span class='ocrx_word' id='word_1_51' title='bbox 869 696 1080 753; x_wconf 90' lang='lat' dir='ltr'><strong>Mortuo</strong></span> <span class='ocrx_word' id='word_1_52' title='bbox 1101 694 1380 767; x_wconf 88' lang='lat' dir='ltr'><strong>Sylvestro</strong></span> <span class='ocrx_word' id='word_1_53' title='bbox 1408 694 1668 750; x_wconf 84' lang='lat' dir='ltr'><strong>successit</strong></span> <span class='ocrx_word' id='word_1_54' title='bbox 1697 694 1748 783; x_wconf 78' lang='lat' dir='ltr'><strong>in</strong></span> <span class='ocrx_word' id='word_1_55' title='bbox 1779 695 1911 752; x_wconf 91' lang='lat' dir='ltr'><strong>sede</strong></span> <span class='ocrx_word' id='word_1_56' title='bbox 1941 695 2086 752; x_wconf 88' lang='lat' dir='ltr'><strong>Petri</strong></span> <span class='ocrx_word' id='word_1_57' title='bbox 2113 708 2335 754; x_wconf 90' lang='lat' dir='ltr'><strong>sanctus</strong></span> <span class='ocrx_word' id='word_1_58' title='bbox 2355 697 2589 768; x_wconf 84' lang='lat' dir='ltr'><strong>Marcus,</strong></span> <span class='ocrx_word' id='word_1_59' title='bbox 2624 707 2679 756; x_wconf 92' lang='lat' dir='ltr'><strong>et</strong></span> <span class='ocrx_word' id='word_1_60' title='bbox 2707 712 2850 756; x_wconf 87' lang='lat' dir='ltr'><strong>anno</strong></span> <span class='ocrx_word' id='word_1_61' title='bbox 2887 698 3136 773; x_wconf 88' lang='lat' dir='ltr'><strong>sequenti</strong></span> <span class='ocrx_word' id='word_1_62' title='bbox 3186 697 3454 755; x_wconf 87' lang='lat' dir='ltr'><strong>successit</strong></span> 
     </span>
    </p>
   </div>
   <div class='ocr_carea' id='block_1_9' title="bbox 942 789 1427 848">
    <p class='ocr_par' dir='ltr' id='par_1_9' title="bbox 942 789 1427 848">
     <span class='ocr_line' id='line_1_9' title="bbox 942 789 1427 848; baseline -0.008 0"><span class='ocrx_word' id='word_1_63' title='bbox 942 790 1000 848; x_wconf 92' lang='lat' dir='ltr'><strong>S.</strong></span> <span class='ocrx_word' id='word_1_64' title='bbox 1033 790 1213 848; x_wconf 82' lang='lat' dir='ltr'><strong>Marco</strong></span> <span class='ocrx_word' id='word_1_65' title='bbox 1231 789 1427 847; x_wconf 82' lang='lat' dir='ltr'><strong>Julius.</strong></span> 
     </span>
    </p>
   </div>
   <div class='ocr_carea' id='block_1_10' title="bbox 667 875 3459 947">
    <p class='ocr_par' dir='ltr' id='par_1_10' title="bbox 667 875 3459 947">
     <span class='ocr_line' id='line_1_10' title="bbox 667 875 3459 947; baseline -0.002 -5"><span class='ocrx_word' id='word_1_66' title='bbox 667 884 794 942; x_wconf 90' lang='lat'><strong>557.</strong></span> <span class='ocrx_word' id='word_1_67' title='bbox 869 882 967 940; x_wconf 82' lang='lat' dir='ltr'><strong>Hic</strong></span> <span class='ocrx_word' id='word_1_68' title='bbox 993 898 1172 940; x_wconf 91' lang='lat' dir='ltr'><strong>annus</strong></span> <span class='ocrx_word' id='word_1_69' title='bbox 1194 882 1474 938; x_wconf 90' lang='lat' dir='ltr'><strong>luctuosus</strong></span> <span class='ocrx_word' id='word_1_70' title='bbox 1497 889 1552 938; x_wconf 91' lang='lat' dir='ltr'><strong>et</strong></span> <span class='ocrx_word' id='word_1_71' title='bbox 1581 879 1934 936; x_wconf 89' lang='lat' dir='ltr'><strong>calamitosus</strong></span> <span class='ocrx_word' id='word_1_72' title='bbox 1965 875 2066 932; x_wconf 77' lang='lat' dir='ltr'><strong>fuit</strong></span> <span class='ocrx_word' id='word_1_73' title='bbox 2089 875 2403 947; x_wconf 66' lang='lat' dir='ltr'><strong>reipublicae</strong></span> <span class='ocrx_word' id='word_1_74' title='bbox 2438 875 2761 935; x_wconf 70' lang='lat' dir='ltr'><strong>Christiana:</strong></span> <span class='ocrx_word' id='word_1_75' title='bbox 2788 895 2801 933; x_wconf 90' lang='lat'><strong>:</strong></span> <span class='ocrx_word' id='word_1_76' title='bbox 2829 892 2953 934; x_wconf 89' lang='lat' dir='ltr'><strong>nam</strong></span> <span class='ocrx_word' id='word_1_77' title='bbox 2987 892 3027 934; x_wconf 85' lang='lat' dir='ltr'><strong>tt</strong></span> <span class='ocrx_word' id='word_1_78' title='bbox 3069 876 3290 936; x_wconf 84' lang='lat' dir='ltr'><strong>kalend.</strong></span> <span class='ocrx_word' id='word_1_79' title='bbox 3315 877 3459 937; x_wconf 84' lang='lat' dir='ltr'><strong>Junii</strong></span> 
     </span>
    </p>
   </div>
   <div class='ocr_carea' id='block_1_11' title="bbox 3647 604 3808 662">
    <p class='ocr_par' dir='ltr' id='par_1_11' title="bbox 3647 604 3808 662">
     <span class='ocr_line' id='line_1_11' title="bbox 3647 604 3808 662; baseline 0 -1"><span class='ocrx_word' id='word_1_80' title='bbox 3647 604 3808 662; x_wconf 83' lang='lat'><strong>1081.</strong></span> 
     </span>
    </p>
   </div>
   <div class='ocr_carea' id='block_1_12' title="bbox 3644 698 3808 758">
    <p class='ocr_par' dir='ltr' id='par_1_12' title="bbox 3644 698 3808 758">
     <span class='ocr_line' id='line_1_12' title="bbox 3644 698 3808 758; baseline 0.024 -3"><span class='ocrx_word' id='word_1_81' title='bbox 3644 698 3808 758; x_wconf 82' lang='lat'><strong>1086.</strong></span> 
     </span>
    </p>
   </div>
   <div class='ocr_carea' id='block_1_13' title="bbox 3643 880 3808 940">
    <p class='ocr_par' dir='ltr' id='par_1_13' title="bbox 3643 880 3808 940">
     <span class='ocr_line' id='line_1_13' title="bbox 3643 880 3808 940; baseline 0.006 -1"><span class='ocrx_word' id='word_1_82' title='bbox 3643 880 3808 940; x_wconf 87' lang='lat'><strong>1088.</strong></span> 
     </span>
    </p>
   </div>
   <div class='ocr_carea' id='block_1_14' title="bbox 1731 989 2594 1073">
    <p class='ocr_par' dir='ltr' id='par_1_14' title="bbox 1731 989 2594 1073">
     <span class='ocr_line' id='line_1_14' title="bbox 1731 989 2594 1073; baseline -0.002 -23"><span class='ocrx_word' id='word_1_83' title='bbox 1731 991 1990 1050; x_wconf 79' lang='lat' dir='ltr'><strong>BIVARII</strong></span> <span class='ocrx_word' id='word_1_84' title='bbox 2027 989 2594 1073; x_wconf 72' lang='lat' dir='ltr'><strong>COMMENTARIUS.</strong></span> 
     </span>
    </p>
   </div>
   <div class='ocr_carea' id='block_1_15' title="bbox 516 1083 3810 1171">
    <p class='ocr_par' dir='ltr' id='par_1_15' title="bbox 516 1083 3810 1171">
     <span class='ocr_line' id='line_1_15' title="bbox 516 1083 3810 1171; baseline -0.002 -18"><span class='ocrx_word' id='word_1_85' title='bbox 516 1099 766 1171; x_wconf 82' lang='lat' dir='ltr'><strong>scriptum</strong></span> <span class='ocrx_word' id='word_1_86' title='bbox 796 1104 868 1151; x_wconf 85' lang='lat' dir='ltr'><strong>est</strong></span> <span class='ocrx_word' id='word_1_87' title='bbox 893 1109 1040 1171; x_wconf 82' lang='lat' dir='ltr'><strong>:quc</strong></span> <span class='ocrx_word' id='word_1_88' title='bbox 1067 1091 1429 1171; x_wconf 75' lang='lat' dir='ltr'><strong>etiam_modo</strong></span> <span class='ocrx_word' id='word_1_89' title='bbox 1456 1089 1640 1171; x_wconf 69' lang='lat' dir='ltr'><strong>cancri</strong></span> <span class='ocrx_word' id='word_1_90' title='bbox 1671 1089 1857 1171; x_wconf 67' lang='lat' dir='ltr'><strong>l’atres</strong></span> <span class='ocrx_word' id='word_1_91' title='bbox 1901 1083 2108 1171; x_wconf 74' lang='lat' dir='ltr'><strong>suscri-</strong></span> <span class='ocrx_word' id='word_1_92' title='bbox 2139 1088 2188 1148; x_wconf 82' lang='grc' dir='ltr'>Α</span> <span class='ocrx_word' id='word_1_93' title='bbox 2216 1098 2244 1171; x_wconf 66' lang='grc' dir='ltr'><strong>ι⁸</strong></span> <span class='ocrx_word' id='word_1_94' title='bbox 2281 1083 2506 1171; x_wconf 71' lang='lat' dir='ltr'><strong>Augusti</strong></span> <span class='ocrx_word' id='word_1_95' title='bbox 2561 1085 2805 1171; x_wconf 38' lang='lat' dir='ltr'><strong>notavit;</strong></span> <span class='ocrx_word' id='word_1_96' title='bbox 2841 1087 3022 1171; x_wconf 72' lang='lat' dir='ltr'><strong>Quare</strong></span> <span class='ocrx_word' id='word_1_97' title='bbox 3065 1088 3197 1171; x_wconf 77' lang='lat' dir='ltr'><strong>inde</strong></span> <span class='ocrx_word' id='word_1_98' title='bbox 3231 1089 3310 1146; x_wconf 93' lang='lat' dir='ltr'><strong>sic</strong></span> <span class='ocrx_word' id='word_1_99' title='bbox 3349 1090 3810 1171; x_wconf 44' lang='lat' dir='ltr'><strong>yocari‘cmptum</strong></span> 
     </span>
    </p>
   </div>
   <div class='ocr_carea' id='block_1_16' title="bbox 517 1157 2114 1240">
    <p class='ocr_par' dir='ltr' id='par_1_16' title="bbox 517 1157 2114 1240">
     <span class='ocr_line' id='line_1_16' title="bbox 517 1157 2114 1240; baseline -0.01 -14"><span class='ocrx_word' id='word_1_100' title='bbox 517 1157 652 1227; x_wconf 61' lang='lat' dir='ltr'><strong>bttn&#39;t</strong></span> <span class='ocrx_word' id='word_1_101' title='bbox 673 1211 688 1235; x_wconf 96' lang='lat'><strong>,</strong></span> <span class='ocrx_word' id='word_1_102' title='bbox 719 1184 773 1224; x_wconf 88' lang='lat' dir='ltr'><strong>v.</strong></span> <span class='ocrx_word' id='word_1_103' title='bbox 801 1184 853 1239; x_wconf 86' lang='lat' dir='ltr'><strong>g.</strong></span> <span class='ocrx_word' id='word_1_104' title='bbox 890 1157 1168 1240; x_wconf 46' lang='lat' dir='ltr'><strong>procinciw</strong></span> <span class='ocrx_word' id='word_1_105' title='bbox 1197 1159 1750 1240; x_wconf 30' lang='lat' dir='ltr'><strong>(EgyptiAlexandi-zr</strong></span> <span class='ocrx_word' id='word_1_106' title='bbox 1785 1157 2114 1240; x_wconf 33' lang='lat' dir='ltr'><strong>Alexandroiw</strong></span> 
     </span>
    </p>
   </div>
   <div class='ocr_carea' id='block_1_17' title="bbox 521 1229 2114 1312">
    <p class='ocr_par' dir='ltr' id='par_1_17' title="bbox 521 1229 2114 1312">
     <span class='ocr_line' id='line_1_17' title="bbox 521 1229 2114 1312; baseline -0.008 -17"><span class='ocrx_word' id='word_1_107' title='bbox 521 1229 754 1312; x_wconf 62' lang='lat' dir='ltr'><strong>magnis,</strong></span> <span class='ocrx_word' id='word_1_108' title='bbox 802 1229 914 1294; x_wconf 67' lang='grc' dir='ltr'><strong>ἷξιοῖ</strong></span> <span class='ocrx_word' id='word_1_109' title='bbox 965 1235 1256 1292; x_wconf 78' lang='lat' dir='ltr'><strong>Prouincia:</strong></span> <span class='ocrx_word' id='word_1_110' title='bbox 1283 1229 1596 1290; x_wconf 46' lang='lat' dir='ltr'><strong>&quot;Galliarum</strong></span> <span class='ocrx_word' id='word_1_111' title='bbox 1640 1232 1890 1288; x_wconf 84' lang='lat' dir='ltr'><strong>Nicasius</strong></span> <span class='ocrx_word' id='word_1_112' title='bbox 1937 1229 2114 1284; x_wconf 85' lang='lat' dir='ltr'><strong>Divia-</strong></span> 
     </span>
    </p>
   </div>
   <div class='ocr_carea' id='block_1_18' title="bbox 524 1313 865 1377">
    <p class='ocr_par' dir='ltr' id='par_1_18' title="bbox 524 1313 865 1377">
     <span class='ocr_line' id='line_1_18' title="bbox 524 1313 865 1377; baseline -0.006 -11"><span class='ocrx_word' id='word_1_113' title='bbox 524 1313 696 1367; x_wconf 83' lang='lat' dir='ltr'><strong>ncnsis</strong></span> <span class='ocrx_word' id='word_1_114' title='bbox 714 1353 728 1377; x_wconf 94' lang='lat'><strong>,</strong></span> <span class='ocrx_word' id='word_1_115' title='bbox 760 1319 865 1366; x_wconf 88' lang='lat' dir='ltr'><strong>etc.</strong></span> 
     </span>
    </p>
   </div>
   <div class='ocr_carea' id='block_1_19' title="bbox 593 1371 2105 1456">
    <p class='ocr_par' dir='ltr' id='par_1_19' title="bbox 593 1371 2105 1456">
     <span class='ocr_line' id='line_1_19' title="bbox 593 1371 2105 1456; baseline -0.01 -17"><span class='ocrx_word' id='word_1_116' title='bbox 593 1383 700 1439; x_wconf 86' lang='lat' dir='ltr'><strong>Sed</strong></span> <span class='ocrx_word' id='word_1_117' title='bbox 717 1371 857 1456; x_wconf 80' lang='lat' dir='ltr'><strong>illud</strong></span> <span class='ocrx_word' id='word_1_118' title='bbox 879 1396 1074 1456; x_wconf 82' lang='lat' dir='ltr'><strong>omnes</strong></span> <span class='ocrx_word' id='word_1_119' title='bbox 1100 1380 1258 1456; x_wconf 87' lang='lat' dir='ltr'><strong>torsit</strong></span> <span class='ocrx_word' id='word_1_120' title='bbox 1279 1423 1292 1448; x_wconf 93' lang='lat'><strong>,</strong></span> <span class='ocrx_word' id='word_1_121' title='bbox 1326 1393 1560 1456; x_wconf 85' lang='lat' dir='ltr'><strong>quonam</strong></span> <span class='ocrx_word' id='word_1_122' title='bbox 1594 1385 1761 1456; x_wconf 63' lang='lat' dir='ltr'><strong>pacto</strong></span> <span class='ocrx_word' id='word_1_123' title='bbox 1795 1371 2105 1456; x_wconf 62' lang='lat' dir='ltr'><strong>llcsitls</strong></span> 
     </span>
    </p>
   </div>
   <div class='ocr_carea' id='block_1_20' title="bbox 521 1443 2113 1526">
    <p class='ocr_par' dir='ltr' id='par_1_20' title="bbox 521 1443 2113 1526">
     <span class='ocr_line' id='line_1_20' title="bbox 521 1443 2113 1526; baseline -0.008 -17"><span class='ocrx_word' id='word_1_124' title='bbox 521 1470 686 1510; x_wconf 71' lang='lat' dir='ltr'><strong>cauta:</strong></span> <span class='ocrx_word' id='word_1_125' title='bbox 711 1454 996 1510; x_wconf 62' lang='lat' dir='ltr'><strong>catholicae</strong></span> <span class='ocrx_word' id='word_1_126' title='bbox 1033 1453 1242 1526; x_wconf 77' lang='lat' dir='ltr'><strong>synon</strong></span> <span class='ocrx_word' id='word_1_127' title='bbox 1281 1443 1530 1526; x_wconf 64' lang='lat' dir='ltr'><strong>pricluit,</strong></span> <span class='ocrx_word' id='word_1_128' title='bbox 1563 1443 1796 1526; x_wconf 66' lang='lat' dir='ltr'><strong>silium.</strong></span> <span class='ocrx_word' id='word_1_129' title='bbox 1829 1443 2113 1526; x_wconf 77' lang='lat' dir='ltr'><strong>Pontiﬁcis</strong></span> 
     </span>
    </p>
   </div>
   <div class='ocr_carea' id='block_1_21' title="bbox 521 1516 2113 1596">
    <p class='ocr_par' dir='ltr' id='par_1_21' title="bbox 521 1516 2113 1596">
     <span class='ocr_line' id='line_1_21' title="bbox 521 1516 2113 1596; baseline -0.008 -14"><span class='ocrx_word' id='word_1_130' title='bbox 521 1527 730 1596; x_wconf 81' lang='lat' dir='ltr'><strong>legatus</strong></span> <span class='ocrx_word' id='word_1_131' title='bbox 761 1541 869 1580; x_wconf 93' lang='lat' dir='ltr'><strong>non</strong></span> <span class='ocrx_word' id='word_1_132' title='bbox 898 1516 1386 1581; x_wconf 59' lang='lat' dir='ltr'><strong>erati&#39;Prml&#39;uisse</strong></span> <span class='ocrx_word' id='word_1_133' title='bbox 1425 1536 1555 1596; x_wconf 83' lang='lat' dir='ltr'><strong>vero</strong></span> <span class='ocrx_word' id='word_1_134' title='bbox 1601 1520 1716 1590; x_wconf 90' lang='lat' dir='ltr'><strong>ipsa</strong></span> <span class='ocrx_word' id='word_1_135' title='bbox 1745 1528 1864 1596; x_wconf 77' lang='lat' dir='ltr'><strong>acta</strong></span> <span class='ocrx_word' id='word_1_136' title='bbox 1895 1516 2113 1596; x_wconf 72' lang='lat' dir='ltr'><strong>concilii</strong></span> 
     </span>
    </p>
   </div>
   <div class='ocr_carea' id='block_1_22' title="bbox 522 1587 2110 1663">
    <p class='ocr_par' dir='ltr' id='par_1_22' title="bbox 522 1587 2110 1663">
     <span class='ocr_line' id='line_1_22' title="bbox 522 1587 2110 1663; baseline -0.009 -9"><span class='ocrx_word' id='word_1_137' title='bbox 522 1587 824 1654; x_wconf 71' lang='lat' dir='ltr'><strong>monstrant</strong></span> <span class='ocrx_word' id='word_1_138' title='bbox 848 1637 862 1660; x_wconf 91' lang='lat'><strong>,</strong></span> <span class='ocrx_word' id='word_1_139' title='bbox 888 1596 1070 1651; x_wconf 90' lang='lat' dir='ltr'><strong>omnia</strong></span> <span class='ocrx_word' id='word_1_140' title='bbox 1098 1601 1241 1651; x_wconf 89' lang='lat' dir='ltr'><strong>enim</strong></span> <span class='ocrx_word' id='word_1_141' title='bbox 1276 1594 1553 1649; x_wconf 82' lang='lat' dir='ltr'><strong>tractanda</strong></span> <span class='ocrx_word' id='word_1_142' title='bbox 1584 1587 1873 1663; x_wconf 81' lang='lat' dir='ltr'><strong>proposuit</strong></span> <span class='ocrx_word' id='word_1_143' title='bbox 1897 1597 1952 1663; x_wconf 83' lang='lat' dir='ltr'><strong>et</strong></span> <span class='ocrx_word' id='word_1_144' title='bbox 1975 1587 2110 1663; x_wconf 86' lang='lat' dir='ltr'><strong>deli-</strong></span> 
     </span>
    </p>
   </div>
   <div class='ocr_carea' id='block_1_23' title="bbox 513 1660 2113 1741">
    <p class='ocr_par' dir='ltr' id='par_1_23' title="bbox 513 1660 2113 1741">
     <span class='ocr_line' id='line_1_23' title="bbox 513 1660 2113 1741; baseline -0.008 -17"><span class='ocrx_word' id='word_1_145' title='bbox 513 1670 660 1724; x_wconf 87' lang='lat' dir='ltr'><strong>nivit</strong></span> <span class='ocrx_word' id='word_1_146' title='bbox 683 1667 1147 1741; x_wconf 83' lang='lat' dir='ltr'><strong>consentientibus</strong></span> <span class='ocrx_word' id='word_1_147' title='bbox 1175 1666 1398 1741; x_wconf 67' lang='lat' dir='ltr'><strong>caneris</strong></span> <span class='ocrx_word' id='word_1_148' title='bbox 1424 1660 1721 1741; x_wconf 77' lang='lat' dir='ltr'><strong>_l_’atr_ibus:</strong></span> <span class='ocrx_word' id='word_1_149' title='bbox 1767 1660 2113 1741; x_wconf 52' lang='lat' dir='ltr'><strong>Symbolum:</strong></span> 
     </span>
    </p>
   </div>
   <div class='ocr_carea' id='block_1_24' title="bbox 426 1733 2111 1812">
    <p class='ocr_par' dir='ltr' id='par_1_24' title="bbox 426 1733 2111 1812">
     <span class='ocr_line' id='line_1_24' title="bbox 426 1733 2111 1812; baseline -0.007 -17"><span class='ocrx_word' id='word_1_150' title='bbox 426 1786 442 1795; x_wconf 60' lang='grc' dir='ltr'><strong><em>ρ</em></strong></span> <span class='ocrx_word' id='word_1_151' title='bbox 521 1757 629 1812; x_wconf 91' lang='lat' dir='ltr'><strong>que</strong></span> <span class='ocrx_word' id='word_1_152' title='bbox 675 1740 801 1795; x_wconf 72' lang='lat' dir='ltr'><strong>fidei</strong></span> <span class='ocrx_word' id='word_1_153' title='bbox 837 1739 1065 1812; x_wconf 68' lang='lat' dir='ltr'><strong>Nicmnze</strong></span> <span class='ocrx_word' id='word_1_154' title='bbox 1099 1741 1216 1810; x_wconf 88' lang='lat' dir='ltr'><strong>ipse</strong></span> <span class='ocrx_word' id='word_1_155' title='bbox 1243 1737 1504 1812; x_wconf 88' lang='lat' dir='ltr'><strong>condidit.</strong></span> <span class='ocrx_word' id='word_1_156' title='bbox 1538 1733 1808 1790; x_wconf 72' lang='lat' dir='ltr'><strong>Cmterum</strong></span> <span class='ocrx_word' id='word_1_157' title='bbox 1845 1733 2111 1812; x_wconf 61' lang='lat' dir='ltr'><strong>nontapti</strong></span> 
     </span>
    </p>
   </div>
   <div class='ocr_carea' id='block_1_25' title="bbox 523 1800 2107 1885">
    <p class='ocr_par' dir='ltr' id='par_1_25' title="bbox 523 1800 2107 1885">
     <span class='ocr_line' id='line_1_25' title="bbox 523 1800 2107 1885; baseline -0.008 -18"><span class='ocrx_word' id='word_1_158' title='bbox 523 1800 756 1881; x_wconf 76' lang='lat' dir='ltr'><strong>objectio</strong></span> <span class='ocrx_word' id='word_1_159' title='bbox 789 1800 1035 1867; x_wconf 86' lang='lat' dir='ltr'><strong>habenda</strong></span> <span class='ocrx_word' id='word_1_160' title='bbox 1067 1800 1150 1866; x_wconf 74' lang='lat' dir='ltr'><strong>est</strong></span> <span class='ocrx_word' id='word_1_161' title='bbox 1172 1851 1188 1878; x_wconf 90' lang='lat'><strong>,</strong></span> <span class='ocrx_word' id='word_1_162' title='bbox 1235 1818 1294 1864; x_wconf 93' lang='lat' dir='ltr'><strong>ut</strong></span> <span class='ocrx_word' id='word_1_163' title='bbox 1328 1809 1487 1885; x_wconf 84' lang='lat' dir='ltr'><strong>aliter</strong></span> <span class='ocrx_word' id='word_1_164' title='bbox 1507 1821 1668 1885; x_wconf 82' lang='lat' dir='ltr'><strong>quam</strong></span> <span class='ocrx_word' id='word_1_165' title='bbox 1694 1820 1780 1860; x_wconf 90' lang='lat' dir='ltr'><strong>res</strong></span> <span class='ocrx_word' id='word_1_166' title='bbox 1807 1819 1867 1859; x_wconf 91' lang='lat' dir='ltr'><strong>se</strong></span> <span class='ocrx_word' id='word_1_167' title='bbox 1891 1803 2107 1885; x_wconf 78' lang='lat' dir='ltr'><strong>habuit,</strong></span> 
     </span>
    </p>
   </div>
   <div class='ocr_carea' id='block_1_26' title="bbox 525 1873 2112 1954">
    <p class='ocr_par' dir='ltr' id='par_1_26' title="bbox 525 1873 2112 1954">
     <span class='ocr_line' id='line_1_26' title="bbox 525 1873 2112 1954; baseline -0.008 -15"><span class='ocrx_word' id='word_1_168' title='bbox 525 1873 625 1939; x_wconf 78' lang='lat' dir='ltr'><strong>nos</strong></span> <span class='ocrx_word' id='word_1_169' title='bbox 650 1893 809 1954; x_wconf 88' lang='lat' dir='ltr'><strong>cogat</strong></span> <span class='ocrx_word' id='word_1_170' title='bbox 838 1873 1193 1947; x_wconf 75' lang='lat' dir='ltr'><strong>asseverare;</strong></span> <span class='ocrx_word' id='word_1_171' title='bbox 1221 1873 1569 1954; x_wconf 82' lang='lat' dir='ltr'><strong>concedimus</strong></span> <span class='ocrx_word' id='word_1_172' title='bbox 1599 1879 1854 1954; x_wconf 78' lang='lat' dir='ltr'><strong>ingenue,</strong></span> <span class='ocrx_word' id='word_1_173' title='bbox 1877 1877 1922 1930; x_wconf 92' lang='lat' dir='ltr'><strong>si</strong></span> <span class='ocrx_word' id='word_1_174' title='bbox 1953 1873 2112 1954; x_wconf 57' lang='lat' dir='ltr'><strong>ades:</strong></span> 
     </span>
    </p>
   </div>
   <div class='ocr_carea' id='block_1_27' title="bbox 523 1944 2109 2028">
    <p class='ocr_par' dir='ltr' id='par_1_27' title="bbox 523 1944 2109 2028">
     <span class='ocr_line' id='line_1_27' title="bbox 523 1944 2109 2028; baseline -0.009 -17"><span class='ocrx_word' id='word_1_175' title='bbox 523 1966 629 2028; x_wconf 83' lang='lat' dir='ltr'><strong>set.</strong></span> <span class='ocrx_word' id='word_1_176' title='bbox 655 1944 992 2028; x_wconf 61' lang='lat' dir='ltr'><strong>Sylvestruin</strong></span> <span class='ocrx_word' id='word_1_177' title='bbox 1019 1944 1254 2028; x_wconf 75' lang='lat' dir='ltr'><strong>concilio</strong></span> <span class='ocrx_word' id='word_1_178' title='bbox 1284 1951 1577 2028; x_wconf 72' lang='lat' dir='ltr'><strong>prmsidere</strong></span> <span class='ocrx_word' id='word_1_179' title='bbox 1596 1944 1870 2028; x_wconf 68' lang='lat' dir='ltr'><strong>debuisse,</strong></span> <span class='ocrx_word' id='word_1_180' title='bbox 1895 1955 1949 2000; x_wconf 93' lang='lat' dir='ltr'><strong>et</strong></span> <span class='ocrx_word' id='word_1_181' title='bbox 1966 1944 2109 2028; x_wconf 79' lang='lat' dir='ltr'><strong>quod</strong></span> 
     </span>
    </p>
   </div>
   <div class='ocr_carea' id='block_1_28' title="bbox 525 2020 2109 2097">
    <p class='ocr_par' dir='ltr' id='par_1_28' title="bbox 525 2020 2109 2097">
     <span class='ocr_line' id='line_1_28' title="bbox 525 2020 2109 2097; baseline -0.006 -16"><span class='ocrx_word' id='word_1_182' title='bbox 525 2028 569 2082; x_wconf 92' lang='lat' dir='ltr'><strong>si</strong></span> <span class='ocrx_word' id='word_1_183' title='bbox 599 2020 715 2096; x_wconf 80' lang='lat' dir='ltr'><strong>ipse</strong></span> <span class='ocrx_word' id='word_1_184' title='bbox 743 2025 1031 2097; x_wconf 75' lang='lat' dir='ltr'><strong>praesidem</strong></span> <span class='ocrx_word' id='word_1_185' title='bbox 1056 2020 1420 2097; x_wconf 78' lang='lat' dir='ltr'><strong>nominasset,</strong></span> <span class='ocrx_word' id='word_1_186' title='bbox 1449 2023 1568 2091; x_wconf 87' lang='lat' dir='ltr'><strong>ejus</strong></span> <span class='ocrx_word' id='word_1_187' title='bbox 1594 2020 1906 2097; x_wconf 66' lang='lat' dir='ltr'><strong>arbitrioet</strong></span> <span class='ocrx_word' id='word_1_188' title='bbox 1931 2020 2109 2072; x_wconf 74' lang='lat' dir='ltr'><strong>numi~</strong></span> 
     </span>
    </p>
   </div>
   <div class='ocr_carea' id='block_1_29' title="bbox 523 2089 2112 2162">
    <p class='ocr_par' dir='ltr' id='par_1_29' title="bbox 523 2089 2112 2162">
     <span class='ocr_line' id='line_1_29' title="bbox 523 2089 2112 2162; baseline -0.007 -9"><span class='ocrx_word' id='word_1_189' title='bbox 523 2089 1000 2153; x_wconf 44' lang='lat' dir='ltr'><strong>nationi-standum</strong></span> <span class='ocrx_word' id='word_1_190' title='bbox 1033 2105 1210 2162; x_wconf 86' lang='lat' dir='ltr'><strong>esset;</strong></span> <span class='ocrx_word' id='word_1_191' title='bbox 1254 2094 1346 2152; x_wconf 81' lang='lat' dir='ltr'><strong>sed</strong></span> <span class='ocrx_word' id='word_1_192' title='bbox 1371 2089 1507 2150; x_wconf 83' lang='lat' dir='ltr'><strong>vero</strong></span> <span class='ocrx_word' id='word_1_193' title='bbox 1539 2093 1685 2148; x_wconf 89' lang='lat' dir='ltr'><strong>misit</strong></span> <span class='ocrx_word' id='word_1_194' title='bbox 1728 2089 1944 2162; x_wconf 84' lang='lat' dir='ltr'><strong>quidem</strong></span> <span class='ocrx_word' id='word_1_195' title='bbox 1990 2103 2112 2158; x_wconf 88' lang='lat' dir='ltr'><strong>pre-</strong></span> 
     </span>
    </p>
   </div>
   <div class='ocr_carea' id='block_1_30' title="bbox 525 2161 2110 2241">
    <p class='ocr_par' dir='ltr' id='par_1_30' title="bbox 525 2161 2110 2241">
     <span class='ocr_line' id='line_1_30' title="bbox 525 2161 2110 2241; baseline -0.007 -18"><span class='ocrx_word' id='word_1_196' title='bbox 525 2172 814 2241; x_wconf 85' lang='lat' dir='ltr'><strong>sbyteros,</strong></span> <span class='ocrx_word' id='word_1_197' title='bbox 852 2170 940 2240; x_wconf 85' lang='lat' dir='ltr'><strong>qui</strong></span> <span class='ocrx_word' id='word_1_198' title='bbox 987 2167 1124 2224; x_wconf 89' lang='lat' dir='ltr'><strong>actis</strong></span> <span class='ocrx_word' id='word_1_199' title='bbox 1158 2166 1377 2241; x_wconf 88' lang='lat' dir='ltr'><strong>concilii</strong></span> <span class='ocrx_word' id='word_1_200' title='bbox 1420 2181 1521 2219; x_wconf 89' lang='lat' dir='ltr'><strong>suo</strong></span> <span class='ocrx_word' id='word_1_201' title='bbox 1555 2166 1773 2241; x_wconf 81' lang='lat' dir='ltr'><strong>nomine</strong></span> <span class='ocrx_word' id='word_1_202' title='bbox 1805 2161 2110 2241; x_wconf 65' lang='lat' dir='ltr'><strong>praeberent</strong></span> 
     </span>
    </p>
   </div>
   <div class='ocr_carea' id='block_1_31' title="bbox 523 2232 2110 2313">
    <p class='ocr_par' dir='ltr' id='par_1_31' title="bbox 523 2232 2110 2313">
     <span class='ocr_line' id='line_1_31' title="bbox 523 2232 2110 2313; baseline -0.004 -20"><span class='ocrx_word' id='word_1_203' title='bbox 523 2232 1010 2313; x_wconf 43' lang='lat' dir='ltr'><strong>assensmufnon</strong></span> <span class='ocrx_word' id='word_1_204' title='bbox 1053 2241 1142 2310; x_wconf 90' lang='lat' dir='ltr'><strong>qui</strong></span> <span class='ocrx_word' id='word_1_205' title='bbox 1190 2240 1459 2310; x_wconf 84' lang='lat' dir='ltr'><strong>episcopis</strong></span> <span class='ocrx_word' id='word_1_206' title='bbox 1513 2234 1908 2313; x_wconf 62' lang='lat' dir='ltr'><strong>pricsiderent;</strong></span> <span class='ocrx_word' id='word_1_207' title='bbox 1969 2232 2110 2313; x_wconf 79' lang='lat' dir='ltr'><strong>unde</strong></span> 
     </span>
    </p>
   </div>
   <div class='ocr_carea' id='block_1_32' title="bbox 524 2304 2108 2386">
    <p class='ocr_par' dir='ltr' id='par_1_32' title="bbox 524 2304 2108 2386">
     <span class='ocr_line' id='line_1_32' title="bbox 524 2304 2108 2386; baseline -0.006 -20"><span class='ocrx_word' id='word_1_208' title='bbox 524 2304 886 2383; x_wconf 62' lang='lat' dir='ltr'><strong>pricsidentia:</strong></span> <span class='ocrx_word' id='word_1_209' title='bbox 913 2304 1405 2386; x_wconf 35' lang='lat' dir='ltr'><strong>aucto-ritas’penc&#39;s</strong></span> <span class='ocrx_word' id='word_1_210' title='bbox 1435 2304 1653 2386; x_wconf 62' lang='lat' dir='ltr'><strong>clmenti</strong></span> <span class='ocrx_word' id='word_1_211' title='bbox 1685 2321 1884 2374; x_wconf 88' lang='lat' dir='ltr'><strong>corpus</strong></span> <span class='ocrx_word' id='word_1_212' title='bbox 1919 2304 2108 2386; x_wconf 72' lang='lat' dir='ltr'><strong>relicta</strong></span> 
     </span>
    </p>
   </div>
   <div class='ocr_carea' id='block_1_33' title="bbox 521 2377 2105 2457">
    <p class='ocr_par' dir='ltr' id='par_1_33' title="bbox 521 2377 2105 2457">
     <span class='ocr_line' id='line_1_33' title="bbox 521 2377 2105 2457; baseline -0.008 -17"><span class='ocrx_word' id='word_1_213' title='bbox 521 2377 643 2457; x_wconf 64' lang='lat' dir='ltr'><strong>est;</strong></span> <span class='ocrx_word' id='word_1_214' title='bbox 694 2385 995 2452; x_wconf 75' lang='lat' dir='ltr'><strong>prtL’SCl‘llm</strong></span> <span class='ocrx_word' id='word_1_215' title='bbox 1039 2397 1163 2436; x_wconf 92' lang='lat' dir='ltr'><strong>cum</strong></span> <span class='ocrx_word' id='word_1_216' title='bbox 1214 2377 1404 2452; x_wconf 71' lang='lat' dir='ltr'><strong>priscis</strong></span> <span class='ocrx_word' id='word_1_217' title='bbox 1441 2380 1699 2457; x_wconf 62' lang='lat' dir='ltr'><strong>Ecrlesim</strong></span> <span class='ocrx_word' id='word_1_218' title='bbox 1732 2377 2105 2457; x_wconf 78' lang='lat' dir='ltr'><strong>temporibus,</strong></span> 
     </span>
    </p>
   </div>
   <div class='ocr_carea' id='block_1_34' title="bbox 522 2447 2107 2522">
    <p class='ocr_par' dir='ltr' id='par_1_34' title="bbox 522 2447 2107 2522">
     <span class='ocr_line' id='line_1_34' title="bbox 522 2447 2107 2522; baseline -0.006 -13"><span class='ocrx_word' id='word_1_219' title='bbox 522 2447 604 2509; x_wconf 67' lang='lat' dir='ltr'><strong>de~</strong></span> <span class='ocrx_word' id='word_1_220' title='bbox 632 2447 863 2509; x_wconf 72' lang='lat' dir='ltr'><strong>veritate</strong></span> <span class='ocrx_word' id='word_1_221' title='bbox 906 2457 1084 2518; x_wconf 89' lang='lat' dir='ltr'><strong>potius</strong></span> <span class='ocrx_word' id='word_1_222' title='bbox 1129 2447 1256 2508; x_wconf 71' lang='lat' dir='ltr'><strong>cura</strong></span> <span class='ocrx_word' id='word_1_223' title='bbox 1297 2462 1414 2506; x_wconf 89' lang='lat' dir='ltr'><strong>erat</strong></span> <span class='ocrx_word' id='word_1_224' title='bbox 1463 2466 1622 2522; x_wconf 91' lang='lat' dir='ltr'><strong>quam</strong></span> <span class='ocrx_word' id='word_1_225' title='bbox 1653 2449 1720 2504; x_wconf 92' lang='lat' dir='ltr'><strong>de</strong></span> <span class='ocrx_word' id='word_1_226' title='bbox 1757 2447 2107 2522; x_wconf 61' lang='lat' dir='ltr'><strong>ante-latione.</strong></span> 
     </span>
    </p>
   </div>
   <div class='ocr_carea' id='block_1_35' title="bbox 521 2517 2116 2596">
    <p class='ocr_par' dir='ltr' id='par_1_35' title="bbox 521 2517 2116 2596">
     <span class='ocr_line' id='line_1_35' title="bbox 521 2517 2116 2596; baseline -0.006 -16"><span class='ocrx_word' id='word_1_227' title='bbox 521 2525 656 2596; x_wconf 80' lang='lat' dir='ltr'><strong>ipsis</strong></span> <span class='ocrx_word' id='word_1_228' title='bbox 679 2536 856 2582; x_wconf 86' lang='lat' dir='ltr'><strong>autem</strong></span> <span class='ocrx_word' id='word_1_229' title='bbox 885 2517 1135 2580; x_wconf 88' lang='lat' dir='ltr'><strong>Patribus</strong></span> <span class='ocrx_word' id='word_1_230' title='bbox 1159 2517 1574 2596; x_wconf 59' lang='lat' dir='ltr'><strong>justissimis&#39;de</strong></span> <span class='ocrx_word' id='word_1_231' title='bbox 1605 2522 1786 2596; x_wconf 79' lang='lat' dir='ltr'><strong>causis</strong></span> <span class='ocrx_word' id='word_1_232' title='bbox 1815 2519 1983 2574; x_wconf 71' lang='lat' dir='ltr'><strong>visum</strong></span> <span class='ocrx_word' id='word_1_233' title='bbox 2015 2517 2116 2572; x_wconf 87' lang='lat' dir='ltr'><strong>fuit</strong></span> 
     </span>
    </p>
   </div>
   <div class='ocr_carea' id='block_1_36' title="bbox 521 2592 2115 2670">
    <p class='ocr_par' dir='ltr' id='par_1_36' title="bbox 521 2592 2115 2670">
     <span class='ocr_line' id='line_1_36' title="bbox 521 2592 2115 2670; baseline -0.006 -18"><span class='ocrx_word' id='word_1_234' title='bbox 521 2592 600 2669; x_wconf 86' lang='lat' dir='ltr'><strong>(id</strong></span> <span class='ocrx_word' id='word_1_235' title='bbox 630 2613 843 2670; x_wconf 92' lang='lat' dir='ltr'><strong>quoque</strong></span> <span class='ocrx_word' id='word_1_236' title='bbox 872 2592 1252 2670; x_wconf 78' lang='lat' dir='ltr'><strong>Constantino,</strong></span> <span class='ocrx_word' id='word_1_237' title='bbox 1278 2594 1377 2670; x_wconf 84' lang='lat' dir='ltr'><strong>qui</strong></span> <span class='ocrx_word' id='word_1_238' title='bbox 1405 2592 1894 2670; x_wconf 54' lang='lat' dir='ltr'><strong>pcmsensaderat,</strong></span> <span class='ocrx_word' id='word_1_239' title='bbox 1925 2605 2115 2670; x_wconf 82' lang='lat' dir='ltr'><strong>appro-</strong></span> 
     </span>
    </p>
   </div>
   <div class='ocr_carea' id='block_1_37' title="bbox 522 2662 2112 2743">
    <p class='ocr_par' dir='ltr' id='par_1_37' title="bbox 522 2662 2112 2743">
     <span class='ocr_line' id='line_1_37' title="bbox 522 2662 2112 2743; baseline -0.004 -21"><span class='ocrx_word' id='word_1_240' title='bbox 522 2662 723 2743; x_wconf 51' lang='lat' dir='ltr'><strong>baut&#39;e)</strong></span> <span class='ocrx_word' id='word_1_241' title='bbox 758 2662 836 2724; x_wconf 80' lang='grc' dir='ltr'><strong>ἰιι</strong></span> <span class='ocrx_word' id='word_1_242' title='bbox 881 2668 1076 2743; x_wconf 70' lang='lat' dir='ltr'><strong>ilosius</strong></span> <span class='ocrx_word' id='word_1_243' title='bbox 1136 2662 1380 2743; x_wconf 65' lang='lat' dir='ltr'><strong>praesidis</strong></span> <span class='ocrx_word' id='word_1_244' title='bbox 1407 2662 1595 2743; x_wconf 67' lang='lat' dir='ltr'><strong>cilicio</strong></span> <span class='ocrx_word' id='word_1_245' title='bbox 1650 2664 1993 2743; x_wconf 78' lang='lat' dir='ltr'><strong>fungeretur,</strong></span> <span class='ocrx_word' id='word_1_246' title='bbox 2032 2662 2112 2741; x_wconf 79' lang='lat' dir='ltr'><strong>ob</strong></span> 
     </span>
    </p>
   </div>
   <div class='ocr_carea' id='block_1_38' title="bbox 520 2736 2112 2812">
    <p class='ocr_par' dir='ltr' id='par_1_38' title="bbox 520 2736 2112 2812">
     <span class='ocr_line' id='line_1_38' title="bbox 520 2736 2112 2812; baseline -0.004 -18"><span class='ocrx_word' id='word_1_247' title='bbox 520 2736 776 2809; x_wconf 64' lang='lat' dir='ltr'><strong>prwclara</strong></span> <span class='ocrx_word' id='word_1_248' title='bbox 805 2739 970 2812; x_wconf 87' lang='lat' dir='ltr'><strong>ipsius</strong></span> <span class='ocrx_word' id='word_1_249' title='bbox 997 2736 1256 2812; x_wconf 69' lang='lat' dir='ltr'><strong>doctrinae</strong></span> <span class='ocrx_word' id='word_1_250' title='bbox 1280 2747 1334 2812; x_wconf 85' lang='lat' dir='ltr'><strong>et</strong></span> <span class='ocrx_word' id='word_1_251' title='bbox 1363 2736 1728 2812; x_wconf 79' lang='lat' dir='ltr'><strong>confessionis</strong></span> <span class='ocrx_word' id='word_1_252' title='bbox 1757 2736 1974 2812; x_wconf 79' lang='lat' dir='ltr'><strong>merita,</strong></span> <span class='ocrx_word' id='word_1_253' title='bbox 1999 2736 2112 2812; x_wconf 80' lang='lat' dir='ltr'><strong>sive</strong></span> 
     </span>
    </p>
   </div>
   <div class='ocr_carea' id='block_1_39' title="bbox 519 2805 2111 2882">
    <p class='ocr_par' dir='ltr' id='par_1_39' title="bbox 519 2805 2111 2882">
     <span class='ocr_line' id='line_1_39' title="bbox 519 2805 2111 2882; baseline -0.003 -18"><span class='ocrx_word' id='word_1_254' title='bbox 519 2805 776 2882; x_wconf 79' lang='lat' dir='ltr'><strong>quoniam</strong></span> <span class='ocrx_word' id='word_1_255' title='bbox 819 2805 958 2866; x_wconf 76' lang='lat' dir='ltr'><strong>ratio</strong></span> <span class='ocrx_word' id='word_1_256' title='bbox 999 2809 1454 2882; x_wconf 71' lang='lat' dir='ltr'><strong>Christianitatis</strong></span> <span class='ocrx_word' id='word_1_257' title='bbox 1485 2805 1886 2882; x_wconf 83' lang='lat' dir='ltr'><strong>provinciarum</strong></span> <span class='ocrx_word' id='word_1_258' title='bbox 1929 2805 2111 2859; x_wconf 88' lang='lat' dir='ltr'><strong>habita</strong></span> 
     </span>
    </p>
   </div>
   <div class='ocr_carea' id='block_1_40' title="bbox 518 2878 2111 2954">
    <p class='ocr_par' dir='ltr' id='par_1_40' title="bbox 518 2878 2111 2954">
     <span class='ocr_line' id='line_1_40' title="bbox 518 2878 2111 2954; baseline -0.004 -17"><span class='ocrx_word' id='word_1_259' title='bbox 518 2878 599 2937; x_wconf 78' lang='lat' dir='ltr'><strong>est</strong></span> <span class='ocrx_word' id='word_1_260' title='bbox 627 2925 640 2947; x_wconf 92' lang='lat'><strong>,</strong></span> <span class='ocrx_word' id='word_1_261' title='bbox 681 2883 824 2953; x_wconf 93' lang='lat' dir='ltr'><strong>quod</strong></span> <span class='ocrx_word' id='word_1_262' title='bbox 864 2883 1120 2954; x_wconf 77' lang='lat' dir='ltr'><strong>gravibus</strong></span> <span class='ocrx_word' id='word_1_263' title='bbox 1162 2881 1308 2936; x_wconf 91' lang='lat' dir='ltr'><strong>ducti</strong></span> <span class='ocrx_word' id='word_1_264' title='bbox 1352 2878 1662 2934; x_wconf 85' lang='lat' dir='ltr'><strong>rationibus</strong></span> <span class='ocrx_word' id='word_1_265' title='bbox 1693 2878 1821 2933; x_wconf 90' lang='lat' dir='ltr'><strong>dicti</strong></span> <span class='ocrx_word' id='word_1_266' title='bbox 1858 2887 2111 2954; x_wconf 79' lang='lat' dir='ltr'><strong>auctores</strong></span> 
     </span>
    </p>
   </div>
   <div class='ocr_carea' id='block_1_41' title="bbox 517 2948 2112 3021">
    <p class='ocr_par' dir='ltr' id='par_1_41' title="bbox 517 2948 2112 3021">
     <span class='ocr_line' id='line_1_41' title="bbox 517 2948 2112 3021; baseline -0.004 -13"><span class='ocrx_word' id='word_1_267' title='bbox 517 2948 891 3020; x_wconf 67' lang='lat' dir='ltr'><strong>contendunt;</strong></span> <span class='ocrx_word' id='word_1_268' title='bbox 931 2957 1062 3009; x_wconf 85' lang='lat' dir='ltr'><strong>satis</strong></span> <span class='ocrx_word' id='word_1_269' title='bbox 1103 2967 1283 3009; x_wconf 89' lang='lat' dir='ltr'><strong>autem</strong></span> <span class='ocrx_word' id='word_1_270' title='bbox 1328 2955 1741 3021; x_wconf 79' lang='lat' dir='ltr'><strong>comprobatum</strong></span> <span class='ocrx_word' id='word_1_271' title='bbox 1774 2964 1801 3021; x_wconf 89' lang='lat' dir='ltr'><strong>a</strong></span> <span class='ocrx_word' id='word_1_272' title='bbox 1837 2948 1997 3002; x_wconf 91' lang='lat' dir='ltr'><strong>nobis</strong></span> <span class='ocrx_word' id='word_1_273' title='bbox 2028 2957 2112 3002; x_wconf 90' lang='lat' dir='ltr'><strong>est</strong></span> 
     </span>
    </p>
   </div>
   <div class='ocr_carea' id='block_1_42' title="bbox 520 3020 2115 3096">
    <p class='ocr_par' dir='ltr' id='par_1_42' title="bbox 520 3020 2115 3096">
     <span class='ocr_line' id='line_1_42' title="bbox 520 3020 2115 3096; baseline -0.003 -18"><span class='ocrx_word' id='word_1_274' title='bbox 520 3027 574 3081; x_wconf 93' lang='lat' dir='ltr'><strong>in</strong></span> <span class='ocrx_word' id='word_1_275' title='bbox 601 3026 980 3096; x_wconf 86' lang='lat' dir='ltr'><strong>superioribus</strong></span> <span class='ocrx_word' id='word_1_276' title='bbox 1014 3027 1243 3094; x_wconf 89' lang='lat' dir='ltr'><strong>primam</strong></span> <span class='ocrx_word' id='word_1_277' title='bbox 1284 3020 1527 3079; x_wconf 89' lang='lat' dir='ltr'><strong>omnium</strong></span> <span class='ocrx_word' id='word_1_278' title='bbox 1551 3020 1954 3096; x_wconf 67' lang='lat' dir='ltr'><strong>provinciarum</strong></span> <span class='ocrx_word' id='word_1_279' title='bbox 1982 3034 2115 3096; x_wconf 88' lang='lat' dir='ltr'><strong>gen—</strong></span> 
     </span>
    </p>
   </div>
   <div class='ocr_carea' id='block_1_43' title="bbox 519 3092 2107 3166">
    <p class='ocr_par' dir='ltr' id='par_1_43' title="bbox 519 3092 2107 3166">
     <span class='ocr_line' id='line_1_43' title="bbox 519 3092 2107 3166; baseline -0.002 -17"><span class='ocrx_word' id='word_1_280' title='bbox 519 3092 693 3152; x_wconf 84' lang='lat' dir='ltr'><strong>tilium</strong></span> <span class='ocrx_word' id='word_1_281' title='bbox 725 3097 791 3152; x_wconf 90' lang='lat' dir='ltr'><strong>ad</strong></span> <span class='ocrx_word' id='word_1_282' title='bbox 824 3097 982 3152; x_wconf 81' lang='lat' dir='ltr'><strong>[idem</strong></span> <span class='ocrx_word' id='word_1_283' title='bbox 1007 3092 1206 3153; x_wconf 84' lang='lat' dir='ltr'><strong>Christi</strong></span> <span class='ocrx_word' id='word_1_284' title='bbox 1231 3092 1744 3166; x_wconf 35' lang='lat' dir='ltr'><strong>perductam—luisse</strong></span> <span class='ocrx_word' id='word_1_285' title='bbox 1774 3092 2107 3166; x_wconf 82' lang='lat' dir='ltr'><strong>Hispaniam.</strong></span> 
     </span>
    </p>
   </div>
   <div class='ocr_carea' id='block_1_44' title="bbox 468 3162 2111 3240">
    <p class='ocr_par' dir='ltr' id='par_1_44' title="bbox 468 3162 2111 3240">
     <span class='ocr_line' id='line_1_44' title="bbox 468 3162 2111 3240; baseline -0.004 -17"><span class='ocrx_word' id='word_1_286' title='bbox 468 3178 473 3183; x_wconf 81' lang='grc'><strong>·</strong></span> <span class='ocrx_word' id='word_1_287' title='bbox 518 3167 632 3240; x_wconf 86' lang='lat' dir='ltr'><strong>Ego</strong></span> <span class='ocrx_word' id='word_1_288' title='bbox 652 3169 1028 3240; x_wconf 72' lang='lat' dir='ltr'><strong>adimuntque</strong></span> <span class='ocrx_word' id='word_1_289' title='bbox 1049 3162 1487 3240; x_wconf 83' lang='lat' dir='ltr'><strong>Constantinum,</strong></span> <span class='ocrx_word' id='word_1_290' title='bbox 1514 3176 1567 3222; x_wconf 92' lang='lat' dir='ltr'><strong>et</strong></span> <span class='ocrx_word' id='word_1_291' title='bbox 1597 3167 1783 3240; x_wconf 80' lang='lat' dir='ltr'><strong>Patres</strong></span> <span class='ocrx_word' id='word_1_292' title='bbox 1797 3162 2111 3240; x_wconf 61' lang='lat' dir='ltr'><strong>[espexisse</strong></span> 
     </span>
    </p>
   </div>
   <div class='ocr_carea' id='block_1_45' title="bbox 515 3233 2115 3308">
    <p class='ocr_par' dir='ltr' id='par_1_45' title="bbox 515 3233 2115 3308">
     <span class='ocr_line' id='line_1_45' title="bbox 515 3233 2115 3308; baseline -0.004 -14"><span class='ocrx_word' id='word_1_293' title='bbox 515 3233 852 3308; x_wconf 58' lang='lat' dir='ltr'><strong>probabilius</strong></span> <span class='ocrx_word' id='word_1_294' title='bbox 869 3233 1026 3296; x_wconf 77' lang='lat' dir='ltr'><strong>duco.</strong></span> <span class='ocrx_word' id='word_1_295' title='bbox 1050 3241 1087 3296; x_wconf 90' lang='lat' dir='ltr'>U</span> <span class='ocrx_word' id='word_1_296' title='bbox 1100 3243 1201 3295; x_wconf 90' lang='lat' dir='ltr'><strong>nde</strong></span> <span class='ocrx_word' id='word_1_297' title='bbox 1215 3237 1355 3307; x_wconf 88' lang='lat' dir='ltr'><strong>quod</strong></span> <span class='ocrx_word' id='word_1_298' title='bbox 1370 3247 1551 3293; x_wconf 86' lang='lat' dir='ltr'><strong>auctor</strong></span> <span class='ocrx_word' id='word_1_299' title='bbox 1566 3237 1771 3300; x_wconf 88' lang='lat' dir='ltr'><strong>scribit,</strong></span> <span class='ocrx_word' id='word_1_300' title='bbox 1791 3234 1895 3288; x_wconf 89' lang='lat' dir='ltr'><strong>Pro</strong></span> <span class='ocrx_word' id='word_1_301' title='bbox 1912 3233 2115 3308; x_wconf 60' lang='lat' dir='ltr'><strong>Sylrei-</strong></span> 
     </span>
    </p>
   </div>
   <div class='ocr_carea' id='block_1_46' title="bbox 515 3307 2108 3384">
    <p class='ocr_par' dir='ltr' id='par_1_46' title="bbox 515 3307 2108 3384">
     <span class='ocr_line' id='line_1_46' title="bbox 515 3307 2108 3384; baseline -0.004 -18"><span class='ocrx_word' id='word_1_302' title='bbox 515 3307 594 3366; x_wconf 72' lang='lat' dir='ltr'><strong>ira</strong></span> <span class='ocrx_word' id='word_1_303' title='bbox 608 3311 804 3367; x_wconf 79' lang='lat' dir='ltr'><strong>Hosius</strong></span> <span class='ocrx_word' id='word_1_304' title='bbox 822 3313 1050 3384; x_wconf 65' lang='lat' dir='ltr'><strong>praefuit,</strong></span> <span class='ocrx_word' id='word_1_305' title='bbox 1075 3313 1221 3366; x_wconf 90' lang='lat' dir='ltr'><strong>hunc</strong></span> <span class='ocrx_word' id='word_1_306' title='bbox 1248 3311 1687 3384; x_wconf 12' lang='lat' dir='ltr'><strong>redditrscnsum:</strong></span> <span class='ocrx_word' id='word_1_307' title='bbox 1713 3321 1831 3384; x_wconf 81' lang='lat' dir='ltr'><strong>eam</strong></span> <span class='ocrx_word' id='word_1_308' title='bbox 1854 3310 2039 3384; x_wconf 83' lang='lat' dir='ltr'><strong>sedem</strong></span> <span class='ocrx_word' id='word_1_309' title='bbox 2056 3307 2108 3384; x_wconf 81' lang='lat' dir='ltr'><strong>in</strong></span> 
     </span>
    </p>
   </div>
   <div class='ocr_carea' id='block_1_47' title="bbox 514 3379 2107 3456">
    <p class='ocr_par' dir='ltr' id='par_1_47' title="bbox 514 3379 2107 3456">
     <span class='ocr_line' id='line_1_47' title="bbox 514 3379 2107 3456; baseline -0.006 -17"><span class='ocrx_word' id='word_1_310' title='bbox 514 3386 749 3456; x_wconf 85' lang='lat' dir='ltr'><strong>concilio</strong></span> <span class='ocrx_word' id='word_1_311' title='bbox 776 3379 1092 3456; x_wconf 82' lang='lat' dir='ltr'><strong>occupavit,</strong></span> <span class='ocrx_word' id='word_1_312' title='bbox 1140 3399 1302 3456; x_wconf 80' lang='lat' dir='ltr'><strong>quant</strong></span> <span class='ocrx_word' id='word_1_313' title='bbox 1345 3383 1622 3452; x_wconf 85' lang='lat' dir='ltr'><strong>Sylvester</strong></span> <span class='ocrx_word' id='word_1_314' title='bbox 1651 3379 1908 3447; x_wconf 86' lang='lat' dir='ltr'><strong>haberet,</strong></span> <span class='ocrx_word' id='word_1_315' title='bbox 1941 3379 1984 3432; x_wconf 88' lang='lat' dir='ltr'><strong>si</strong></span> <span class='ocrx_word' id='word_1_316' title='bbox 2015 3380 2107 3431; x_wconf 86' lang='lat' dir='ltr'><strong>ad-</strong></span> 
     </span>
    </p>
   </div>
   <div class='ocr_carea' id='block_1_48' title="bbox 516 3455 731 3510">
    <p class='ocr_par' dir='ltr' id='par_1_48' title="bbox 516 3455 731 3510">
     <span class='ocr_line' id='line_1_48' title="bbox 516 3455 731 3510; baseline -0.005 0"><span class='ocrx_word' id='word_1_317' title='bbox 516 3455 731 3510; x_wconf 83' lang='lat' dir='ltr'><strong>luisset.</strong></span> 
     </span>
    </p>
   </div>
   <div class='ocr_carea' id='block_1_49' title="bbox 581 3520 2109 3592">
    <p class='ocr_par' dir='ltr' id='par_1_49' title="bbox 581 3520 2109 3592">
     <span class='ocr_line' id='line_1_49' title="bbox 581 3520 2109 3592; baseline -0.004 -12"><span class='ocrx_word' id='word_1_318' title='bbox 581 3528 638 3581; x_wconf 70' lang='lat'><strong>9..</strong></span> <span class='ocrx_word' id='word_1_319' title='bbox 676 3526 920 3592; x_wconf 79' lang='lat' dir='ltr'><strong>Natalis,</strong></span> <span class='ocrx_word' id='word_1_320' title='bbox 959 3536 1064 3582; x_wconf 90' lang='lat' dir='ltr'><strong>etc.</strong></span> <span class='ocrx_word' id='word_1_321' title='bbox 1117 3525 1272 3580; x_wconf 87' lang='lat' dir='ltr'><strong>Nunc</strong></span> <span class='ocrx_word' id='word_1_322' title='bbox 1299 3539 1365 3578; x_wconf 75' lang='lat' dir='ltr'><strong>ex</strong></span> <span class='ocrx_word' id='word_1_323' title='bbox 1409 3525 1516 3580; x_wconf 92' lang='lat' dir='ltr'><strong>isto</strong></span> <span class='ocrx_word' id='word_1_324' title='bbox 1557 3524 1739 3578; x_wconf 77' lang='lat' dir='ltr'><strong>Dextri</strong></span> <span class='ocrx_word' id='word_1_325' title='bbox 1791 3520 2109 3576; x_wconf 88' lang='lat' dir='ltr'><strong>testimonio</strong></span> 
     </span>
    </p>
   </div>
   <div class='ocr_carea' id='block_1_50' title="bbox 511 3596 2110 3669">
    <p class='ocr_par' dir='ltr' id='par_1_50' title="bbox 511 3596 2110 3669">
     <span class='ocr_line' id='line_1_50' title="bbox 511 3596 2110 3669; baseline -0.004 -17"><span class='ocrx_word' id='word_1_326' title='bbox 511 3596 722 3664; x_wconf 78' lang='lat' dir='ltr'><strong>infero,</strong></span> <span class='ocrx_word' id='word_1_327' title='bbox 753 3603 796 3654; x_wconf 90' lang='lat' dir='ltr'><strong>si</strong></span> <span class='ocrx_word' id='word_1_328' title='bbox 830 3599 1142 3669; x_wconf 63' lang='lat' dir='ltr'><strong>primaevam</strong></span> <span class='ocrx_word' id='word_1_329' title='bbox 1175 3597 1447 3652; x_wconf 78' lang='lat' dir='ltr'><strong>Nataliunt</strong></span> <span class='ocrx_word' id='word_1_330' title='bbox 1480 3607 1796 3669; x_wconf 83' lang='lat' dir='ltr'><strong>sanctorum</strong></span> <span class='ocrx_word' id='word_1_331' title='bbox 1830 3605 2110 3669; x_wconf 72' lang='lat' dir='ltr'><strong>nuncupa-</strong></span> 
     </span>
    </p>
   </div>
   <div class='ocr_carea' id='block_1_51' title="bbox 513 3663 2102 3739">
    <p class='ocr_par' dir='ltr' id='par_1_51' title="bbox 513 3663 2102 3739">
     <span class='ocr_line' id='line_1_51' title="bbox 513 3663 2102 3739; baseline -0.004 -15"><span class='ocrx_word' id='word_1_332' title='bbox 513 3673 715 3726; x_wconf 83' lang='lat' dir='ltr'><strong>ti0ltettl</strong></span> <span class='ocrx_word' id='word_1_333' title='bbox 746 3663 1102 3739; x_wconf 46' lang='lat' dir='ltr'><strong>res-piciatllus</strong></span> <span class='ocrx_word' id='word_1_334' title='bbox 1125 3712 1138 3733; x_wconf 92' lang='lat'><strong>,</strong></span> <span class='ocrx_word' id='word_1_335' title='bbox 1181 3670 1389 3724; x_wconf 81' lang='lat' dir='ltr'><strong>idcirco</strong></span> <span class='ocrx_word' id='word_1_336' title='bbox 1430 3669 1596 3723; x_wconf 80' lang='lat' dir='ltr'><strong>lasuls</strong></span> <span class='ocrx_word' id='word_1_337' title='bbox 1627 3667 1820 3739; x_wconf 77' lang='lat' dir='ltr'><strong>impius</strong></span> <span class='ocrx_word' id='word_1_338' title='bbox 1852 3665 1968 3739; x_wconf 87' lang='lat' dir='ltr'><strong>dies</strong></span> <span class='ocrx_word' id='word_1_339' title='bbox 2001 3663 2102 3718; x_wconf 88' lang='lat' dir='ltr'><strong>Na-</strong></span> 
     </span>
    </p>
   </div>
   <div class='ocr_carea' id='block_1_52' title="bbox 512 3736 2107 3812">
    <p class='ocr_par' dir='ltr' id='par_1_52' title="bbox 512 3736 2107 3812">
     <span class='ocr_line' id='line_1_52' title="bbox 512 3736 2107 3812; baseline -0.003 -16"><span class='ocrx_word' id='word_1_340' title='bbox 512 3744 644 3797; x_wconf 85' lang='lat' dir='ltr'><strong>tales</strong></span> <span class='ocrx_word' id='word_1_341' title='bbox 677 3736 1004 3812; x_wconf 86' lang='lat' dir='ltr'><strong>appellatos,</strong></span> <span class='ocrx_word' id='word_1_342' title='bbox 1030 3742 1174 3810; x_wconf 90' lang='lat' dir='ltr'><strong>quod</strong></span> <span class='ocrx_word' id='word_1_343' title='bbox 1199 3755 1388 3796; x_wconf 89' lang='lat' dir='ltr'><strong>eorum</strong></span> <span class='ocrx_word' id='word_1_344' title='bbox 1420 3741 1618 3794; x_wconf 78' lang='lat' dir='ltr'><strong>tabula:</strong></span> <span class='ocrx_word' id='word_1_345' title='bbox 1645 3736 2107 3812; x_wconf 82' lang='lat' dir='ltr'><strong>(kalendaria_vo-</strong></span> 
     </span>
    </p>
   </div>
   <div class='ocr_carea' id='block_1_53' title="bbox 513 3807 2104 3885">
    <p class='ocr_par' dir='ltr' id='par_1_53' title="bbox 513 3807 2104 3885">
     <span class='ocr_line' id='line_1_53' title="bbox 513 3807 2104 3885; baseline -0.006 -16"><span class='ocrx_word' id='word_1_346' title='bbox 513 3823 640 3869; x_wconf 88' lang='lat' dir='ltr'><strong>cant</strong></span> <span class='ocrx_word' id='word_1_347' title='bbox 671 3814 689 3885; x_wconf 95' lang='lat'>)</span> <span class='ocrx_word' id='word_1_348' title='bbox 716 3807 765 3865; x_wconf 62' lang='lat'><strong>‘5</strong></span> <span class='ocrx_word' id='word_1_349' title='bbox 796 3812 973 3869; x_wconf 84' lang='lat' dir='ltr'><strong>Natali</strong></span> <span class='ocrx_word' id='word_1_350' title='bbox 1006 3807 1271 3868; x_wconf 83' lang='lat' dir='ltr'><strong>Toletano</strong></span> <span class='ocrx_word' id='word_1_351' title='bbox 1299 3812 1546 3868; x_wconf 81' lang='lat' dir='ltr'><strong>antistite</strong></span> <span class='ocrx_word' id='word_1_352' title='bbox 1589 3807 1822 3880; x_wconf 86' lang='lat' dir='ltr'><strong>primum</strong></span> <span class='ocrx_word' id='word_1_353' title='bbox 1864 3807 2104 3885; x_wconf 84' lang='lat' dir='ltr'><strong>omnium</strong></span> 
     </span>
    </p>
   </div>
   <div class='ocr_carea' id='block_1_54' title="bbox 513 3881 2176 3958">
    <p class='ocr_par' dir='ltr' id='par_1_54' title="bbox 513 3881 2176 3958">
     <span class='ocr_line' id='line_1_54' title="bbox 513 3881 2176 3958; baseline -0.004 -17"><span class='ocrx_word' id='word_1_354' title='bbox 513 3881 836 3958; x_wconf 78' lang='lat' dir='ltr'><strong>conscripta:</strong></span> <span class='ocrx_word' id='word_1_355' title='bbox 876 3889 1006 3958; x_wconf 90' lang='lat' dir='ltr'><strong>sint,</strong></span> <span class='ocrx_word' id='word_1_356' title='bbox 1051 3894 1232 3940; x_wconf 90' lang='lat' dir='ltr'><strong>tamen</strong></span> <span class='ocrx_word' id='word_1_357' title='bbox 1265 3901 1458 3940; x_wconf 86' lang='lat' dir='ltr'><strong>nomen</strong></span> <span class='ocrx_word' id='word_1_358' title='bbox 1506 3881 2101 3958; x_wconf 70' lang='lat' dir='ltr'><strong>posteaaecommoda-</strong></span> <span class='ocrx_word' id='word_1_359' title='bbox 2133 3892 2176 3953; x_wconf 66' lang='grc' dir='ltr'>ε</span> 
     </span>
    </p>
   </div>
   <div class='ocr_carea' id='block_1_55' title="bbox 513 3950 2100 4023">
    <p class='ocr_par' dir='ltr' id='par_1_55' title="bbox 513 3950 2100 4023">
     <span class='ocr_line' id='line_1_55' title="bbox 513 3950 2100 4023; baseline -0.006 -12"><span class='ocrx_word' id='word_1_360' title='bbox 513 3967 624 4012; x_wconf 86' lang='lat' dir='ltr'><strong>tum</strong></span> <span class='ocrx_word' id='word_1_361' title='bbox 657 3950 829 4012; x_wconf 66' lang='lat' dir='ltr'><strong>vis&#39;tnn</strong></span> <span class='ocrx_word' id='word_1_362' title='bbox 861 3957 952 4021; x_wconf 87' lang='lat' dir='ltr'><strong>sit,</strong></span> <span class='ocrx_word' id='word_1_363' title='bbox 983 3950 1048 4011; x_wconf 87' lang='lat' dir='ltr'><strong>ad</strong></span> <span class='ocrx_word' id='word_1_364' title='bbox 1078 3971 1305 4010; x_wconf 85' lang='lat' dir='ltr'><strong>mortem</strong></span> <span class='ocrx_word' id='word_1_365' title='bbox 1329 3950 1642 4012; x_wconf 75' lang='lat' dir='ltr'><strong>sanetoium</strong></span> <span class='ocrx_word' id='word_1_366' title='bbox 1667 3950 2100 4023; x_wconf 78' lang='lat' dir='ltr'><strong>signiﬁcandam,</strong></span> 
     </span>
    </p>
   </div>
   <div class='ocr_carea' id='block_1_56' title="bbox 510 4023 2105 4098">
    <p class='ocr_par' dir='ltr' id='par_1_56' title="bbox 510 4023 2105 4098">
     <span class='ocr_line' id='line_1_56' title="bbox 510 4023 2105 4098; baseline -0.003 -15"><span class='ocrx_word' id='word_1_367' title='bbox 510 4045 612 4098; x_wconf 91' lang='lat' dir='ltr'><strong>qua</strong></span> <span class='ocrx_word' id='word_1_368' title='bbox 647 4046 746 4084; x_wconf 85' lang='lat' dir='ltr'><strong>non</strong></span> <span class='ocrx_word' id='word_1_369' title='bbox 776 4028 987 4097; x_wconf 80' lang='lat' dir='ltr'><strong>quidmt</strong></span> <span class='ocrx_word' id='word_1_370' title='bbox 1020 4027 1358 4082; x_wconf 70' lang='lat' dir='ltr'><strong>nascebantur</strong></span> <span class='ocrx_word' id='word_1_371' title='bbox 1392 4029 1442 4082; x_wconf 87' lang='lat' dir='ltr'><strong>in</strong></span> <span class='ocrx_word' id='word_1_372' title='bbox 1473 4037 1607 4098; x_wconf 83' lang='lat' dir='ltr'><strong>terra</strong></span> <span class='ocrx_word' id='word_1_373' title='bbox 1639 4029 1703 4081; x_wconf 79' lang='lat' dir='ltr'><strong>de</strong></span> <span class='ocrx_word' id='word_1_374' title='bbox 1725 4040 1882 4098; x_wconf 75' lang='lat' dir='ltr'><strong>carne</strong></span> <span class='ocrx_word' id='word_1_375' title='bbox 1912 4023 1930 4096; x_wconf 92' lang='lat'><strong>(</strong></span> <span class='ocrx_word' id='word_1_376' title='bbox 1965 4026 2105 4092; x_wconf 88' lang='lat' dir='ltr'><strong>quod</strong></span> 
     </span>
    </p>
   </div>
   <div class='ocr_carea' id='block_1_57' title="bbox 509 4096 2101 4172">
    <p class='ocr_par' dir='ltr' id='par_1_57' title="bbox 509 4096 2101 4172">
     <span class='ocr_line' id='line_1_57' title="bbox 509 4096 2101 4172; baseline -0.006 -16"><span class='ocrx_word' id='word_1_377' title='bbox 509 4096 1040 4172; x_wconf 60' lang='lat' dir='ltr'><strong>Chrysologusdixit</strong></span> <span class='ocrx_word' id='word_1_378' title='bbox 1072 4115 1236 4154; x_wconf 89' lang='lat' dir='ltr'><strong>serm.</strong></span> <span class='ocrx_word' id='word_1_379' title='bbox 1273 4099 1421 4170; x_wconf 72' lang='lat'><strong>129),</strong></span> <span class='ocrx_word' id='word_1_380' title='bbox 1443 4099 1531 4172; x_wconf 79' lang='lat' dir='ltr'><strong>sed</strong></span> <span class='ocrx_word' id='word_1_381' title='bbox 1555 4097 1777 4172; x_wconf 18' lang='lat' dir='ltr'><strong>de‘terra</strong></span> <span class='ocrx_word' id='word_1_382' title='bbox 1798 4096 1867 4148; x_wconf 87' lang='lat' dir='ltr'><strong>ad</strong></span> <span class='ocrx_word' id='word_1_383' title='bbox 1897 4098 2101 4172; x_wconf 66' lang='lat' dir='ltr'><strong>cretum,</strong></span> 
     </span>
    </p>
   </div>
   <div class='ocr_carea' id='block_1_58' title="bbox 509 4168 2100 4242">
    <p class='ocr_par' dir='ltr' id='par_1_58' title="bbox 509 4168 2100 4242">
     <span class='ocr_line' id='line_1_58' title="bbox 509 4168 2100 4242; baseline -0.004 -18"><span class='ocrx_word' id='word_1_384' title='bbox 509 4172 574 4225; x_wconf 83' lang='lat' dir='ltr'><strong>de</strong></span> <span class='ocrx_word' id='word_1_385' title='bbox 605 4168 891 4226; x_wconf 54' lang='lat' dir='ltr'><strong>labore&#39;ad</strong></span> <span class='ocrx_word' id='word_1_386' title='bbox 935 4174 1197 4242; x_wconf 84' lang='lat' dir='ltr'><strong>requiem,</strong></span> <span class='ocrx_word' id='word_1_387' title='bbox 1243 4172 1306 4224; x_wconf 86' lang='lat' dir='ltr'><strong>de</strong></span> <span class='ocrx_word' id='word_1_388' title='bbox 1343 4168 1703 4225; x_wconf 83' lang='lat' dir='ltr'><strong>lentationibus</strong></span> <span class='ocrx_word' id='word_1_389' title='bbox 1737 4173 1801 4242; x_wconf 61' lang='lat' dir='ltr'><strong>ad</strong></span> <span class='ocrx_word' id='word_1_390' title='bbox 1838 4168 2100 4237; x_wconf 83' lang='lat' dir='ltr'><strong>quietem,</strong></span> 
     </span>
    </p>
   </div>
   <div class='ocr_carea' id='block_1_59' title="bbox 511 4240 2104 4311">
    <p class='ocr_par' dir='ltr' id='par_1_59' title="bbox 511 4240 2104 4311">
     <span class='ocr_line' id='line_1_59' title="bbox 511 4240 2104 4311; baseline -0.001 -17"><span class='ocrx_word' id='word_1_391' title='bbox 511 4243 577 4296; x_wconf 82' lang='lat' dir='ltr'><strong>de</strong></span> <span class='ocrx_word' id='word_1_392' title='bbox 606 4243 922 4298; x_wconf 76' lang='lat' dir='ltr'><strong>cruciatibus</strong></span> <span class='ocrx_word' id='word_1_393' title='bbox 951 4240 1018 4297; x_wconf 83' lang='lat' dir='ltr'><strong>ad</strong></span> <span class='ocrx_word' id='word_1_394' title='bbox 1048 4244 1261 4296; x_wconf 86' lang='lat' dir='ltr'><strong>delicias</strong></span> <span class='ocrx_word' id='word_1_395' title='bbox 1285 4283 1298 4307; x_wconf 92' lang='lat'><strong>,</strong></span> <span class='ocrx_word' id='word_1_396' title='bbox 1323 4259 1432 4295; x_wconf 74' lang='lat' dir='ltr'><strong>non</strong></span> <span class='ocrx_word' id='word_1_397' title='bbox 1461 4244 1635 4311; x_wconf 78' lang='lat' dir='ltr'><strong>ﬂuxas</strong></span> <span class='ocrx_word' id='word_1_398' title='bbox 1658 4284 1670 4304; x_wconf 83' lang='lat'><strong>,</strong></span> <span class='ocrx_word' id='word_1_399' title='bbox 1709 4240 1798 4294; x_wconf 83' lang='lat' dir='ltr'><strong>sed</strong></span> <span class='ocrx_word' id='word_1_400' title='bbox 1830 4243 2015 4311; x_wconf 68' lang='lat' dir='ltr'><strong>fortes,</strong></span> <span class='ocrx_word' id='word_1_401' title='bbox 2055 4249 2104 4292; x_wconf 87' lang='lat' dir='ltr'><strong>et</strong></span> 
     </span>
    </p>
   </div>
   <div class='ocr_carea' id='block_1_60' title="bbox 511 4309 2105 4382">
    <p class='ocr_par' dir='ltr' id='par_1_60' title="bbox 511 4309 2105 4382">
     <span class='ocr_line' id='line_1_60' title="bbox 511 4309 2105 4382; baseline -0.004 -14"><span class='ocrx_word' id='word_1_402' title='bbox 511 4315 754 4382; x_wconf 85' lang='lat' dir='ltr'><strong>stabiles,</strong></span> <span class='ocrx_word' id='word_1_403' title='bbox 784 4324 831 4368; x_wconf 75' lang='lat' dir='ltr'><strong>et</strong></span> <span class='ocrx_word' id='word_1_404' title='bbox 858 4325 1099 4369; x_wconf 66' lang='lat' dir='ltr'><strong>internas.</strong></span> <span class='ocrx_word' id='word_1_405' title='bbox 1134 4314 1242 4368; x_wconf 92' lang='lat' dir='ltr'><strong>Seu</strong></span> <span class='ocrx_word' id='word_1_406' title='bbox 1272 4313 1415 4382; x_wconf 88' lang='lat' dir='ltr'><strong>quod</strong></span> <span class='ocrx_word' id='word_1_407' title='bbox 1455 4309 1512 4368; x_wconf 85' lang='lat' dir='ltr'><strong>S.</strong></span> <span class='ocrx_word' id='word_1_408' title='bbox 1558 4313 1857 4367; x_wconf 79' lang='lat' dir='ltr'><strong>Eucllarius</strong></span> <span class='ocrx_word' id='word_1_409' title='bbox 1887 4309 2105 4380; x_wconf 88' lang='lat' dir='ltr'><strong>Lugdu-</strong></span> 
     </span>
    </p>
   </div>
   <div class='ocr_carea' id='block_1_61' title="bbox 496 4385 2100 4455">
    <p class='ocr_par' dir='ltr' id='par_1_61' title="bbox 496 4385 2100 4455">
     <span class='ocr_line' id='line_1_61' title="bbox 496 4385 2100 4455; baseline -0.002 -15"><span class='ocrx_word' id='word_1_410' title='bbox 496 4388 705 4440; x_wconf 70' lang='lat' dir='ltr'><strong>nensis</strong></span> <span class='ocrx_word' id='word_1_411' title='bbox 751 4385 925 4455; x_wconf 78' lang='lat' dir='ltr'><strong>(falso</strong></span> <span class='ocrx_word' id='word_1_412' title='bbox 965 4387 1210 4440; x_wconf 87' lang='lat' dir='ltr'><strong>creditus</strong></span> <span class='ocrx_word' id='word_1_413' title='bbox 1259 4385 1528 4440; x_wconf 82' lang='lat' dir='ltr'><strong>Eusebius</strong></span> <span class='ocrx_word' id='word_1_414' title='bbox 1564 4385 1918 4449; x_wconf 73' lang='lat' dir='ltr'><strong>Emisscnus)</strong></span> <span class='ocrx_word' id='word_1_415' title='bbox 1953 4388 2100 4436; x_wconf 84' lang='lat' dir='ltr'><strong>hom.</strong></span> 
     </span>
    </p>
   </div>
   <div class='ocr_carea' id='block_1_62' title="bbox 510 4455 2102 4528">
    <p class='ocr_par' dir='ltr' id='par_1_62' title="bbox 510 4455 2102 4528">
     <span class='ocr_line' id='line_1_62' title="bbox 510 4455 2102 4528; baseline -0.005 -14"><span class='ocrx_word' id='word_1_416' title='bbox 510 4459 580 4514; x_wconf 84' lang='grc'><strong>50</strong></span> <span class='ocrx_word' id='word_1_417' title='bbox 612 4458 664 4511; x_wconf 87' lang='lat' dir='ltr'><strong>in</strong></span> <span class='ocrx_word' id='word_1_418' title='bbox 699 4455 836 4512; x_wconf 88' lang='lat' dir='ltr'><strong>Gen.</strong></span> <span class='ocrx_word' id='word_1_419' title='bbox 867 4476 879 4510; x_wconf 87' lang='lat'><strong>:</strong></span> <span class='ocrx_word' id='word_1_420' title='bbox 914 4455 1202 4511; x_wconf 81' lang='lat' dir='ltr'><strong>Bcatorum</strong></span> <span class='ocrx_word' id='word_1_421' title='bbox 1231 4468 1515 4528; x_wconf 85' lang='lat' dir='ltr'><strong>martyrum</strong></span> <span class='ocrx_word' id='word_1_422' title='bbox 1559 4457 1822 4526; x_wconf 72' lang='lat' dir='ltr'><strong>passiones</strong></span> <span class='ocrx_word' id='word_1_423' title='bbox 1847 4497 1860 4521; x_wconf 90' lang='lat'><strong>,</strong></span> <span class='ocrx_word' id='word_1_424' title='bbox 1891 4455 2102 4528; x_wconf 67' lang='lat' dir='ltr'><strong>natales</strong></span> 
     </span>
    </p>
   </div>
   <div class='ocr_carea' id='block_1_63' title="bbox 509 4525 2102 4598">
    <p class='ocr_par' dir='ltr' id='par_1_63' title="bbox 509 4525 2102 4598">
     <span class='ocr_line' id='line_1_63' title="bbox 509 4525 2102 4598; baseline -0.002 -16"><span class='ocrx_word' id='word_1_425' title='bbox 509 4543 749 4582; x_wconf 76' lang='lat' dir='ltr'><strong>vocamus</strong></span> <span class='ocrx_word' id='word_1_426' title='bbox 792 4529 899 4583; x_wconf 84' lang='lat' dir='ltr'><strong>dies</strong></span> <span class='ocrx_word' id='word_1_427' title='bbox 927 4571 941 4594; x_wconf 92' lang='lat'><strong>,</strong></span> <span class='ocrx_word' id='word_1_428' title='bbox 982 4530 1188 4594; x_wconf 85' lang='lat' dir='ltr'><strong>quando</strong></span> <span class='ocrx_word' id='word_1_429' title='bbox 1228 4546 1314 4584; x_wconf 83' lang='lat' dir='ltr'><strong>eos</strong></span> <span class='ocrx_word' id='word_1_430' title='bbox 1359 4525 1591 4598; x_wconf 78' lang='lat' dir='ltr'><strong>martyrii</strong></span> <span class='ocrx_word' id='word_1_431' title='bbox 1635 4530 1778 4588; x_wconf 84' lang='lat' dir='ltr'><strong>vita.</strong></span> <span class='ocrx_word' id='word_1_432' title='bbox 1828 4533 1873 4578; x_wconf 84' lang='lat' dir='ltr'><strong>et</strong></span> <span class='ocrx_word' id='word_1_433' title='bbox 1915 4525 2102 4594; x_wconf 76' lang='lat' dir='ltr'><strong>gloria:</strong></span> 
     </span>
    </p>
   </div>
   <div class='ocr_carea' id='block_1_64' title="bbox 509 4598 2100 4674">
    <p class='ocr_par' dir='ltr' id='par_1_64' title="bbox 509 4598 2100 4674">
     <span class='ocr_line' id='line_1_64' title="bbox 509 4598 2100 4674; baseline -0.002 -21"><span class='ocrx_word' id='word_1_434' title='bbox 509 4599 637 4670; x_wconf 79' lang='lat' dir='ltr'><strong>ﬁdes</strong></span> <span class='ocrx_word' id='word_1_435' title='bbox 664 4642 678 4667; x_wconf 95' lang='lat'><strong>,</strong></span> <span class='ocrx_word' id='word_1_436' title='bbox 707 4601 830 4674; x_wconf 85' lang='lat' dir='ltr'><strong>dum</strong></span> <span class='ocrx_word' id='word_1_437' title='bbox 861 4601 1044 4674; x_wconf 79' lang='lat' dir='ltr'><strong>ingerit</strong></span> <span class='ocrx_word' id='word_1_438' title='bbox 1068 4601 1222 4674; x_wconf 80' lang='lat' dir='ltr'><strong>morti</strong></span> <span class='ocrx_word' id='word_1_439' title='bbox 1245 4642 1260 4664; x_wconf 93' lang='lat'><strong>,</strong></span> <span class='ocrx_word' id='word_1_440' title='bbox 1301 4598 1776 4674; x_wconf 71' lang='lat' dir='ltr'><strong>genuitwternitati</strong></span> <span class='ocrx_word' id='word_1_441' title='bbox 1799 4615 1825 4674; x_wconf 84' lang='lat'><strong>;_</strong></span> <span class='ocrx_word' id='word_1_442' title='bbox 1841 4606 1889 4650; x_wconf 86' lang='lat' dir='ltr'><strong>et</strong></span> <span class='ocrx_word' id='word_1_443' title='bbox 1918 4612 2100 4667; x_wconf 81' lang='lat' dir='ltr'><strong>perpe-</strong></span> 
     </span>
    </p>
   </div>
   <div class='ocr_carea' id='block_1_65' title="bbox 503 4670 2100 4745">
    <p class='ocr_par' dir='ltr' id='par_1_65' title="bbox 503 4670 2100 4745">
     <span class='ocr_line' id='line_1_65' title="bbox 503 4670 2100 4745; baseline -0.001 -21"><span class='ocrx_word' id='word_1_444' title='bbox 503 4677 594 4745; x_wconf 75' lang='lat' dir='ltr'><strong>tua</strong></span> <span class='ocrx_word' id='word_1_445' title='bbox 634 4673 829 4743; x_wconf 82' lang='lat' dir='ltr'><strong>gaudia</strong></span> <span class='ocrx_word' id='word_1_446' title='bbox 861 4670 995 4726; x_wconf 66' lang='lat' dir='ltr'><strong>br&#39;evi</strong></span> <span class='ocrx_word' id='word_1_447' title='bbox 1033 4672 1209 4745; x_wconf 80' lang='lat' dir='ltr'><strong>dolore</strong></span> <span class='ocrx_word' id='word_1_448' title='bbox 1259 4670 1526 4745; x_wconf 73' lang='lat' dir='ltr'><strong>parturiit.</strong></span> <span class='ocrx_word' id='word_1_449' title='bbox 1589 4673 1730 4726; x_wconf 88' lang='lat' dir='ltr'><strong>Sane</strong></span> <span class='ocrx_word' id='word_1_450' title='bbox 1782 4670 1828 4745; x_wconf 82' lang='lat' dir='ltr'><strong>si</strong></span> <span class='ocrx_word' id='word_1_451' title='bbox 1887 4674 2100 4723; x_wconf 86' lang='lat' dir='ltr'><strong>natales</strong></span> 
     </span>
    </p>
   </div>
   <div class='ocr_carea' id='block_1_66' title="bbox 505 4741 2096 4812">
    <p class='ocr_par' dir='ltr' id='par_1_66' title="bbox 505 4741 2096 4812">
     <span class='ocr_line' id='line_1_66' title="bbox 505 4741 2096 4812; baseline -0.002 -16"><span class='ocrx_word' id='word_1_452' title='bbox 505 4741 725 4808; x_wconf 29' lang='lat' dir='ltr'><strong>dies‘ita</strong></span> <span class='ocrx_word' id='word_1_453' title='bbox 759 4746 1050 4812; x_wconf 89' lang='lat' dir='ltr'><strong>nuneupati</strong></span> <span class='ocrx_word' id='word_1_454' title='bbox 1084 4741 1311 4800; x_wconf 81' lang='lat' dir='ltr'><strong>fuissent</strong></span> <span class='ocrx_word' id='word_1_455' title='bbox 1341 4759 1370 4798; x_wconf 91' lang='lat' dir='ltr'><strong>a</strong></span> <span class='ocrx_word' id='word_1_456' title='bbox 1405 4752 1578 4798; x_wconf 91' lang='lat' dir='ltr'><strong>morte</strong></span> <span class='ocrx_word' id='word_1_457' title='bbox 1602 4783 1618 4810; x_wconf 94' lang='lat'><strong>,</strong></span> <span class='ocrx_word' id='word_1_458' title='bbox 1652 4756 1772 4812; x_wconf 64' lang='lat' dir='ltr'><strong>quae</strong></span> <span class='ocrx_word' id='word_1_459' title='bbox 1813 4741 1865 4794; x_wconf 91' lang='lat' dir='ltr'><strong>in</strong></span> <span class='ocrx_word' id='word_1_460' title='bbox 1913 4754 2096 4794; x_wconf 82' lang='lat' dir='ltr'><strong>veram</strong></span> 
     </span>
    </p>
   </div>
   <div class='ocr_carea' id='block_1_67' title="bbox 507 4813 2096 4884">
    <p class='ocr_par' dir='ltr' id='par_1_67' title="bbox 507 4813 2096 4884">
     <span class='ocr_line' id='line_1_67' title="bbox 507 4813 2096 4884; baseline -0.003 -14"><span class='ocrx_word' id='word_1_461' title='bbox 507 4814 673 4870; x_wconf 84' lang='lat' dir='ltr'><strong>vitam</strong></span> <span class='ocrx_word' id='word_1_462' title='bbox 706 4825 1104 4884; x_wconf 87' lang='lat' dir='ltr'><strong>commutatur,</strong></span> <span class='ocrx_word' id='word_1_463' title='bbox 1153 4817 1268 4869; x_wconf 90' lang='lat' dir='ltr'><strong>sola</strong></span> <span class='ocrx_word' id='word_1_464' title='bbox 1295 4815 1384 4870; x_wconf 89' lang='lat' dir='ltr'><strong>illa</strong></span> <span class='ocrx_word' id='word_1_465' title='bbox 1416 4825 1724 4869; x_wconf 85' lang='lat' dir='ltr'><strong>sanctorum</strong></span> <span class='ocrx_word' id='word_1_466' title='bbox 1751 4813 1885 4868; x_wconf 81' lang='lat' dir='ltr'><strong>festa</strong></span> <span class='ocrx_word' id='word_1_467' title='bbox 1911 4827 1974 4866; x_wconf 91' lang='lat' dir='ltr'><strong>eo</strong></span> <span class='ocrx_word' id='word_1_468' title='bbox 1999 4824 2096 4866; x_wconf 81' lang='lat' dir='ltr'><strong>no-</strong></span> 
     </span>
    </p>
   </div>
   <div class='ocr_carea' id='block_1_68' title="bbox 506 4885 2096 4957">
    <p class='ocr_par' dir='ltr' id='par_1_68' title="bbox 506 4885 2096 4957">
     <span class='ocr_line' id='line_1_68' title="bbox 506 4885 2096 4957; baseline -0.002 -18"><span class='ocrx_word' id='word_1_469' title='bbox 506 4885 653 4940; x_wconf 89' lang='lat' dir='ltr'><strong>mine</strong></span> <span class='ocrx_word' id='word_1_470' title='bbox 687 4887 1029 4957; x_wconf 80' lang='lat' dir='ltr'><strong>fruerentur,</strong></span> <span class='ocrx_word' id='word_1_471' title='bbox 1054 4901 1178 4957; x_wconf 67' lang='lat' dir='ltr'><strong>quae</strong></span> <span class='ocrx_word' id='word_1_472' title='bbox 1199 4888 1266 4942; x_wconf 90' lang='lat' dir='ltr'><strong>de</strong></span> <span class='ocrx_word' id='word_1_473' title='bbox 1320 4898 1495 4942; x_wconf 87' lang='lat' dir='ltr'><strong>morte</strong></span> <span class='ocrx_word' id='word_1_474' title='bbox 1521 4899 1816 4957; x_wconf 85' lang='lat' dir='ltr'><strong>martyrum</strong></span> <span class='ocrx_word' id='word_1_475' title='bbox 1853 4895 1906 4938; x_wconf 92' lang='lat' dir='ltr'><strong>et</strong></span> <span class='ocrx_word' id='word_1_476' title='bbox 1937 4893 2096 4937; x_wconf 68' lang='grc' dir='ltr'><strong>ςίιξιε·</strong></span> 
     </span>
    </p>
   </div>
   <div class='ocr_carea' id='block_1_69' title="bbox 504 4956 2095 5027">
    <p class='ocr_par' dir='ltr' id='par_1_69' title="bbox 504 4956 2095 5027">
     <span class='ocr_line' id='line_1_69' title="bbox 504 4956 2095 5027; baseline -0.001 -15"><span class='ocrx_word' id='word_1_477' title='bbox 504 4971 690 5014; x_wconf 90' lang='lat' dir='ltr'><strong>rorum</strong></span> <span class='ocrx_word' id='word_1_478' title='bbox 713 4956 994 5014; x_wconf 79' lang='lat' dir='ltr'><strong>beatorum</strong></span> <span class='ocrx_word' id='word_1_479' title='bbox 1026 4956 1290 5027; x_wconf 76' lang='lat' dir='ltr'><strong>agerent;</strong></span> <span class='ocrx_word' id='word_1_480' title='bbox 1326 4973 1468 5013; x_wconf 92' lang='lat' dir='ltr'><strong>nunc</strong></span> <span class='ocrx_word' id='word_1_481' title='bbox 1511 4956 1688 5012; x_wconf 87' lang='lat' dir='ltr'><strong>autem</strong></span> <span class='ocrx_word' id='word_1_482' title='bbox 1719 4957 1882 5011; x_wconf 85' lang='lat' dir='ltr'><strong>aliter</strong></span> <span class='ocrx_word' id='word_1_483' title='bbox 1921 4969 1980 5009; x_wconf 91' lang='lat' dir='ltr'><strong>sc</strong></span> <span class='ocrx_word' id='word_1_484' title='bbox 2009 4970 2095 5010; x_wconf 90' lang='lat' dir='ltr'><strong>res</strong></span> 
     </span>
    </p>
   </div>
   <div class='ocr_carea' id='block_1_70' title="bbox 505 5027 2094 5096">
    <p class='ocr_par' dir='ltr' id='par_1_70' title="bbox 505 5027 2094 5096">
     <span class='ocr_line' id='line_1_70' title="bbox 505 5027 2094 5096; baseline -0.001 -14"><span class='ocrx_word' id='word_1_485' title='bbox 505 5027 699 5096; x_wconf 87' lang='lat' dir='ltr'><strong>habet;</strong></span> <span class='ocrx_word' id='word_1_486' title='bbox 734 5047 854 5084; x_wconf 83' lang='lat' dir='ltr'><strong>nam</strong></span> <span class='ocrx_word' id='word_1_487' title='bbox 891 5039 1046 5085; x_wconf 78' lang='lat' dir='ltr'><strong>sexta</strong></span> <span class='ocrx_word' id='word_1_488' title='bbox 1083 5031 1203 5085; x_wconf 83' lang='lat' dir='ltr'><strong>Maii</strong></span> <span class='ocrx_word' id='word_1_489' title='bbox 1227 5031 1347 5086; x_wconf 90' lang='lat' dir='ltr'><strong>dies</strong></span> <span class='ocrx_word' id='word_1_490' title='bbox 1370 5029 1562 5084; x_wconf 86' lang='lat' dir='ltr'><strong>natalis</strong></span> <span class='ocrx_word' id='word_1_491' title='bbox 1586 5029 1643 5083; x_wconf 90' lang='lat' dir='ltr'><strong>S.</strong></span> <span class='ocrx_word' id='word_1_492' title='bbox 1680 5027 1903 5082; x_wconf 82' lang='lat' dir='ltr'><strong>Joannis</strong></span> <span class='ocrx_word' id='word_1_493' title='bbox 1925 5040 2094 5081; x_wconf 77' lang='lat' dir='ltr'><strong>evan-</strong></span> 
     </span>
    </p>
   </div>
   <div class='ocr_carea' id='block_1_71' title="bbox 503 5099 2096 5172">
    <p class='ocr_par' dir='ltr' id='par_1_71' title="bbox 503 5099 2096 5172">
     <span class='ocr_line' id='line_1_71' title="bbox 503 5099 2096 5172; baseline -0.002 -18"><span class='ocrx_word' id='word_1_494' title='bbox 503 5103 708 5172; x_wconf 81' lang='lat' dir='ltr'><strong>gelista:</strong></span> <span class='ocrx_word' id='word_1_495' title='bbox 758 5117 786 5156; x_wconf 89' lang='lat' dir='ltr'><strong>a</strong></span> <span class='ocrx_word' id='word_1_496' title='bbox 835 5101 1109 5158; x_wconf 85' lang='lat' dir='ltr'><strong>veteribus</strong></span> <span class='ocrx_word' id='word_1_497' title='bbox 1149 5113 1524 5171; x_wconf 81' lang='lat' dir='ltr'><strong>nuncupatur,</strong></span> <span class='ocrx_word' id='word_1_498' title='bbox 1567 5109 1624 5156; x_wconf 90' lang='lat' dir='ltr'><strong>et</strong></span> <span class='ocrx_word' id='word_1_499' title='bbox 1661 5111 1840 5154; x_wconf 87' lang='lat' dir='ltr'><strong>tamen</strong></span> <span class='ocrx_word' id='word_1_500' title='bbox 1872 5099 2096 5172; x_wconf 76' lang='lat' dir='ltr'><strong>minime</strong></span> 
     </span>
    </p>
   </div>
   <div class='ocr_carea' id='block_1_72' title="bbox 504 5169 2092 5241">
    <p class='ocr_par' dir='ltr' id='par_1_72' title="bbox 504 5169 2092 5241">
     <span class='ocr_line' id='line_1_72' title="bbox 504 5169 2092 5241; baseline -0.001 -15"><span class='ocrx_word' id='word_1_501' title='bbox 504 5169 554 5226; x_wconf 82' lang='lat' dir='ltr'><strong>in</strong></span> <span class='ocrx_word' id='word_1_502' title='bbox 585 5173 701 5241; x_wconf 86' lang='lat' dir='ltr'><strong>ejus</strong></span> <span class='ocrx_word' id='word_1_503' title='bbox 729 5174 920 5229; x_wconf 79' lang='lat' dir='ltr'><strong>llortis</strong></span> <span class='ocrx_word' id='word_1_504' title='bbox 958 5173 1278 5230; x_wconf 84' lang='lat' dir='ltr'><strong>memoriam</strong></span> <span class='ocrx_word' id='word_1_505' title='bbox 1319 5169 1626 5229; x_wconf 78' lang='lat' dir='ltr'><strong>celebratur</strong></span> <span class='ocrx_word' id='word_1_506' title='bbox 1649 5215 1664 5240; x_wconf 91' lang='lat'><strong>,</strong></span> <span class='ocrx_word' id='word_1_507' title='bbox 1706 5172 1802 5226; x_wconf 87' lang='lat' dir='ltr'><strong>sed</strong></span> <span class='ocrx_word' id='word_1_508' title='bbox 1849 5169 2092 5225; x_wconf 89' lang='lat' dir='ltr'><strong>miraculi</strong></span> 
     </span>
    </p>
   </div>
   <div class='ocr_carea' id='block_1_73' title="bbox 501 5243 2094 5316">
    <p class='ocr_par' dir='ltr' id='par_1_73' title="bbox 501 5243 2094 5316">
     <span class='ocr_line' id='line_1_73' title="bbox 501 5243 2094 5316; baseline -0.001 -17"><span class='ocrx_word' id='word_1_509' title='bbox 501 5245 646 5313; x_wconf 87' lang='lat' dir='ltr'><strong>quod</strong></span> <span class='ocrx_word' id='word_1_510' title='bbox 677 5245 744 5300; x_wconf 89' lang='lat' dir='ltr'><strong>ad</strong></span> <span class='ocrx_word' id='word_1_511' title='bbox 769 5258 980 5316; x_wconf 83' lang='lat' dir='ltr'><strong>portam</strong></span> <span class='ocrx_word' id='word_1_512' title='bbox 1010 5247 1252 5301; x_wconf 85' lang='lat' dir='ltr'><strong>Latinam</strong></span> <span class='ocrx_word' id='word_1_513' title='bbox 1285 5247 1500 5306; x_wconf 86' lang='lat' dir='ltr'><strong>accidit.</strong></span> <span class='ocrx_word' id='word_1_514' title='bbox 1537 5245 1679 5300; x_wconf 90' lang='lat' dir='ltr'><strong>unde</strong></span> <span class='ocrx_word' id='word_1_515' title='bbox 1707 5244 1980 5300; x_wconf 88' lang='lat' dir='ltr'><strong>Usuardus</strong></span> <span class='ocrx_word' id='word_1_516' title='bbox 2013 5243 2094 5297; x_wconf 88' lang='lat' dir='ltr'><strong>sic</strong></span> 
     </span>
    </p>
   </div>
   <div class='ocr_carea' id='block_1_74' title="bbox 2217 1157 3808 1228">
    <p class='ocr_par' dir='ltr' id='par_1_74' title="bbox 2217 1157 3808 1228">
     <span class='ocr_line' id='line_1_74' title="bbox 2217 1157 3808 1228; baseline 0.004 -17"><span class='ocrx_word' id='word_1_517' title='bbox 2217 1158 2441 1218; x_wconf 88' lang='lat' dir='ltr'><strong>credas,</strong></span> <span class='ocrx_word' id='word_1_518' title='bbox 2492 1157 2616 1228; x_wconf 90' lang='lat' dir='ltr'><strong>quia</strong></span> <span class='ocrx_word' id='word_1_519' title='bbox 2671 1173 2699 1212; x_wconf 88' lang='lat' dir='ltr'><strong>a</strong></span> <span class='ocrx_word' id='word_1_520' title='bbox 2762 1157 2939 1214; x_wconf 82' lang='lat' dir='ltr'><strong>Natali</strong></span> <span class='ocrx_word' id='word_1_521' title='bbox 2994 1161 3239 1216; x_wconf 87' lang='lat' dir='ltr'><strong>antistite</strong></span> <span class='ocrx_word' id='word_1_522' title='bbox 3293 1161 3492 1218; x_wconf 59' lang='lat' dir='ltr'><strong>tabulas</strong></span> <span class='ocrx_word' id='word_1_523' title='bbox 3545 1157 3808 1220; x_wconf 79' lang='lat' dir='ltr'><strong>festorum</strong></span> 
     </span>
    </p>
   </div>
   <div class='ocr_carea' id='block_1_75' title="bbox 2215 1228 3810 1300">
    <p class='ocr_par' dir='ltr' id='par_1_75' title="bbox 2215 1228 3810 1300">
     <span class='ocr_line' id='line_1_75' title="bbox 2215 1228 3810 1300; baseline 0.004 -18"><span class='ocrx_word' id='word_1_524' title='bbox 2215 1228 2466 1284; x_wconf 76' lang='lat' dir='ltr'><strong>ecclesia:</strong></span> <span class='ocrx_word' id='word_1_525' title='bbox 2496 1228 2659 1283; x_wconf 88' lang='lat' dir='ltr'><strong>scribi</strong></span> <span class='ocrx_word' id='word_1_526' title='bbox 2689 1239 2745 1286; x_wconf 93' lang='lat' dir='ltr'><strong>et</strong></span> <span class='ocrx_word' id='word_1_527' title='bbox 2779 1231 3027 1286; x_wconf 79' lang='lat' dir='ltr'><strong>ordinari</strong></span> <span class='ocrx_word' id='word_1_528' title='bbox 3063 1241 3258 1300; x_wconf 69' lang='lat' dir='ltr'><strong>cceptus</strong></span> <span class='ocrx_word' id='word_1_529' title='bbox 3297 1243 3444 1290; x_wconf 88' lang='lat' dir='ltr'><strong>suttt.</strong></span> <span class='ocrx_word' id='word_1_530' title='bbox 3485 1234 3601 1289; x_wconf 87' lang='lat' dir='ltr'><strong>Non</strong></span> <span class='ocrx_word' id='word_1_531' title='bbox 3647 1237 3810 1291; x_wconf 89' lang='lat' dir='ltr'><strong>aliter</strong></span> 
     </span>
    </p>
   </div>
   <div class='ocr_carea' id='block_1_76' title="bbox 2213 1303 3805 1377">
    <p class='ocr_par' dir='ltr' id='par_1_76' title="bbox 2213 1303 3805 1377">
     <span class='ocr_line' id='line_1_76' title="bbox 2213 1303 3805 1377; baseline 0.005 -24"><span class='ocrx_word' id='word_1_532' title='bbox 2213 1308 2379 1377; x_wconf 75' lang='lat' dir='ltr'><strong>atque</strong></span> <span class='ocrx_word' id='word_1_533' title='bbox 2423 1303 2615 1377; x_wconf 65' lang='lat' dir='ltr'><strong>Petrus</strong></span> <span class='ocrx_word' id='word_1_534' title='bbox 2655 1304 2948 1377; x_wconf 79' lang='lat' dir='ltr'><strong>episcopus</strong></span> <span class='ocrx_word' id='word_1_535' title='bbox 2985 1303 3270 1377; x_wconf 85' lang='lat' dir='ltr'><strong>Equiliuus</strong></span> <span class='ocrx_word' id='word_1_536' title='bbox 3321 1305 3341 1377; x_wconf 94' lang='lat'>(</span> <span class='ocrx_word' id='word_1_537' title='bbox 3375 1317 3432 1361; x_wconf 90' lang='lat' dir='ltr'><strong>ut</strong></span> <span class='ocrx_word' id='word_1_538' title='bbox 3480 1306 3805 1377; x_wconf 79' lang='lat' dir='ltr'><strong>quibusdam</strong></span> 
     </span>
    </p>
   </div>
   <div class='ocr_carea' id='block_1_77' title="bbox 2254 1371 3804 1449">
    <p class='ocr_par' dir='ltr' id='par_1_77' title="bbox 2254 1371 3804 1449">
     <span class='ocr_line' id='line_1_77' title="bbox 2254 1371 3804 1449; baseline 0.006 -25"><span class='ocrx_word' id='word_1_539' title='bbox 2254 1372 2393 1449; x_wconf 78' lang='lat' dir='ltr'><strong>lacct</strong></span> <span class='ocrx_word' id='word_1_540' title='bbox 2422 1371 2659 1449; x_wconf 84' lang='lat' dir='ltr'><strong>Petrus</strong></span> <span class='ocrx_word' id='word_1_541' title='bbox 2688 1373 2753 1428; x_wconf 83' lang='lat' dir='ltr'><strong>de</strong></span> <span class='ocrx_word' id='word_1_542' title='bbox 2781 1371 3063 1429; x_wconf 80' lang='lat' dir='ltr'><strong>Natalibus</strong></span> <span class='ocrx_word' id='word_1_543' title='bbox 3093 1376 3200 1430; x_wconf 87' lang='lat' dir='ltr'><strong>dici</strong></span> <span class='ocrx_word' id='word_1_544' title='bbox 3227 1371 3549 1449; x_wconf 71' lang='lat' dir='ltr'><strong>consuevit,</strong></span> <span class='ocrx_word' id='word_1_545' title='bbox 3582 1380 3707 1449; x_wconf 88' lang='lat' dir='ltr'><strong>quia</strong></span> <span class='ocrx_word' id='word_1_546' title='bbox 3733 1379 3804 1434; x_wconf 87' lang='lat' dir='ltr'><strong>de</strong></span> 
     </span>
    </p>
   </div>
   <div class='ocr_carea' id='block_1_78' title="bbox 2265 1443 3807 1519">
    <p class='ocr_par' dir='ltr' id='par_1_78' title="bbox 2265 1443 3807 1519">
     <span class='ocr_line' id='line_1_78' title="bbox 2265 1443 3807 1519; baseline 0.008 -26"><span class='ocrx_word' id='word_1_547' title='bbox 2265 1443 2488 1519; x_wconf 79' lang='lat' dir='ltr'><strong>utalitiis</strong></span> <span class='ocrx_word' id='word_1_548' title='bbox 2533 1455 2847 1519; x_wconf 50' lang='lat' dir='ltr'><strong>sanctorum</strong></span> <span class='ocrx_word' id='word_1_549' title='bbox 2883 1461 3022 1519; x_wconf 90' lang='lat' dir='ltr'><strong>opus</strong></span> <span class='ocrx_word' id='word_1_550' title='bbox 3053 1457 3265 1502; x_wconf 84' lang='lat' dir='ltr'><strong>vastum</strong></span> <span class='ocrx_word' id='word_1_551' title='bbox 3309 1443 3637 1519; x_wconf 47' lang='lat' dir='ltr'><strong>descripSit‘;</strong></span> <span class='ocrx_word' id='word_1_552' title='bbox 3683 1465 3807 1506; x_wconf 89' lang='lat' dir='ltr'><strong>cum</strong></span> 
     </span>
    </p>
   </div>
   <div class='ocr_carea' id='block_1_79' title="bbox 2215 1515 3803 1589">
    <p class='ocr_par' dir='ltr' id='par_1_79' title="bbox 2215 1515 3803 1589">
     <span class='ocr_line' id='line_1_79' title="bbox 2215 1515 3803 1589; baseline 0.004 -21"><span class='ocrx_word' id='word_1_553' title='bbox 2215 1522 2396 1589; x_wconf 85' lang='lat' dir='ltr'><strong>tamen</strong></span> <span class='ocrx_word' id='word_1_554' title='bbox 2425 1515 2618 1570; x_wconf 81' lang='lat' dir='ltr'><strong>Petrus</strong></span> <span class='ocrx_word' id='word_1_555' title='bbox 2642 1517 2711 1589; x_wconf 88' lang='lat' dir='ltr'><strong>de</strong></span> <span class='ocrx_word' id='word_1_556' title='bbox 2737 1515 2976 1572; x_wconf 88' lang='lat' dir='ltr'><strong>Venetiis</strong></span> <span class='ocrx_word' id='word_1_557' title='bbox 2996 1519 3220 1589; x_wconf 83' lang='lat' dir='ltr'><strong>pmprio</strong></span> <span class='ocrx_word' id='word_1_558' title='bbox 3251 1521 3472 1575; x_wconf 89' lang='lat' dir='ltr'><strong>nomine</strong></span> <span class='ocrx_word' id='word_1_559' title='bbox 3493 1515 3803 1588; x_wconf 76' lang='lat' dir='ltr'><strong>vocaretur,</strong></span> 
     </span>
    </p>
   </div>
   <div class='ocr_carea' id='block_1_80' title="bbox 2213 1587 3804 1661">
    <p class='ocr_par' dir='ltr' id='par_1_80' title="bbox 2213 1587 3804 1661">
     <span class='ocr_line' id='line_1_80' title="bbox 2213 1587 3804 1661; baseline 0.004 -20"><span class='ocrx_word' id='word_1_560' title='bbox 2213 1597 2271 1641; x_wconf 90' lang='lat' dir='ltr'><strong>ut</strong></span> <span class='ocrx_word' id='word_1_561' title='bbox 2310 1587 2423 1654; x_wconf 89' lang='lat' dir='ltr'><strong>ipse</strong></span> <span class='ocrx_word' id='word_1_562' title='bbox 2463 1589 2514 1641; x_wconf 90' lang='lat' dir='ltr'><strong>in</strong></span> <span class='ocrx_word' id='word_1_563' title='bbox 2547 1588 2768 1659; x_wconf 76' lang='lat' dir='ltr'><strong>prologo</strong></span> <span class='ocrx_word' id='word_1_564' title='bbox 2798 1603 2898 1645; x_wconf 92' lang='lat' dir='ltr'><strong>suo</strong></span> <span class='ocrx_word' id='word_1_565' title='bbox 2939 1587 3194 1645; x_wconf 78' lang='lat' dir='ltr'><strong>testatum</strong></span> <span class='ocrx_word' id='word_1_566' title='bbox 3234 1590 3466 1661; x_wconf 82' lang='lat' dir='ltr'><strong>reliquit.</strong></span> <span class='ocrx_word' id='word_1_567' title='bbox 3504 1591 3658 1648; x_wconf 84' lang='lat' dir='ltr'><strong>Adde</strong></span> <span class='ocrx_word' id='word_1_568' title='bbox 3701 1587 3804 1649; x_wconf 85' lang='lat' dir='ltr'><strong>SS.</strong></span> 
     </span>
    </p>
   </div>
   <div class='ocr_carea' id='block_1_81' title="bbox 2215 1661 3805 1730">
    <p class='ocr_par' dir='ltr' id='par_1_81' title="bbox 2215 1661 3805 1730">
     <span class='ocr_line' id='line_1_81' title="bbox 2215 1661 3805 1730; baseline 0.005 -20"><span class='ocrx_word' id='word_1_569' title='bbox 2215 1666 2516 1730; x_wconf 80' lang='lat' dir='ltr'><strong>martyrum</strong></span> <span class='ocrx_word' id='word_1_570' title='bbox 2548 1669 2755 1715; x_wconf 88' lang='lat' dir='ltr'><strong>mortes</strong></span> <span class='ocrx_word' id='word_1_571' title='bbox 2787 1663 3095 1716; x_wconf 89' lang='lat' dir='ltr'><strong>nullatenus</strong></span> <span class='ocrx_word' id='word_1_572' title='bbox 3126 1672 3254 1716; x_wconf 87' lang='lat' dir='ltr'><strong>ante</strong></span> <span class='ocrx_word' id='word_1_573' title='bbox 3276 1661 3484 1718; x_wconf 81' lang='lat' dir='ltr'><strong>Natalis</strong></span> <span class='ocrx_word' id='word_1_574' title='bbox 3514 1673 3759 1730; x_wconf 89' lang='lat' dir='ltr'><strong>tempora</strong></span> <span class='ocrx_word' id='word_1_575' title='bbox 3790 1703 3805 1729; x_wconf 92' lang='lat'><strong>,</strong></span> 
     </span>
    </p>
   </div>
   <div class='ocr_carea' id='block_1_82' title="bbox 2211 1729 3806 1804">
    <p class='ocr_par' dir='ltr' id='par_1_82' title="bbox 2211 1729 3806 1804">
     <span class='ocr_line' id='line_1_82' title="bbox 2211 1729 3806 1804; baseline 0.005 -22"><span class='ocrx_word' id='word_1_576' title='bbox 2211 1729 2435 1804; x_wconf 78' lang='lat' dir='ltr'><strong>Natales</strong></span> <span class='ocrx_word' id='word_1_577' title='bbox 2464 1731 2648 1804; x_wconf 82' lang='lat' dir='ltr'><strong>vocari</strong></span> <span class='ocrx_word' id='word_1_578' title='bbox 2679 1733 3062 1804; x_wconf 83' lang='lat' dir='ltr'><strong>consuevisse.</strong></span> <span class='ocrx_word' id='word_1_579' title='bbox 3099 1734 3196 1789; x_wconf 89' lang='lat' dir='ltr'><strong>sed</strong></span> <span class='ocrx_word' id='word_1_580' title='bbox 3227 1744 3414 1804; x_wconf 90' lang='lat' dir='ltr'><strong>postea</strong></span> <span class='ocrx_word' id='word_1_581' title='bbox 3440 1750 3454 1800; x_wconf 93' lang='lat'><strong>;</strong></span> <span class='ocrx_word' id='word_1_582' title='bbox 3488 1734 3631 1801; x_wconf 90' lang='lat' dir='ltr'><strong>quod</strong></span> <span class='ocrx_word' id='word_1_583' title='bbox 3658 1734 3806 1791; x_wconf 90' lang='lat' dir='ltr'><strong>enim</strong></span> 
     </span>
    </p>
   </div>
   <div class='ocr_carea' id='block_1_83' title="bbox 2211 1801 3808 1875">
    <p class='ocr_par' dir='ltr' id='par_1_83' title="bbox 2211 1801 3808 1875">
     <span class='ocr_line' id='line_1_83' title="bbox 2211 1801 3808 1875; baseline 0.005 -21"><span class='ocrx_word' id='word_1_584' title='bbox 2211 1801 2378 1875; x_wconf 83' lang='lat' dir='ltr'><strong>aliqui</strong></span> <span class='ocrx_word' id='word_1_585' title='bbox 2403 1817 2468 1856; x_wconf 84' lang='lat' dir='ltr'><strong>ex</strong></span> <span class='ocrx_word' id='word_1_586' title='bbox 2488 1802 2721 1875; x_wconf 83' lang='lat' dir='ltr'><strong>Origene</strong></span> <span class='ocrx_word' id='word_1_587' title='bbox 2750 1803 2982 1858; x_wconf 70' lang='lat' dir='ltr'><strong>afferunt</strong></span> <span class='ocrx_word' id='word_1_588' title='bbox 3015 1808 3160 1860; x_wconf 88' lang='lat' dir='ltr'><strong>hom.</strong></span> <span class='ocrx_word' id='word_1_589' title='bbox 3185 1801 3408 1875; x_wconf 53' lang='lat' dir='ltr'><strong>5&#39;super</strong></span> <span class='ocrx_word' id='word_1_590' title='bbox 3429 1805 3554 1873; x_wconf 81' lang='lat' dir='ltr'><strong>Job,</strong></span> <span class='ocrx_word' id='word_1_591' title='bbox 3585 1821 3694 1862; x_wconf 91' lang='lat' dir='ltr'><strong>non</strong></span> <span class='ocrx_word' id='word_1_592' title='bbox 3723 1819 3808 1862; x_wconf 89' lang='lat' dir='ltr'><strong>est</strong></span> 
     </span>
    </p>
   </div>
   <div class='ocr_carea' id='block_1_84' title="bbox 2211 1874 3809 1946">
    <p class='ocr_par' dir='ltr' id='par_1_84' title="bbox 2211 1874 3809 1946">
     <span class='ocr_line' id='line_1_84' title="bbox 2211 1874 3809 1946; baseline 0.004 -20"><span class='ocrx_word' id='word_1_593' title='bbox 2211 1874 2277 1946; x_wconf 86' lang='lat' dir='ltr'><strong>ad</strong></span> <span class='ocrx_word' id='word_1_594' title='bbox 2305 1887 2440 1938; x_wconf 88' lang='lat' dir='ltr'><strong>rem,</strong></span> <span class='ocrx_word' id='word_1_595' title='bbox 2468 1874 2589 1946; x_wconf 83' lang='lat' dir='ltr'><strong>quia</strong></span> <span class='ocrx_word' id='word_1_596' title='bbox 2623 1874 2692 1929; x_wconf 89' lang='lat' dir='ltr'><strong>ibi</strong></span> <span class='ocrx_word' id='word_1_597' title='bbox 2717 1878 2893 1930; x_wconf 87' lang='lat' dir='ltr'><strong>solum</strong></span> <span class='ocrx_word' id='word_1_598' title='bbox 2918 1877 2988 1930; x_wconf 90' lang='lat' dir='ltr'><strong>ait</strong></span> <span class='ocrx_word' id='word_1_599' title='bbox 3025 1894 3037 1930; x_wconf 92' lang='lat'><strong>:</strong></span> <span class='ocrx_word' id='word_1_600' title='bbox 3075 1876 3184 1932; x_wconf 87' lang='lat' dir='ltr'><strong>Nos</strong></span> <span class='ocrx_word' id='word_1_601' title='bbox 3212 1874 3389 1946; x_wconf 81' lang='lat' dir='ltr'><strong>itaque</strong></span> <span class='ocrx_word' id='word_1_602' title='bbox 3412 1894 3515 1932; x_wconf 83' lang='lat' dir='ltr'><strong>non</strong></span> <span class='ocrx_word' id='word_1_603' title='bbox 3543 1876 3809 1932; x_wconf 81' lang='lat' dir='ltr'><strong>Naticita-</strong></span> 
     </span>
    </p>
   </div>
   <div class='ocr_carea' id='block_1_85' title="bbox 2211 1944 3809 2020">
    <p class='ocr_par' dir='ltr' id='par_1_85' title="bbox 2211 1944 3809 2020">
     <span class='ocr_line' id='line_1_85' title="bbox 2211 1944 3809 2020; baseline 0.004 -23"><span class='ocrx_word' id='word_1_604' title='bbox 2211 1945 2277 2020; x_wconf 76' lang='lat' dir='ltr'><strong>tis</strong></span> <span class='ocrx_word' id='word_1_605' title='bbox 2303 1947 2438 2020; x_wconf 78' lang='lat' dir='ltr'><strong>diem</strong></span> <span class='ocrx_word' id='word_1_606' title='bbox 2463 1944 2778 2020; x_wconf 69' lang='lat' dir='ltr'><strong>celebramus</strong></span> <span class='ocrx_word' id='word_1_607' title='bbox 2803 1989 2815 2009; x_wconf 95' lang='lat'><strong>,</strong></span> <span class='ocrx_word' id='word_1_608' title='bbox 2857 1952 2945 2001; x_wconf 73' lang='lat' dir='ltr'><strong>sed</strong></span> <span class='ocrx_word' id='word_1_609' title='bbox 2973 1950 3151 2002; x_wconf 88' lang='lat' dir='ltr'><strong>mortis</strong></span> <span class='ocrx_word' id='word_1_610' title='bbox 3175 1993 3188 2015; x_wconf 90' lang='lat'><strong>,</strong></span> <span class='ocrx_word' id='word_1_611' title='bbox 3224 1944 3347 2020; x_wconf 86' lang='lat' dir='ltr'><strong>quia</strong></span> <span class='ocrx_word' id='word_1_612' title='bbox 3382 1965 3485 2004; x_wconf 81' lang='lat' dir='ltr'><strong>non</strong></span> <span class='ocrx_word' id='word_1_613' title='bbox 3516 1951 3809 2004; x_wconf 81' lang='lat' dir='ltr'><strong>moriuntur</strong></span> 
     </span>
    </p>
   </div>
   <div class='ocr_carea' id='block_1_86' title="bbox 2211 2014 3806 2094">
    <p class='ocr_par' dir='ltr' id='par_1_86' title="bbox 2211 2014 3806 2094">
     <span class='ocr_line' id='line_1_86' title="bbox 2211 2014 3806 2094; baseline 0.005 -26"><span class='ocrx_word' id='word_1_614' title='bbox 2211 2014 2267 2069; x_wconf 81' lang='lat' dir='ltr'><strong>hi</strong></span> <span class='ocrx_word' id='word_1_615' title='bbox 2291 2058 2304 2081; x_wconf 96' lang='lat'><strong>,</strong></span> <span class='ocrx_word' id='word_1_616' title='bbox 2347 2017 2434 2094; x_wconf 81' lang='lat' dir='ltr'><strong>qui</strong></span> <span class='ocrx_word' id='word_1_617' title='bbox 2477 2019 2607 2094; x_wconf 74' lang='lat' dir='ltr'><strong>mori</strong></span> <span class='ocrx_word' id='word_1_618' title='bbox 2645 2019 2929 2094; x_wconf 75' lang='lat' dir='ltr'><strong>videntur;</strong></span> <span class='ocrx_word' id='word_1_619' title='bbox 2981 2030 3036 2094; x_wconf 86' lang='lat' dir='ltr'><strong>et</strong></span> <span class='ocrx_word' id='word_1_620' title='bbox 3078 2014 3249 2094; x_wconf 80' lang='lat' dir='ltr'><strong>multo</strong></span> <span class='ocrx_word' id='word_1_621' title='bbox 3277 2021 3457 2076; x_wconf 88' lang='lat' dir='ltr'><strong>minus</strong></span> <span class='ocrx_word' id='word_1_622' title='bbox 3487 2023 3549 2077; x_wconf 91' lang='lat' dir='ltr'><strong>D.</strong></span> <span class='ocrx_word' id='word_1_623' title='bbox 3580 2025 3806 2094; x_wconf 41' lang='lat' dir='ltr'><strong>Cyprias</strong></span> 
     </span>
    </p>
   </div>
   <div class='ocr_carea' id='block_1_87' title="bbox 2213 2088 3808 2166">
    <p class='ocr_par' dir='ltr' id='par_1_87' title="bbox 2213 2088 3808 2166">
     <span class='ocr_line' id='line_1_87' title="bbox 2213 2088 3808 2166; baseline 0.007 -26"><span class='ocrx_word' id='word_1_624' title='bbox 2213 2102 2335 2166; x_wconf 54' lang='lat' dir='ltr'><strong>Illis,</strong></span> <span class='ocrx_word' id='word_1_625' title='bbox 2367 2089 2482 2166; x_wconf 72' lang='lat' dir='ltr'><strong>sive</strong></span> <span class='ocrx_word' id='word_1_626' title='bbox 2503 2088 2791 2158; x_wconf 89' lang='lat' dir='ltr'><strong>epistolam</strong></span> <span class='ocrx_word' id='word_1_627' title='bbox 2814 2091 2934 2158; x_wconf 83' lang='lat' dir='ltr'><strong>eius</strong></span> <span class='ocrx_word' id='word_1_628' title='bbox 2961 2093 3029 2148; x_wconf 67' lang='lat'><strong>54</strong></span> <span class='ocrx_word' id='word_1_629' title='bbox 3051 2093 3166 2148; x_wconf 80' lang='lat' dir='ltr'><strong>sive</strong></span> <span class='ocrx_word' id='word_1_630' title='bbox 3187 2093 3254 2148; x_wconf 79' lang='lat'><strong>57</strong></span> <span class='ocrx_word' id='word_1_631' title='bbox 3280 2103 3516 2162; x_wconf 80' lang='lat' dir='ltr'><strong>Specles,</strong></span> <span class='ocrx_word' id='word_1_632' title='bbox 3542 2088 3808 2166; x_wconf 75' lang='lat' dir='ltr'><strong>quidquid</strong></span> 
     </span>
    </p>
   </div>
   <div class='ocr_carea' id='block_1_88' title="bbox 2223 2159 2772 2216">
    <p class='ocr_par' dir='ltr' id='par_1_88' title="bbox 2223 2159 2772 2216">
     <span class='ocr_line' id='line_1_88' title="bbox 2223 2159 2772 2216; baseline 0.002 -2"><span class='ocrx_word' id='word_1_633' title='bbox 2223 2159 2494 2214; x_wconf 73' lang='lat' dir='ltr'><strong>Pumclius</strong></span> <span class='ocrx_word' id='word_1_634' title='bbox 2524 2171 2772 2216; x_wconf 87' lang='lat' dir='ltr'><strong>conetur.</strong></span> 
     </span>
    </p>
   </div>
   <div class='ocr_carea' id='block_1_89' title="bbox 2286 2229 3811 2298">
    <p class='ocr_par' dir='ltr' id='par_1_89' title="bbox 2286 2229 3811 2298">
     <span class='ocr_line' id='line_1_89' title="bbox 2286 2229 3811 2298; baseline 0.002 -12"><span class='ocrx_word' id='word_1_635' title='bbox 2286 2233 2339 2286; x_wconf 88' lang='lat'><strong>5.</strong></span> <span class='ocrx_word' id='word_1_636' title='bbox 2376 2229 2484 2286; x_wconf 85' lang='lat' dir='ltr'><strong>Sub</strong></span> <span class='ocrx_word' id='word_1_637' title='bbox 2519 2230 2734 2298; x_wconf 82' lang='lat' dir='ltr'><strong>Natali,</strong></span> <span class='ocrx_word' id='word_1_638' title='bbox 2764 2245 2866 2289; x_wconf 90' lang='lat' dir='ltr'><strong>etc.</strong></span> <span class='ocrx_word' id='word_1_639' title='bbox 2900 2234 2975 2288; x_wconf 88' lang='lat' dir='ltr'><strong>De</strong></span> <span class='ocrx_word' id='word_1_640' title='bbox 3017 2234 3118 2289; x_wconf 91' lang='lat' dir='ltr'><strong>hoc</strong></span> <span class='ocrx_word' id='word_1_641' title='bbox 3156 2233 3424 2289; x_wconf 87' lang='lat' dir='ltr'><strong>Toletano</strong></span> <span class='ocrx_word' id='word_1_642' title='bbox 3463 2235 3700 2291; x_wconf 92' lang='lat' dir='ltr'><strong>concilio</strong></span> <span class='ocrx_word' id='word_1_643' title='bbox 3727 2234 3811 2289; x_wconf 79' lang='lat' dir='ltr'><strong>lo-</strong></span> 
     </span>
    </p>
   </div>
   <div class='ocr_carea' id='block_1_90' title="bbox 2213 2303 3809 2378">
    <p class='ocr_par' dir='ltr' id='par_1_90' title="bbox 2213 2303 3809 2378">
     <span class='ocr_line' id='line_1_90' title="bbox 2213 2303 3809 2378; baseline 0.005 -23"><span class='ocrx_word' id='word_1_644' title='bbox 2213 2312 2463 2378; x_wconf 78' lang='lat' dir='ltr'><strong>quuntur</strong></span> <span class='ocrx_word' id='word_1_645' title='bbox 2492 2303 2747 2378; x_wconf 18' lang='lat' dir='ltr'><strong>llis&#39;toriai</strong></span> <span class='ocrx_word' id='word_1_646' title='bbox 2774 2307 3044 2378; x_wconf 72' lang='lat' dir='ltr'><strong>generalis</strong></span> <span class='ocrx_word' id='word_1_647' title='bbox 3076 2307 3350 2377; x_wconf 74' lang='lat' dir='ltr'><strong>Hispaniae</strong></span> <span class='ocrx_word' id='word_1_648' title='bbox 3376 2349 3390 2374; x_wconf 94' lang='lat'><strong>,</strong></span> <span class='ocrx_word' id='word_1_649' title='bbox 3428 2322 3548 2378; x_wconf 71' lang='lat' dir='ltr'><strong>qua:</strong></span> <span class='ocrx_word' id='word_1_650' title='bbox 3579 2309 3679 2363; x_wconf 91' lang='lat' dir='ltr'><strong>sub</strong></span> <span class='ocrx_word' id='word_1_651' title='bbox 3707 2320 3809 2363; x_wconf 88' lang='lat' dir='ltr'><strong>no-</strong></span> 
     </span>
    </p>
   </div>
   <div class='ocr_carea' id='block_1_91' title="bbox 2215 2375 3812 2446">
    <p class='ocr_par' dir='ltr' id='par_1_91' title="bbox 2215 2375 3812 2446">
     <span class='ocr_line' id='line_1_91' title="bbox 2215 2375 3812 2446; baseline 0.003 -16"><span class='ocrx_word' id='word_1_652' title='bbox 2215 2375 2366 2431; x_wconf 89' lang='lat' dir='ltr'><strong>mine</strong></span> <span class='ocrx_word' id='word_1_653' title='bbox 2401 2375 2669 2441; x_wconf 85' lang='lat' dir='ltr'><strong>Alpllonsi</strong></span> <span class='ocrx_word' id='word_1_654' title='bbox 2707 2376 2754 2431; x_wconf 81' lang='lat' dir='ltr'><strong>X</strong></span> <span class='ocrx_word' id='word_1_655' title='bbox 2790 2375 2938 2446; x_wconf 84' lang='lat' dir='ltr'><strong>regis</strong></span> <span class='ocrx_word' id='word_1_656' title='bbox 2981 2375 3256 2446; x_wconf 79' lang='lat' dir='ltr'><strong>Sapientis</strong></span> <span class='ocrx_word' id='word_1_657' title='bbox 3292 2375 3710 2444; x_wconf 80' lang='lat' dir='ltr'><strong>circumfertur;</strong></span> <span class='ocrx_word' id='word_1_658' title='bbox 3751 2387 3812 2435; x_wconf 88' lang='lat' dir='ltr'><strong>et</strong></span> 
     </span>
    </p>
   </div>
   <div class='ocr_carea' id='block_1_92' title="bbox 2151 2446 3811 2543">
    <p class='ocr_par' dir='ltr' id='par_1_92' title="bbox 2151 2446 3811 2543">
     <span class='ocr_line' id='line_1_92' title="bbox 2151 2446 3811 2543; baseline 0 0"><span class='ocrx_word' id='word_1_659' title='bbox 2151 2485 2190 2543; x_wconf 72' lang='lat' dir='ltr'><strong>ll</strong></span> <span class='ocrx_word' id='word_1_660' title='bbox 2220 2446 2940 2543; x_wconf 50' lang='grc' dir='ltr'><strong>Ἦὲίθῖἷῗῑἓῖθῖἱλῖῗὶ¹ἳῖίῗὲίῖἶ</strong></span> <span class='ocrx_word' id='word_1_661' title='bbox 2965 2450 3577 2543; x_wconf 59' lang='grc' dir='ltr'><strong>’ξέ.ἔῑ¹ῗῖ¹⁵ἑ¹⁵ιέἔῖ.τέ¹]9ἒ</strong></span> <span class='ocrx_word' id='word_1_662' title='bbox 3593 2491 3621 2543; x_wconf 73' lang='grc' dir='ltr'><strong>ν,</strong></span> <span class='ocrx_word' id='word_1_663' title='bbox 3652 2461 3709 2543; x_wconf 63' lang='lat'><strong>9}</strong></span> <span class='ocrx_word' id='word_1_664' title='bbox 3739 2465 3811 2543; x_wconf 57' lang='grc' dir='ltr'><strong>ξι</strong></span> 
     </span>
    </p>
   </div>
   <div class='ocr_carea' id='block_1_93' title="bbox 2220 2518 3811 2579">
    <p class='ocr_par' dir='ltr' id='par_1_93' title="bbox 2220 2518 3811 2579">
     <span class='ocr_line' id='line_1_93' title="bbox 2220 2518 3811 2579; baseline 0.002 -5"><span class='ocrx_word' id='word_1_665' title='bbox 2220 2518 2333 2574; x_wconf 86' lang='lat' dir='ltr'><strong>MS.</strong></span> <span class='ocrx_word' id='word_1_666' title='bbox 2359 2519 2546 2573; x_wconf 88' lang='lat' dir='ltr'><strong>codice</strong></span> <span class='ocrx_word' id='word_1_667' title='bbox 2579 2523 2944 2574; x_wconf 81' lang='lat' dir='ltr'><strong>vetustissimo</strong></span> <span class='ocrx_word' id='word_1_668' title='bbox 2997 2520 3275 2576; x_wconf 84' lang='lat' dir='ltr'><strong>Toletanae</strong></span> <span class='ocrx_word' id='word_1_669' title='bbox 3320 2521 3576 2579; x_wconf 67' lang='lat' dir='ltr'><strong>Ecclesia:</strong></span> <span class='ocrx_word' id='word_1_670' title='bbox 3608 2538 3624 2578; x_wconf 86' lang='lat'><strong>:</strong></span> <span class='ocrx_word' id='word_1_671' title='bbox 3654 2521 3712 2577; x_wconf 92' lang='lat' dir='ltr'><strong>in</strong></span> <span class='ocrx_word' id='word_1_672' title='bbox 3743 2538 3811 2577; x_wconf 90' lang='lat' dir='ltr'><strong>eo</strong></span> 
     </span>
    </p>
   </div>
   <div class='ocr_carea' id='block_1_94' title="bbox 2221 2591 3812 2664">
    <p class='ocr_par' dir='ltr' id='par_1_94' title="bbox 2221 2591 3812 2664">
     <span class='ocr_line' id='line_1_94' title="bbox 2221 2591 3812 2664; baseline 0.004 -21"><span class='ocrx_word' id='word_1_673' title='bbox 2221 2601 2402 2644; x_wconf 89' lang='lat' dir='ltr'><strong>autem</strong></span> <span class='ocrx_word' id='word_1_674' title='bbox 2427 2591 2662 2664; x_wconf 81' lang='lat' dir='ltr'><strong>concilio</strong></span> <span class='ocrx_word' id='word_1_675' title='bbox 2686 2593 3023 2664; x_wconf 86' lang='lat' dir='ltr'><strong>Constantini</strong></span> <span class='ocrx_word' id='word_1_676' title='bbox 3043 2591 3194 2660; x_wconf 81' lang='lat' dir='ltr'><strong>jussu</strong></span> <span class='ocrx_word' id='word_1_677' title='bbox 3229 2593 3386 2648; x_wconf 71' lang='lat' dir='ltr'><strong>Hom.</strong></span> <span class='ocrx_word' id='word_1_678' title='bbox 3420 2593 3680 2664; x_wconf 82' lang='lat' dir='ltr'><strong>pontiﬁce</strong></span> <span class='ocrx_word' id='word_1_679' title='bbox 3706 2598 3723 2664; x_wconf 95' lang='lat'><strong>(</strong></span> <span class='ocrx_word' id='word_1_680' title='bbox 3750 2604 3812 2649; x_wconf 90' lang='lat' dir='ltr'><strong>ut</strong></span> 
     </span>
    </p>
   </div>
   <div class='ocr_carea' id='block_1_95' title="bbox 2221 2662 3812 2735">
    <p class='ocr_par' dir='ltr' id='par_1_95' title="bbox 2221 2662 3812 2735">
     <span class='ocr_line' id='line_1_95' title="bbox 2221 2662 3812 2735; baseline 0.003 -21"><span class='ocrx_word' id='word_1_681' title='bbox 2221 2677 2316 2730; x_wconf 89' lang='lat' dir='ltr'><strong>par</strong></span> <span class='ocrx_word' id='word_1_682' title='bbox 2349 2673 2432 2735; x_wconf 80' lang='lat' dir='ltr'><strong>est</strong></span> <span class='ocrx_word' id='word_1_683' title='bbox 2461 2662 2689 2735; x_wconf 83' lang='lat' dir='ltr'><strong>credere</strong></span> <span class='ocrx_word' id='word_1_684' title='bbox 2719 2664 2786 2718; x_wconf 89' lang='lat' dir='ltr'><strong>de</strong></span> <span class='ocrx_word' id='word_1_685' title='bbox 2813 2664 2976 2718; x_wconf 91' lang='lat' dir='ltr'><strong>rebus</strong></span> <span class='ocrx_word' id='word_1_686' title='bbox 3011 2662 3519 2720; x_wconf 28' lang='lat' dir='ltr'><strong>Ecclesiasticis‘ab</strong></span> <span class='ocrx_word' id='word_1_687' title='bbox 3549 2679 3616 2720; x_wconf 92' lang='lat' dir='ltr'><strong>eo</strong></span> <span class='ocrx_word' id='word_1_688' title='bbox 3639 2662 3812 2735; x_wconf 81' lang='lat' dir='ltr'><strong>impe-</strong></span> 
     </span>
    </p>
   </div>
   <div class='ocr_carea' id='block_1_96' title="bbox 2217 2732 3811 2807">
    <p class='ocr_par' dir='ltr' id='par_1_96' title="bbox 2217 2732 3811 2807">
     <span class='ocr_line' id='line_1_96' title="bbox 2217 2732 3811 2807; baseline 0.003 -19"><span class='ocrx_word' id='word_1_689' title='bbox 2217 2740 2398 2788; x_wconf 88' lang='lat' dir='ltr'><strong>ratore</strong></span> <span class='ocrx_word' id='word_1_690' title='bbox 2414 2732 2589 2803; x_wconf 84' lang='lat' dir='ltr'><strong>laetis)</strong></span> <span class='ocrx_word' id='word_1_691' title='bbox 2613 2735 2962 2801; x_wconf 88' lang='lat' dir='ltr'><strong>assentiente,</strong></span> <span class='ocrx_word' id='word_1_692' title='bbox 2989 2735 3057 2791; x_wconf 87' lang='lat' dir='ltr'><strong>de</strong></span> <span class='ocrx_word' id='word_1_693' title='bbox 3075 2738 3321 2792; x_wconf 88' lang='lat' dir='ltr'><strong>terminis</strong></span> <span class='ocrx_word' id='word_1_694' title='bbox 3341 2737 3579 2807; x_wconf 85' lang='lat' dir='ltr'><strong>antiquis</strong></span> <span class='ocrx_word' id='word_1_695' title='bbox 3601 2732 3811 2792; x_wconf 71' lang='lat' dir='ltr'><strong>metro-</strong></span> 
     </span>
    </p>
   </div>
   <div class='ocr_carea' id='block_1_97' title="bbox 2219 2806 3812 2875">
    <p class='ocr_par' dir='ltr' id='par_1_97' title="bbox 2219 2806 3812 2875">
     <span class='ocr_line' id='line_1_97' title="bbox 2219 2806 3812 2875; baseline 0.003 -15"><span class='ocrx_word' id='word_1_696' title='bbox 2219 2806 2585 2875; x_wconf 88' lang='lat' dir='ltr'><strong>politauarum</strong></span> <span class='ocrx_word' id='word_1_697' title='bbox 2632 2822 2693 2860; x_wconf 86' lang='lat' dir='ltr'><strong>ac</strong></span> <span class='ocrx_word' id='word_1_698' title='bbox 2734 2807 3168 2863; x_wconf 78' lang='lat' dir='ltr'><strong>ditecesanarum</strong></span> <span class='ocrx_word' id='word_1_699' title='bbox 3215 2806 3586 2864; x_wconf 84' lang='lat' dir='ltr'><strong>Ecclesiarum</strong></span> <span class='ocrx_word' id='word_1_700' title='bbox 3629 2820 3812 2864; x_wconf 84' lang='lat' dir='ltr'><strong>actum</strong></span> 
     </span>
    </p>
   </div>
   <div class='ocr_carea' id='block_1_98' title="bbox 2217 2878 3811 2951">
    <p class='ocr_par' dir='ltr' id='par_1_98' title="bbox 2217 2878 3811 2951">
     <span class='ocr_line' id='line_1_98' title="bbox 2217 2878 3811 2951; baseline 0.003 -21"><span class='ocrx_word' id='word_1_701' title='bbox 2217 2886 2301 2951; x_wconf 80' lang='lat' dir='ltr'><strong>est</strong></span> <span class='ocrx_word' id='word_1_702' title='bbox 2328 2923 2341 2945; x_wconf 87' lang='lat'><strong>,</strong></span> <span class='ocrx_word' id='word_1_703' title='bbox 2376 2885 2430 2931; x_wconf 91' lang='lat' dir='ltr'><strong>et</strong></span> <span class='ocrx_word' id='word_1_704' title='bbox 2459 2885 2570 2951; x_wconf 81' lang='lat' dir='ltr'><strong>tota</strong></span> <span class='ocrx_word' id='word_1_705' title='bbox 2614 2878 2866 2950; x_wconf 88' lang='lat' dir='ltr'><strong>Hispania</strong></span> <span class='ocrx_word' id='word_1_706' title='bbox 2906 2881 2958 2951; x_wconf 89' lang='lat' dir='ltr'><strong>in</strong></span> <span class='ocrx_word' id='word_1_707' title='bbox 2989 2879 3226 2951; x_wconf 90' lang='lat' dir='ltr'><strong>quinque</strong></span> <span class='ocrx_word' id='word_1_708' title='bbox 3259 2881 3589 2950; x_wconf 84' lang='lat' dir='ltr'><strong>metropoles</strong></span> <span class='ocrx_word' id='word_1_709' title='bbox 3619 2881 3811 2935; x_wconf 85' lang='lat' dir='ltr'><strong>distri-</strong></span> 
     </span>
    </p>
   </div>
   <div class='ocr_carea' id='block_1_99' title="bbox 2217 2946 3811 3016">
    <p class='ocr_par' dir='ltr' id='par_1_99' title="bbox 2217 2946 3811 3016">
     <span class='ocr_line' id='line_1_99' title="bbox 2217 2946 3811 3016; baseline 0.003 -15"><span class='ocrx_word' id='word_1_710' title='bbox 2217 2946 2385 3002; x_wconf 90' lang='lat' dir='ltr'><strong>buta:</strong></span> <span class='ocrx_word' id='word_1_711' title='bbox 2421 2946 2676 3004; x_wconf 73' lang='lat' dir='ltr'><strong>videlicet</strong></span> <span class='ocrx_word' id='word_1_712' title='bbox 2701 2946 2726 3015; x_wconf 76' lang='grc'><strong>,“</strong></span> <span class='ocrx_word' id='word_1_713' title='bbox 2767 2953 2822 3005; x_wconf 81' lang='lat'><strong>1°</strong></span> <span class='ocrx_word' id='word_1_714' title='bbox 2863 2946 3158 3016; x_wconf 68' lang='lat' dir='ltr'><strong>Toletum,</strong></span> <span class='ocrx_word' id='word_1_715' title='bbox 3204 2951 3270 3004; x_wconf 76' lang='lat'><strong>2°</strong></span> <span class='ocrx_word' id='word_1_716' title='bbox 3312 2946 3710 3016; x_wconf 79' lang='lat' dir='ltr'><strong>Tarraconem,</strong></span> <span class='ocrx_word' id='word_1_717' title='bbox 3744 2953 3811 3006; x_wconf 93' lang='lat'><strong>5°</strong></span> 
     </span>
    </p>
   </div>
   <div class='ocr_carea' id='block_1_100' title="bbox 2219 3019 3812 3094">
    <p class='ocr_par' dir='ltr' id='par_1_100' title="bbox 2219 3019 3812 3094">
     <span class='ocr_line' id='line_1_100' title="bbox 2219 3019 3812 3094; baseline 0.004 -21"><span class='ocrx_word' id='word_1_718' title='bbox 2219 3019 2536 3094; x_wconf 64' lang='lat' dir='ltr'><strong>Bracaratnf,</strong></span> <span class='ocrx_word' id='word_1_719' title='bbox 2585 3025 2649 3076; x_wconf 72' lang='lat'><strong>4°</strong></span> <span class='ocrx_word' id='word_1_720' title='bbox 2698 3022 3024 3087; x_wconf 87' lang='lat' dir='ltr'><strong>Emeritam,</strong></span> <span class='ocrx_word' id='word_1_721' title='bbox 3063 3022 3125 3076; x_wconf 80' lang='lat'><strong>5°</strong></span> <span class='ocrx_word' id='word_1_722' title='bbox 3173 3025 3432 3094; x_wconf 79' lang='lat' dir='ltr'><strong>Hispalim</strong></span> <span class='ocrx_word' id='word_1_723' title='bbox 3470 3042 3480 3076; x_wconf 91' lang='lat'><strong>:</strong></span> <span class='ocrx_word' id='word_1_724' title='bbox 3515 3039 3583 3078; x_wconf 88' lang='lat' dir='ltr'><strong>eo</strong></span> <span class='ocrx_word' id='word_1_725' title='bbox 3611 3024 3812 3079; x_wconf 84' lang='lat' dir='ltr'><strong>ordine</strong></span> 
     </span>
    </p>
   </div>
   <div class='ocr_carea' id='block_1_101' title="bbox 2215 3091 3812 3163">
    <p class='ocr_par' dir='ltr' id='par_1_101' title="bbox 2215 3091 3812 3163">
     <span class='ocr_line' id='line_1_101' title="bbox 2215 3091 3812 3163; baseline 0.003 -18"><span class='ocrx_word' id='word_1_726' title='bbox 2215 3091 2492 3162; x_wconf 79' lang='lat' dir='ltr'><strong>dignitatis</strong></span> <span class='ocrx_word' id='word_1_727' title='bbox 2513 3091 2622 3163; x_wconf 89' lang='lat' dir='ltr'><strong>quo</strong></span> <span class='ocrx_word' id='word_1_728' title='bbox 2656 3094 2815 3148; x_wconf 90' lang='lat' dir='ltr'><strong>modo</strong></span> <span class='ocrx_word' id='word_1_729' title='bbox 2847 3095 3136 3149; x_wconf 65' lang='lat' dir='ltr'><strong>nominatae</strong></span> <span class='ocrx_word' id='word_1_730' title='bbox 3166 3091 3310 3148; x_wconf 78' lang='lat' dir='ltr'><strong>Slnl.</strong></span> <span class='ocrx_word' id='word_1_731' title='bbox 3339 3093 3521 3149; x_wconf 85' lang='lat' dir='ltr'><strong>Toleto</strong></span> <span class='ocrx_word' id='word_1_732' title='bbox 3553 3094 3621 3150; x_wconf 90' lang='lat'><strong>19</strong></span> <span class='ocrx_word' id='word_1_733' title='bbox 3649 3095 3812 3150; x_wconf 89' lang='lat' dir='ltr'><strong>sedes</strong></span> 
     </span>
    </p>
   </div>
   <div class='ocr_carea' id='block_1_102' title="bbox 2216 3163 3809 3238">
    <p class='ocr_par' dir='ltr' id='par_1_102' title="bbox 2216 3163 3809 3238">
     <span class='ocr_line' id='line_1_102' title="bbox 2216 3163 3809 3238; baseline 0.001 -20"><span class='ocrx_word' id='word_1_734' title='bbox 2216 3163 2556 3238; x_wconf 72' lang='lat' dir='ltr'><strong>episcopales</strong></span> <span class='ocrx_word' id='word_1_735' title='bbox 2603 3165 2994 3238; x_wconf 81' lang='lat' dir='ltr'><strong>consignantur</strong></span> <span class='ocrx_word' id='word_1_736' title='bbox 3026 3182 3041 3218; x_wconf 90' lang='lat'><strong>:</strong></span> <span class='ocrx_word' id='word_1_737' title='bbox 3075 3169 3136 3221; x_wconf 90' lang='lat' dir='ltr'><strong>1o</strong></span> <span class='ocrx_word' id='word_1_738' title='bbox 3189 3167 3470 3238; x_wconf 80' lang='lat' dir='ltr'><strong>Carthago</strong></span> <span class='ocrx_word' id='word_1_739' title='bbox 3498 3165 3682 3232; x_wconf 87' lang='lat' dir='ltr'><strong>Nova,</strong></span> <span class='ocrx_word' id='word_1_740' title='bbox 3738 3167 3809 3220; x_wconf 69' lang='lat'><strong>2°</strong></span> 
     </span>
    </p>
   </div>
   <div class='ocr_carea' id='block_1_103' title="bbox 2215 3235 3810 3304">
    <p class='ocr_par' dir='ltr' id='par_1_103' title="bbox 2215 3235 3810 3304">
     <span class='ocr_line' id='line_1_103' title="bbox 2215 3235 3810 3304; baseline 0.001 -15"><span class='ocrx_word' id='word_1_741' title='bbox 2215 3235 2458 3303; x_wconf 87' lang='lat' dir='ltr'><strong>Oretum,</strong></span> <span class='ocrx_word' id='word_1_742' title='bbox 2509 3238 2570 3291; x_wconf 91' lang='lat'><strong>5°</strong></span> <span class='ocrx_word' id='word_1_743' title='bbox 2597 3235 2838 3302; x_wconf 89' lang='lat' dir='ltr'><strong>Castulo,</strong></span> <span class='ocrx_word' id='word_1_744' title='bbox 2857 3242 2916 3291; x_wconf 64' lang='lat'><strong>1°</strong></span> <span class='ocrx_word' id='word_1_745' title='bbox 2937 3237 3234 3304; x_wconf 87' lang='lat' dir='ltr'><strong>Mentessa,</strong></span> <span class='ocrx_word' id='word_1_746' title='bbox 3255 3242 3318 3294; x_wconf 63' lang='grc' dir='ltr'><strong>δι’</strong></span> <span class='ocrx_word' id='word_1_747' title='bbox 3340 3235 3488 3301; x_wconf 75' lang='lat' dir='ltr'><strong>Acci,</strong></span> <span class='ocrx_word' id='word_1_748' title='bbox 3529 3239 3593 3292; x_wconf 91' lang='lat'><strong>6°</strong></span> <span class='ocrx_word' id='word_1_749' title='bbox 3629 3239 3810 3304; x_wconf 83' lang='lat' dir='ltr'><strong>Basta,</strong></span> 
     </span>
    </p>
   </div>
   <div class='ocr_carea' id='block_1_104' title="bbox 2215 3306 3810 3383">
    <p class='ocr_par' dir='ltr' id='par_1_104' title="bbox 2215 3306 3810 3383">
     <span class='ocr_line' id='line_1_104' title="bbox 2215 3306 3810 3383; baseline 0 -20"><span class='ocrx_word' id='word_1_750' title='bbox 2215 3307 2278 3383; x_wconf 73' lang='lat'><strong>7°</strong></span> <span class='ocrx_word' id='word_1_751' title='bbox 2308 3306 2438 3383; x_wconf 74' lang='lat' dir='ltr'><strong>U_cgi</strong></span> <span class='ocrx_word' id='word_1_752' title='bbox 2460 3307 2720 3383; x_wconf 77' lang='lat' dir='ltr'><strong>[ALUrci]</strong></span> <span class='ocrx_word' id='word_1_753' title='bbox 2741 3309 2842 3383; x_wconf 78' lang='lat'><strong>,_8°</strong></span> <span class='ocrx_word' id='word_1_754' title='bbox 2867 3307 2975 3383; x_wconf 85' lang='lat' dir='ltr'><strong>llici</strong></span> <span class='ocrx_word' id='word_1_755' title='bbox 3000 3353 3014 3378; x_wconf 91' lang='lat'><strong>,</strong></span> <span class='ocrx_word' id='word_1_756' title='bbox 3046 3310 3110 3367; x_wconf 83' lang='lat'><strong>9°</strong></span> <span class='ocrx_word' id='word_1_757' title='bbox 3130 3309 3368 3383; x_wconf 81' lang='lat' dir='ltr'><strong>Valentia</strong></span> <span class='ocrx_word' id='word_1_758' title='bbox 3388 3355 3402 3378; x_wconf 82' lang='lat'><strong>,</strong></span> <span class='ocrx_word' id='word_1_759' title='bbox 3422 3309 3528 3383; x_wconf 12' lang='lat'><strong>710°</strong></span> <span class='ocrx_word' id='word_1_760' title='bbox 3557 3309 3774 3383; x_wconf 67' lang='lat' dir='ltr'><strong>Setabis</strong></span> <span class='ocrx_word' id='word_1_761' title='bbox 3794 3354 3810 3379; x_wconf 87' lang='lat'><strong>,</strong></span> 
     </span>
    </p>
   </div>
   <div class='ocr_carea' id='block_1_105' title="bbox 2217 3379 3814 3451">
    <p class='ocr_par' dir='ltr' id='par_1_105' title="bbox 2217 3379 3814 3451">
     <span class='ocr_line' id='line_1_105' title="bbox 2217 3379 3814 3451; baseline 0.003 -20"><span class='ocrx_word' id='word_1_762' title='bbox 2217 3379 2313 3451; x_wconf 84' lang='lat'><strong>11°</strong></span> <span class='ocrx_word' id='word_1_763' title='bbox 2347 3379 2718 3447; x_wconf 62' lang='lat' dir='ltr'><strong>Valéria,1‘.t°</strong></span> <span class='ocrx_word' id='word_1_764' title='bbox 2745 3380 2992 3435; x_wconf 90' lang='lat' dir='ltr'><strong>Dianium</strong></span> <span class='ocrx_word' id='word_1_765' title='bbox 3022 3425 3035 3447; x_wconf 91' lang='lat'><strong>,</strong></span> <span class='ocrx_word' id='word_1_766' title='bbox 3072 3383 3168 3438; x_wconf 88' lang='lat'><strong>15°</strong></span> <span class='ocrx_word' id='word_1_767' title='bbox 3206 3381 3523 3451; x_wconf 81' lang='lat' dir='ltr'><strong>Segobriga,</strong></span> <span class='ocrx_word' id='word_1_768' title='bbox 3570 3381 3665 3436; x_wconf 68' lang='lat'><strong>11°</strong></span> <span class='ocrx_word' id='word_1_769' title='bbox 3709 3381 3814 3436; x_wconf 83' lang='lat' dir='ltr'><strong>Er-</strong></span> 
     </span>
    </p>
   </div>
   <div class='ocr_carea' id='block_1_106' title="bbox 2213 3450 3809 3523">
    <p class='ocr_par' dir='ltr' id='par_1_106' title="bbox 2213 3450 3809 3523">
     <span class='ocr_line' id='line_1_106' title="bbox 2213 3450 3809 3523; baseline 0.002 -20"><span class='ocrx_word' id='word_1_770' title='bbox 2213 3450 2429 3523; x_wconf 81' lang='lat' dir='ltr'><strong>cabica,</strong></span> <span class='ocrx_word' id='word_1_771' title='bbox 2474 3453 2570 3508; x_wconf 87' lang='lat'><strong>15°</strong></span> <span class='ocrx_word' id='word_1_772' title='bbox 2615 3451 2913 3523; x_wconf 83' lang='lat' dir='ltr'><strong>Seguntia,</strong></span> <span class='ocrx_word' id='word_1_773' title='bbox 2967 3454 3062 3509; x_wconf 89' lang='lat'><strong>16°</strong></span> <span class='ocrx_word' id='word_1_774' title='bbox 3105 3450 3351 3517; x_wconf 80' lang='lat' dir='ltr'><strong>Uxama,</strong></span> <span class='ocrx_word' id='word_1_775' title='bbox 3393 3454 3488 3507; x_wconf 76' lang='lat'><strong>17°</strong></span> <span class='ocrx_word' id='word_1_776' title='bbox 3535 3453 3809 3523; x_wconf 76' lang='lat' dir='ltr'><strong>Segobia,</strong></span> 
     </span>
    </p>
   </div>
   <div class='ocr_carea' id='block_1_107' title="bbox 2216 3521 3808 3589">
    <p class='ocr_par' dir='ltr' id='par_1_107' title="bbox 2216 3521 3808 3589">
     <span class='ocr_line' id='line_1_107' title="bbox 2216 3521 3808 3589; baseline 0.003 -14"><span class='ocrx_word' id='word_1_777' title='bbox 2216 3521 2312 3576; x_wconf 92' lang='lat'><strong>18°</strong></span> <span class='ocrx_word' id='word_1_778' title='bbox 2349 3523 2607 3581; x_wconf 88' lang='lat' dir='ltr'><strong>Pallentia</strong></span> <span class='ocrx_word' id='word_1_779' title='bbox 2635 3566 2650 3587; x_wconf 94' lang='lat'><strong>,</strong></span> <span class='ocrx_word' id='word_1_780' title='bbox 2689 3521 2782 3576; x_wconf 68' lang='lat'><strong>{9°</strong></span> <span class='ocrx_word' id='word_1_781' title='bbox 2808 3523 3096 3581; x_wconf 80' lang='lat' dir='ltr'><strong>Eliocrota.</strong></span> <span class='ocrx_word' id='word_1_782' title='bbox 3141 3523 3428 3578; x_wconf 84' lang='lat' dir='ltr'><strong>Tarraconi</strong></span> <span class='ocrx_word' id='word_1_783' title='bbox 3463 3521 3651 3580; x_wconf 79' lang='lat' dir='ltr'><strong>decerit</strong></span> <span class='ocrx_word' id='word_1_784' title='bbox 3681 3565 3695 3589; x_wconf 94' lang='lat'><strong>,</strong></span> <span class='ocrx_word' id='word_1_785' title='bbox 3728 3524 3808 3579; x_wconf 81' lang='lat' dir='ltr'><strong>vi-</strong></span> 
     </span>
    </p>
   </div>
   <div class='ocr_carea' id='block_1_108' title="bbox 2213 3593 3806 3665">
    <p class='ocr_par' dir='ltr' id='par_1_108' title="bbox 2213 3593 3806 3665">
     <span class='ocr_line' id='line_1_108' title="bbox 2213 3593 3806 3665; baseline 0.001 -17"><span class='ocrx_word' id='word_1_786' title='bbox 2213 3593 2442 3665; x_wconf 83' lang='lat' dir='ltr'><strong>delicet,</strong></span> <span class='ocrx_word' id='word_1_787' title='bbox 2500 3598 2558 3650; x_wconf 83' lang='lat'><strong>1°</strong></span> <span class='ocrx_word' id='word_1_788' title='bbox 2597 3595 2764 3649; x_wconf 86' lang='lat' dir='ltr'><strong>Ilerda</strong></span> <span class='ocrx_word' id='word_1_789' title='bbox 2788 3636 2802 3656; x_wconf 92' lang='lat'><strong>,</strong></span> <span class='ocrx_word' id='word_1_790' title='bbox 2849 3597 2913 3649; x_wconf 73' lang='lat'><strong>2°</strong></span> <span class='ocrx_word' id='word_1_791' title='bbox 2952 3599 3090 3654; x_wconf 86' lang='lat' dir='ltr'><strong>Osca</strong></span> <span class='ocrx_word' id='word_1_792' title='bbox 3118 3597 3219 3662; x_wconf 91' lang='lat'><strong>,5°</strong></span> <span class='ocrx_word' id='word_1_793' title='bbox 3247 3596 3656 3665; x_wconf 81' lang='lat' dir='ltr'><strong>Caesaraugusta</strong></span> <span class='ocrx_word' id='word_1_794' title='bbox 3682 3635 3698 3662; x_wconf 97' lang='lat'><strong>,</strong></span> <span class='ocrx_word' id='word_1_795' title='bbox 3744 3597 3806 3650; x_wconf 68' lang='grc' dir='ltr'><strong>4ο</strong></span> 
     </span>
    </p>
   </div>
   <div class='ocr_carea' id='block_1_109' title="bbox 2213 3664 3805 3738">
    <p class='ocr_par' dir='ltr' id='par_1_109' title="bbox 2213 3664 3805 3738">
     <span class='ocr_line' id='line_1_109' title="bbox 2213 3664 3805 3738; baseline 0.002 -20"><span class='ocrx_word' id='word_1_796' title='bbox 2213 3664 2471 3738; x_wconf 81' lang='lat' dir='ltr'><strong>Dertosa,</strong></span> <span class='ocrx_word' id='word_1_797' title='bbox 2523 3671 2586 3721; x_wconf 69' lang='lat'><strong>5°</strong></span> <span class='ocrx_word' id='word_1_798' title='bbox 2627 3665 2837 3736; x_wconf 75' lang='lat' dir='ltr'><strong>Orgalis</strong></span> <span class='ocrx_word' id='word_1_799' title='bbox 2862 3713 2875 3735; x_wconf 89' lang='lat'><strong>,</strong></span> <span class='ocrx_word' id='word_1_800' title='bbox 2913 3669 2975 3724; x_wconf 88' lang='lat'><strong>6°</strong></span> <span class='ocrx_word' id='word_1_801' title='bbox 3013 3667 3358 3738; x_wconf 81' lang='lat' dir='ltr'><strong>Calagurris,</strong></span> <span class='ocrx_word' id='word_1_802' title='bbox 3397 3669 3461 3722; x_wconf 91' lang='lat'><strong>7°</strong></span> <span class='ocrx_word' id='word_1_803' title='bbox 3497 3664 3805 3738; x_wconf 75' lang='lat' dir='ltr'><strong>Entpuriae,</strong></span> 
     </span>
    </p>
   </div>
   <div class='ocr_carea' id='block_1_110' title="bbox 2213 3737 3810 3806">
    <p class='ocr_par' dir='ltr' id='par_1_110' title="bbox 2213 3737 3810 3806">
     <span class='ocr_line' id='line_1_110' title="bbox 2213 3737 3810 3806; baseline 0.002 -16"><span class='ocrx_word' id='word_1_804' title='bbox 2213 3738 2276 3790; x_wconf 87' lang='lat'><strong>8°</strong></span> <span class='ocrx_word' id='word_1_805' title='bbox 2325 3737 2629 3803; x_wconf 68' lang='lat' dir='ltr'><strong>Bari-hino,</strong></span> <span class='ocrx_word' id='word_1_806' title='bbox 2688 3742 2751 3792; x_wconf 79' lang='lat'><strong>9°</strong></span> <span class='ocrx_word' id='word_1_807' title='bbox 2781 3741 3034 3806; x_wconf 84' lang='lat' dir='ltr'><strong>Ausona,</strong></span> <span class='ocrx_word' id='word_1_808' title='bbox 3087 3737 3183 3794; x_wconf 80' lang='lat'><strong>10°</strong></span> <span class='ocrx_word' id='word_1_809' title='bbox 3239 3739 3518 3795; x_wconf 82' lang='lat' dir='ltr'><strong>Gerunda.</strong></span> <span class='ocrx_word' id='word_1_810' title='bbox 3560 3737 3810 3794; x_wconf 75' lang='lat' dir='ltr'><strong>Bracarte</strong></span> 
     </span>
    </p>
   </div>
   <div class='ocr_carea' id='block_1_111' title="bbox 2213 3807 3808 3876">
    <p class='ocr_par' dir='ltr' id='par_1_111' title="bbox 2213 3807 3808 3876">
     <span class='ocr_line' id='line_1_111' title="bbox 2213 3807 3808 3876; baseline 0.002 -15"><span class='ocrx_word' id='word_1_811' title='bbox 2213 3807 2341 3864; x_wconf 88' lang='lat' dir='ltr'><strong>item</strong></span> <span class='ocrx_word' id='word_1_812' title='bbox 2368 3814 2558 3867; x_wconf 86' lang='lat' dir='ltr'><strong>decem</strong></span> <span class='ocrx_word' id='word_1_813' title='bbox 2586 3852 2599 3875; x_wconf 95' lang='lat'><strong>,</strong></span> <span class='ocrx_word' id='word_1_814' title='bbox 2627 3809 2868 3875; x_wconf 90' lang='lat' dir='ltr'><strong>scilicet,</strong></span> <span class='ocrx_word' id='word_1_815' title='bbox 2904 3814 2962 3866; x_wconf 90' lang='lat'><strong>1°</strong></span> <span class='ocrx_word' id='word_1_816' title='bbox 2999 3813 3246 3867; x_wconf 82' lang='lat' dir='ltr'><strong>Asturica</strong></span> <span class='ocrx_word' id='word_1_817' title='bbox 3266 3853 3279 3876; x_wconf 93' lang='lat'><strong>,</strong></span> <span class='ocrx_word' id='word_1_818' title='bbox 3307 3812 3370 3864; x_wconf 73' lang='lat'><strong>2°</strong></span> <span class='ocrx_word' id='word_1_819' title='bbox 3405 3810 3556 3866; x_wconf 88' lang='lat' dir='ltr'><strong>Tude</strong></span> <span class='ocrx_word' id='word_1_820' title='bbox 3575 3851 3591 3875; x_wconf 90' lang='lat'><strong>,</strong></span> <span class='ocrx_word' id='word_1_821' title='bbox 3616 3813 3677 3866; x_wconf 87' lang='lat'><strong>5°</strong></span> <span class='ocrx_word' id='word_1_822' title='bbox 3701 3812 3808 3865; x_wconf 84' lang='lat' dir='ltr'><strong>Lu-</strong></span> 
     </span>
    </p>
   </div>
   <div class='ocr_carea' id='block_1_112' title="bbox 2211 3882 3803 3948">
    <p class='ocr_par' dir='ltr' id='par_1_112' title="bbox 2211 3882 3803 3948">
     <span class='ocr_line' id='line_1_112' title="bbox 2211 3882 3803 3948; baseline 0.003 -16"><span class='ocrx_word' id='word_1_823' title='bbox 2211 3895 2336 3947; x_wconf 92' lang='lat' dir='ltr'><strong>cus,</strong></span> <span class='ocrx_word' id='word_1_824' title='bbox 2367 3883 2430 3936; x_wconf 78' lang='grc' dir='ltr'><strong>4ο</strong></span> <span class='ocrx_word' id='word_1_825' title='bbox 2475 3882 2818 3938; x_wconf 88' lang='lat' dir='ltr'><strong>Conimbrica</strong></span> <span class='ocrx_word' id='word_1_826' title='bbox 2843 3924 2856 3946; x_wconf 95' lang='lat'><strong>,</strong></span> <span class='ocrx_word' id='word_1_827' title='bbox 2900 3885 2962 3939; x_wconf 81' lang='lat'><strong>5°</strong></span> <span class='ocrx_word' id='word_1_828' title='bbox 2995 3883 3290 3948; x_wconf 70' lang='lat' dir='ltr'><strong>lriallat&#39;ia,</strong></span> <span class='ocrx_word' id='word_1_829' title='bbox 3339 3885 3399 3937; x_wconf 88' lang='lat'><strong>6°</strong></span> <span class='ocrx_word' id='word_1_830' title='bbox 3435 3883 3670 3937; x_wconf 85' lang='lat' dir='ltr'><strong>Britouia</strong></span> <span class='ocrx_word' id='word_1_831' title='bbox 3693 3923 3708 3948; x_wconf 93' lang='lat'><strong>,</strong></span> <span class='ocrx_word' id='word_1_832' title='bbox 3739 3882 3803 3936; x_wconf 89' lang='lat'><strong>7°</strong></span> 
     </span>
    </p>
   </div>
   <div class='ocr_carea' id='block_1_113' title="bbox 2216 3951 3800 4026">
    <p class='ocr_par' dir='ltr' id='par_1_113' title="bbox 2216 3951 3800 4026">
     <span class='ocr_line' id='line_1_113' title="bbox 2216 3951 3800 4026; baseline 0.002 -21"><span class='ocrx_word' id='word_1_833' title='bbox 2216 3951 2482 4026; x_wconf 55' lang='lat' dir='ltr'><strong>Visa-um,</strong></span> <span class='ocrx_word' id='word_1_834' title='bbox 2535 3957 2598 4008; x_wconf 85' lang='lat'><strong>8°</strong></span> <span class='ocrx_word' id='word_1_835' title='bbox 2655 3953 2987 4026; x_wconf 84' lang='lat' dir='ltr'><strong>Lamecum,</strong></span> <span class='ocrx_word' id='word_1_836' title='bbox 3037 3961 3099 4011; x_wconf 78' lang='lat'><strong>9°</strong></span> <span class='ocrx_word' id='word_1_837' title='bbox 3158 3956 3406 4026; x_wconf 70' lang='lat' dir='ltr'><strong>Igtedita,</strong></span> <span class='ocrx_word' id='word_1_838' title='bbox 3462 3954 3559 4009; x_wconf 86' lang='lat'><strong>10°</strong></span> <span class='ocrx_word' id='word_1_839' title='bbox 3606 3955 3800 4026; x_wconf 13' lang='lat' dir='ltr'><strong>iAuria.</strong></span> 
     </span>
    </p>
   </div>
   <div class='ocr_carea' id='block_1_114' title="bbox 2213 4022 3803 4099">
    <p class='ocr_par' dir='ltr' id='par_1_114' title="bbox 2213 4022 3803 4099">
     <span class='ocr_line' id='line_1_114' title="bbox 2213 4022 3803 4099; baseline 0.008 -23"><span class='ocrx_word' id='word_1_840' title='bbox 2213 4022 2458 4099; x_wconf 61' lang='lat' dir='ltr'><strong>Emerita:</strong></span> <span class='ocrx_word' id='word_1_841' title='bbox 2483 4035 2606 4080; x_wconf 91' lang='lat' dir='ltr'><strong>octo</strong></span> <span class='ocrx_word' id='word_1_842' title='bbox 2634 4067 2668 4099; x_wconf 21' lang='grc' dir='ltr'><strong>,Α</strong></span> <span class='ocrx_word' id='word_1_843' title='bbox 2699 4027 2758 4099; x_wconf 83' lang='lat'><strong>1_°</strong></span> <span class='ocrx_word' id='word_1_844' title='bbox 2789 4025 2900 4099; x_wconf 72' lang='lat' dir='ltr'><strong>Pax</strong></span> <span class='ocrx_word' id='word_1_845' title='bbox 2925 4022 3048 4082; x_wconf 81' lang='lat' dir='ltr'><strong>Julii</strong></span> <span class='ocrx_word' id='word_1_846' title='bbox 3071 4068 3084 4092; x_wconf 97' lang='lat'><strong>,</strong></span> <span class='ocrx_word' id='word_1_847' title='bbox 3106 4026 3165 4080; x_wconf 69' lang='lat'><strong>2°</strong></span> <span class='ocrx_word' id='word_1_848' title='bbox 3183 4022 3477 4099; x_wconf 57' lang='lat' dir='ltr'><strong>&#39;Ulysippo,</strong></span> <span class='ocrx_word' id='word_1_849' title='bbox 3508 4028 3572 4099; x_wconf 80' lang='lat'><strong>5°</strong></span> <span class='ocrx_word' id='word_1_850' title='bbox 3601 4025 3803 4099; x_wconf 70' lang='lat' dir='ltr'><strong>Evora.</strong></span> 
     </span>
    </p>
   </div>
   <div class='ocr_carea' id='block_1_115' title="bbox 2207 4095 3800 4165">
    <p class='ocr_par' dir='ltr' id='par_1_115' title="bbox 2207 4095 3800 4165">
     <span class='ocr_line' id='line_1_115' title="bbox 2207 4095 3800 4165; baseline -0.002 -14"><span class='ocrx_word' id='word_1_851' title='bbox 2207 4097 2272 4151; x_wconf 76' lang='grc' dir='ltr'><strong>4ο</strong></span> <span class='ocrx_word' id='word_1_852' title='bbox 2299 4098 2582 4152; x_wconf 85' lang='lat' dir='ltr'><strong>Ussonoba</strong></span> <span class='ocrx_word' id='word_1_853' title='bbox 2606 4141 2620 4164; x_wconf 91' lang='lat'><strong>,</strong></span> <span class='ocrx_word' id='word_1_854' title='bbox 2655 4097 2687 4152; x_wconf 84' lang='lat'><strong>5</strong></span> <span class='ocrx_word' id='word_1_855' title='bbox 2709 4095 3002 4161; x_wconf 83' lang='lat' dir='ltr'><strong>Caliabria,</strong></span> <span class='ocrx_word' id='word_1_856' title='bbox 3033 4099 3095 4154; x_wconf 88' lang='lat'><strong>6°</strong></span> <span class='ocrx_word' id='word_1_857' title='bbox 3122 4095 3317 4162; x_wconf 69' lang='lat' dir='ltr'><strong>Abula,</strong></span> <span class='ocrx_word' id='word_1_858' title='bbox 3347 4095 3407 4150; x_wconf 77' lang='lat'><strong>7°</strong></span> <span class='ocrx_word' id='word_1_859' title='bbox 3441 4096 3800 4165; x_wconf 84' lang='lat' dir='ltr'><strong>Salutantica,</strong></span> 
     </span>
    </p>
   </div>
   <div class='ocr_carea' id='block_1_116' title="bbox 2209 4166 3799 4240">
    <p class='ocr_par' dir='ltr' id='par_1_116' title="bbox 2209 4166 3799 4240">
     <span class='ocr_line' id='line_1_116' title="bbox 2209 4166 3799 4240; baseline -0.003 -17"><span class='ocrx_word' id='word_1_860' title='bbox 2209 4173 2270 4240; x_wconf 60' lang='grc' dir='ltr'><strong>δῖ’</strong></span> <span class='ocrx_word' id='word_1_861' title='bbox 2301 4169 2522 4240; x_wconf 77' lang='lat' dir='ltr'><strong>Cauria.</strong></span> <span class='ocrx_word' id='word_1_862' title='bbox 2543 4167 2758 4240; x_wconf 85' lang='lat' dir='ltr'><strong>Hispali</strong></span> <span class='ocrx_word' id='word_1_863' title='bbox 2783 4183 2965 4225; x_wconf 89' lang='lat' dir='ltr'><strong>autem</strong></span> <span class='ocrx_word' id='word_1_864' title='bbox 2998 4185 3188 4226; x_wconf 85' lang='lat' dir='ltr'><strong>novem</strong></span> <span class='ocrx_word' id='word_1_865' title='bbox 3213 4211 3226 4235; x_wconf 93' lang='lat'><strong>,</strong></span> <span class='ocrx_word' id='word_1_866' title='bbox 3257 4172 3307 4224; x_wconf 91' lang='lat' dir='ltr'><strong>id</strong></span> <span class='ocrx_word' id='word_1_867' title='bbox 3340 4179 3456 4224; x_wconf 88' lang='lat' dir='ltr'><strong>est:</strong></span> <span class='ocrx_word' id='word_1_868' title='bbox 3486 4169 3548 4223; x_wconf 85' lang='lat'><strong>1°</strong></span> <span class='ocrx_word' id='word_1_869' title='bbox 3580 4166 3761 4240; x_wconf 81' lang='lat' dir='ltr'><strong>Italica</strong></span> <span class='ocrx_word' id='word_1_870' title='bbox 3783 4213 3799 4237; x_wconf 76' lang='lat'><strong>,</strong></span> 
     </span>
    </p>
   </div>
   <div class='ocr_carea' id='block_1_117' title="bbox 2207 4238 3804 4312">
    <p class='ocr_par' dir='ltr' id='par_1_117' title="bbox 2207 4238 3804 4312">
     <span class='ocr_line' id='line_1_117' title="bbox 2207 4238 3804 4312; baseline 0.001 -19"><span class='ocrx_word' id='word_1_871' title='bbox 2207 4238 2266 4292; x_wconf 73' lang='lat'><strong>2°</strong></span> <span class='ocrx_word' id='word_1_872' title='bbox 2299 4239 2499 4311; x_wconf 90' lang='lat' dir='ltr'><strong>llippa,</strong></span> <span class='ocrx_word' id='word_1_873' title='bbox 2534 4241 2596 4295; x_wconf 93' lang='lat'><strong>5°</strong></span> <span class='ocrx_word' id='word_1_874' title='bbox 2613 4238 2866 4296; x_wconf 85' lang='lat' dir='ltr'><strong>Corduba</strong></span> <span class='ocrx_word' id='word_1_875' title='bbox 2890 4283 2902 4301; x_wconf 93' lang='lat'><strong>.</strong></span> <span class='ocrx_word' id='word_1_876' title='bbox 2932 4241 2991 4297; x_wconf 69' lang='lat'><strong>4°</strong></span> <span class='ocrx_word' id='word_1_877' title='bbox 3020 4243 3188 4312; x_wconf 81' lang='lat' dir='ltr'><strong>AStigi</strong></span> <span class='ocrx_word' id='word_1_878' title='bbox 3217 4283 3232 4309; x_wconf 93' lang='lat'><strong>,</strong></span> <span class='ocrx_word' id='word_1_879' title='bbox 3259 4249 3319 4297; x_wconf 71' lang='lat'><strong>5°</strong></span> <span class='ocrx_word' id='word_1_880' title='bbox 3363 4241 3588 4312; x_wconf 74' lang='lat' dir='ltr'><strong>Malaca,</strong></span> <span class='ocrx_word' id='word_1_881' title='bbox 3619 4239 3684 4294; x_wconf 88' lang='lat'><strong>6°</strong></span> <span class='ocrx_word' id='word_1_882' title='bbox 3714 4239 3804 4294; x_wconf 83' lang='lat' dir='ltr'><strong>Ili-</strong></span> 
     </span>
    </p>
   </div>
   <div class='ocr_carea' id='block_1_118' title="bbox 2209 4310 3799 4382">
    <p class='ocr_par' dir='ltr' id='par_1_118' title="bbox 2209 4310 3799 4382">
     <span class='ocr_line' id='line_1_118' title="bbox 2209 4310 3799 4382; baseline 0.001 -16"><span class='ocrx_word' id='word_1_883' title='bbox 2209 4310 2410 4374; x_wconf 76' lang='lat' dir='ltr'><strong>berri,</strong></span> <span class='ocrx_word' id='word_1_884' title='bbox 2435 4313 2497 4365; x_wconf 89' lang='lat'><strong>7°</strong></span> <span class='ocrx_word' id='word_1_885' title='bbox 2528 4312 2796 4382; x_wconf 85' lang='lat' dir='ltr'><strong>Egabrum</strong></span> <span class='ocrx_word' id='word_1_886' title='bbox 2824 4353 2841 4380; x_wconf 95' lang='lat'><strong>,</strong></span> <span class='ocrx_word' id='word_1_887' title='bbox 2884 4313 2949 4368; x_wconf 90' lang='lat'><strong>8°</strong></span> <span class='ocrx_word' id='word_1_888' title='bbox 2986 4310 3286 4377; x_wconf 80' lang='lat' dir='ltr'><strong>Assidona,</strong></span> <span class='ocrx_word' id='word_1_889' title='bbox 3318 4315 3382 4368; x_wconf 84' lang='lat'><strong>9°</strong></span> <span class='ocrx_word' id='word_1_890' title='bbox 3418 4310 3605 4368; x_wconf 89' lang='lat' dir='ltr'><strong>Tucci.</strong></span> <span class='ocrx_word' id='word_1_891' title='bbox 3651 4312 3799 4368; x_wconf 86' lang='lat' dir='ltr'><strong>Con-</strong></span> 
     </span>
    </p>
   </div>
   <div class='ocr_carea' id='block_1_119' title="bbox 2204 4383 3385 4456">
    <p class='ocr_par' dir='ltr' id='par_1_119' title="bbox 2204 4383 3385 4456">
     <span class='ocr_line' id='line_1_119' title="bbox 2204 4383 3385 4456; baseline 0.001 -20"><span class='ocrx_word' id='word_1_892' title='bbox 2204 4383 2322 4438; x_wconf 91' lang='lat' dir='ltr'><strong>sule</strong></span> <span class='ocrx_word' id='word_1_893' title='bbox 2351 4386 2666 4454; x_wconf 71' lang='lat' dir='ltr'><strong>prmdictum</strong></span> <span class='ocrx_word' id='word_1_894' title='bbox 2700 4383 2958 4456; x_wconf 84' lang='lat' dir='ltr'><strong>Moralem</strong></span> <span class='ocrx_word' id='word_1_895' title='bbox 2987 4386 3081 4440; x_wconf 90' lang='lat' dir='ltr'><strong>lib.</strong></span> <span class='ocrx_word' id='word_1_896' title='bbox 3102 4400 3160 4452; x_wconf 73' lang='grc' dir='ltr'><strong>ι,</strong></span> <span class='ocrx_word' id='word_1_897' title='bbox 3184 4401 3306 4456; x_wconf 88' lang='lat' dir='ltr'><strong>cap.</strong></span> <span class='ocrx_word' id='word_1_898' title='bbox 3331 4386 3385 4439; x_wconf 85' lang='lat'><strong>5.</strong></span> 
     </span>
    </p>
   </div>
   <div class='ocr_carea' id='block_1_120' title="bbox 2277 4455 3794 4526">
    <p class='ocr_par' dir='ltr' id='par_1_120' title="bbox 2277 4455 3794 4526">
     <span class='ocr_line' id='line_1_120' title="bbox 2277 4455 3794 4526; baseline 0.003 -18"><span class='ocrx_word' id='word_1_899' title='bbox 2277 4457 2342 4509; x_wconf 84' lang='lat' dir='ltr'><strong>A.</strong></span> <span class='ocrx_word' id='word_1_900' title='bbox 2371 4458 2429 4510; x_wconf 93' lang='lat' dir='ltr'><strong>C.</strong></span> <span class='ocrx_word' id='word_1_901' title='bbox 2457 4457 2584 4510; x_wconf 85' lang='lat'><strong>550.</strong></span> <span class='ocrx_word' id='word_1_902' title='bbox 2614 4484 2686 4496; x_wconf 91' lang='lat'>—</span> <span class='ocrx_word' id='word_1_903' title='bbox 2715 4455 3007 4526; x_wconf 66' lang='lat' dir='ltr'><strong>Arnobius,</strong></span> <span class='ocrx_word' id='word_1_904' title='bbox 3038 4467 3143 4512; x_wconf 93' lang='lat' dir='ltr'><strong>etc.</strong></span> <span class='ocrx_word' id='word_1_905' title='bbox 3195 4455 3273 4512; x_wconf 86' lang='lat' dir='ltr'><strong>De</strong></span> <span class='ocrx_word' id='word_1_906' title='bbox 3311 4469 3379 4510; x_wconf 93' lang='lat' dir='ltr'><strong>eo</strong></span> <span class='ocrx_word' id='word_1_907' title='bbox 3427 4455 3794 4526; x_wconf 86' lang='lat' dir='ltr'><strong>Hieronymus</strong></span> 
     </span>
    </p>
   </div>
   <div class='ocr_carea' id='block_1_121' title="bbox 2202 4525 3798 4598">
    <p class='ocr_par' dir='ltr' id='par_1_121' title="bbox 2202 4525 3798 4598">
     <span class='ocr_line' id='line_1_121' title="bbox 2202 4525 3798 4598; baseline 0.001 -16"><span class='ocrx_word' id='word_1_908' title='bbox 2202 4526 2300 4582; x_wconf 87' lang='lat' dir='ltr'><strong>lib.</strong></span> <span class='ocrx_word' id='word_1_909' title='bbox 2341 4527 2411 4582; x_wconf 91' lang='lat' dir='ltr'><strong>de</strong></span> <span class='ocrx_word' id='word_1_910' title='bbox 2456 4527 2662 4598; x_wconf 89' lang='lat' dir='ltr'><strong>Script.</strong></span> <span class='ocrx_word' id='word_1_911' title='bbox 2713 4525 3146 4596; x_wconf 81' lang='lat' dir='ltr'><strong>Ecclesiasticis,</strong></span> <span class='ocrx_word' id='word_1_912' title='bbox 3205 4532 3402 4584; x_wconf 61' lang='lat' dir='ltr'><strong>asserit</strong></span> <span class='ocrx_word' id='word_1_913' title='bbox 3444 4525 3798 4598; x_wconf 44' lang='lat' dir='ltr'><strong>Siccaa&#39;apud</strong></span> 
     </span>
    </p>
   </div>
   <div class='ocr_carea' id='block_1_122' title="bbox 2202 4598 3799 4668">
    <p class='ocr_par' dir='ltr' id='par_1_122' title="bbox 2202 4598 3799 4668">
     <span class='ocr_line' id='line_1_122' title="bbox 2202 4598 3799 4668; baseline 0.001 -16"><span class='ocrx_word' id='word_1_914' title='bbox 2202 4599 2491 4668; x_wconf 84' lang='lat' dir='ltr'><strong>Aphricam</strong></span> <span class='ocrx_word' id='word_1_915' title='bbox 2523 4598 2909 4654; x_wconf 83' lang='lat' dir='ltr'><strong>ﬂorentissime</strong></span> <span class='ocrx_word' id='word_1_916' title='bbox 2956 4600 3280 4655; x_wconf 74' lang='lat' dir='ltr'><strong>rhetoricam</strong></span> <span class='ocrx_word' id='word_1_917' title='bbox 3335 4601 3620 4663; x_wconf 85' lang='lat' dir='ltr'><strong>docuisse,</strong></span> <span class='ocrx_word' id='word_1_918' title='bbox 3663 4601 3799 4654; x_wconf 85' lang='lat' dir='ltr'><strong>scri-</strong></span> 
     </span>
    </p>
   </div>
   <div class='ocr_carea' id='block_1_123' title="bbox 2201 4671 3795 4742">
    <p class='ocr_par' dir='ltr' id='par_1_123' title="bbox 2201 4671 3795 4742">
     <span class='ocr_line' id='line_1_123' title="bbox 2201 4671 3795 4742; baseline 0 -17"><span class='ocrx_word' id='word_1_919' title='bbox 2201 4673 2481 4742; x_wconf 84' lang='lat' dir='ltr'><strong>psisseque</strong></span> <span class='ocrx_word' id='word_1_920' title='bbox 2503 4673 2760 4726; x_wconf 91' lang='lat' dir='ltr'><strong>adversus</strong></span> <span class='ocrx_word' id='word_1_921' title='bbox 2790 4682 2998 4741; x_wconf 83' lang='lat' dir='ltr'><strong>gentes,</strong></span> <span class='ocrx_word' id='word_1_922' title='bbox 3041 4686 3162 4740; x_wconf 67' lang='lat' dir='ltr'><strong>quae</strong></span> <span class='ocrx_word' id='word_1_923' title='bbox 3189 4671 3352 4742; x_wconf 82' lang='lat' dir='ltr'><strong>vulgo</strong></span> <span class='ocrx_word' id='word_1_924' title='bbox 3397 4676 3616 4726; x_wconf 83' lang='lat' dir='ltr'><strong>exstant</strong></span> <span class='ocrx_word' id='word_1_925' title='bbox 3643 4672 3795 4725; x_wconf 61' lang='lat' dir='ltr'><strong>voluo</strong></span> 
     </span>
    </p>
   </div>
   <div class='ocr_carea' id='block_1_124' title="bbox 2201 4742 3796 4802">
    <p class='ocr_par' dir='ltr' id='par_1_124' title="bbox 2201 4742 3796 4802">
     <span class='ocr_line' id='line_1_124' title="bbox 2201 4742 3796 4802; baseline 0.001 -6"><span class='ocrx_word' id='word_1_926' title='bbox 2201 4745 2365 4796; x_wconf 87' lang='lat' dir='ltr'><strong>mina.</strong></span> <span class='ocrx_word' id='word_1_927' title='bbox 2400 4743 2507 4798; x_wconf 88' lang='lat' dir='ltr'><strong>Sed</strong></span> <span class='ocrx_word' id='word_1_928' title='bbox 2539 4758 2660 4796; x_wconf 90' lang='lat' dir='ltr'><strong>cum</strong></span> <span class='ocrx_word' id='word_1_929' title='bbox 2684 4743 2825 4796; x_wconf 90' lang='lat' dir='ltr'><strong>dicat</strong></span> <span class='ocrx_word' id='word_1_930' title='bbox 2874 4743 2975 4797; x_wconf 88' lang='lat' dir='ltr'><strong>sub</strong></span> <span class='ocrx_word' id='word_1_931' title='bbox 3019 4744 3349 4798; x_wconf 88' lang='lat' dir='ltr'><strong>Diocletiano</strong></span> <span class='ocrx_word' id='word_1_932' title='bbox 3388 4742 3652 4802; x_wconf 77' lang='lat' dir='ltr'><strong>floruisse.</strong></span> <span class='ocrx_word' id='word_1_933' title='bbox 3697 4756 3796 4798; x_wconf 90' lang='lat' dir='ltr'><strong>ne-</strong></span> 
     </span>
    </p>
   </div>
   <div class='ocr_carea' id='block_1_125' title="bbox 2199 4814 3798 4886">
    <p class='ocr_par' dir='ltr' id='par_1_125' title="bbox 2199 4814 3798 4886">
     <span class='ocr_line' id='line_1_125' title="bbox 2199 4814 3798 4886; baseline 0.001 -18"><span class='ocrx_word' id='word_1_934' title='bbox 2199 4827 2411 4886; x_wconf 77' lang='lat' dir='ltr'><strong>cessum</strong></span> <span class='ocrx_word' id='word_1_935' title='bbox 2460 4824 2544 4869; x_wconf 90' lang='lat' dir='ltr'><strong>est</strong></span> <span class='ocrx_word' id='word_1_936' title='bbox 2568 4858 2583 4883; x_wconf 95' lang='lat'><strong>,</strong></span> <span class='ocrx_word' id='word_1_937' title='bbox 2622 4826 2680 4868; x_wconf 91' lang='lat' dir='ltr'><strong>ut</strong></span> <span class='ocrx_word' id='word_1_938' title='bbox 2711 4815 2796 4868; x_wconf 85' lang='lat' dir='ltr'><strong>vel</strong></span> <span class='ocrx_word' id='word_1_939' title='bbox 2829 4815 2930 4869; x_wconf 89' lang='lat' dir='ltr'><strong>hoc</strong></span> <span class='ocrx_word' id='word_1_940' title='bbox 2961 4830 3102 4868; x_wconf 89' lang='lat' dir='ltr'><strong>anno</strong></span> <span class='ocrx_word' id='word_1_941' title='bbox 3149 4816 3325 4870; x_wconf 91' lang='lat' dir='ltr'><strong>solum</strong></span> <span class='ocrx_word' id='word_1_942' title='bbox 3357 4823 3546 4886; x_wconf 91' lang='lat' dir='ltr'><strong>agatur</strong></span> <span class='ocrx_word' id='word_1_943' title='bbox 3587 4815 3654 4868; x_wconf 88' lang='lat' dir='ltr'><strong>de</strong></span> <span class='ocrx_word' id='word_1_944' title='bbox 3681 4814 3798 4883; x_wconf 90' lang='lat' dir='ltr'><strong>ejus</strong></span> 
     </span>
    </p>
   </div>
   <div class='ocr_carea' id='block_1_126' title="bbox 2199 4884 3799 4957">
    <p class='ocr_par' dir='ltr' id='par_1_126' title="bbox 2199 4884 3799 4957">
     <span class='ocr_line' id='line_1_126' title="bbox 2199 4884 3799 4957; baseline 0.001 -19"><span class='ocrx_word' id='word_1_945' title='bbox 2199 4884 2338 4939; x_wconf 79' lang='lat' dir='ltr'><strong>fattia</strong></span> <span class='ocrx_word' id='word_1_946' title='bbox 2373 4897 2489 4956; x_wconf 89' lang='lat' dir='ltr'><strong>post</strong></span> <span class='ocrx_word' id='word_1_947' title='bbox 2521 4898 2747 4941; x_wconf 88' lang='lat' dir='ltr'><strong>mortem</strong></span> <span class='ocrx_word' id='word_1_948' title='bbox 2777 4931 2790 4954; x_wconf 90' lang='lat'><strong>,</strong></span> <span class='ocrx_word' id='word_1_949' title='bbox 2826 4896 2918 4940; x_wconf 90' lang='lat' dir='ltr'><strong>aut</strong></span> <span class='ocrx_word' id='word_1_950' title='bbox 2949 4889 3122 4956; x_wconf 90' lang='lat' dir='ltr'><strong>ipsum</strong></span> <span class='ocrx_word' id='word_1_951' title='bbox 3168 4887 3234 4942; x_wconf 90' lang='lat' dir='ltr'><strong>ad</strong></span> <span class='ocrx_word' id='word_1_952' title='bbox 3268 4884 3514 4957; x_wconf 84' lang='lat' dir='ltr'><strong>magnam</strong></span> <span class='ocrx_word' id='word_1_953' title='bbox 3546 4898 3799 4940; x_wconf 88' lang='lat' dir='ltr'><strong>senectu-</strong></span> 
     </span>
    </p>
   </div>
   <div class='ocr_carea' id='block_1_127' title="bbox 2200 4958 3794 5028">
    <p class='ocr_par' dir='ltr' id='par_1_127' title="bbox 2200 4958 3794 5028">
     <span class='ocr_line' id='line_1_127' title="bbox 2200 4958 3794 5028; baseline 0.003 -18"><span class='ocrx_word' id='word_1_954' title='bbox 2200 4967 2305 5028; x_wconf 89' lang='lat' dir='ltr'><strong>tem</strong></span> <span class='ocrx_word' id='word_1_955' title='bbox 2356 4959 2693 5028; x_wconf 88' lang='lat' dir='ltr'><strong>pervenisse.</strong></span> <span class='ocrx_word' id='word_1_956' title='bbox 2744 4958 2817 5012; x_wconf 88' lang='lat' dir='ltr'><strong>Dc</strong></span> <span class='ocrx_word' id='word_1_957' title='bbox 2846 4959 3038 5013; x_wconf 90' lang='lat' dir='ltr'><strong>eodem</strong></span> <span class='ocrx_word' id='word_1_958' title='bbox 3089 4959 3282 5015; x_wconf 84' lang='lat' dir='ltr'><strong>iterum</strong></span> <span class='ocrx_word' id='word_1_959' title='bbox 3331 4960 3693 5028; x_wconf 82' lang='lat' dir='ltr'><strong>hieronymus</strong></span> <span class='ocrx_word' id='word_1_960' title='bbox 3739 4959 3794 5014; x_wconf 91' lang='lat' dir='ltr'><strong>in</strong></span> 
     </span>
    </p>
   </div>
   <div class='ocr_carea' id='block_1_128' title="bbox 2197 5027 2874 5100">
    <p class='ocr_par' dir='ltr' id='par_1_128' title="bbox 2197 5027 2874 5100">
     <span class='ocr_line' id='line_1_128' title="bbox 2197 5027 2874 5100; baseline -0.006 -16"><span class='ocrx_word' id='word_1_961' title='bbox 2197 5027 2401 5084; x_wconf 86' lang='lat' dir='ltr'><strong>Chron.</strong></span> <span class='ocrx_word' id='word_1_962' title='bbox 2433 5029 2537 5085; x_wconf 92' lang='lat' dir='ltr'><strong>hoc</strong></span> <span class='ocrx_word' id='word_1_963' title='bbox 2565 5032 2682 5100; x_wconf 90' lang='lat' dir='ltr'><strong>ipso</strong></span> <span class='ocrx_word' id='word_1_964' title='bbox 2711 5044 2874 5100; x_wconf 83' lang='lat' dir='ltr'><strong>anno.</strong></span> 
     </span>
    </p>
   </div>
   <div class='ocr_carea' id='block_1_129' title="bbox 2269 5098 3797 5172">
    <p class='ocr_par' dir='ltr' id='par_1_129' title="bbox 2269 5098 3797 5172">
     <span class='ocr_line' id='line_1_129' title="bbox 2269 5098 3797 5172; baseline 0.002 -16"><span class='ocrx_word' id='word_1_965' title='bbox 2269 5104 2337 5156; x_wconf 79' lang='grc' dir='ltr'><strong>Α.</strong></span> <span class='ocrx_word' id='word_1_966' title='bbox 2369 5100 2429 5156; x_wconf 90' lang='lat' dir='ltr'><strong>C.</strong></span> <span class='ocrx_word' id='word_1_967' title='bbox 2459 5098 2686 5156; x_wconf 53' lang='lat' dir='ltr'><strong>555i—</strong></span> <span class='ocrx_word' id='word_1_968' title='bbox 2713 5098 2923 5156; x_wconf 74' lang='lat' dir='ltr'><strong>Mortuo</strong></span> <span class='ocrx_word' id='word_1_969' title='bbox 2950 5143 2964 5167; x_wconf 98' lang='lat'><strong>,</strong></span> <span class='ocrx_word' id='word_1_970' title='bbox 2995 5113 3101 5157; x_wconf 92' lang='lat' dir='ltr'><strong>etc.</strong></span> <span class='ocrx_word' id='word_1_971' title='bbox 3140 5102 3253 5158; x_wconf 84' lang='lat' dir='ltr'><strong>Hoc</strong></span> <span class='ocrx_word' id='word_1_972' title='bbox 3282 5117 3426 5156; x_wconf 91' lang='lat' dir='ltr'><strong>anno</strong></span> <span class='ocrx_word' id='word_1_973' title='bbox 3463 5100 3663 5156; x_wconf 73' lang='lat' dir='ltr'><strong>ctelum</strong></span> <span class='ocrx_word' id='word_1_974' title='bbox 3696 5116 3797 5172; x_wconf 89' lang='lat' dir='ltr'><strong>pro</strong></span> 
     </span>
    </p>
   </div>
   <div class='ocr_carea' id='block_1_130' title="bbox 2196 5172 3790 5242">
    <p class='ocr_par' dir='ltr' id='par_1_130' title="bbox 2196 5172 3790 5242">
     <span class='ocr_line' id='line_1_130' title="bbox 2196 5172 3790 5242; baseline 0.001 -14"><span class='ocrx_word' id='word_1_975' title='bbox 2196 5183 2340 5228; x_wconf 88' lang='lat' dir='ltr'><strong>terra</strong></span> <span class='ocrx_word' id='word_1_976' title='bbox 2387 5175 2444 5228; x_wconf 88' lang='lat' dir='ltr'><strong>S.</strong></span> <span class='ocrx_word' id='word_1_977' title='bbox 2497 5174 2757 5228; x_wconf 83' lang='lat' dir='ltr'><strong>Silvester</strong></span> <span class='ocrx_word' id='word_1_978' title='bbox 2796 5175 3150 5228; x_wconf 90' lang='lat' dir='ltr'><strong>commutavit</strong></span> <span class='ocrx_word' id='word_1_979' title='bbox 3193 5175 3381 5229; x_wconf 90' lang='lat' dir='ltr'><strong>ultima</strong></span> <span class='ocrx_word' id='word_1_980' title='bbox 3435 5172 3749 5229; x_wconf 86' lang='lat' dir='ltr'><strong>Decembris</strong></span> <span class='ocrx_word' id='word_1_981' title='bbox 3775 5219 3790 5242; x_wconf 94' lang='lat'><strong>,</strong></span> 
     </span>
    </p>
   </div>
   <div class='ocr_carea' id='block_1_131' title="bbox 2199 5243 3796 5316">
    <p class='ocr_par' dir='ltr' id='par_1_131' title="bbox 2199 5243 3796 5316">
     <span class='ocr_line' id='line_1_131' title="bbox 2199 5243 3796 5316; baseline 0.003 -18"><span class='ocrx_word' id='word_1_982' title='bbox 2199 5257 2318 5298; x_wconf 90' lang='lat' dir='ltr'><strong>cum</strong></span> <span class='ocrx_word' id='word_1_983' title='bbox 2370 5243 2633 5311; x_wconf 85' lang='lat' dir='ltr'><strong>sedisset,</strong></span> <span class='ocrx_word' id='word_1_984' title='bbox 2675 5245 2828 5313; x_wconf 79' lang='lat' dir='ltr'><strong>juxta</strong></span> <span class='ocrx_word' id='word_1_985' title='bbox 2876 5245 3088 5301; x_wconf 88' lang='lat' dir='ltr'><strong>Baronii</strong></span> <span class='ocrx_word' id='word_1_986' title='bbox 3118 5246 3576 5316; x_wconf 81' lang='lat' dir='ltr'><strong>computationem</strong></span> <span class='ocrx_word' id='word_1_987' title='bbox 3621 5259 3796 5302; x_wconf 89' lang='lat' dir='ltr'><strong>annos</strong></span> 
     </span>
    </p>
   </div>
   <div class='ocr_carea' id='block_1_132' title="bbox 503 5294 3795 5388">
    <p class='ocr_par' dir='ltr' id='par_1_132' title="bbox 503 5294 3795 5388">
     <span class='ocr_line' id='line_1_132' title="bbox 503 5294 3795 5388; baseline 0.001 -18"><span class='ocrx_word' id='word_1_988' title='bbox 503 5294 980 5388; x_wconf 55' lang='grc' dir='ltr'><strong>ἰπᾶῐιὲιῗᾶέὶὶᾱὶὶξ</strong></span> <span class='ocrx_word' id='word_1_989' title='bbox 1010 5294 1694 5387; x_wconf 54' lang='grc' dir='ltr'><strong>Ξῖ⁷’⁷1ἆᾶηῆἷὶ’ᾞῇοέίῶξζ</strong></span> <span class='ocrx_word' id='word_1_990' title='bbox 1713 5294 1975 5386; x_wconf 48' lang='lat' dir='ltr'><strong>&quot;suam</strong></span> <span class='ocrx_word' id='word_1_991' title='bbox 2023 5294 2091 5368; x_wconf 66' lang='lat' dir='ltr'><strong>in}</strong></span> <span class='ocrx_word' id='word_1_992' title='bbox 2125 5294 2174 5354; x_wconf 85' lang='lat' dir='ltr'><strong>D</strong></span> <span class='ocrx_word' id='word_1_993' title='bbox 2200 5294 2966 5385; x_wconf 53' lang='lat' dir='ltr'><strong>éi&#39;,&quot;m‘e&#39;n’s’;&quot;io,’algam</strong></span> <span class='ocrx_word' id='word_1_994' title='bbox 2985 5294 3105 5388; x_wconf 55' lang='lat' dir='ltr'><strong>éjii&#39;s</strong></span> <span class='ocrx_word' id='word_1_995' title='bbox 3123 5294 3314 5372; x_wconf 55' lang='lat' dir='ltr'><strong>satis</strong></span> <span class='ocrx_word' id='word_1_996' title='bbox 3326 5294 3795 5372; x_wconf 50' lang='lat' dir='ltr'><strong>sinuosis};</strong></span> 
     </span>
    </p>
   </div>
   <div class='ocr_carea' id='block_1_133' title="bbox 503 5387 2091 5461">
    <p class='ocr_par' dir='ltr' id='par_1_133' title="bbox 503 5387 2091 5461">
     <span class='ocr_line' id='line_1_133' title="bbox 503 5387 2091 5461; baseline -0.003 -19"><span class='ocrx_word' id='word_1_997' title='bbox 503 5387 709 5461; x_wconf 79' lang='lat' dir='ltr'><strong>Epheso</strong></span> <span class='ocrx_word' id='word_1_998' title='bbox 746 5391 906 5459; x_wconf 84' lang='lat' dir='ltr'><strong>jussu</strong></span> <span class='ocrx_word' id='word_1_999' title='bbox 941 5387 1223 5444; x_wconf 85' lang='lat' dir='ltr'><strong>Domitiani</strong></span> <span class='ocrx_word' id='word_1_1000' title='bbox 1256 5388 1481 5461; x_wconf 70' lang='lat' dir='ltr'><strong>Romam</strong></span> <span class='ocrx_word' id='word_1_1001' title='bbox 1522 5389 1830 5461; x_wconf 79' lang='lat' dir='ltr'><strong>perductus,</strong></span> <span class='ocrx_word' id='word_1_1002' title='bbox 1864 5397 1931 5461; x_wconf 16' lang='lat' dir='ltr'><strong>et»</strong></span> <span class='ocrx_word' id='word_1_1003' title='bbox 1952 5401 2091 5461; x_wconf 71' lang='lat' dir='ltr'><strong>pra:-</strong></span> 
     </span>
    </p>
   </div>
   <div class='ocr_carea' id='block_1_134' title="bbox 496 5457 2090 5531">
    <p class='ocr_par' dir='ltr' id='par_1_134' title="bbox 496 5457 2090 5531">
     <span class='ocr_line' id='line_1_134' title="bbox 496 5457 2090 5531; baseline -0.004 -17"><span class='ocrx_word' id='word_1_1004' title='bbox 496 5457 631 5514; x_wconf 76' lang='lat' dir='ltr'><strong>senti</strong></span> <span class='ocrx_word' id='word_1_1005' title='bbox 657 5457 840 5514; x_wconf 84' lang='lat' dir='ltr'><strong>senatu</strong></span> <span class='ocrx_word' id='word_1_1006' title='bbox 865 5471 984 5514; x_wconf 82' lang='lat' dir='ltr'><strong>ante</strong></span> <span class='ocrx_word' id='word_1_1007' title='bbox 1008 5471 1212 5531; x_wconf 85' lang='lat' dir='ltr'><strong>portam</strong></span> <span class='ocrx_word' id='word_1_1008' title='bbox 1242 5459 1485 5514; x_wconf 77' lang='lat' dir='ltr'><strong>Latinam</strong></span> <span class='ocrx_word' id='word_1_1009' title='bbox 1511 5462 1565 5514; x_wconf 87' lang='lat' dir='ltr'><strong>in</strong></span> <span class='ocrx_word' id='word_1_1010' title='bbox 1595 5462 1696 5513; x_wconf 83' lang='lat' dir='ltr'><strong>olei</strong></span> <span class='ocrx_word' id='word_1_1011' title='bbox 1720 5459 1962 5530; x_wconf 77' lang='lat' dir='ltr'><strong>[eruentis</strong></span> <span class='ocrx_word' id='word_1_1012' title='bbox 1982 5457 2090 5531; x_wconf 83' lang='lat' dir='ltr'><strong>_do-</strong></span> 
     </span>
    </p>
   </div>
   <div class='ocr_carea' id='block_1_135' title="bbox 497 5526 2088 5596">
    <p class='ocr_par' dir='ltr' id='par_1_135' title="bbox 497 5526 2088 5596">
     <span class='ocr_line' id='line_1_135' title="bbox 497 5526 2088 5596; baseline -0.001 -12"><span class='ocrx_word' id='word_1_1013' title='bbox 497 5533 623 5585; x_wconf 85' lang='lat' dir='ltr'><strong>lium</strong></span> <span class='ocrx_word' id='word_1_1014' title='bbox 659 5533 846 5586; x_wconf 85' lang='lat' dir='ltr'><strong>missus</strong></span> <span class='ocrx_word' id='word_1_1015' title='bbox 887 5540 959 5586; x_wconf 89' lang='lat' dir='ltr'><strong>est</strong></span> <span class='ocrx_word' id='word_1_1016' title='bbox 981 5526 1020 5596; x_wconf 52' lang='lat'><strong>,&#39;</strong></span> <span class='ocrx_word' id='word_1_1017' title='bbox 1041 5533 1130 5586; x_wconf 81' lang='lat' dir='ltr'><strong>sed</strong></span> <span class='ocrx_word' id='word_1_1018' title='bbox 1175 5533 1580 5587; x_wconf 74' lang='lat' dir='ltr'><strong>minimelwsus.</strong></span> <span class='ocrx_word' id='word_1_1019' title='bbox 1611 5526 1897 5586; x_wconf 74' lang='lat' dir='ltr'><strong>Cathedrte</strong></span> <span class='ocrx_word' id='word_1_1020' title='bbox 1925 5526 2088 5583; x_wconf 85' lang='lat' dir='ltr'><strong>etiam</strong></span> 
     </span>
    </p>
   </div>
   <div class='ocr_carea' id='block_1_136' title="bbox 497 5600 2084 5671">
    <p class='ocr_par' dir='ltr' id='par_1_136' title="bbox 497 5600 2084 5671">
     <span class='ocr_line' id='line_1_136' title="bbox 497 5600 2084 5671; baseline -0.003 -13"><span class='ocrx_word' id='word_1_1021' title='bbox 497 5603 555 5659; x_wconf 83' lang='lat' dir='ltr'><strong>S.</strong></span> <span class='ocrx_word' id='word_1_1022' title='bbox 582 5603 726 5658; x_wconf 88' lang='lat' dir='ltr'><strong>Petri</strong></span> <span class='ocrx_word' id='word_1_1023' title='bbox 757 5605 895 5671; x_wconf 90' lang='lat' dir='ltr'><strong>dies,</strong></span> <span class='ocrx_word' id='word_1_1024' title='bbox 930 5605 1124 5659; x_wconf 89' lang='lat' dir='ltr'><strong>natalis</strong></span> <span class='ocrx_word' id='word_1_1025' title='bbox 1156 5615 1379 5659; x_wconf 91' lang='lat' dir='ltr'><strong>vocatur</strong></span> <span class='ocrx_word' id='word_1_1026' title='bbox 1408 5603 1476 5659; x_wconf 90' lang='lat' dir='ltr'><strong>ab</strong></span> <span class='ocrx_word' id='word_1_1027' title='bbox 1505 5604 1806 5671; x_wconf 84' lang='lat' dir='ltr'><strong>Augustino</strong></span> <span class='ocrx_word' id='word_1_1028' title='bbox 1830 5602 1881 5654; x_wconf 91' lang='lat' dir='ltr'><strong>in</strong></span> <span class='ocrx_word' id='word_1_1029' title='bbox 1906 5600 2084 5655; x_wconf 89' lang='lat' dir='ltr'><strong>Serm.</strong></span> 
     </span>
    </p>
   </div>
   <div class='ocr_carea' id='block_1_137' title="bbox 493 5673 2086 5743">
    <p class='ocr_par' dir='ltr' id='par_1_137' title="bbox 493 5673 2086 5743">
     <span class='ocr_line' id='line_1_137' title="bbox 493 5673 2086 5743; baseline -0.003 -14"><span class='ocrx_word' id='word_1_1030' title='bbox 493 5675 562 5729; x_wconf 86' lang='lat' dir='ltr'><strong>de</strong></span> <span class='ocrx_word' id='word_1_1031' title='bbox 593 5675 741 5743; x_wconf 86' lang='lat' dir='ltr'><strong>ipsa;</strong></span> <span class='ocrx_word' id='word_1_1032' title='bbox 773 5685 829 5731; x_wconf 91' lang='lat' dir='ltr'><strong>et</strong></span> <span class='ocrx_word' id='word_1_1033' title='bbox 878 5677 932 5732; x_wconf 89' lang='lat' dir='ltr'><strong>S.</strong></span> <span class='ocrx_word' id='word_1_1034' title='bbox 986 5675 1093 5733; x_wconf 87' lang='lat' dir='ltr'><strong>Leo</strong></span> <span class='ocrx_word' id='word_1_1035' title='bbox 1140 5676 1537 5731; x_wconf 89' lang='lat' dir='ltr'><strong>dedicationem</strong></span> <span class='ocrx_word' id='word_1_1036' title='bbox 1582 5673 1840 5730; x_wconf 78' lang='lat' dir='ltr'><strong>Ecclesia:</strong></span> <span class='ocrx_word' id='word_1_1037' title='bbox 1891 5675 2086 5727; x_wconf 84' lang='lat' dir='ltr'><strong>lesmm</strong></span> 
     </span>
    </p>
   </div>
   <div class='ocr_carea' id='block_1_138' title="bbox 492 5744 2089 5816">
    <p class='ocr_par' dir='ltr' id='par_1_138' title="bbox 492 5744 2089 5816">
     <span class='ocr_line' id='line_1_138' title="bbox 492 5744 2089 5816; baseline -0.003 -12"><span class='ocrx_word' id='word_1_1038' title='bbox 492 5755 657 5804; x_wconf 68' lang='lat' dir='ltr'><strong>vocat</strong></span> <span class='ocrx_word' id='word_1_1039' title='bbox 686 5748 930 5806; x_wconf 84' lang='lat' dir='ltr'><strong>Natalem</strong></span> <span class='ocrx_word' id='word_1_1040' title='bbox 958 5747 1009 5804; x_wconf 90' lang='lat' dir='ltr'><strong>in</strong></span> <span class='ocrx_word' id='word_1_1041' title='bbox 1045 5747 1223 5810; x_wconf 85' lang='lat' dir='ltr'><strong>Serm.</strong></span> <span class='ocrx_word' id='word_1_1042' title='bbox 1257 5746 1326 5806; x_wconf 88' lang='lat' dir='ltr'><strong>de</strong></span> <span class='ocrx_word' id='word_1_1043' title='bbox 1347 5747 1535 5805; x_wconf 88' lang='lat' dir='ltr'><strong>eadem</strong></span> <span class='ocrx_word' id='word_1_1044' title='bbox 1563 5787 1577 5816; x_wconf 90' lang='lat'><strong>,</strong></span> <span class='ocrx_word' id='word_1_1045' title='bbox 1625 5746 1703 5802; x_wconf 91' lang='lat' dir='ltr'><strong>uti</strong></span> <span class='ocrx_word' id='word_1_1046' title='bbox 1747 5745 1992 5803; x_wconf 83' lang='lat' dir='ltr'><strong>Molanus</strong></span> <span class='ocrx_word' id='word_1_1047' title='bbox 2022 5744 2089 5799; x_wconf 91' lang='lat' dir='ltr'><strong>ad</strong></span> 
     </span>
    </p>
   </div>
   <div class='ocr_carea' id='block_1_139' title="bbox 2200 5388 3791 5460">
    <p class='ocr_par' dir='ltr' id='par_1_139' title="bbox 2200 5388 3791 5460">
     <span class='ocr_line' id='line_1_139' title="bbox 2200 5388 3791 5460; baseline 0.001 -18"><span class='ocrx_word' id='word_1_1048' title='bbox 2200 5389 2407 5460; x_wconf 86' lang='lat' dir='ltr'><strong>electus</strong></span> <span class='ocrx_word' id='word_1_1049' title='bbox 2437 5399 2540 5454; x_wconf 92' lang='lat' dir='ltr'><strong>est,</strong></span> <span class='ocrx_word' id='word_1_1050' title='bbox 2575 5403 2716 5460; x_wconf 82' lang='lat' dir='ltr'><strong>anno</strong></span> <span class='ocrx_word' id='word_1_1051' title='bbox 2743 5388 2870 5453; x_wconf 86' lang='lat'><strong>556,</strong></span> <span class='ocrx_word' id='word_1_1052' title='bbox 2894 5389 3048 5458; x_wconf 87' lang='lat' dir='ltr'><strong>cujus</strong></span> <span class='ocrx_word' id='word_1_1053' title='bbox 3074 5390 3235 5445; x_wconf 89' lang='lat' dir='ltr'><strong>etiam</strong></span> <span class='ocrx_word' id='word_1_1054' title='bbox 3268 5397 3391 5459; x_wconf 89' lang='lat' dir='ltr'><strong>post</strong></span> <span class='ocrx_word' id='word_1_1055' title='bbox 3418 5391 3538 5460; x_wconf 86' lang='lat' dir='ltr'><strong>ejus</strong></span> <span class='ocrx_word' id='word_1_1056' title='bbox 3558 5399 3791 5444; x_wconf 91' lang='lat' dir='ltr'><strong>mortem</strong></span> 
     </span>
    </p>
   </div>
   <div class='ocr_carea' id='block_1_140' title="bbox 2202 5458 3792 5531">
    <p class='ocr_par' dir='ltr' id='par_1_140' title="bbox 2202 5458 3792 5531">
     <span class='ocr_line' id='line_1_140' title="bbox 2202 5458 3792 5531; baseline 0.001 -17"><span class='ocrx_word' id='word_1_1057' title='bbox 2202 5460 2259 5514; x_wconf 90' lang='lat' dir='ltr'><strong>S.</strong></span> <span class='ocrx_word' id='word_1_1058' title='bbox 2293 5458 2469 5513; x_wconf 84' lang='lat' dir='ltr'><strong>Julius</strong></span> <span class='ocrx_word' id='word_1_1059' title='bbox 2500 5459 2684 5515; x_wconf 84' lang='lat' dir='ltr'><strong>sedem</strong></span> <span class='ocrx_word' id='word_1_1060' title='bbox 2711 5460 3066 5528; x_wconf 84' lang='lat' dir='ltr'><strong>apostolicam</strong></span> <span class='ocrx_word' id='word_1_1061' title='bbox 3098 5458 3368 5526; x_wconf 82' lang='lat' dir='ltr'><strong>ascendit,</strong></span> <span class='ocrx_word' id='word_1_1062' title='bbox 3399 5458 3462 5517; x_wconf 78' lang='lat' dir='ltr'><strong>ut</strong></span> <span class='ocrx_word' id='word_1_1063' title='bbox 3483 5461 3792 5531; x_wconf 87' lang='lat' dir='ltr'><strong>Ottttphrio,</strong></span> 
     </span>
    </p>
   </div>
   <div class='ocr_carea' id='block_1_141' title="bbox 2198 5531 3788 5606">
    <p class='ocr_par' dir='ltr' id='par_1_141' title="bbox 2198 5531 3788 5606">
     <span class='ocr_line' id='line_1_141' title="bbox 2198 5531 3788 5606; baseline 0.001 -21"><span class='ocrx_word' id='word_1_1064' title='bbox 2198 5541 2253 5606; x_wconf 74' lang='lat' dir='ltr'><strong>et</strong></span> <span class='ocrx_word' id='word_1_1065' title='bbox 2295 5531 2559 5606; x_wconf 84' lang='lat' dir='ltr'><strong>Muralio,</strong></span> <span class='ocrx_word' id='word_1_1066' title='bbox 2607 5546 2670 5588; x_wconf 91' lang='lat' dir='ltr'><strong>ac</strong></span> <span class='ocrx_word' id='word_1_1067' title='bbox 2703 5533 2822 5606; x_wconf 82' lang='lat' dir='ltr'><strong>aliis</strong></span> <span class='ocrx_word' id='word_1_1068' title='bbox 2863 5533 3037 5606; x_wconf 69' lang='lat' dir='ltr'><strong>placet</strong></span> <span class='ocrx_word' id='word_1_1069' title='bbox 3061 5577 3076 5602; x_wconf 93' lang='lat'><strong>,</strong></span> <span class='ocrx_word' id='word_1_1070' title='bbox 3108 5535 3319 5588; x_wconf 88' lang='lat' dir='ltr'><strong>tametsi</strong></span> <span class='ocrx_word' id='word_1_1071' title='bbox 3347 5533 3466 5588; x_wconf 90' lang='lat' dir='ltr'><strong>aliis</strong></span> <span class='ocrx_word' id='word_1_1072' title='bbox 3490 5535 3703 5604; x_wconf 88' lang='lat' dir='ltr'><strong>placeat</strong></span> <span class='ocrx_word' id='word_1_1073' title='bbox 3728 5533 3788 5589; x_wconf 91' lang='lat' dir='ltr'><strong>S.</strong></span> 
     </span>
    </p>
   </div>
   <div class='ocr_carea' id='block_1_142' title="bbox 2197 5601 3791 5673">
    <p class='ocr_par' dir='ltr' id='par_1_142' title="bbox 2197 5601 3791 5673">
     <span class='ocr_line' id='line_1_142' title="bbox 2197 5601 3791 5673; baseline 0.004 -17"><span class='ocrx_word' id='word_1_1074' title='bbox 2197 5601 2433 5657; x_wconf 82' lang='lat' dir='ltr'><strong>Marcum</strong></span> <span class='ocrx_word' id='word_1_1075' title='bbox 2488 5604 2669 5673; x_wconf 88' lang='lat' dir='ltr'><strong>plures</strong></span> <span class='ocrx_word' id='word_1_1076' title='bbox 2713 5601 2886 5658; x_wconf 87' lang='lat' dir='ltr'><strong>annos</strong></span> <span class='ocrx_word' id='word_1_1077' title='bbox 2935 5603 3121 5660; x_wconf 74' lang='lat' dir='ltr'><strong>Romae</strong></span> <span class='ocrx_word' id='word_1_1078' title='bbox 3150 5606 3390 5673; x_wconf 89' lang='lat' dir='ltr'><strong>sedisse;</strong></span> <span class='ocrx_word' id='word_1_1079' title='bbox 3423 5601 3517 5662; x_wconf 82' lang='lat' dir='ltr'><strong>sed</strong></span> <span class='ocrx_word' id='word_1_1080' title='bbox 3551 5607 3791 5662; x_wconf 90' lang='lat' dir='ltr'><strong>auctoris</strong></span> 
     </span>
    </p>
   </div>
   <div class='ocr_carea' id='block_1_143' title="bbox 2195 5677 2846 5731">
    <p class='ocr_par' dir='ltr' id='par_1_143' title="bbox 2195 5677 2846 5731">
     <span class='ocr_line' id='line_1_143' title="bbox 2195 5677 2846 5731; baseline -0.005 -1"><span class='ocrx_word' id='word_1_1081' title='bbox 2195 5677 2462 5730; x_wconf 84' lang='lat' dir='ltr'><strong>sententia</strong></span> <span class='ocrx_word' id='word_1_1082' title='bbox 2487 5677 2846 5731; x_wconf 87' lang='lat' dir='ltr'><strong>communior.</strong></span> 
     </span>
    </p>
   </div>
   <div class='ocr_carea' id='block_1_144' title="bbox 2269 5745 3792 5823">
    <p class='ocr_par' dir='ltr' id='par_1_144' title="bbox 2269 5745 3792 5823">
     <span class='ocr_line' id='line_1_144' title="bbox 2269 5745 3792 5823; baseline 0.004 -19"><span class='ocrx_word' id='word_1_1083' title='bbox 2269 5747 2336 5804; x_wconf 74' lang='grc' dir='ltr'><strong>Α.</strong></span> <span class='ocrx_word' id='word_1_1084' title='bbox 2365 5748 2430 5804; x_wconf 89' lang='lat' dir='ltr'><strong>C.</strong></span> <span class='ocrx_word' id='word_1_1085' title='bbox 2459 5749 2586 5806; x_wconf 85' lang='lat'><strong>557.</strong></span> <span class='ocrx_word' id='word_1_1086' title='bbox 2617 5775 2689 5789; x_wconf 92' lang='lat'><strong>--</strong></span> <span class='ocrx_word' id='word_1_1087' title='bbox 2716 5749 2768 5804; x_wconf 92' lang='lat'><strong>1.</strong></span> <span class='ocrx_word' id='word_1_1088' title='bbox 2802 5745 2910 5802; x_wconf 78' lang='lat' dir='ltr'><strong>llic</strong></span> <span class='ocrx_word' id='word_1_1089' title='bbox 2937 5763 3106 5806; x_wconf 87' lang='lat' dir='ltr'><strong>annus</strong></span> <span class='ocrx_word' id='word_1_1090' title='bbox 3133 5793 3148 5821; x_wconf 91' lang='lat'><strong>,</strong></span> <span class='ocrx_word' id='word_1_1091' title='bbox 3172 5758 3278 5807; x_wconf 91' lang='lat' dir='ltr'><strong>etc.</strong></span> <span class='ocrx_word' id='word_1_1092' title='bbox 3307 5747 3366 5807; x_wconf 90' lang='lat' dir='ltr'><strong>ld</strong></span> <span class='ocrx_word' id='word_1_1093' title='bbox 3395 5748 3579 5807; x_wconf 89' lang='lat' dir='ltr'><strong>multis</strong></span> <span class='ocrx_word' id='word_1_1094' title='bbox 3596 5749 3792 5823; x_wconf 83' lang='lat' dir='ltr'><strong>probat</strong></span> 
     </span>
    </p>
   </div>
  </div>
