3972 6348
227 175 323 234 εδδ
1260 173 1492 236 FLAVI!
1533 174 1713 235 LUCII
1757 173 2017 236 DEXTRI
2055 173 2469 237 CIIRONICON.
3407 183 3515 246 486
3565 247 3568 256 ,

229 297 286 354 Δ.
311 295 370 353 C.
395 295 521 356 3'57.
662 295 960 372 imperator
981 293 1370 353 Constantinus
1393 338 1410 365 ,
1446 296 1602 363 Pius,
1632 297 1818 362 Felix,
1867 307 1922 354 et
1960 296 2264 365 Augustus,
2296 311 2567 370 verasque
2609 297 2888 372 religionis
2925 298 3125 357 vindex
3147 344 3162 371 ,
3188 297 3514 360 A.R.1088.

650 398 900 444 mortuus
929 397 1011 444 est
1035 386 1510 460 Constantinopoli
1536 430 1550 454 ,
1581 387 1754 444 tribus
1784 389 1902 460 ejus
1932 389 2057 444 liliis
2081 389 2510 446 successoribus.

587 479 938 539 Salmanticae
966 480 1019 536 in
1045 478 1379 538 Vectonibus
1425 479 1484 537 S.
1514 479 1787 537 Juvencus
1819 479 2104 556 presbyter
2133 481 2370 538 moritur
2393 524 2409 551 ,
2436 483 2529 556 qui
2555 481 2709 558 juxta
2749 484 3044 544 nonnullos
3077 485 3160 544 in-

650 574 837 632 terruit
859 574 1097 632 concilio
1119 574 1479 630 lliberritano.

367 670 493 727 5H.
571 669 831 725 Ablavius
854 667 1139 740 praefectus
1167 668 1442 738 praetorio,
1473 676 1527 724 et
1550 666 1705 724 multi
1729 667 1821 723 alii
1851 674 1977 723 sunt
2005 665 2189 723 occisi.
3353 671 3519 730 1092.

361 761 487 819 5M.
566 762 748 820 Multa:
769 761 1006 818 Orientis
1029 760 1280 818 civitates
1308 761 1554 816 horribili
1576 767 1888 817 terrmmotu
1916 756 2293 816 conciderunt.
3358 765 3520 822 1095.

370 853 498 910 347.
577 851 825 910 Titianus
853 853 934 908 vir
959 851 1242 922 eloquens,
1273 850 1656 922 praefecturam
1691 849 1934 922 prretorii
1959 856 2172 920 tenens,
2195 850 2262 905 ad
2283 849 2486 908 Gallias
2508 849 2662 911 abiit.
3358 857 3523 915 1098.

369 943 497 1002 350.
575 943 764 1016 Magna
790 942 893 999 fuit
915 944 1018 998 hoc
1045 956 1188 997 anno
1217 941 1353 998 facta
1375 940 1592 1013 quidem
1619 941 1750 997 solis
1779 937 2034 997 defectio.
3351 948 3512 1008 MOI.

372 1041 500 1097 552.
579 1039 753 1098 Natali
784 1037 1023 1111 pontifici
1053 1037 1322 1094 Toletano
1345 1036 1591 1093 succedit
1611 1035 1892 1109 Olympius
1914 1077 1930 1103 ,
1967 1036 2047 1092 rir
2074 1034 2195 1106 pius
2222 1076 2236 1100 ,
2270 1043 2324 1090 et
2362 1033 2709 1093 doctissimus
2729 1078 2744 1105 ,
2771 1036 2838 1094 ad
2867 1053 3033 1111 quem
3055 1039 3157 1098 ali-
3355 1043 3522 1102 “03.

649 1132 902 1206 quotiens
927 1129 1153 1204 scripsit
1182 1130 1479 1203 Gregorius
1510 1129 1902 1202 Nazianzenus.
1936 1129 2034 1186 ilic
2067 1127 2243 1188 fuerat
2267 1130 2420 1202 prius
2442 1131 2500 1187 in
2520 1131 2751 1192 Thracia
2783 1137 3072 1208 episcOpus
3105 1155 3118 1194 :
3207 1163 3213 1168 -

1435 1289 1692 1348 BIVARII
1729 1287 2298 1348 COMMENTARIUS.

233 1423 496 1497 Baronius
532 1424 638 1481 hoc
684 1422 803 1494 ipso
849 1437 995 1497 anno
1020 1438 1086 1482 ex
1128 1423 1506 1497 Hieronymo,
1563 1421 1813 1497 Socrate,
1844 1424 1898 1486 Α
1923 1423 2123 1497 iiones.
2166 1422 2304 1497 Nam
2331 1423 2377 1480 si
2408 1423 2716 1481 doctrinam
2744 1426 3062 1497 desideres,
3109 1431 3519 1495 eruditissimus

233 1497 434 1567 Ruﬁno,
463 1494 798 1562 Sozomeno,
829 1506 882 1551 et
919 1496 1072 1562 aliis;
1103 1511 1264 1567 quem
1297 1494 1365 1551 de
1395 1495 1559 1552 rebus
1606 1495 1816 1565 magnis

231 1584 256 1622 a
277 1565 629 1626 Constantino
651 1583 752 1638 pro
769 1567 864 1624 Dei
893 1565 1135 1638 Ecclesia
1150 1567 1326 1633 lactis,
1354 1568 1630 1632 consulas,
1658 1581 1813 1636 rogo.

229 1640 302 1696 Ob
337 1639 454 1711 ejus
486 1637 724 1695 eximias
751 1641 984 1695 virtutes
1012 1655 1043 1711 a
1069 1637 1275 1711 Graecis
1311 1639 1454 1711 inter
1484 1647 1700 1711 sanctos
1730 1653 1814 1693 re-

227 1709 384 1776 latus,
436 1710 648 1767 lestivis
690 1711 888 1767 colitur
908 1709 1120 1782 gaudiis
1145 1709 1454 1782 Hiltalend.
1483 1709 1668 1782 Junii,
1699 1711 1815 1782 sive

228 1784 288 1840 12
309 1783 554 1848 kalend,
585 1782 835 1855 uthabet
867 1781 1112 1840 Mulanus
1145 1799 1158 1837 :
1197 1781 1294 1837 Die
1328 1781 1652 1855 (inquiens)
1673 1781 1814 1854 vige-

224 1857 343 1910 sima
393 1857 565 1923 prima
614 1853 784 1922 Maii,
834 1865 1132 1908 sanctorum
1180 1853 1488 1924 magnorum
1536 1853 1736 1924 regum
1766 1863 1815 1908 et

224 1925 484 2010 Aposto'iis
511 1927 794 2010 aqualium
819 1967 832 1992 ,
866 1925 1191 2010 Constantini
1214 1923 1524 2010 etﬂclenw.
1557 1923 1818 2010 Refertur

224 2010 272 2055 ct
303 1998 374 2054 ab
406 1995 666 2068 Equiliuo
711 2000 761 2052 in
805 2013 905 2053 suo
955 1996 1217 2067 Catalogo
1262 2009 1574 2052 sanctorum
1626 1995 1720 2050 lib.
1759 2011 1813 2062 ν,

225 2085 332 2139 cap.
357 2071 454 2131 26,
487 2071 591 2124 sub
614 2070 796 2129 titulo,
821 2069 884 2123 de
909 2078 1090 2140 sancto
1117 2068 1457 2123 Constantino
1479 2070 1812 2140 imperatore.

227 2142 409 2196 Exstat
435 2157 607 2214 prope
642 2141 934 2214 Emeritam
971 2142 1024 2198 in
1050 2139 1505 2214 HiSpaniaAvetus
1533 2139 1666 2214 lapis
1691 2153 1813 2194 cum

224 2210 486 2281 ejusmodi
525 2210 882 2284 inscriptione
907 2253 923 2279 ,
945 2229 1132 2284 _quam
1151 2210 1402 2284 ’Morales
1431 2213 1584 2267 atlert
1613 2211 1704 2284 lib.
1741 2228 1769 2264 χ
1797 2254 1812 2276 ,

226 2279 335 2355 cap.
372 2285 444 2340 36
477 2299 493 2336 :
527 2283 668 2355 Imp.
699 2279 895 2338 'Ctesar
934 2279 1152 2338 Flavius
1177 2325 1192 2351 ,
1241 2282 1618 2338 Constantinus
1654 2280 1812 2354 Aug.,

228 2359 360 2423 pacis
384 2369 431 2411 et
463 2356 691 2425 justiticc
719 2355 907 2425 Cultor,
935 2357 1058 2425 pub.
1090 2355 1275 2426 quietis
1313 2355 1581 2426 fundator,
1613 2355 1815 2421 religio-

227 2429 300 2482 nis
341 2436 385 2482 et
411 2427 539 2497 ﬁdei
581 2438 780 2482 auctor.
833 2427 1051 2483 Remiss.
1110 2425 1296 2497 ubique
1347 2427 1552 2481 tributis
1601 2426 1811 2498 ﬁnitim.

228 2499 417 2582 propin.
447 2499 547 2582 iter
589 2500 792 2582 restitui
818 2499 957 2582 [εσὶι.

295 2570 551 2626 llaeredes
585 2572 802 2641 reliquit
822 2569 1033 2641 imperii
1068 2579 1178 2626 tres
1210 2569 1352 2641 ﬁlios
1381 2584 1529 2638 suos,
1561 2585 1592 2626 e
1619 2569 1816 2640 quibus

227 2641 575 2714 Constantino
609 2640 1142 2714 llispaniaz,_Galliie
1182 2650 1237 2714 et
1264 2640 1554 2698 Germania
1599 2641 1814 2714 obliga.

227 2725 374 2779 runt;
397 2710 727 2768 Constantio
757 2722 899 2769 totus
920 2712 1151 2780 Oriens;
1177 2710 1463 2769 Constanti
1487 2728 1617 2770 vero
1639 2710 1813 2781 Italia,

230 2793 264 2839 Α
281 2785 428 2858 frica,
463 2796 518 2858 et
549 2785 847 2858 Illyricum.

295 2857 348 2911 2.
383 2855 759 2922 Salmaniicce,
792 2868 900 2913 etc.
943 2855 1166 2912 Durabit
1213 2865 1477 2912 :eternum
1507 2871 1629 2913 cum
1677 2871 1815 2927 pra:-

229 2929 546 2985 rlarissimis
576 2928 698 2999 ejus
726 2929 982 3000 operibus
1003 2970 1019 2996 ,
1068 2927 1202 3000 tanti
1239 2930 1337 2983 viri
1371 2928 1545 2994 fama;
1578 2929 1816 2999 olimque

231 3016 324 3071 pro
366 3000 580 3056 meritis
619 2999 867 3056 laudatus
912 3000 1011 3072 fuit
1054 3015 1083 3054 a
1129 2999 1575 3072 D.Hllierouymo
1617 3009 1728 3055 tum
1762 3003 1814 3056 in

229 3070 492 3127 Chronico
533 3073 600 3126 ad
634 3088 836 3128 annum
865 3070 972 3127 332
999 3112 1012 3134 ,
1045 3081 1156 3126 tum
1207 3070 1302 3126 lib.
1348 3072 1416 3141 de
1445 3070 1814 3141 Scriptorihus

237 3142 634 3200 Ei-clesiasticis
659 3187 673 3211 ,
707 3145 826 3212 ejus
858 3155 988 3200 sunt
1016 3142 1106 3198 illa
1137 3144 1297 3199 verba
1333 3159 1346 3197 :
1376 3140 1641 3198 Iuvencus
1672 3143 1818 3198 nobi-

229 3215 406 3269 lissimi
431 3216 637 3287 generis
668 3214 939 3285 Hispanus
972 3214 1253 3284 presbyter,
1283 3225 1506 3286 quatuor
1534 3213 1815 3286 Evangelia

231 3287 534 3341 hexametris
556 3289 806 3355 versibus,
837 3302 964 3358 perte
981 3287 1050 3341 ad
1079 3287 1285 3358 verbum
1319 3290 1656 3356 transferens,
1686 3303 1814 3352 qna-

232 3368 342 3411 tuor
383 3359 542 3414 libros
582 3356 912 3429 composuit,
952 3367 998 3413 et
1037 3356 1294 3412 nonnulla
1327 3358 1506 3413 eodem
1553 3369 1714 3412 metro
1744 3358 1814 3411 ad

230 3439 673 3504 sacramentorum
698 3429 928 3504 ordinem
971 3429 1298 3504 pertinentia.
1318 3430 1589 3504 ‘i’rologits
1629 3430 1814 3495 operis

233 3502 644 3571 Evangeliorum
664 3501 853 3573 incipit
870 3521 883 3555 :
902 3497 1204 3573 [inmortale
1216 3497 1348 3573 nihil
1371 3497 1547 3553 muniti
1570 3517 1815 3573 compage

231 3569 422 3627 tenetur
447 3588 468 3628 :
497 3573 551 3629 in
585 3572 937 3629 conclusione
972 3588 1100 3628 vero
1139 3569 1314 3628 innuit
1336 3587 1396 3628 se
1425 3569 1710 3641 scripsisse
1739 3569 1816 3625 iii-

231 3653 384 3700 vente
403 3645 584 3700 adhuc
611 3643 970 3701 Constantino
994 3643 1348 3714 imperatore.
1381 3641 1458 3698 De
1484 3643 1675 3698 eodem
1704 3647 1814 3714 agit

232 3714 507 3784 Equilinus
550 3717 645 3772 lib.
702 3732 788 3782 x1,
820 3732 942 3786 cap.
990 3715 1113 3771 ηι.
1146 3715 1341 3786 lterum
1371 3731 1401 3771 a
1447 3714 1601 3786 nobis
1631 3730 1814 3771 sermo

236 3786 432 3858 incidet
460 3788 529 3844 de
558 3787 677 3858 ejus
704 3786 845 3842 fama
875 3784 941 3844 ad
972 3801 1170 3843 annum
1206 3785 1415 3858 Domini
1441 3784 1564 3842 407.

302 3860 361 3914 Δ.
387 3857 450 3915 C.
483 3855 613 3918 5M.
640 3889 714 3900 —
736 3857 978 3930 Ablabius
1002 3899 1019 3926 ,
1070 3867 1176 3914 etc.
1216 3855 1271 3912 Id
1294 3875 1365 3930 ex
1397 3857 1458 3930 Β.
1494 3858 1812 3930 Hieronymi

229 3930 501 3987 Chronico
548 3942 874 3986 mutuatum.
921 3929 1098 3986 Ludus
1145 3945 1207 3982 ac
1246 3928 1356 3999 pila
1407 3929 1629 3999 fortunae
1679 3928 1814 3985 nova

232 4019 426 4074 semper
471 4003 732 4059 molientis
765 4011 1103 4074 nuncupatur
1128 4000 1198 4056 ab
1249 4000 1527 4074 Eunapio,
1557 4005 1699 4070 quod
1734 4002 1814 4055 iu-

233 4073 356 4130 li.o
387 4085 546 4129 natus
596 4075 718 4131 loco
767 4090 926 4144 supra
956 4073 1312 4144 imperatoris
1361 4081 1682 4143 potestatem
1727 4087 1815 4127 as-

233 4147 504 4212 cenderit;
543 4147 639 4202 sed
675 4147 742 4200 ab
775 4143 1092 4201 Constantio
1121 4144 1336 4201 occisus
1366 4155 1467 4200 est.
1503 4143 1580 4198 De
1621 4145 1811 4201 eodem

1850 2825 1899 2886 B

1923 1494 2058 1573 fuit;
2089 1497 2134 1551 si
2162 1494 2476 1573 dignitatem
2500 1541 2513 1564 ,
2548 1497 2822 1568 pontifex;
2851 1499 2894 1556 si
2923 1494 3104 1573 mores
3128 1547 3143 1573 ,
3181 1517 3435 1573 sanctus;
3465 1494 3514 1564 si

1921 1567 2158 1638 denique
2204 1567 2626 1638 antiquitatem,
2685 1567 3281 1633 vetustissimusﬂSola
3328 1567 3510 1634 rerum

1920 1639 2332 1717 llispanicarum
2397 1639 2715 1717 inconstans
2774 1652 3140 1717 perpetuaque
3197 1650 3516 1708 vicissitudo

1920 1719 2128 1789 {autum
2171 1711 2327 1789 sidus
2367 1710 2690 1789 obnuhiiare
2731 1710 2934 1784 quivit;
2983 1710 3081 1773 sed
3124 1721 3325 1785 gratias
3371 1722 3512 1789 Deo,

1923 1783 2121 1863 llexter
2148 1781 2447 1863 elatebris,
2483 1784 2680 1863 quibus
2705 1781 2792 1863 tot
2806 1789 3020 1843 sreculis
3040 1781 3349 1860 delituerat,
3386 1781 3513 1863 pro;

1919 1853 2050 1929 diit;
2099 1855 2191 1926 qni
2234 1853 2370 1910 lucis
2407 1853 2607 1929 radiis,
2642 1857 2996 1929 omniumque
3038 1863 3213 1919 oculis
3266 1853 3511 1921 sanctum

1925 1924 2130 1982 iterum
2151 1935 2432 2001 revocaret
2459 1927 2771 2001 Olympium
2790 1970 2806 1995 ,
2837 1939 2891 1986 et
2910 1924 3198 2001 ‘llispaniis
3227 1933 3510 1993 doctorem

1919 2012 2104 2061 suum,
2140 2010 2193 2051 et
2223 1997 2503 2052 Toletanis
2526 1997 2826 2056 antistitem
2858 1997 3134 2060 redde-ret.

1991 2070 2097 2125 Sed
2139 2067 2306 2140 (quod
2339 2070 2728 2150 magis__miror)_
2762 2087 3057 2150 numquam
3100 2078 3234 2150 satis
3277 2076 3513 2150 Olympii

1991 2095 2097 2125 acu
2139 2095 2306 2140 \quuu
2339 2095 2509 2140 quat:
2539 2095 2728 2140 uurur)
2762 2095 3057 2142 liuutquam
3100 2095 3234 2133 satis
3277 2095 3431 2150 Ulym
3479 2098 3512 2136 lt

1923 2141 2015 2196 lux
2034 2156 2072 2220 _a
2111 2140 2812 2220 monumentisiiispanicis
2854 2143 3081 2220 aberat,
3107 2148 3236 2218 quin
3263 2149 3308 2206 si
3337 2095 3512 2220 quaiis

1921 2211 2392 2288 qualisdiligeutia
2408 2211 2781 2288 adhiberetur,
2808 2216 3065 2288 quidquid
3089 2211 3508 2278 a'Dextro'nnnc

1923 2288 2186 2360 promitur
2217 2284 2283 2360 de
2311 2283 2654 2360 S._O_l_ym_pio
2679 2327 2693 2349 ,
2730 2285 2781 2340 in
2819 2283 3010 2357 vulgus
3042 2291 3305 2360 potuisset
3343 2293 3504 2348 mitti.

1919 2355 2300 2425 Comprobabo
2347 2355 2625 2424 sigillatim
2672 2367 2865 2414 cuncta
2896 2355 2966 2413 ab
3009 2355 3075 2416 eo
3113 2371 3320 2418 notata.
3367 2365 3512 2420 luter

1921 2425 2170 2506 Gregorii
2217 2426 2542 2506 Naeianzeni
2587 2427 2846 2506 epistyliis
2893 2431 3133 2506 quinque
3169 2435 3310 2506 datae
3351 2451 3510 2506 repe-

1922 2499 2136 2574 riuntur
2167 2499 2232 2553 ad
2263 2498 2583 2574 Olympium
2611 2518 2623 2553 ε
2655 2498 2921 2574 videlicet
2939 2501 3010 2558 40
3047 2498 3204 2574 cujus
3249 2498 3461 2561 initium
3493 2525 3508 2561 :

1923 2568 2375 2646 lterumpcgasio,
2410 2569 2709 2646 $0.51“!
2748 2571 2962 2646 :__Nobis
2982 2568 3224 2646 princeps
3248 2593 3319 2637 es.
3354 2579 3510 2632 etiam

1921 2653 2035 2715 post
2068 2642 2448 2718 principatum:
2474 2643 2560 2696 ubi
2585 2641 2660 2696 ait
2693 2660 2705 2694 :
2743 2640 2866 2698 Non
2889 2653 2962 2698 est
2982 2640 3255 2702 nobiscum
3284 2650 3511 2718 amplius

1923 2711 2139 2788 magnus
2165 2711 2460 2784 Olympius,
2497 2729 2586 2768 nec
2625 2729 2801 2788 rerum
2825 2727 3119 2788 nostrarum
3159 2711 3510 2788 gubernacula

1925 2783 2149 2857 possidet
2183 2801 2200 2839 :
2233 2783 2416 2860 iterum
2463 2783 3089 2860 posteriorﬁappadocia
3134 2783 3262 2860 facti
3304 2807 3506 2858 sumus,

1926 2855 2078 2934 quam
2108 2866 2164 2934 tu
2188 2857 2412 2934 primam
2433 2855 2698 2934 e/feceras.
2720 2855 2794 2934 ΔΙὲζι
2815 2855 3096 2934 episus,
3129 2855 3249 2934 qua;
3278 2861 3466 2934 incipit
3491 2855 3506 2917 ξ

1927 2928 2045 2984 IIoc
2072 2927 2200 2999 mihi
2218 2929 2333 2995 ipsa
2359 2929 2515 2999 ferme
2537 2929 2836 2996 inﬁrmitate
2857 2927 3061 2999 gravius
3083 2927 3177 2987 esi.
3207 2932 3268 2987 Et
3290 2927 3509 2998 77,'sub

1921 3001 2076 3056 initio
2109 3018 2128 3072 εί
2159 2998 2366 3072 Etipsa
2404 3015 2606 3072 quoque
2651 3015 2783 3072 cana
2832 2998 3062 3072 senectus
3084 3043 3101 3070 ,
3134 3013 3270 3070 etc.,
3305 3013 3361 3061 et
3393 3015 3512 3061 tan-

1919 3072 2042 3128 dem
2075 3071 2144 3128 78
2173 3090 2186 3124 :
2215 3069 2607 3142 lterumscribo
2631 3086 2744 3142 eum
2767 3070 2876 3142 ipse
2905 3069 3091 3128 adesse
3114 3069 3371 3139 deberem,
3397 3087 3505 3134 etc.

1919 3144 2129 3218 Quibus
2155 3143 2402 3218 innuitqu
2436 3140 2745 3218 Olympium
2770 3140 2902 3218 ante
2933 3145 3308 3218 episcopatum
3364 3163 3505 3218 prie-

1919 3216 2090 3271 sidem
2138 3229 2202 3270 ac
2234 3213 2532 3286 principem
2564 3213 2924 3286 Cappadocia:
2970 3213 3154 3272 fuisse.
3188 3217 3296 3274 Sed
3331 3213 3509 3274 uirum

1919 3287 1965 3361 is
1994 3289 2110 3357 ipse
2140 3285 2425 3359 Olympius
2453 3285 2743 3361 cpiscopus
2773 3285 2965 3361 fuerit,
2999 3304 3065 3342 ex
3097 3290 3231 3345 solis
3257 3292 3510 3361 epistolis

1921 3359 2109 3486 Imperi
2143 3357 2251 3415 non
2283 3367 2461 3428 potest
2493 3375 2507 3412 :
2541 3357 2646 3414 nisi
2679 3357 2898 3414 aliunde
2925 3372 3238 3430 qumrantur
3275 3357 3512 3419 admini-

1921 3445 1986 3486 cu
2009 3446 2060 3485 a.

1918 3445 2060 3486 Cilla.

1991 3491 2193 3576 Fuisse
2209 3517 2341 3560 vero
2379 3500 2687 3576 Olympium
2733 3504 2785 3556 in
2807 3500 3053 3576 jhracia
3087 3504 3404 3576 episcopum
3435 3505 3513 3562 ci-

1917 3573 2102 3649 vitatis
2127 3572 2302 3649 A_~3nos
2323 3616 2343 3649 ,ξ
2381 3572 2614 3644 indeque
2644 3589 2766 3649 cum
2807 3572 3088 3649 Thcodulo
3124 3572 3508 3649 Traja'nopoli-

1921 3656 2044 3700 lano
2077 3645 2128 3699 in
2151 3644 2382 3700 Thracia
2427 3647 2912 3716 pariterepiscopo
2937 3647 3126 3716 exsilio
3165 3644 3505 3716 moletainm,

1917 3717 2158 3790 immoct
2176 3717 2242 3770 ad
2267 3732 2452 3790 necem
2473 3715 2781 3786 qumsitum,
2807 3715 3326 3790 quodAthanasioet
3345 3715 3508 3790 rectze

1918 3787 2040 3843 ﬁdei
2074 3788 2314 3852 l'avcret;
2348 3785 2622 3843 Ursatium
2653 3801 2782 3841 vero
2813 3785 2876 3842 ac
2924 3785 3220 3852 Valentem,
3262 3785 3321 3845 'ct
3350 3789 3508 3845 Aria-

1917 3874 2018 3914 nos
2047 3868 2486 3933 persequeretur,
2527 3857 3023 3933 narratconcilium
3057 3857 3508 3933 llierosolymita-

1917 3927 2605 4002 num'apud'Sozomenum
2637 3929 2688 3983 iu
2723 3930 2946 4002 historia
2977 3927 3273 4002 Tripartita
3302 3927 3394 3988 lib.
3433 3949 3508 4000 tv,

1916 4018 2037 4072 cap.
2086 4001 2177 4070 58,
2232 4003 2285 4058 in
2319 4001 2552 4071 epistola
2588 4016 2697 4073 pro
2749 4001 3085 4073 Athanasio,
3136 4002 3222 4060 ubi
3273 4003 3342 4061 de
3390 4005 3510 4073 ejus

1916 4071 2246 4131 adversariis
2277 4073 2542 4142 loquens:
2580 4071 2600 4126 Ι
2613 4090 2643 4126 n
2675 4083 2904 4138 tantum,
2934 4072 3127 4144 inquit,
3160 4071 3504 4144 innatuerunt,

1918 4162 2030 4216 qua:
2065 4146 2128 4199 de
2171 4145 2809 4218 Athartasio_diceb.intur,
2832 4155 2906 4218 ut
2947 4162 3063 4199 eum
3102 4145 3403 4218 ubicumque
3429 4165 3513 4202 re-

233 4217 355 4291 itern
388 4211 710 4291 Ammianus
739 4219 1010 4291 lih.__xxn,
1041 4213 1368 4291 etZusiiuus
1391 4215 1484 4270 lib.
1519 4231 1578 4281 ιι,
1601 4226 1654 4271 et
1678 4233 1815 4289 prm-
1843 4211 1888 4276 C
1919 4211 2195 4291 pet-iretur,
2218 4217 2422 4291 juberet
2449 4214 3124 4291 Constantiusimperator
3151 4211 3357 4291 occidi;
3389 4236 3508 4273 cum

232 4289 721 4362 dictusﬁEuuapius
753 4287 977 4362 iti_Vitis
1005 4287 1468 4362 philosoiihurutn.

302 4362 369 4417 A.
402 4361 462 4416 C.
500 4357 627 4416 344⁷.
655 4391 740 4432 ί-
781 4357 1019 4432 Mulae,
1044 4369 1150 4416 etc.
1207 4357 1274 4414 Et
1312 4359 1412 4415 hoc
1456 4360 1621 4416 etiam
1669 4360 1813 4432 apud

236 4431 624 4504 Hieronymum
651 4431 704 4486 iu
732 4431 1003 4504 Chronico
1032 4433 1200 4504 leges.

304 4505 370 4559 Α.
407 4501 468 4559 C.
493 4501 622 4559 547.
656 4535 726 4544 -
755 4502 1016 4568 Titianus,
1048 4501 1156 4560 etc.
1191 4503 1389 4562 Eadem
1422 4501 1587 4560 habet
1627 4503 1816 4559 Hiero-

234 4589 431 4646 nymus
457 4578 510 4630 in
545 4577 837 4630 Chronico.
868 4575 1022 4630 Alius
1043 4577 1110 4630 ab
1135 4593 1200 4633 co
1231 4575 1328 4634 luit
1375 4574 1634 4631 Tatianus
1660 4575 1816 4632 Chri—

235 4645 442 4702 stianus
484 4647 671 4702 rhetor
695 4689 710 4712 ,
743 4648 832 4717 qui
860 4647 1025 4703 libros
1054 4649 1297 4704 adversus
1323 4645 1531 4712 Gentes,
1565 4661 1592 4701 a
1623 4647 1818 4716 quibus

237 4718 300 4791 ad
322 4719 486 4774 ﬁdem
507 4720 685 4791 luerat
711 4734 1028 4783 conversus,
1060 4720 1310 4791 scripsit;
1337 4718 1405 4774 de
1426 4737 1531 4788 quo
1556 4717 1819 4774 Eusebius

239 4789 378 4846 libro
407 4805 463 4844 tv
505 4790 658 4863 bist.,
701 4805 818 4860 cap.
857 4792 951 4856 iii,
985 4800 1040 4863 et
1083 4789 1441 4863 Hieronymus
1479 4791 1594 4860 ipse
1624 4791 1717 4844 lib.
1753 4792 1821 4845 de

237 4863 433 4932 Script.
469 4861 684 4932 Ecclus.
725 4879 847 4932 cap.
880 4864 968 4918 59.
1016 4860 1110 4917 llle
1153 4860 1300 4918 enini
1337 4863 1438 4917 sub
1472 4866 1538 4916 Μ.
1577 4863 1818 4927 Aurelio,

241 4932 327 5004 hic
353 4931 456 4988 sub
483 4933 610 4988 [iliis
649 4931 992 5004 Constantini
1023 4935 1220 4990 claruit
1251 4953 1263 4988 :
1295 4933 1385 4990 hic
1419 4933 1666 4989 Titianus
1691 4973 1707 4999 ,
1734 4935 1822 4990 ille

239 5002 496 5061 'i‘atianus
528 5007 842 5064 voeabatur.

307 5079 374 5133 Δ.
398 5076 461 5132 C.
486 5076 612 5134 350.
637 5105 708 5116 ——
736 5073 928 5149 Magna
947 5117 962 5144 ,
997 5086 1104 5132 etc.
1140 5077 1395 5149 Legimus
1420 5075 1488 5132 de
1514 5076 1702 5133 eadem
1731 5075 1825 5132 dc-

238 5144 477 5274 i’ccéilone
503 5150 609 5232 huc
632 5163 777 5204 anno
807 5144 943 5204 facta
972 5149 1116 5222 apud
1149 5144 1395 5206 sanctum
1426 5149 1826 5220 Hieronymum

238 5234 288 5274 In
383 5237 610 5274 II'OIIICO.

236 5234 288 5274 Ill
315 5234 610 5276 unromco.

306 5293 374 5363 _A.
401 5289 464 5346 C.
491 5291 618 5348 552.
645 5319 719 5332 —-
758 5291 811 5346 l.
857 5289 1072 5356 Natali,
1119 5303 1223 5351 etc.
1258 5292 1404 5350 Deus
1450 5291 1592 5348 bone
1615 5333 1630 5356 ,
1664 5307 1825 5363 quam

239 5360 437 5435 debilis
478 5364 620 5432 apud
669 5363 961 5435 Toletanos
1001 5365 1208 5430 sancti,
1263 5382 1325 5420 ac
1359 5381 1486 5422 vere
1536 5360 1714 5435 magni
1745 5367 1827 5420 sui

240 5433 514 5504 pontilicis
552 5433 790 5508 Olympii
828 5437 1095 5508 memoria
1145 5438 1402 5494 hactenus
1445 5437 1579 5492 fuit?
1622 5433 1691 5492 de
1721 5451 1829 5508 quo

244 5511 423 5579 tamen
457 5523 566 5562 non
597 5507 780 5562 minus
809 5506 1073 5579 deberent
1112 5508 1331 5578 gloriari
1359 5554 1373 5579 ,
1420 5525 1578 5578 quam
1610 5508 1677 5565 de
1720 5506 1831 5564 Ire-

244 5577 779 5673 timokLugdu-nense's
797 5619 812 5642 ,
851 5577 918 5634 de
942 5577 1215 5650 Cypriane
1241 5577 1695 5673 Carthaginctises
1716 5621 1741 5662 ,I
1762 5579 1829 5637 de
1855 5611 1910 5673 Β

245 5648 533 5710 Ambrosio
563 5648 1018 5718 Mediolanenses,
1049 5665 1133 5718 ac,
1165 5661 1223 5708 ut
1247 5667 1356 5708 uno
1382 5648 1548 5710 verbo
1571 5652 1826 5718 dixerim,

245 5718 314 5782 de
335 5723 543 5784 cunctis
581 5722 841 5784 Ecclesiae
884 5721 1199 5784 doctoribus
1222 5723 1382 5786 urbes
1430 5739 1542 5784 suae
1568 5765 1586 5796 ,
1634 5737 1700 5788 ac
1727 5739 1826 5784 na-

1914 4283 2016 4362 quo
2046 4298 2105 4362 et_
2124 4283 2485 4362 Tltéodulum,
2528 4299 2576 4362 et
2619 4283 2920 4356 Olympium
2957 4286 3218 4362 Prtesules
3251 4283 3513 4362 Ecclesia-

1916 4359 2033 4416 rum
2063 4359 2461 4416 Thracensium.
2495 4359 2818 4432 Athanasius
2845 4375 3056 4430 quoque
3101 4361 3153 4415 itt
3184 4361 3411 4432 epistola
3439 4363 3506 4417 ad

1919 4433 2220 4506 solitariam
2262 4433 2444 4506 vitam
2465 4442 2731 4506 agentes;
2755 4431 3062 4506 Diodorum,
3091 4433 3185 4496 ait,
3219 4431 3512 4506 episcopum

1918 4506 2025 4558 suis
2055 4504 2260 4558 sedibus
2289 4495 2631 4572 expulerunt;
2663 4495 2965 4572 Olympium
2997 4495 3116 4556 item
3144 4495 3208 4558 ea:
3237 4495 3411 4565 Aenii.
3450 4522 3512 4560 ac

1922 4575 2249 4632 Theodulum
2292 4591 2356 4630 ea:
2394 4574 2757 4647 'I‘rajanopoli,
2806 4577 2982 4628 ambos
3034 4575 3295 4647 episcopos
3344 4575 3514 4631 Thra-

1922 4650 2036 4714 σέας,
2081 4647 2237 4702 bonos
2266 4657 2312 4701 et
2362 4644 2676 4700 ortlrodoxos
2706 4646 2859 4708 viros,
2908 4647 3137 4716 infensos
3167 4644 3349 4701 lueresi
3371 4690 3385 4712 ,
3419 4666 3511 4703 ca-

1922 4720 2132 4774 lumniis
2164 4720 2420 4787 impetirer
2436 4728 2563 4784 unt;
2592 4720 2746 4772 semel
2773 4717 2977 4788 quidem
3007 4734 3123 4771 cum
3151 4719 3220 4772 ad
3262 4716 3516 4775 Eusebia-

1925 4807 2110 4845 nornm
2175 4790 2461 4844 calumnias
2534 4790 2870 4842 Constantius
2937 4791 3220 4860 imperator
3287 4790 3516 4846 edictum

1925 4862 2095 4917 misit:
2119 4861 2302 4916 iterum
2346 4870 2514 4915 autent
2545 4875 2663 4914 cum
2688 4861 2833 4914 illius
2863 4861 2938 4914 rei
2969 4863 3214 4916 memoria
3253 4864 3318 4918 ab
3353 4862 3513 4919 Euse-

1925 4932 2090 4988 bianis
2117 4933 2361 5004 reiricata
2392 4942 2463 4987 est
2487 4931 2847 5004 (Eusebianos
2889 4944 3048 4988 vocat
3074 4935 3306 5004 grianos
3327 4976 3342 5001 ,
3373 4935 3513 5004 quod

1927 5021 2117 5060 eorum
2171 5003 2392 5075 signifer
2449 5001 2642 5075 luisset
2689 5002 3001 5075 Eusebius).
3064 5001 3297 5075 Habebat
3345 5001 3517 5060 autem

1928 5077 2168 5144 edictum,
2221 5073 2406 5148 utnon
2442 5074 2613 5130 solum
2653 5073 2976 5148 civitatibus,
3013 5084 3059 5130 et
3089 5073 3336 5130 Ecclesiis
3365 5078 3518 5148 ejice-

1927 5160 2128 5210 rentur,
2162 5147 2252 5202 sed
2273 5155 2319 5201 et
2346 5148 2558 5216 capitati
2578 5162 2748 5217 plena,
2779 5147 3082 5218 ubicumque
3107 5148 3298 5202 inuenti
3326 5159 3511 5214 essent,

1968 5221 2291 5274 (colerentur.
2327 5221 2470 5290 Idem
2513 5220 2742 5290 replicai
2773 5219 2826 5290 in
2859 5219 3118 5290 Apologia
3152 5221 3214 5272 de
3243 5219 3368 5290 fuga
3393 5236 3510 5290 sua.

1959 5295 2060 5347 nite
2088 5292 2284 5346 factum
2314 5303 2369 5344 ut
2399 5289 2678 5359 Olympius
2700 5289 2872 5346 llosio
2899 5288 3516 5361 specialibusamicitiis

1929 5365 2267 5434 jungeretur,
2319 5361 2374 5417 in
2414 5363 2648 5418 consilio
2692 5360 2992 5434 prazsertint
3039 5360 3370 5434 Sardicensi,
3423 5362 3514 5418 ubi

1935 5431 2051 5505 ejus
2085 5435 2302 5490 monitis
2333 5435 2530 5506 legem,
2559 5431 2717 5504 quam
2750 5449 2872 5502 cap.
2909 5431 2975 5489 14
3015 5433 3262 5506 ιμιιξιξιιἈ
3284 5431 3350 5506 de
3379 5435 3518 5490 resi-

1935 5501 2118 5564 dentia
2166 5501 2426 5578 perpetua
2468 5501 2832 5578 praelatoruin’
2867 5507 2920 5562 in
2973 5501 3085 5559 suis
3139 5503 3438 5578 Ecclesiis,
3485 5521 3518 5563 a

1936 5579 2131 5650 quibus
2166 5575 2341 5636 tribus
2369 5575 2724 5636 hebdomadis
2755 5575 2823 5630 ad
2869 5575 3365 5650 sunununrabesse
3397 5594 3518 5648 pos-

1935 5645 2094 5720 sent;
2129 5651 2202 5710 ita
2241 5651 2582 5722 temperavit,
2608 5657 2667 5705 ut
2694 5663 2767 5722 ea
2791 5662 2897 5704 non
2929 5645 3522 5722 coritprehendcreiitur

1935 5724 2028 5800 qui
2076 5717 2181 5786 vim
2241 5717 2481 5797 perpessi
2535 5721 2604 5779 de
2657 5720 2878 5780 sedibus
2920 5717 3300 5790 ejiciebantur.
3367 5721 3523 5786 Unde
