4114 6338
331 311 438 372 5οὸ

1376 303 1611 365 FLAVI!
1649 301 1834 364 LUCII
1874 300 2135 362 DEXTRI
2173 301 2592 362 CllRONlCON.

323 424 594 487 A.C.380.
671 422 960 494 Asturius,
991 429 1354 497 cognomento
1379 419 1677 493 Serranus,
1713 423 1774 478 fit
1801 421 1976 480 lector
2003 421 2075 478 ab
2102 421 2376 480 Audentio
2403 422 2690 481 Toletano.

3525 305 3634 366 £00

3327 425 3642 489 A.R.H3i.

686 519 968 592 Gulphilas
1015 519 1247 584 Gothus.
1296 519 1600 576 litterarum
1631 515 1985 576 Gothicarum
2026 517 2322 588 inventor,
2383 518 2706 591 episcopus,
2758 519 2982 579 nomine
3025 519 3290 580 doctrinae

757 614 1072 687 ingeniique
1103 612 1261 670 valde
1287 612 1562 670 laudatur.

469 707 596 770 382.
675 709 1030 780 Lampadius,
1057 708 1188 764 olim
1216 706 1505 780 praefectus
1553 705 1730 776 urbis,
1762 704 1988 763 veniens
2011 703 2085 776 {in
2117 704 2443 778 Hispanias,
2486 705 2572 764 vir
2615 705 2820 780 probus
2861 713 2919 766 et
2958 707 3183 781 doctus,
3215 709 3277 768 fit

766 803 1060 877 episcopus
1084 801 1379 860 Oretanus.

3480 712 3640 774 “53.

683 902 1011 959 Dracontius
1050 907 1107 958 et
1138 899 1416 972 Adelphus
1458 898 1704 972 episcOpi
1728 898 1784 955 in
1809 897 2070 987 Hispania
2101 899 2374 957 exsulant.

682 996 870 1053 Justo.
890 1034 906 1051 .
926 1034 940 1050 .
965 994 1224 1066 episcopo
1255 993 1478 1050 Vicensi
1503 992 1700 1051 scribit
1726 1001 1951 1049 sanctus
1981 993 2329 1052 Ambrosius.

688 1089 946 1148 Cremato
993 1089 1062 1146 ad
1113 1089 1498 1147 Mclantiadam
1553 1089 1746 1146 urbem
1793 1086 2020 1144 Graecia;
2053 1087 2284 1146 Valente
2311 1085 2649 1160 lmperatore
2678 1091 2962 1162 haeretica,
2991 1093 3285 1153 Gratianus

755 1185 886 1242 facit
941 1185 1154 1257 imperii
1198 1192 1506 1255 consortem
1541 1180 1910 1240 Theodosium
1955 1181 2294 1240 admirabilis
2326 1181 2620 1244 Theodosii
2643 1185 2841 1258 lilium,
2874 1189 3052 1246 virum
3105 1189 3278 1263 pium,

759 1278 960 1338 Italicae
987 1279 1042 1338 in
1073 1278 1273 1337 Battica
1311 1287 1499 1336 uatum
1513 1317 1528 1335 .

1546 1371 1810 1431 BIVABII
1845 1371 2417 1433 COMMENTARIUS.

323 1513 538 1570 utimini
559 1511 963 1570 accommodari
994 1521 1315 1585 nequeunt:
1341 1518 1616 1570 nam'cum
1642 1509 1711 1567 de
1731 1510 1932 1568 canitie
1956 1512 2008 1575 Δ
2037 1510 2356 1586 Ammianus
2408 1511 2504 1586 lib.
2542 1513 2732 1586 xxvii)

330 1601 430 1643 sua
459 1586 560 1652 ait,

513 1678 733 1732 Oblitum
752 1679 940 1728 veteris
957 1690 1038 1728 me
1063 1677 1208 1728 Saliae
1231 1676 1446 1728 consulis
1465 1687 1702 1740 arguens,

575 1742 682 1793 Sub
698 1754 798 1805 quo
814 1745 969 1805 prima
986 1740 1096 1791 dies
1115 1740 1231 1789 mihi
1253 1751 1266 1788 :

327 1849 513 1905 nullus
552 1846 738 1918 dicet,
790 1846 1156 1905 Prudentium
1198 1847 1444 1905 innuisse
1496 1862 1557 1904 se
1601 1847 1656 1904 in
1705 1845 1934 1904 flumine

326 1932 546 1977 natum.

393 1994 529 2062 Quis
558 2006 691 2061 ergo
724 2005 920 2048 sensus
963 1991 1108 2048 illius
1165 1990 1427 2048 carminis
1456 1989 1932 2062 genuinuslSane

322 2061 487 2134 quem
541 2065 741 2120 Dexter
787 2072 1006 2119 secutus
1054 2072 1170 2130 est,
1217 2073 1273 2120 et
1321 2064 1587 2127 Morales,
1622 2077 1684 2118 ac
1737 2061 1933 2118 Nebri-

321 2138 505 2192 censis
547 2135 663 2191 fere
703 2136 981 2207 assecuti;
1016 2137 1122 2191 nisi
1149 2134 1310 2207 quod
1338 2135 1394 2189 hi
1446 2150 1636 2190 errore
1676 2135 1928 2190 codicum

322 2208 493 2272 ducti,
518 2207 799 2263 consulem
828 2206 1126 2273 Mesaliam,
1161 2206 1266 2262 non
1293 2206 1496 2263 Saliam
1522 2215 1925 2276 nuncuparunt.

322 2278 494 2334 Natus
525 2279 688 2350 igitur
719 2278 1042 2334 Prudentius
1090 2277 1192 2334 fuit
1242 2279 1464 2350 Saliae:
1499 2276 1923 2350 Philippocoss.

321 2348 564 2420 quorum
601 2351 1099 2419 consulatusjnxta
1139 2348 1405 2419 Onuplirii
1436 2359 1491 2406 et
1542 2348 1696 2404 ldatii
1732 2349 1928 2404 Fastos

324 2420 514 2478 incidit
561 2424 618 2476 in
669 2437 870 2476 annum
905 2421 1121 2478 Domini
1154 2421 1278 2478 548.
1313 2420 1468 2477 Unde
1497 2419 1586 2476 hic
1613 2435 1791 2476 annus
1821 2421 1926 2478 580

321 2509 429 2564 quo
455 2492 704 2549 floruisse
727 2492 926 2564 dicitur
948 2535 964 2560 ,
994 2503 1113 2548 erat
1142 2494 1320 2549 mtatis
1351 2508 1464 2547 sum
1490 2492 1561 2546 5‘2
1592 2509 1606 2546 :
1635 2492 1922 2564 floruisse,

324 2562 579 2632 inquam,
615 2565 852 2636 oratoria
897 2563 1186 2630 facultate,
1221 2565 1290 2621 de
1328 2580 1434 2636 qua
1479 2565 1599 2636 ipse
1639 2564 1696 2620 in
1728 2562 1925 2620 eodem

328 2638 558 2708 prologo
586 2637 640 2691 in
673 2634 1006 2693 Catemerin.
1033 2636 1209 2709 inquit
1233 2653 1246 2690 :

635 2749 769 2801 Etas
792 2752 948 2814 prima
970 2751 1286 2814 crepantibus

509 2811 675 2864 Flevit
696 2811 985 2876 sub'i'erults
1007 2827 1020 2863 :
1042 2811 1157 2864 mox
1179 2813 1342 2864 docuit
1365 2817 1498 2876 toga,

317 2874 563 2941 Infectum
588 2877 741 2941 vitiis,
764 2875 883 2927 falsa
907 2877 1040 2940 loqui
1057 2889 1156 2927 non
1175 2877 1288 2928 sine
1305 2874 1529 2926 crimine.
1680 2878 1732 2924 fit

319 2940 378 2990 Et
397 2952 572 2992 rursus
594 2952 609 2988 :

634 3001 762 3053 Exin
782 3003 942 3064 jurgla
962 3001 1180 3052 turbidos

507 3064 768 3114 Armarunt
784 3063 998 3126 animos,
1026 3070 1080 3114 et
1101 3063 1229 3114 male
1261 3064 1490 3127 pertinax

315 3126 559 3178 Vincendi
575 3128 787 3179 studium
806 3127 1052 3190 subjacuit
1074 3126 1274 3178 casibus
1293 3128 1500 3190 asperis.

314 3232 486 3288 Natus
547 3249 679 3290 vero
719 3231 824 3288 fuit
868 3232 1342 3305 Caesaraugusta,
1380 3242 1440 3288 ut
1481 3232 1644 3289 habet
1691 3232 1923 3303 Dexter,

314 3317 473 3374 patre
517 3305 1040 3376 Caesaraugustam,
1087 3304 1264 3361 matre
1311 3304 1764 3376 Calagurritana;
1817 3319 1926 3376 quo

315 3378 413 3442 iit,
461 3385 526 3432 ut
554 3377 746 3432 urbem
784 3375 1085 3447 utramque
1130 3392 1284 3432 suam
1317 3375 1519 3447 smpius
1556 3375 1778 3433 dixerit.
1815 3375 1923 3433 Sed

309 3461 448 3503 vero
485 3448 852 3504 Tarraconem
900 3450 1066 3504 etiam
1114 3449 1320 3504 idcirco
1364 3463 1518 3504 suam
1549 3448 1722 3516 dixit,
1776 3447 1924 3518 quod

317 3520 446 3588 ejus
497 3520 791 3591 aliquando
844 3521 1217 3590 gubernator,
1257 3521 1604 3592 imperatoris
1651 3520 1926 3592 electione

317 3592 547 3658 fuisset,
580 3600 640 3645 ut
677 3592 907 3647 inferius
938 3592 1204 3647 dicemus.
1237 3591 1370 3658 Qum
1401 3600 1596 3648 contra
1627 3591 1745 3646 haec
1777 3591 1926 3646 Man-

315 3673 519 3717 tuanus
542 3663 731 3732 objicit
753 3663 997 3719 faciliora
1027 3673 1176 3726 sunt,
1201 3679 1362 3733 quam
1382 3673 1442 3718 ut
1468 3664 1625 3732 longa
1647 3662 1924 3719 solutione

313 3743 533 3802 egeant.
565 3735 656 3790 Ait
683 3734 777 3790 ille
806 3752 820 3790 :
849 3736 1050 3790 Consul
1074 3733 1313 3805 Philippi
1334 3735 1544 3806 collega
1579 3733 1744 3788 Salea
1765 3775 1780 3798 ,
1813 3749 1920 3806 non

312 3805 472 3860 Salia
496 3809 816 3861 vocabatur.
845 3807 914 3862 Et
936 3821 1070 3876 ego:
1102 3806 1291 3877 Populi
1332 3806 1412 3861 illi
1447 3805 1701 3874 Asturiae,
1735 3805 1922 3862 Salcni

311 3877 447 3932 dicti
492 3885 662 3942 sunt,
695 3893 725 3932 a
759 3878 953 3946 Salen,
986 3893 1093 3933 non
1135 3894 1164 3933 a
1215 3879 1400 3945 Salia;
1451 3892 1583 3948 ergo
1623 3885 1681 3932 et
1718 3877 1920 3932 flumen

313 3948 480 4005 Salea
509 3949 836 4004 vocandum.
871 3949 1028 4018 Quod
1080 3951 1128 4004 si
1179 3949 1235 4004 in
1283 3965 1388 4004 una
1436 3948 1621 4004 littera
1665 3963 1774 4002 non
1806 3949 1922 4004 vult

313 4021 434 4089 ipse
466 4028 524 4075 ut
567 4022 622 4076 in
653 4019 800 4076 Salia
846 4037 948 4077 suo
977 4020 1381 4090 disceptamus,
1431 4022 1569 4074 nolit
1607 4034 1823 4089 quoque
1864 4021 1920 4076 in

310 4093 462 4147 Salia
497 4101 688 4148 nostro
709 4134 726 4161 ,
758 4102 855 4148 aut
884 4093 936 4147 in
967 4101 1225 4161 utroque.
1259 4092 1470 4147 Rursus
1500 4093 1643 4158 ille_:
1682 4092 1738 4145 Si
1771 4091 1920 4148 Salia

313 4163 513 4220 consul
541 4173 692 4229 erat,
741 4165 966 4221 minime
1011 4166 1216 4220 veteris
1261 4164 1480 4218 nomine
1526 4163 1916 4233 insigniretur,

312 4247 442 4290 eum
472 4235 616 4290 alter
643 4236 762 4306 ejus
791 4237 1024 4292 nominis
1049 4236 1238 4290 consul
1270 4249 1562 4304 numquam
1592 4234 1771 4289 fuerit.
1800 4235 1917 4305 Ego

315 4321 452 4362 vero
481 4323 495 4360 :
523 4307 667 4374 Quid
697 4307 742 4361 si
775 4309 840 4362 ad
877 4317 1095 4362 aetatem
1127 4306 1430 4376 respiciens
1462 4309 1736 4372 consulis,
1763 4317 1918 4362 vete-

313 4393 436 4432 rem
473 4378 726 4434 vocavit?
754 4379 893 4446 Quid
919 4379 964 4434 si
989 4391 1054 4433 ex
1087 4379 1332 4434 suffectis
1353 4419 1366 4442 ,
1401 4393 1630 4448 quorum
1663 4392 1772 4432 non
1803 4392 1923 4432 ma-

314 4459 452 4520 nent
475 4453 695 4504 nomina
721 4495 734 4518 ,
762 4449 901 4506 alius
929 4451 1106 4506 fuerat
1132 4450 1252 4520 ejus
1283 4449 1520 4504 nominis
1548 4461 1676 4505 ante
1701 4449 1925 4520 ipsum?

310 4519 427 4577 Sed
457 4523 528 4576 de
559 4520 644 4576 his
672 4523 826 4577 satis.

389 4593 446 4648 4.
481 4593 760 4660 Asturius,
809 4604 917 4650 etc.
950 4593 1214 4663 Superius
1243 4591 1312 4647 de
1358 4607 1426 4648 eo
1475 4591 1676 4658 locuti,
1726 4591 1922 4648 iterum

311 4665 552 4719 inferius
581 4669 754 4720 acturi
779 4681 988 4721 sumus.

385 4737 440 4790 5.
477 4735 763 4805 Gulphilas
785 4778 800 4802 ,
830 4747 940 4793 etc.
977 4736 1210 4794 Uberius
1241 4739 1308 4793 de
1337 4751 1404 4793 eo
1431 4736 1698 4792 Baronius
1730 4736 1798 4790 ad
1821 4751 1924 4791 an-

305 4823 440 4862 num
471 4808 578 4864 370
606 4808 699 4863 ubi
725 4823 795 4863 ex
819 4810 1128 4864 Sozomeno
1185 4809 1284 4864 lib.
1335 4824 1410 4874 vr,
1459 4823 1509 4863 c.
1552 4810 1648 4874 57,
1678 4811 1916 4876 asserit,

310 4880 459 4948 quod
489 4894 559 4934 eo
593 4889 792 4952 agente
833 4881 1014 4950 legato
1037 4879 1178 4952 apud
1223 4880 1644 4949 Imperatorem,
1680 4881 1923 4952 Athana-

306 4954 463 5007 ricus
510 4966 608 5007 rex
645 4951 840 5007 Gothis
866 4951 1132 5022 dispersis
1153 4951 1483 5008 Christianis
1525 4952 1832 5016 concessit,
1867 4951 1920 5005 in

307 5022 433 5092 ejus
479 5023 713 5093 gratiam
745 5023 1032 5079 Thraciam
1079 5024 1330 5078 habitare
1360 5041 1374 5078 :
1406 5033 1459 5077 et
1492 5025 1640 5091 quod
1685 5022 1922 5090 primum

309 5095 536 5164 quidem
582 5094 800 5150 Arianis
827 5105 1210 5162 consenserat,
1238 5093 1583 5165 postmodum
1617 5103 1806 5165 autem
1829 5108 1920 5148 re-

313 5163 602 5238 s'ipuittet
635 5166 916 5222 Catholica
947 5166 1054 5222 fide
1084 5163 1336 5238 accepta,
1369 5165 1614 5222 interfuit
1641 5181 1761 5238 eum
1782 5163 1924 5238 Aea-

313 5239 416 5305 tio,
441 5249 498 5293 et
527 5237 774 5292 Eudoxio
795 5238 1032 5293 concilio
1050 5236 1686 5306 ConstantinOpolitano.
1712 5236 1920 5292 Gothos

309 5309 478 5363 etiam
508 5309 577 5365 ad
611 5314 866 5379 pietatem
898 5320 954 5366 et
1003 5325 1189 5365 verum
1223 5309 1320 5365 Dei
1344 5311 1546 5365 cultum
1581 5309 1922 5379 amplecten-

309 5381 442 5436 dum
485 5379 759 5446 instituit;
812 5390 860 5437 et
904 5383 1104 5455 primus
1147 5384 1246 5453 fuit
1277 5381 1397 5455 (ait
1423 5381 1554 5455 ille)
1583 5384 1691 5455 qui
1720 5381 1921 5435 litteras

305 5455 456 5520 apud
498 5468 585 5508 eos
630 5455 916 5517 invenerit;
939 5453 1245 5525 litterasque
1263 5453 1444 5525 sacras
1470 5454 1526 5507 in
1555 5453 1784 5525 patrium
1807 5467 1919 5525 ser-

307 5539 516 5580 monem
541 5525 809 5578 convertit.
852 5525 1044 5580 Exstat
1073 5523 1190 5596 ejus
1213 5524 1428 5595 effigies
1463 5527 1520 5580 in
1551 5523 1807 5580 Vaticana
1835 5524 1916 5578 hi-

313 5596 591 5652 hliotheea
630 5609 754 5650 eum
797 5595 1355 5666 alphabeto’suarum
1402 5598 1710 5652 litterarum
1753 5610 1915 5663 supra

2772 1515 3022 1595 data__est
3067 1518 3277 1595 Urbana
3330 1522 3641 1595 prtefectura

2036 1583 2330 1664 Itampadio
2353 1601 2373 1651 ;
2397 1584 2488 1659 qui
2505 1583 2761 1664 empensa:
2789 1587 3020 1664 exhiberi
3046 1593 3226 1647 solitas
3257 1593 3310 1647 in
3331 1583 3642 1664 inani/icon.

2037 1656 2110 1735 tia
2136 1653 2419 1735 munerum'
2451 1653 2706 1724 editione,
2737 1661 2954 1735 contulit
2968 1663 3031 1735 in
3057 1679 3312 1735 pauperes
3342 1653 3543 1735 egentes
3585 1668 3639 1723 in

2042 1727 2331 1792 Vaticano;
2355 1745 2456 1799 qua
2478 1745 2542 1784 ea:
2565 1745 2723 1786 causa
2738 1732 2937 1799 plebem
2959 1734 3010 1786 in
3033 1727 3086 1788 se
3107 1727 3402 1801 concitavit",
3425 1738 3554 1791 adeo
3582 1747 3641 1793 ut

2035 1816 2224 1878 parum
2237 1801 2474 1878 abfuerit
2490 1843 2506 1869 ,
2557 1803 2682 1878 quin
2722 1803 3054 1878 ipsiusa'des
3074 1807 3270 1878 positas
3291 1817 3473 1862 contra
3497 1807 3639 1864 Con-

2031 1871 2249 1947 stantini
2271 1871 2555 1947 lavacrum,
2579 1874 2783 1947 injectis
2803 1875 3005 1946 facibus
3027 1871 3386 1934 combusserit.
3413 1879 3562 1947 Inde,
3579 1887 3642 1938 ut

2032 1943 2198 1999 credo
2221 1989 2236 2013 ,
2272 1953 2489 2019 ortum,
2543 1943 2720 2019 ipsum
2767 1943 2820 2019 in
2855 1947 3148 2018 lIiSpanias
3199 1950 3514 2019 trajecisse;
3548 1943 3642 2008 ubi

2032 2029 2133 2085 pro
2159 2029 2258 2090 sua
2287 2015 2516 2090 pietate,
2545 2025 2599 2090 et
2622 2017 2874 2073 doctrina
2899 2015 3486 2078 in'Oretanam'sedem
3504 2015 3639 2090 pro-

2032 2088 2243 2142 moveri
2295 2086 2512 2142 meruit.
2545 2087 2824 2144 Invenitur
2849 2090 2916 2144 ad
2949 2106 3151 2148 annum
3181 2092 3290 2148 400
3315 2086 3634 2151 interfuisse

2030 2159 2265 2214 concilio
2293 2158 2598 2230 Toletano,
2646 2161 2794 2217 dicto
2832 2161 3009 2231 primo
3035 2204 3051 2231 ,
3100 2174 3160 2220 ut
3203 2179 3306 2221 suo
3337 2165 3461 2222 loco
3488 2157 3640 2224 dice-

2031 2244 2173 2286 mus.
2541 2240 2545 2246 ’

2101 2303 2157 2357 9.
2191 2302 2529 2370 Dracontius,
2551 2310 2660 2358 etc.
2693 2302 2771 2359 De
2805 2303 3100 2360 Dracontio
3127 2309 3353 2365 consule
3379 2317 3634 2366 sanctum

2029 2372 2298 2429 lsidorum
2329 2376 2381 2429 in
2409 2375 2550 2448 libro
2579 2374 2648 2429 de
2674 2374 2817 2431 Viris
2846 2376 3182 2445 illustribus,
3210 2380 3299 2434 ubi
3323 2381 3442 2448 ejus
3465 2381 3636 2436 libros

2029 2455 2312 2501 enumerat
2333 2490 2362 2518 ,Α
2405 2455 2462 2518 et
2517 2446 2791 2518 ingenium
2862 2449 3068 2504 laudat.
3130 2451 3212 2505 Ad
3262 2446 3406 2505 hunc
3454 2451 3634 2518 ipsum

2033 2516 2394 2590 existimo_S.
2435 2517 2790 2590 Athanasium
2841 2521 3134 2587 epistolam
3185 2521 3331 2576 illam
3379 2516 3631 2590 dedisse,

2031 2603 2151 2654 qua:
2181 2589 2250 2641 ad
2281 2586 2628 2642 Dracuntium
2652 2586 3004 2654 inscribitur;
3038 2607 3159 2647 nam
3189 2595 3258 2647 ab
3289 2596 3515 2650 Oriente
3541 2586 3632 2650 ubi

2029 2657 2330 2732 Athanasio
2356 2668 2516 2732 notus
2546 2669 2692 2724 erat,
2727 2662 2777 2714 in
2813 2662 3121 2732 Hispaniam
3155 2663 3445 2721 deductum
3469 2680 3638 2720 exsu-

2029 2730 2134 2784 lem
2186 2731 2363 2808 egisse
2388 2731 2410 2808 _(
2433 2741 2578 2808 post
2615 2730 2920 2808 Athanasii
2949 2745 3182 2808 mortem
3209 2780 3224 2805 ,
3255 2753 3378 2808 qua:
3425 2738 3480 2792 in
3528 2753 3630 2792 an-

2029 2817 2157 2856 num
2187 2801 2400 2857 Domini
2432 2802 2538 2858 372
2566 2803 2753 2857 incidit
2779 2808 2795 2871 )
2822 2819 2966 2861 nunc
2996 2820 3064 2862 ex
3106 2801 3311 2863 Dextro
3341 2808 3627 2865 habemus.

2029 2872 2354 2949 Adelphium
2395 2887 2529 2949 vero
2576 2874 2890 2949 interfuisse
2920 2877 3200 2949 “concilio
3268 2877 3628 2949 Caesaraugu-

2031 2946 2327 3021 stano,_de
2370 2945 2677 3021 quo_infra.
2707 2947 2984 3021 nonnullis
3014 2950 3209 3021 placet,
3246 2949 3502 3021 aiuntque
3527 2945 3632 3021 pro

2030 3015 2304 3087 Ampelio,
2360 3016 2503 3089 quod
2545 3017 2718 3071 nostri
2776 3018 2982 3075 habent
3016 3015 3272 3093 codices,
3336 3015 3628 3095 legendum

2029 3088 2380 3144 Adelphium.

2118 3104 2380 3157 etpnium.

2099 3159 2378 3234 simio,
2411 3169 2526 3234 etc.
2564 3160 2620 3216 ln
2655 3174 2875 3234 excuso
2905 3161 3108 3218 Dextro
3163 3162 3414 3234 additur,
3466 3164 3622 3220 Iusto

2027 3230 2210 3308 atteri,
2254 3233 2348 3308 sed
2383 3233 2569 3308 nescio
2601 3232 2670 3308 ad
2699 3247 2863 3308 quem
2911 3234 3204 3308 referatur.
3245 3234 3368 3290 Fuit
3399 3230 3628 3308 quidem

2026 3302 2079 3377 i_n_
2114 3303 2374 3377 Hispania
2393 3302 2579 3377 Justus
2601 3302 2743 3361 alter
2772 3304 3092 3377 Urgelensis
3116 3302 3442 3377 episcopus,
3470 3309 3630 3371 cuius

2027 3374 2147 3448 dies
2191 3375 2328 3448 festa
2362 3373 2416 3430 in
2463 3376 2710 3432 Romano
2756 3373 3510 3448 Martyrologio'habetur'ad
3556 3379 3629 3435 28

2026 3446 2186 3512 Maii,
2219 3447 2306 3500 hic
2337 3460 2473 3501 vero
2505 3449 2676 3502 multo
2707 3446 2984 3504 recentior
3022 3446 3124 3503 fuit
3154 3447 3394 3516 Dextro,
3436 3461 3496 3506 ut
3525 3466 3628 3508 ne-

2025 3518 2205 3588 quiret
2250 3517 2318 3589 ad
2347 3533 2473 3573 eum
2516 3520 2814 3589 respicere.
2859 3519 3089 3574 Exstant
3125 3522 3300 3576 sancti
3348 3521 3626 3579 Ambrosii

2025 3589 2272 3664 epistolae
2293 3588 2417 3644 dum
2435 3590 2500 3664 ad
2529 3588 2741 3664 Jttstnm
2765 3591 3197 3664 scripta‘,altera
3223 3593 3276 3646 in
3298 3591 3396 3648 lib.
3421 3609 3439 3648 ι
3463 3595 3626 3664 epist.

2027 3660 2082 3733 ‘l,
2113 3662 2282 3733 altera
2309 3677 2444 3733 vero
2477 3661 2530 3715 in
2563 3661 2657 3717 lib.
2685 3676 2782 3717 vni
2807 3663 2969 3732 epist.
2994 3662 3052 3732 2,
3088 3679 3212 3733 quae
3241 3664 3293 3719 in
3319 3660 3516 3721 ordine
3542 3674 3632 3720 est

2025 3730 2116 3788 63.
2172 3732 2227 3805 In
2286 3731 2352 3786 iis
2408 3743 2632 3805 rogatus
2683 3730 3351 3790 Ambrosius'nonnullas
3401 3736 3628 3805 exponit

2023 3802 2358 3878 quafstiones
2389 3803 2459 3878 ad
2487 3802 2686 3878 sacras
2724 3806 3333 3878 litterasipertinentes.
3367 3808 3424 3863 In
3455 3802 3630 3878 priori

2023 3873 2262 3950 explicat
2282 3916 2297 3942 ,
2331 3874 2458 3950 quid
2512 3874 2780 3945 signiticet
2818 3873 2985 3950 illud
3013 3877 3390 3950 didrachmnm
3415 3921 3430 3946 ,
3456 3873 3628 3950 'eujus

2023 3945 2327 4018 dimidium,
2363 3947 2981 4018 liebraausiprmcipitur
3007 3947 3205 4003 oiferre
3249 3963 3351 4018 pro
3395 3945 3624 4006 redem-

2024 4018 2214 4088 ptione
2241 4017 2438 4071 anima:
2467 4033 2602 4072 sum.
2634 4017 2998 4088 Ejusinitinm
3029 4038 3043 4074 :
3072 4017 3394 4076 Ambrdsius
3419 4021 3577 4077 Justo
3608 4037 3626 4077 :

2025 4087 2256 4142 Pulchre
2297 4091 2585 4162 admones,
2621 4087 2813 4162 frater,
2847 4101 2902 4143 ut
2951 4090 3252 4162 epistolam:
3279 4093 3486 4162 fabulas
3509 4136 3526 4158 ,
3581 4101 3629 4146 et

2021 4176 2308 4235 sermonem
2344 4161 2634 4235 absentium
2681 4160 2749 4235 ad
2779 4160 3255 4235 interpretationem
3280 4160 3628 4235 conferamus

2027 4232 2485 4314 oraculictclestis
2506 4273 2520 4296 ,
2553 4242 2660 4288 etc.
2679 4233 2751 4314 _ln
2785 4232 3073 4303 posteriori
3099 4234 3324 4314 prohat,
3356 4232 3578 4292 veteres
3607 4275 3625 4302 ,

1945 4289 1990 4352 C
2029 4318 2171 4372 quos
2198 4305 2448 4378 plerique
2487 4289 2798 4378 secundum.
2837 4317 3015 4359 artem
3052 4289 3344 4374 scripsisse
3389 4289 3626 4378 negant,

2030 4375 2336 4430 secundum
2386 4375 2617 4444 gratiam
2666 4392 2787 4445 qua:
2833 4391 2999 4445 super
3049 4391 3270 4432 omnem
3316 4375 3492 4434 artem
3543 4386 3630 4433 est

2032 4445 2356 4514 scripsisse;
2386 4453 2454 4500 de
2475 4461 2707 4516 quorum
2739 4457 2917 4503 tamen
2947 4448 3168 4519 scriptis
3197 4446 3267 4512 ii,
3299 4451 3388 4517 qui
3417 4450 3487 4506 de
3509 4459 3628 4505 arte

2029 4519 2401 4588 scripserunt,
2451 4525 2627 4573 artem
2681 4519 3033 4574 invenerunt.
3091 4519 3201 4573 llas
3243 4530 3299 4576 tu
3328 4521 3628 4588 consulas,

2030 4597 2217 4659 utpote
2245 4589 2464 4644 curiosa
2487 4589 2754 4660 gravitate
2784 4590 3040 4646 refertas.

2100 4662 2155 4717 4.
2187 4659 2452 4725 Cranato,
2492 4659 2607 4732 rete.
2650 4662 3074 4732 Corruptissime
3103 4663 3208 4719 hoc
3250 4664 3374 4720 loco
3418 4663 3633 4722 Caesar-

2033 4744 2374 4800 augustanus
2403 4731 2576 4787 codex
2609 4731 2843 4788 excusns
2867 4742 3098 4789 mortem
3130 4736 3472 4798 Constantis,
3501 4750 3628 4790 cum

2028 4803 2278 4859 Valentis
2298 4802 2677 4868 confuderat,
2732 4803 2942 4860 habens
2988 4823 3002 4860 :
3030 4803 3274 4861 Crcmato
3299 4809 3368 4862 ad
3400 4807 3629 4862 Helene-

2028 4891 2165 4949 mam
2189 4875 2366 4930 urbem
2390 4873 2588 4949 Gallia;
2621 4874 2868 4949 Valente,
2899 4884 3010 4949 etc.
3043 4878 3276 4934 Constat
3303 4878 3525 4949 quidem
3559 4893 3629 4933 ex

2028 4946 2368 5018 Hieronymo
2419 4949 2472 5000 in
2530 4946 2808 5002 Chronico
2872 4947 2940 5001 ad
2991 4964 3192 5005 annum
3255 4946 3467 5006 Domini
3523 4949 3633 5006 355

2024 5017 2381 5090 Constantem
2405 5018 2660 5087 imperat.
2689 5033 2796 5072 non
2819 5017 2983 5088 longe
3013 5020 3082 5073 ab
3109 5021 3366 5090 HiSpania
3388 5063 3403 5088 ,
3436 5022 3489 5076 in
3539 5035 3633 5075 ca-

2025 5097 2144 5146 stro
2170 5090 2259 5146 cui
2288 5089 2508 5160 Helena:
2550 5104 2749 5160 nomen
2781 5098 2887 5160 est,
2919 5089 3108 5147 Gallia:
3134 5089 3508 5149 Narbonensis
3533 5107 3632 5160 op-

2026 5162 2157 5231 pido
2196 5159 2435 5217 occisum
2469 5158 2673 5226 fuisse;
2708 5159 2990 5216 Valentem
3024 5178 3154 5218 vero
3182 5179 3288 5219 non
3322 5165 3543 5220 Helena:
3574 5158 3628 5218 in

2023 5231 2196 5288 Gallia
2218 5272 2236 5298 ,
2289 5231 2389 5288 sed
2429 5231 2497 5286 ad
2543 5231 2924 5288 Mclantiadam
2959 5235 3140 5289 villam
3169 5237 3538 5292 Caesarianam
3573 5233 3628 5288 in

2023 5305 2280 5370 Grazcia,
2326 5317 2499 5374 pmpe
2547 5303 3083 5375 Constantinopolim
3130 5310 3336 5363 arsisse
3385 5305 3630 5362 referunt

2063 5386 2288 5447 uotquot
2320 5376 2441 5444 ejus
2492 5378 2895 5447 meminerunt,
2923 5381 3262 5434 Sozomenus
3285 5422 3300 5444 ,
3331 5380 3584 5433 Socrates
3607 5419 3624 5444 ,

2076 5445 2303 5521 utilius,
2321 5447 2708 5521 Theodoretus
2731 5489 2747 5516 ,
2780 5445 3136 5521 Ammianus,
3170 5450 3548 5521 Nicephorus,
3573 5457 3631 5504 et

2022 5521 2230 5577 caeteri.
2262 5519 2536 5592 Egressus
2565 5520 2772 5574 etenim
2800 5515 3276 5592 Constantinopoli
3308 5515 3392 5576 'ad
3422 5519 3632 5592 Μειδυ-

2024 5593 2228 5648 tiadain
2257 5591 2442 5645 villam
2488 5589 2856 5646 Caesarianam
2908 5607 3030 5645 cum
3061 5589 3343 5658 exercitu,
3372 5591 3578 5661 quievit
3610 5607 3626 5646 :

310 5666 562 5724 Pluteum
588 5666 684 5722 27.
725 5670 771 5722 A
801 5659 1122 5739 quibusdam
1160 5669 1484 5739 Gulpbilas,
1534 5669 1603 5723 ab
1632 5668 1758 5722 aliis
1787 5659 1917 5722 V‘ul-
1940 5659 1994 5719 D
2020 5664 2434 5739 commissaque
2491 5661 2680 5739 prallio
2750 5675 2872 5718 cum
2940 5661 3254 5739 Fritigerno
3290 5659 3627 5739 _Gothorum

306 5739 487 5810 philas
502 5749 890 5810 nuncupatur,
921 5738 1021 5796 sed
1053 5753 1243 5809 parum
1275 5738 1643 5795 dissentiunt.

381 5812 448 5866 A.
484 5809 548 5866 C.
579 5808 712 5865 582.
736 5840 808 5852 —-
837 5814 889 5866 1.
923 5808 1271 5880 Lampadius,
1305 5822 1414 5867 etc.
1449 5811 1728 5868 Successit
1749 5808 1909 5882 Sym-

309 5883 510 5940 macho
559 5884 614 5938 in
642 5882 803 5940 Urbis
847 5884 1195 5954 praefectura.
1221 5883 1350 5940 Post
1387 5882 1802 5954 Symmachum(
1833 5883 1910 5940 ait

2022 5752 2184 5807 rege,
2235 5734 2323 5790 cui
2355 5735 2559 5803 petenti
2592 5748 2788 5803 pacem
2819 5745 3146 5807 negaverat,
3200 5737 3255 5792 in
3283 5735 3470 5807 fugam
3497 5750 3627 5791 ver-

2018 5805 2113 5863 sus
2135 5849 2149 5875 ,
2183 5816 2240 5862 ct
2288 5807 2341 5861 in
2391 5819 2574 5862 casam
2607 5813 2883 5874 agrestem
2915 5805 3164 5873 delatus,
3195 5822 3319 5863 casa
3351 5814 3409 5862 et
3427 5806 3629 5862 Valens

2017 5877 2178 5936 simul
2209 5885 2481 5936 arserunt.
2515 5875 2684 5935 Addit
2722 5877 3041 5935 Ammianus
3095 5878 3193 5938 lib.
3217 5895 3372 5950 xxxi,
3412 5879 3628 5938 auditas
